2788 4204
81 443 90 452 ·
100 439 163 460 Lect.
178 445 216 460 xv.

179 487 193 512 ὃ

79 548 90 559 ““
99 547 174 569 Codd.
183 548 238 572 (exc.
248 549 291 572 ccl:

79 580 153 601 neque
163 573 243 594 medic.
250 581 259 599 ,-
269 580 289 594 o:

79 602 104 621 et
116 599 224 621 medicin.

74 1175 161 1198 ‘Codd.
168 1175 287 1202 -rrprimo

74 1202 164 1224 ostend.
172 1214 182 1218 -
190 1208 273 1223 cer-ons
281 1209 285 1222 :

74 1230 122 1250 sint
132 1228 255 1256 propriae.

73 1257 84 1267 '⁸
98 1256 127 1277 Ut
152 1261 198 1276 non
226 1258 286 1275 recte

75 1289 122 1303 om.
138 1287 286 1306 DEGHILMOQR

74 1315 92 1333 ες
100 1312 121 1329 et
130 1308 160 1329 ita
168 1308 227 1329 infra
233 1313 286 1328 cum

72 1341 129 1361 Aac,
146 1334 185 1355 sed
202 1339 250 1355 exc.
265 1340 286 1360 L,

73 1365 125 1382 ante
135 1360 238 1382 conclus.

74 1389 83 1397 ⁸
90 1394 111 1409 a:
119 1393 167 1408 sec.
175 1386 287 1412 ostendit,-

73 1420 101 1435 κς
117 1419 162 1434 sec.
174 1415 258 1434 autem.
267 1429 272 1434 .
280 1428 285 1434 .

72 1447 102 1461 n:
127 1440 151 1461 in
175 1441 286 1467 quantum

73 1466 242 1488 conclusiones.

72 1495 81 1503 ·
92 1493 164 1514 Num.
177 1498 225 1519 seq.

72 1551 81 1559 ¹
91 1550 159 1571 Circa
171 1556 198 1571 ex
206 1550 284 1576 codd.,

73 1582 122 1598 exc.
137 1582 159 1598 Β.

71 1708 108 1729 'In
115 1714 142 1728 ex
149 1706 226 1733 codd.,
233 1712 282 1728 exc.

72 1741 106 1756 cn.

72 1813 157 1845 {Codd.
165 1815 222 1839 (exc.
228 1814 282 1839 armi:

70 1847 103 1861 m.

71 1921 80 1928 '
91 1925 145 1940 esr:
164 1919 222 1939 dem.
237 1918 282 1939 ali-

70 1945 133 1973 quid.
156 1956 166 1961 —
194 1945 234 1966 Vel
256 1951 283 1966 ex

71 1972 139 1993 codd.

71 1998 112 2019 Ἐἰ
121 2005 147 2019 ex
155 1998 283 2021 codd..exc.

70 2031 125 2050 anm
143 2031 169 2045 u:
183 2024 242 2049 sibu
255 2031 283 2045 aa

70 2051 123 2073 hab.
138 2051 212 2072 lacun.

71 2125 79 2133 ·
88 2123 163 2145 Codd.
171 2135 181 2139 -
188 2130 207 2144 p:
220 2124 244 2144 et
252 2122 284 2143 di-

70 2150 109 2171 cit.

324 255 398 279 220

321 331 448 360 autem
464 323 617 359 scientia
632 329 718 358 sunt
731 321 906 369 propriae
934 318 1223 367 propositiones,
1242 330 1287 354 ex
1303 318 1383 366 qui-

321 377 391 414 bus
411 377 453 413 fit
468 375 722 424 syllogismus:
745 381 939 410 ostensum
957 379 1011 407 est
1031 371 1132 407 enim
1148 371 1253 419 quod
1268 383 1382 419 quae-

319 430 409 466 libet
428 429 582 466 scientia
606 440 650 464 ex
668 426 829 475 propriis
849 424 1020 473 procedit
1040 424 1074 468 *3
1106 435 1194 470 ergo
1224 423 1262 459 in
1291 436 1382 472 qua-

319 482 409 519 libet
437 481 590 518 scientia
619 487 673 516 est
699 478 852 527 propria
880 476 1120 523 interrogatio
1137 473 1160 512 ⁸.
1185 477 1276 513 Non
1292 487 1380 524 ergo

320 535 508 584 quaelibet
531 531 771 578 interrogatio
802 537 857 566 est
884 528 1208 577 geometrica„vel
1223 529 1244 550 *
1262 529 1380 566 medi-

319 588 463 632 cinalis;
494 594 529 623 et
557 586 609 622 sic
638 585 685 620 de
714 583 792 619 aliis
822 582 994 618 scientiis.

374 642 407 677 3.
431 639 636 676 Sciendum
655 644 784 672 tamen
805 643 860 671 est
879 635 983 683 quod
1002 634 1241 682 interrogatio
1274 634 1381 671 aliter

319 701 373 729 est
392 693 429 728 in
449 691 609 728 scientiis
639 687 944 725 demonstrativis
973 695 1010 723 et
1037 687 1142 724 aliter
1166 695 1221 724 est
1244 687 1282 723 in
1303 687 1379 724 dia—

319 745 459 782 lectica.
491 746 531 780 In
553 741 743 779 dialectica
764 741 866 777 enirn
888 752 966 776 non
986 740 1111 776 solum
1131 740 1380 788 interrogatur

318 798 364 834 de
385 795 639 842 conclusione,
652 794 719 830 sed
735 793 848 830 etiam
865 794 912 830 de
927 793 1162 841 praemissis:
1180 793 1226 830 de
1243 793 1380 841 quibus

318 850 597 886 demonstrator
625 859 704 883 non
723 847 937 895 interrogat,
967 846 1035 882 sed
1060 858 1104 882 ea
1133 846 1247 882 sumit
1273 846 1379 895 quasi

315 915 384 951 per
412 914 451 938 se
481 909 586 948 nota,
606 901 668 937 vel
688 912 757 948 per
786 900 872 936 talia
899 898 1082 948 principia
1109 899 1286 947 probata;
1312 899 1379 935 sed

315 955 518 1001 interrogat
537 961 683 991 tantum
704 953 751 989 de
773 952 1016 990 conclusione
1031 958 1053 989 ε.
1081 952 1158 988 Sed
1180 964 1268 988 cum
1293 964 1379 988 eam

316 1006 650 1053 demonstraverit,
676 1005 791 1043 utitur
819 1018 880 1053 ea,
909 1013 951 1042 ut
977 1005 1238 1054 propositione
1267 1004 1301 1052 ζ,
1331 1005 1380 1042 ad

314 1061 426 1097 aliam
456 1059 740 1097 conclusionem
771 1059 1121 1096 demonstrandam.

367 1125 403 1160 4.
434 1113 584 1150 Deinde
605 1124 693 1149 cum
714 1111 817 1149 dicit:
839 1112 912 1148 Sed
930 1124 979 1148 ex
998 1112 1129 1160 quibus
1150 1118 1232 1157 ete.,
1255 1118 1378 1147 osten-

315 1166 367 1203 dit
381 1166 401 1187 *
426 1179 524 1215 quae
544 1165 855 1212 interrogationes
875 1172 962 1201 sunt
979 1164 1156 1213 propriae
1175 1164 1380 1212 unicuique

315 1219 502 1256 scientiae.
534 1220 582 1256 Et
604 1218 742 1267 primo,
764 1218 802 1255 in
826 1225 1012 1266 quantum
1041 1225 1286 1254 assumuntur
1305 1218 1380 1253 ut*

314 1273 611 1321 propositiones,
641 1284 687 1307 ex
715 1271 853 1320 quibus
883 1271 1162 1307 demonstrator
1190 1270 1377 1318 procedit3

314 1326 483 1362 secundo
501 1327 531 1372 ³⁵,
553 1325 591 1361 in
612 1332 797 1373 quantum
817 1331 1019 1361 sumuntur
1037 1331 1079 1359 ut
1098 1323 1378 1368 conclusiones;

315 1378 382 1415 ibi:
402 1380 454 1415 Et
475 1379 521 1415 de
534 1378 591 1414 his
610 1377 757 1426 quidem
772 1378 792 1398 *
812 1385 880 1413 etc.
902 1376 1002 1413 Dicit
1021 1388 1110 1423 ergo
1130 1375 1255 1424 primo
1274 1376 1379 1424 quod

314 1431 624 1480 interrogationes
652 1430 905 1478 geometricae
940 1436 1027 1465 sunt
1064 1441 1109 1465 ex
1147 1428 1284 1477 quibus
1314 1429 1378 1465 de-

315 1492 545 1522 monstratur
573 1483 714 1532 aliquid
743 1483 840 1519 circa
865 1482 943 1529 illa,
974 1482 1022 1519 de
1048 1481 1186 1530 quibus
1211 1489 1266 1518 est
1289 1494 1377 1530 geo-

314 1538 464 1584 metria,
494 1545 558 1574 aut
592 1536 689 1573 circa
713 1536 732 1557 *
761 1536 838 1582 illa,
868 1547 967 1584 quae
997 1535 1304 1572 demonstrantur
1332 1547 1378 1572 ex

311 1591 503 1640 principiis
532 1589 704 1626 eiusdem
733 1588 985 1637 geometriae3
1016 1588 1111 1625 sicut
1138 1587 1209 1634 illa,
1232 1600 1277 1624 ex
1297 1588 1377 1636 qui-

313 1645 383 1681 bus
405 1645 685 1681 demonstratur
713 1641 855 1691 aliquid
882 1641 921 1678 in
949 1641 1182 1690 speculativa
1210 1641 1375 1687 scientia,

311 1697 407 1734 idest
434 1697 472 1734 in
493 1697 513 1717 ’¹‘
535 1696 782 1746 perspectiva,
808 1707 906 1744 quae
925 1694 1098 1743 procedit
1117 1706 1162 1731 ex
1185 1694 1394 1743 principiis·

311 1749 554 1798 geometriae.
576 1750 624 1786 Et
643 1748 748 1798 quod
769 1748 910 1785 dictum
931 1755 987 1784 est
1016 1747 1063 1784 de
1083 1747 1302 1795 geometria,
1323 1748 1377 1784 in-

310 1803 555 1851 telligendum
589 1810 644 1839 est
672 1802 720 1839 de
741 1801 761 1822 ²⁸
796 1801 875 1838 aliis
910 1801 1093 1838 scientiis:
1123 1800 1212 1849 quia
1240 1801 1379 1837 scilicet

309 1856 532 1905 propositio,
552 1856 614 1892 vel
635 1854 876 1902 interrogatio
897 1854 1031 1891 dicitur
1049 1854 1202 1902 proprie
1222 1854 1378 1891 alicuius

311 1909 500 1956 scientiae,
522 1921 567 1945 ex
588 1921 663 1958 qua
683 1908 964 1946 demonstratur
978 1907 999 1928 *¹
1022 1908 1084 1944 vel
1100 1906 1139 1943 in
1158 1906 1240 1955 ipsa
1254 1905 1378 1943 'scien—

311 1963 372 2009 tia,
393 1963 454 1999 vel
484 1962 521 1998 in
550 1961 704 1998 scientia
733 1961 766 1997 ei
784 1962 804 1982 *
832 1961 1095 1997 subalternata.

371 2017 403 2052 5.
434 2015 583 2052 Deinde
613 2027 701 2051 cum
731 2014 835 2051 dicit:
863 2015 915 2050 Et
941 2014 986 2050 de
1010 2014 1067 2050 his
1086 2013 1235 2062 quidem
1265 2013 1377 2049 ratio-

313 2081 397 2105 nem
418 2076 500 2114 ete.,
531 2067 700 2104 notificat
727 2066 1000 2115 geometricam
1029 2065 1377 2114 interrogationem,

311 2129 425 2170 prout
452 2129 508 2158 est
537 2120 742 2166 conclusio,
778 2120 943 2156 dicens*
964 2119 1069 2168 quod
1099 2120 1146 2156 de
1174 2119 1378 2166 interroga-

310 2174 475 2211 tionibus
503 2173 742 2222 geometricis
769 2172 952 2222 ponenda
982 2179 1038 2209 est
1066 2172 1180 2220 ratio,
1220 2172 1378 2209 demon-

363 2353 388 2386 δ)
410 2354 483 2386 Ergo
503 2353 528 2377 in
549 2352 663 2385 qualibet
684 2351 794 2377 scientia
813 2357 861 2376 etc.
873 2366 893 2370 —
906 2352 953 2376 Est
972 2352 1046 2376 lectio
1066 2352 1154 2382 codd.,
1174 2359 1226 2376 exc.
1242 2352 1274 2376 G.
1286 2365 1306 2370 —
1319 2351 1379 2377 PG:

311 2397 375 2422 ergo
395 2389 420 2413 in
441 2388 555 2420 qualibet
573 2387 683 2412 scientia
701 2391 763 2412 sunt
771 2387 901 2419 propriae
920 2387 1152 2420 interrogationes.
1166 2401 1185 2406 -
1198 2388 1287 2412 Lectio
1301 2387 1379 2412 Piana

313 2425 469 2449 conformior
488 2428 527 2448 est
546 2423 696 2455 praemissis
710 2430 820 2447 numero
838 2431 844 2447 1
858 2431 863 2446 ε
884 2423 909 2447 in
926 2423 1040 2455 qualibet
1052 2422 1162 2448 scientia
1176 2426 1239 2447 sunt
1248 2423 1378 2454 propriae

312 2459 536 2492 interrogationes
555 2463 616 2487 etc.;
637 2458 682 2481 sed
695 2458 771 2482 obest
786 2458 860 2482 lectio
874 2458 926 2482 sere
941 2459 1068 2482 unanimis
1085 2459 1210 2487 codicum,
1225 2466 1291 2490 quae
1301 2458 1377 2483 etiam

311 2494 468 2519 conformior
482 2499 521 2518 est
534 2494 612 2517 textui
625 2493 782 2518 Aristotelis:
797 2494 939 2518 secundum
954 2500 1165 2526 unamquamque
1178 2493 1316 2518 scientiam
1327 2493 1379 2518 erit

312 2529 490 2562 interrogatio
507 2528 616 2558 scibilis,
637 2524 756 2561 ἐρώτημα
776 2526 981 2561 ἐπιστημονικόν.
995 2529 1083 2553 -ΑΚ;
1103 2536 1168 2562 ergo
1183 2529 1263 2553 etiam
1279 2529 1305 2553 in
1320 2534 1378 2559 etc.;

311 2564 468 2594 BEHLMQ:
488 2571 553 2596 ergo
572 2566 599 2588 et
617 2564 652 2588 in.
672 2564 757 2588 Placet
776 2563 839 2588 haec
858 2564 948 2588 ultima
967 2564 1049 2588 lectio.

365 2600 416 2625 Sed
435 2601 501 2624 circa
519 2599 710 2623 conclusionem
731 2599 812 2631 ipsam
832 2599 942 2623 occurrit
966 2599 1085 2629 dubium,
1105 2606 1160 2629 seu,
1180 2604 1208 2623 ut
1226 2599 1310 2630 placet
1328 2599 1376 2624 Ca-

311 2637 404 2666 ietano,
424 2635 642 2659 dubitatiuncula.
667 2634 769 2658 Etenim
787 2634 940 2658 Aristoteles
963 2634 988 2658 in
1007 2634 1167 2666 praecedenti
1187 2635 1268 2666 capite
1292 2634 1379 2658 docuit

312 2671 383 2703 quod
401 2671 592 2695 demonstrator
610 2678 662 2694 non
680 2668 758 2694 utitur
771 2669 1021 2701 interrogationibus,
1035 2677 1100 2702 quas
1115 2669 1175 2693 dixit
1187 2676 1247 2694 esse
1261 2670 1378 2701 proprias

312 2706 469 2736 dialecticae;
490 2706 510 2729 si
530 2710 616 2730 autem
639 2706 664 2729 in
688 2705 919 2734 demonstratione,
943 2712 973 2728 ex
992 2712 1043 2736 qua
1062 2704 1170 2729 habetur
1189 2705 1305 2735 scientia,
1325 2712 1378 2728 non

312 2746 372 2766 sunt
390 2741 610 2773 interrogationes,
625 2747 672 2764 nec
687 2741 851 2772 interrogatio
870 2740 917 2764 erit
936 2740 960 2764 in
980 2740 1094 2772 qualibet
1113 2740 1226 2764 scientia.
1245 2739 1376 2764 Aristoteli

311 2782 398 2801 autem
413 2777 538 2800 consentit
557 2784 579 2800 s.
592 2775 708 2800 Thomas
723 2775 774 2806 (cf.
789 2776 847 2800 lect.
859 2782 884 2805 v,
898 2783 923 2799 n.
933 2782 959 2806 4,
975 2780 1000 2799 et
1014 2775 1071 2800 lect.
1086 2782 1179 2806 praee,
1190 2782 1216 2799 n.
1227 2773 1263 2807 6).
1278 2774 1376 2799 Verum

310 2811 369 2836 huic
382 2812 460 2836 dubio
475 2811 599 2835 solvendo
614 2811 675 2835 satis
686 2818 817 2843 superque
830 2815 889 2835 sunt
904 2817 934 2834 ea
943 2818 1010 2842 quae
1025 2811 1134 2842 ipsemet
1145 2810 1282 2843 Angelicus
1293 2810 1377 2834 decla-

311 2852 350 2871 rat
364 2855 389 2871 n.
403 2847 520 2879 sequenti
536 2847 567 2871 de
581 2847 779 2878 interrogatione
789 2846 813 2870 in
825 2845 936 2870 scientiis
947 2845 1154 2870 demonstrativis
1165 2850 1190 2869 et
1204 2845 1228 2869 in
1239 2845 1376 2870 dialectica.

364 2882 411 2906 Vix
430 2883 541 2914 denique
560 2889 627 2913 opus
647 2886 686 2906 est
704 2881 829 2906 novitium
849 2881 989 2905 admonere
1003 2881 1228 2913 interrogationem
1247 2880 1294 2905 dici
1313 2887 1377 2913 geo-

311 2918 447 2942 metricam
466 2918 507 2942 vel
527 2917 708 2942 medicinalem
728 2921 785 2947 ete.,
805 2922 931 2949 quatenus
952 2921 991 2940 est
1010 2917 1041 2940 de
1060 2916 1138 2940 rebus
1153 2916 1183 2940 ad
1198 2916 1376 2948 geometriam,

310 2954 351 2978 vel
371 2953 402 2977 ad
421 2953 575 2977 medicinam
595 2957 642 2977 etc.
661 2952 846 2984 pertinentibus
866 2951 916 2983 (Cf.
931 2951 988 2976 lect.
1004 2951 1079 2984 seq.).

363 2989 384 3020 ε)
405 2988 460 3013 Sed
478 2988 558 3013 etiam
583 2988 615 3012 de
633 2987 790 3019 praemissis
813 2992 861 3012 etc.
874 3000 894 3005 -
907 2987 1024 3017 Codices,
1044 2994 1097 3011 exc.
1111 2986 1148 3011 G:
1170 2985 1218 3011 sed
1236 2986 1317 3011 etiam
1343 2986 1375 3011 de

306 3023 476 3055 praemissis:
492 3023 524 3048 de
537 3023 629 3055 quibus
644 3023 842 3048 demonstrator
856 3029 908 3046 non
923 3022 1081 3055 interrogat,
1096 3022 1144 3047 sed
1158 3029 1189 3047 ea
1203 3019 1240 3056 (l,
1256 3028 1287 3046 ea
1308 3028 1375 3054 quae

311 3063 336 3083 et
349 3059 431 3083 sumit
450 3058 550 3083 additur
563 3066 584 3083 s.
599 3058 645 3090 rn.)
660 3058 741 3083 sumit
767 3058 797 3088 K,
816 3057 936 3087 assumit,
952 3063 977 3082 et
991 3065 1043 3082 om.
1058 3064 1104 3086 ea‚·
1118 3057 1142 3082 O
1155 3065 1208 3082 om.
1223 3057 1269 3082 sed
1283 3063 1315 3081 ea
1330 3064 1374 3082 su-

311 3090 375 3153 mit}
388 3094 464 3126 quasi
478 3101 529 3125 per
541 3101 570 3119 se
584 3097 648 3118 nota
662 3094 702 3118 vel
711 3100 762 3125 per
776 3093 842 3118 talia
855 3091 980 3127 (ANOST
989 3111 995 3123 ,
1014 3093 1068 3117 alia
1072 3100 1082 3122 ;
1096 3093 1118 3116 K
1133 3089 1226 3126 omitt.)
1238 3092 1375 3124 principia

306 3137 359 3160 pro
377 3133 438 3158 ata;
456 3129 503 3153 sed
522 3129 673 3161 interrogat
692 3132 795 3153 tantum
815 3134 862 3153 etc.
884 3126 919 3161 (L
934 3128 1017 3152 omitt.
1032 3128 1155 3160 tantum).
1175 3128 1254 3160 lgitur
1272 3128 1374 3152 codices

310 3172 402 3188 omnes
421 3164 574 3188 unanimiter
593 3164 687 3188 habent
706 3164 842 3188 lectionem
858 3162 955 3196 (paucis
975 3164 1086 3195 exceptis
1105 3168 1131 3188 et
1149 3162 1275 3196 notatis),
1295 3170 1374 3196 quarn

311 3200 463 3232 adoptamus
475 3200 505 3223 ab
518 3200 669 3224 eorumdem
680 3199 754 3223 codd.
765 3199 914 3223 auctoritate
928 3199 1016 3223 coacti.
1028 3199 1084 3223 PG:
1100 3199 1147 3223 sed
1157 3198 1237 3223 etiam
1249 3198 1282 3223 de
1292 3206 1374 3230 prae-

311 3235 406 3259 missis.
427 3235 634 3259 Demonstrator
647 3238 735 3259 autem
756 3242 806 3259 non
827 3234 979 3267 interrogat
999 3234 1030 3259 de
1045 3234 1209 3266 praemissis,
1228 3234 1276 3258 sed
1293 3234 1374 3259 sumit

311 3270 360 3302 (G,
379 3271 451 3302 sunt)
470 3270 547 3302 quasi
560 3277 612 3301 per
628 3277 657 3294 se
672 3273 748 3295 notas
769 3269 817 3301 (G,
838 3268 920 3301 nota),
941 3269 980 3294 vel
993 3276 1044 3302 per
1058 3269 1112 3294 alia
1123 3269 1258 3301 principia
1272 3269 1375 3302 probat

311 3305 358 3337 (G,
378 3306 418 3329 vel
437 3305 501 3330 talia
516 3305 652 3337 principia
667 3305 813 3337 probata);
833 3305 880 3330 sed
899 3305 1050 3337 interrogat
1068 3305 1152 3329 solum
1173 3310 1221 3329 etc.

362 3338 387 3373 ζ)
409 3340 463 3365 Sed
479 3348 538 3365 cum
553 3347 660 3369 eam...‚
681 3340 766 3365 utitur
780 3347 818 3369 ea,
835 3343 864 3365 ut
874 3340 1057 3372 propositione
1071 3344 1118 3364 etc.
1129 3339 1249 3371 —Codd.‚
1269 3347 1321 3364 exc.
1335 3339 1372 3364 G:

312 3375 365 3400 Sed
383 3383 440 3400 cum
461 3375 650 3400 eam...utitur
668 3382 699 3400 ea
718 3378 747 3400 ut
762 3376 945 3407 propositione
960 3375 1005 3407 (R,
1025 3375 1093 3400 sicut
1111 3376 1165 3400 alia
1176 3375 1373 3408 propositione;

310 3411 331 3434 B
345 3418 397 3435 om.
408 3414 437 3435 ut
447 3411 640 3443 propositione)
655 3411 692 3435 ad
705 3411 786 3435 aliam
803 3411 995 3436 conclusionem
1011 3411 1246 3435 demonstrandam
1258 3410 1300 3443 (A,
1307 3417 1372 3443 pro-

311 3445 450 3477 bandam);
472 3446 529 3471 PG:
551 3446 585 3470 Et
599 3453 657 3471 cum
677 3453 770 3475 eam...‚
781 3446 849 3471 sicut
867 3446 921 3470 alia
936 3446 1120 3478 propositione
1137 3446 1174 3471 ad
1188 3445 1373 3471 demonstran-

311 3480 373 3504 dum
386 3481 502 3513 aliquam
519 3481 557 3512 (G
566 3489 620 3506 om.
629 3481 761 3513 aliquam)
776 3481 857 3506 aliam
871 3481 1073 3506 conclusionem.
1082 3496 1100 3500 —
1111 3481 1250 3506 Conclusio
1265 3481 1372 3506 demon-

312 3520 390 3539 strata
404 3521 443 3540 est
457 3516 535 3540 altera
549 3524 607 3548 pars
623 3517 814 3546 enunciationis,
825 3524 872 3541 seu
887 3517 1104 3547 contradictionis;
1119 3517 1198 3542 altera
1212 3522 1298 3542 autem
1312 3523 1372 3549 pars

312 3551 494 3575 enunciationis
514 3551 602 3575 dicitur
621 3552 761 3584 propositio
780 3551 828 3584 (cf.
843 3552 900 3577 lect.
915 3559 939 3582 ν,
959 3560 984 3576 n.
1001 3551 1039 3583 3);
1059 3557 1084 3576 et
1098 3552 1155 3576 ideo
1175 3552 1373 3582 demonstrator,

312 3590 450 3617 postquam
469 3586 681 3610 demonstraverit
695 3587 896 3617 conclusionem,
913 3594 943 3611 ea
961 3587 1040 3611 utitur
1054 3592 1082 3611 ut
1100 3587 1283 3619 propositione,
1298 3587 1372 3619 quasi

906 241 1290 278 POSTERIORUM
1318 240 1748 279 ANALYTICORUM
1777 243 1871 280 LIB.
1903 245 1916 280 Ι

1438 320 1592 357 strando
1628 321 1767 358 scilicet
1798 322 1997 359 veritatem
2031 322 2200 371 ipsarum
2235 335 2280 359 ex
2312 323 2504 372 principiis

1436 373 1676 420 geometricis
1692 381 1727 410 et
1742 375 2066 422 conclusionibus,
2088 388 2185 424 quae
2205 388 2274 424 per
2292 376 2353 412 illa
2365 377 2384 397 *
2403 377 2504 425 prin-

1438 425 1535 474 cipia
1555 426 1874 464 demonstrantur.
1895 428 1987 464 Non
2008 428 2108 465 enirn
2131 428 2329 465 cuiuslibet
2344 429 2503 466 demon-

1436 478 1625 516 strationis
1662 480 1917 527 geometricae
1957 481 2049 517 ratio
2089 481 2258 518 redditur
2293 494 2339 518 ex
2371 482 2503 530 primis

1435 531 1666 578 geometriae
1694 533 1902 581 principiis,
1933 534 2000 570 sed
2028 534 2219 571 interdum
2244 547 2290 570 ex
2318 534 2376 571 his
2405 547 2503 583 quae

1434 596 1504 632 per
1517 584 1642 632 prima
1655 585 1838 634 principia
1854 593 1941 622 sunt
1956 588 2144 624 conclusa.
2159 587 2502 635 Interrogationum

1435 644 1564 673 autem
1588 637 1625 684 *,
1656 649 1754 686 quae
1783 651 1935 687 semper
1962 647 2050 676 sunt
2078 641 2341 687 conclusiones
2369 641 2408 678 in
2438 641 2502 677 de-

1435 690 1691 727 monstrativis
1720 690 1894 738 scientiis,
1921 692 2015 728 ratio
2045 693 2152 729 reddi
2180 694 2344 742 potest*
2373 693 2412 730 in
2432 693 2502 730 eis-

1436 742 1542 788 dem,
1573 743 1641 779 sed
1668 743 1942 792 principiorum
1971 745 2065 781 ratio
2094 758 2173 782 non
2199 753 2325 794 potest
2352 746 2460 783 reddi
2483 747 2503 768 *

1435 807 1457 830 a
1485 803 1691 841 geometra,
1717 796 1930 833 secundum
1951 797 2056 845 quod
2075 806 2271 845 geometra
2290 806 2356 836 est.
2387 800 2436 835 Et
2454 799 2501 836 si-

1435 847 1572 883 militer
1601 855 1656 884 est
1687 848 1726 884 in
1755 849 1834 885 aliis
1863 849 2037 886 scientiis.
2072 851 2188 887 Nulla
2216 851 2318 887 enirn
2347 851 2503 889 scientia

1433 900 1571 948 probat
1599 912 1667 936 sua
1694 900 1878 950 principia
1896 907 1922 948 '¹,
1943 903 2155 940 secundum
2180 904 2285 952 quod
2304 911 2501 941 ostensum

1436 960 1491 989 est
1510 965 1624 1002 supra
1633 955 1664 990 ὓ.
1685 953 1785 990 Dicit
1804 962 1945 1001 autem,
1964 956 2169 992 secundum
2189 957 2291 1004 quod
2306 963 2501 1006 geometra

1435 1012 1498 1052 est,
1520 1006 1608 1055 quia
1628 1006 1808 1054 contingit
1835 1007 1873 1043 in
1892 1007 2018 1056 aliqua
2036 1008 2192 1045 scientia
2218 1009 2373 1058 probari
2400 1010 2501 1058 prin-

1436 1058 1531 1108 cipia
1550 1059 1647 1096 illius
1671 1059 1859 1106 scientiae,
1881 1060 1919 1096 in
1938 1068 2123 1109 quantum
2143 1061 2205 1098 illa
2222 1062 2243 1083 '¹‘
2270 1062 2425 1099 scientia
2444 1075 2501 1100 as-

1435 1112 1550 1148 sumit
1567 1112 1751 1161 principia
1771 1113 1921 1150 alterius
1941 1114 2118 1151 scientiae
2132 1112 2163 1158 ⁰;
2193 1114 2288 1151 sicut
2306 1122 2502 1162 geometra

1434 1166 1572 1213 probat
1599 1178 1668 1202 sua
1690 1166 1874 1214 principia
1893 1167 2106 1204 secundum
2126 1167 2231 1216 quod
2251 1168 2408 1205 assumit
2427 1168 2501 1205 for-

1435 1230 1540 1255 mam
1569 1219 1787 1267 philosophi
1815 1219 1939 1267 primi,
1969 1220 2065 1257 idest
2092 1221 2352 1269 metaphysici.

1490 1273 1525 1308 6.
1555 1271 1705 1308 Deinde
1735 1284 1823 1308 curn
1854 1272 1961 1309 dicit:
1994 1273 2130 1322 Neque
2162 1285 2312 1310 omnem
2345 1274 2501 1310 interro-

1433 1324 1625 1373 gationem
1654 1332 1735 1371 ete.,
1766 1325 1931 1362 ostendit
1959 1327 2064 1374 quod
2087 1326 2126 1363 in
2152 1325 2320 1375 qualibet
2346 1326 2502 1363 scientia

1435 1384 1521 1413 sunt
1552 1377 1730 1426 propriae
1764 1378 2033 1427 responsiones
2069 1387 2105 1416 et
2133 1378 2416 1429 disputationes.
2453 1378 2503 1416 Et

1433 1429 1559 1478 primo
1586 1431 1690 1478 quod
1716 1431 1788 1468 sint
1805 1431 1984 1480 propriae
2004 1432 2292 1481 responsiones;
2318 1432 2499 1480 secundo,

1434 1482 1540 1530 quod
1569 1482 1642 1520 sint
1668 1484 1846 1532 propriae
1880 1484 2174 1533 disputationes;
2203 1485 2272 1522 ibi:
2306 1486 2350 1522 Si
2375 1491 2500 1522 autem

1433 1535 1627 1583 disputat*
1648 1543 1715 1573 etc.
1732 1536 1832 1573 Dicit
1851 1549 1941 1584 ergo
1960 1538 2099 1586 primo,
2116 1538 2221 1587 quod
2241 1551 2286 1575 ex
2300 1538 2501 1587 praedictis

1432 1596 1536 1637 patet
1555 1589 1660 1637 quod
1679 1601 1760 1626 non
1775 1590 1955 1637 contingit
1977 1603 2297 1639 unumquemque
2317 1591 2499 1628 scientem

1435 1642 1481 1679 de
1511 1642 1677 1691 qualibet
1696 1642 1918 1690 quaestione
1947 1643 2176 1692 interrogare
2195 1650 2214 1680 ⁴.
2245 1643 2356 1681 Unde
2387 1643 2500 1681 etiam

1432 1702 1535 1744 patet
1572 1694 1677 1744 quod
1709 1707 1788 1732 non
1822 1695 2001 1744 contingit
2033 1696 2082 1733 de
2115 1696 2284 1745 quolibet
2305 1697 2325 1718 *
2343 1696 2500 1736 interro-

1433 1755 1520 1796 gato
1556 1748 1814 1797 respondere:
1851 1749 1919 1786 sed
1952 1749 2077 1786 solum
2113 1750 2161 1787 de
2189 1749 2247 1787 his
2280 1762 2379 1799 quae
2407 1756 2502 1787 sunt

1434 1801 1647 1838 secundum
1675 1801 1870 1850 propriam
1899 1802 2113 1839 scientiam:
2134 1815 2182 1839 eo
2202 1803 2308 1852 quod
2328 1803 2378 1840 ad
2397 1814 2500 1840 eam—

1434 1854 1523 1891 dem
1544 1854 1738 1891 scientiam
1759 1854 1919 1903 pertinet
1938 1855 2179 1903 interrogatio
2199 1864 2237 1892 et
2256 1855 2466 1904 responsio.

1487 1920 1523 1955 7.
1554 1908 1603 1944 Et
1631 1907 1719 1956 quia
1748 1920 1794 1944 ex
1821 1907 2113 1956 interrogatione
2134 1916 2171 1946 et
2190 1908 2439 1958 responsione
2458 1908 2502 1946 fit

1434 1960 1652 2009 disputatio,
1684 1968 1961 2009 consequenter
1989 1961 2153 1998 ostendit
2170 1967 2185 1982 ¹
2213 1961 2319 2011 quod
2347 1961 2385 1998 in
2409 1973 2501 2010 qua-

1433 2013 1523 2050 libet
1542 2013 1696 2050 scientia
1721 2021 1775 2050 est
1801 2014 1957 2062 propria
1986 2014 2201 2063 disputatiO,
2231 2015 2361 2058 dice-ns
2395 2014 2502 2063 quod

1434 2066 1464 2103 si
1494 2066 1658 2115 disputet
1685 2073 1882 2114 geometra
1916 2079 2004 2104 cum
2033 2075 2250 2115 geometra,
2287 2067 2501 2104 secundum

1435 2119 1540 2168 quod
1559 2127 1773 2167 geometra,
1794 2119 1891 2156 idest
1910 2120 1957 2157 de
1977 2119 2035 2157 his
2059 2132 2156 2169 quae
2177 2120 2227 2157 ad
2251 2119 2505 2168 geometriam

1434 2172 1642 2221 pertinent,
1678 2173 1922 2210 manifestum
1961 2181 2017 2210 est
2054 2173 2159 2223 quod
2197 2174 2296 2210 bene
2329 2172 2504 2223 procedit

1434 2352 1556 2385 principio
1571 2352 1724 2386 syllogismi,
1739 2353 1770 2378 ad
1781 2353 1857 2378 aliam
1867 2353 2060 2378 conclusionem
2071 2353 2308 2379 demonstrandam.
2323 2353 2404 2379 Secus
2417 2358 2458 2379 est
2466 2353 2503 2381 de

1434 2387 1578 2412 dialectico:
1593 2388 1725 2413 conclusio
1739 2389 1807 2412 enim
1823 2389 1961 2419 dialectica,
1971 2388 2032 2421 quia
2046 2388 2152 2413 infertur
2162 2397 2191 2413 ex
2203 2389 2260 2414 sola
2273 2389 2460 2420 enunciatione,
2469 2388 2503 2414 ad

2533 386 2541 394 ·
2550 384 2744 412 Codd.-reniso:

2531 411 2593 438 ipsa.

2530 654 2539 662 ·
2548 660 2613 676 anni:
2629 660 2698 683 ergo.

2532 707 2538 715 ¹
2550 712 2576 728 o:
2592 706 2665 729 debet.

2529 759 2539 770 ⁴*
2551 759 2627 790 Codd.
2642 761 2743 791 (excmlz

2525 791 2601 813 pann
2623 793 2653 807 a:
2677 788 2743 808 raho

2529 811 2599 833 reddi
2606 818 2653 834 non
2663 814 2744 840 potest

2529 844 2620 866 semper
2635 844 2651 860 a
2665 844 2743 866 geom.

2627 925 2643 948 ⁷1

2529 975 2540 985 ⁸
2550 975 2613 997 Lect.
2623 981 2686 1003 xvm,
2696 981 2742 1004 ¹¹·3·

2528 1075 2645 1124 {saia
2653 1082 2680 1098 ¹¹²
2695 1076 2742 1098 ἐἶ’

2527 1547 2537 1557 ·
2547 1546 2619 1569 Νιιιιι.
2629 1552 2679 1575 seq.

2528 1701 2537 1710 ·
2546 1706 2697 1726 ammom:
2711 1700 2742 1722 de

2527 1727 2591 1749 omni
2602 1726 2645 1749 int.

1434 2427 1571 2455 utramque
1589 2429 1690 2455 partem
1710 2423 1915 2448 contradictionis
1935 2431 1964 2448 se
1983 2423 2102 2454 habente,
2117 2424 2273 2456 probabilis,
2293 2431 2346 2449 non
2360 2428 2430 2450 certa
2447 2428 2502 2456 αις
2522 2443 2525 2446 .

1433 2459 1592 2491 proindeque
1603 2467 1653 2482 non
1667 2464 1753 2491 potest
1764 2460 1862 2483 assumi
1874 2464 1903 2483 ut
1912 2460 2062 2491 propositio,
2073 2460 2119 2484 sed
2130 2459 2297 2484 solummodo
2309 2464 2338 2484 ut
2348 2459 2502 2491 enunciafio,

1433 2498 1459 2518 et
1472 2494 1503 2518 ad
1517 2494 1585 2518 aliud
1600 2494 1729 2519 dialectice
1744 2502 1790 2518 seu
1805 2494 1971 2526 probabiliter
1985 2494 2146 2519 inferendum
2162 2493 2213 2530 (Cf.
2221 2495 2377 2527 lect.v‚n.4,
2387 2499 2440 2520 not.
2447 2491 2494 2530 ὃ).,

1485 2529 1512 2561 η)
1528 2529 1629 2554 Pr0bat
1646 2536 1695 2554 sna
1710 2529 1884 2561 principia.—
1894 2529 1929 2554 lta
1947 2529 2049 2554 codices
2063 2537 2156 2554 omnes
2176 2529 2240 2562 (exc.
2254 2529 2292 2561 R,
2310 2529 2356 2564 qui
2373 2528 2451 2555 habet
2464 2530 2501 2555 la-

1432 2564 1545 2596 cunam).
1559 2578 1579 2583 -
1592 2564 1624 2589 P:
1640 2565 1740 2596 probat
1758 2571 1807 2590 sua
1825 2565 1918 2596 prima
1938 2565 2089 2596 principia,-
2112 2572 2180 2597 quae
2198 2569 2239 2590 eet
2257 2565 2332 2590 lectio
2353 2563 2435 2596 bona,
2454 2565 2501 2589 sed
2529 2592 2532 2594 ,

1432 2607 1484 2623 non
1503 2599 1670 2632 praeferenda
1690 2600 1791 2624 lectioni
1810 2600 1885 2624 codd.
1904 2600 2007 2624 Etenim
2021 2600 2159 2632 principia
2176 2606 2234 2630 sua,
2249 2603 2317 2632 quae
2330 2599 2403 2624 nulia
2416 2599 2499 2625 scien-

1431 2635 1466 2659 tia
1484 2634 1584 2666 probat,
1599 2642 1650 2659 non
1664 2640 1725 2659 sunt
1744 2635 1791 2659 nisii
1804 2635 1927 2667 principia
1936 2635 2028 2666 prima
2042 2635 2110 2660 illius
2125 2635 2260 2666 scientise3
2279 2634 2329 2659 alia
2345 2642 2418 2665 vero,
2432 2642 2500 2668 quae

1432 2675 1600 2694 assumuntur
1609 2675 1639 2695 ut
1652 2670 1774 2702 principia
1785 2670 1891 2702 probata
1905 2670 1930 2694 in
1943 2677 2101 2703 unaquaque
2110 2670 2224 2700 scientia,
2235 2677 2287 2694 non
2297 2675 2359 2695 sunt
2368 2670 2417 2694 nisi
2429 2670 2500 2702 prin-

1432 2705 1497 2737 cipia
1510 2705 1535 2729 in
1550 2712 1628 2729 sensu
1643 2705 1749 2730 relativo
1764 2705 1819 2737 (Cf.
1837 2706 1877 2729 cit.
1889 2705 1946 2730 lect.
1960 2712 2021 2730 xvm
2028 2705 2048 2737 ).
2057 2718 2076 2723 -
2086 2705 2152 2730 lnfra
2167 2705 2278 2737 legimus
2293 2713 2351 2730 cum
2366 2705 2440 2730 codd.
2454 2705 2500 2730 AB

1431 2739 1672 2769 nriiLMNOer:
1693 2740 1767 2765 Dicit
1778 2743 1882 2770 autem,-
1901 2740 1933 2764 1²:
1950 2739 1987 2765 Et
1999 2739 2065 2765 dicit
2082 2747 2142 2771 sec.;
2155 2739 2239 2765 cEx:
2259 2740 2333 2765 Dicit
2346 2733 2501 2771 secundani.
2534 2753 2536 2755 -

1431 2782 1485 2800 om.
1503 2779 1559 2800 tum
1577 2778 1675 2804 autem,
1694 2780 1750 2800 tum
1769 2778 1810 2805 et,·
1828 2775 1851 2800 R
1865 2775 1944 2800 habet
1961 2775 2089 2800 lacunam.
2474 2804 2475 2807 Ἴ
2500 2792 2501 2795 ¹

1484 2807 1508 2843 θ)
1530 2810 1580 2835 Illa
1598 2810 1708 2835 scientia
1727 2811 1839 2835 assumit
1858 2810 1995 2842 principia
2014 2816 2062 2836 etc.
2075 2824 2094 2830 -
2107 2810 2216 2836 Codices
2235 2809 2503 2843 ABCDEHKMNQQ

1431 2845 1485 2870 ST:
1505 2845 1552 2870 illa
1565 2845 1676 2870 scientia
1694 2846 1807 2870 assumit
1825 2845 1893 2876 (ΑΒ,
1907 2845 1999 2878 sumit)
2018 2853 2050 2871 ea
2068 2853 2136 2879 quae
2153 2848 2216 2871 sunt·
2231 2845 2343 2871 alterius
2358 2845 2501 2875 scientiae,⁴

1431 2880 1525 2913 quibus
1540 2881 1667 2906 consentit
1679 2881 1737 2905 cod.
1752 2881 1788 2905 L:
1808 2881 1855 2906 illa
1868 2881 1980 2906 scientia
1993 2882 2107 2907 assumit
2124 2888 2156 2907 ea
2169 2886 2237 2914 qnae
2249 2881 2362 2907 atterius
2373 2881 2501 2911 scientiae
2533 2906 2535 2909 ,

1429 2918 1531 2940 sunt...
1545 2916 1768 2941 ABDEIKLMNT
1788 2921 1813 2941 et
1838 2924 1919 2950 marg.
1939 2917 1968 2941 S:
1988 2917 2056 2942 sicut
2078 2917 2103 2942 si
2119 2919 2272 2950 geometr-cu
2295 2913 2504 2951 BDIKLMNQQ

1430 2951 1486 2975 ST:
1502 2951 1606 2982 probet.
1615 2951 1761 2984 -Denique
1774 2951 1800 2975 in
1814 2950 1864 2976 fine
1878 2951 1955 2976 huius
1969 2952 2070 2977 numeri
2085 2951 2169 2982 codd.,
2178 2959 2232 2976 uno
2250 2956 2358 2984 excepto
2371 2950 2404 2982 G,
2423 2948 2500 2976 omn-¹
2530 2980 2532 2982 v

1429 2991 1487 3011 tunt
1500 2986 1591 3011 verba:
1615 2987 1683 3011 idest
1701 2986 1889 3020 metaphysici:
1904 2987 1940 3011 G:
1951 2987 2037 3020 primi
2048 2987 2199 3020 philosophi
2212 2994 2231 3012 a
2250 2986 2465 3020 metaphysica(
2479 2999 2503 3021 A

1430 3022 1488 3048 lect.
1501 3029 1594 3054 praec„
1616 3030 1641 3046 n.
1658 3021 1671 3046 5
1691 3027 1717 3046 et
1735 3027 1788 3046 not.
1803 3022 1841 3055 φ).
2458 3038 2479 3053 ‚-

1482 3057 1501 3089 ι)
1513 3057 1644 3082 scientem
1655 3057 1688 3082 de
1697 3057 1813 3090 qualibet
1822 3057 1974 3090 quaestione
1985 3057 2187 3090 interrogare.—
2194 3057 2258 3083 Ood.
2265 3058 2302 3082 Az
2309 3051 2501 3091 sactenten't'le‘

1429 3093 1543 3124 qualibet
1558 3098 1614 3123 etc.;
1630 3093 1686 3118 eod.
1702 3093 1738 3117 H:
1754 3093 1787 3117 de
1805 3093 1922 3125 qualibet
1940 3092 2152 3127 interrogatione
2165 3093 2334 3126 respondere,
2353 3098 2402 3118 σαι.
2415 3092 2502 3126 ςρρἀ

1428 3129 1550 3152 omittunt
1563 3135 1677 3160 sequens
1692 3128 1780 3157 etiam,
1797 3135 1843 3152 seu
1858 3129 1959 3161 legunt:
1982 3129 2057 3153 Unde
2066 3131 2144 3160 patet
2158 3129 2331 3153 ete-Lectio
2345 3128 2402 3153 cod.
2415 3121 2440 3152 H
2458 3127 2499 3153 bis

1429 3163 1529 3187 exhibet
1543 3163 1683 3188 secundam
1695 3168 1795 3196 partem
1809 3168 1893 3188 textus
1903 3164 2062 3188 Aristotelis:
2077 3170 2160 3196 neque
2172 3163 2316 3189 secundum
2332 3168 2389 3194 ete.,
2399 3163 2499 3189 omiu-

1429 3199 1511 3230 prima
1529 3203 1610 3230 parte.

1482 3234 1507 3266 κ)
1526 3234 1720 3266 Consequenter
1734 3234 1850 3259 ostendit
1864 3234 2021 3260 etc.·-Haec
2038 3234 2119 3259 verba
2131 3241 2217 3267 usque
2236 3233 2268 3258 ad
2328 3233 2394 3266 pria
2407 3232 2498 3266 αἱφα-

1429 3269 1496 3293 tatio
1506 3269 1630 3294 inclusive
1637 3269 1788 3294 omittuntur
1798 3276 1812 3294 a
1822 3269 1896 3294 codd.
1905 3268 2124 3299 CDGHKLMNQ
2131 3273 2159 3294 et
2166 3276 2193 3302 p.
2199 3276 2236 3294 m.
2245 3269 2264 3294 S
2294 3268 2364 3300 3imo
2373 3265 2499 3293 Loffindt

1429 3305 1506 3329 etiam
1524 3303 1604 3329 verba
1622 3305 1765 3338 sequentia,
1785 3304 1875 3330 dicens
1893 3305 1964 3338 quod
1982 3305 2013 3334 si,
2033 3309 2059 3330 et
2073 3303 2158 3335 habet,
2176 3310 2231 3329 non
2244 3304 2368 3336 disputet,
2388 3302 2435 3328 sed
2449 3301 2501 3331 1³⁴·

1428 3342 1527 3371 sputat.
1553 3339 1650 3365 Dicens
1675 3339 1800 3365 omittitur
1820 3341 1896 3366 etiam
1916 3348 1930 3365 a
1948 3341 1984 3371 B,
2004 3345 2030 3365 et
2048 3339 2123 3367 codd.
2143 3338 2244 3366 GflxM
2262 3338 2373 3370 habent,
2391 3336 2464 3366 dicit.
2478 3345 2502 3356 -·

1430 3375 1527 3399 Verum
1552 3372 1660 3401 omissio
1685 3375 1874 3408 praedictorum
1900 3375 1975 3401 codd.
2001 3380 2041 3400 est
2065 3375 2199 3401 mendum.
2228 3374 2316 3400 Altera
2341 3372 2409 3398 mim
2436 3378 2497 3407 pm

1428 3410 1502 3435 huius
1517 3410 1632 3435 lectionis
1647 3415 1688 3435 est
1702 3410 1734 3435 de
1753 3411 1966 3443 responsionibus
1981 3415 2007 3436 et
2017 3411 2048 3435 de
2059 3409 2282 3443 disputationibus,
2292 3407 2421 3434 utdseitur
2433 3415 2460 3432 n.
2469 3414 2496 3439 ις

1428 3446 1459 3470 de
1487 3445 1699 3478 responsionibus
1714 3451 1802 3471 autem
1816 3446 1913 3471 dictum
1932 3450 1973 3472 est
1987 3453 2019 3471 ἠ.
2033 3445 2209 3479 praecedenti;
2231 3445 2263 3470 de
2283 3441 2496 3480 disputationibus

1427 3484 1616 3514 consequenter
1629 3481 1746 3506 ostendit
1764 3482 1789 3506 in
1807 3481 1858 3506 hoc
1876 3488 1994 3507 numero.
2012 3479 2137 3514 Expedlta
2155 3483 2196 3506 est
2209 3479 2271 3514 ergo
2284 3478 2361 3504 iecdo
2373 3476 2403 3508 P,
2417 3484 2497 3511 quam

1428 3516 1503 3541 ceteri
1523 3516 1624 3542 codices
1644 3515 1747 3542 habent.
1762 3530 1782 3535 —
1796 3516 1860 3542 Cod.
1875 3516 1884 3541 1
1903 3515 1967 3541 infra
1985 3516 2079 3542 omittit
2096 3514 2223 3542 mendose
2240 3513 2334 3544 verba,
2352 3512 2495 3538 secundum

1427 3551 1498 3584 quod
1515 3554 1652 3584 geometra
1658 3559 1667 3580 ‚-
1685 3551 1902 3582 ABCDELQST:
1921 3551 2064 3578 secundum
2090 3550 2162 3583 quod
2179 3551 2219 3577 est
2233 3551 2388 3584 geometr-m
2407 3547 2495 3572 HNR:

1427 3587 1570 3611 secundum
1589 3586 1660 3619 quod
1678 3589 1815 3620 geometra
1833 3589 1880 3611 est.
1900 3586 1924 3611 Ο
1943 3586 2021 3611 habet
2039 3585 2166 3610 lacunam.
