2548 4192
2323 254 2383 280 XIII

149 328 230 370 est
260 327 310 368 et
334 316 579 368 Thomae
611 316 840 384 propria,
864 336 961 367 nec
993 336 1111 368 cum
1135 316 1386 384 quopiam
1414 336 1478 368 ex
1504 316 1813 368 doctoribus
1846 316 2112 369 catholicis
2145 339 2377 373 commu-

150 400 320 441 n1cata
339 388 462 440 laus
490 387 636 455 quod
657 387 838 439 Patres
864 387 1176 455 Tridentini,
1207 408 1256 439 1n
1286 408 1402 456 1pso
1434 387 1611 440 medio
1644 388 1881 440 conclavi
1912 387 2082 440 ordini
2115 389 2380 460 habendo,

149 481 253 512 una
294 480 412 512 cum
453 459 661 511 divinae
702 459 1003 528 Scripturae
1045 459 1319 512 codicibus
1349 471 1400 512 et
1424 460 1740 512 Pontificum
1770 460 2126 512 Maximorum
2158 461 2380 516 decretis

150 531 426 584 Summam
446 531 691 583 Thomae
714 531 999 599 Aquinatis
1022 551 1182 600 super
1211 532 1353 584 altari
1375 543 1555 601 patere
1586 532 1887 600 voluerunt,
1919 532 2060 584 unde
2089 534 2379 604 consilium,

149 604 397 671 rationes,
439 603 650 655 oracula
689 614 1002 672 peterentur.

257 675 535 755 Postremo
577 675 706 727 haec
738 695 956 755 quoque
985 675 1160 745 palma
1198 676 1310 728 viro
1352 675 1748 745 incomparabili
1790 687 2054 729 reservata
2084 676 2377 746 videbatur,

148 759 204 800 ut
232 747 343 800 ab
332 747 458 816 1psis
490 733 729 800 catholici
761 768 986 800 nominis
1017 747 1328 800 adversariis
1360 748 1633 816 obsequia,
1656 748 1954 816 praeconia,
1977 722 2377 802 admirationerri

149 830 507 899 extorqueret.
527 819 667 871 Nam
698 819 1025 888 exploratum
1058 831 1150 888 est,
1186 820 1318 872 inter
1348 820 1725 872 haereticarum
1756 819 2038 872 factionum
2075 820 2239 873 duces
2271 842 2376 874 non

148 890 398 959 defuisse,
421 891 509 959 qui
538 891 711 960 palam
742 891 1127 960 profiterentur,
1159 892 1362 944 sublata
1397 891 1558 944 semel
1591 912 1619 943 e
1655 891 1832 943 medio
1865 891 2102 944 doctrina
2131 892 2376 946 Thomae

147 963 451 1032 Aquinatis,
491 983 548 1015 se
587 963 734 1015 facile
774 983 935 1032 posse
975 984 1091 1015 cum
1129 964 1368 1015 omnibus
1407 962 1673 1015 catholicis
1714 963 2023 1015 doctoribus
2060 964 2235 1016 subire
2273 985 2375 1017 ccr-

148 1044 322 1088 tamen
352 1044 403 1087 et
427 1035 642 1102 vincere,
674 1043 725 1085 et
748 1034 1043 1087 Ecclesiam
1073 1035 1332 1102 dissipare
1366 1034 1841 1105 (Beza-Bucerus).
1860 1068 1929 1072 —
1951 1035 2122 1087 Inanis
2159 1036 2373 1103 quidem

146 1126 296 1176 spes,
337 1105 433 1158 sed
473 1106 827 1158 testimonium
868 1126 974 1158 non
1015 1106 1180 1158 inane.

254 1176 356 1229 His
395 1177 554 1229 rebus
596 1188 646 1229 et
686 1177 870 1246 causis,
904 1177 1254 1230 Venerabiles
1284 1178 1511 1246 Fratres,
1544 1178 1750 1246 quoties
1787 1178 2095 1247 respicimus
2126 1179 2194 1231 ad
2225 1179 2374 1232 boni-

143 1259 325 1329 tatem,
347 1248 454 1301 vim
481 1249 884 1319 praeclarasque
916 1249 1156 1302 utilitates
1179 1250 1288 1302 eius
1311 1250 1616 1319 disciplinae
1648 1249 2064 1329 philosophicae,
2088 1271 2246 1318 quam
2268 1272 2373 1304 ma-

145 1320 296 1374 iores
315 1320 476 1374 nostri
507 1321 832 1390 adamarunt,
864 1321 1155 1374 iudicamus
1187 1333 1384 1374 temere
1416 1342 1531 1374 esse
1563 1342 1919 1390 commlssum,
1952 1333 2007 1374 ut
2037 1321 2210 1374 eidem
2250 1343 2374 1376 suus

146 1393 318 1446 honos
358 1413 464 1446 non
495 1413 721 1463 semper,
764 1414 860 1446 nec
892 1393 1090 1462 ubique
1126 1394 1490 1474 permanserit:
1521 1394 1827 1464 praesertim
1860 1414 1978 1446 cum
2008 1393 2373 1463 philosophiae

142 1465 487 1518 scholasticae
520 1476 571 1518 et
600 1486 752 1518 usum
784 1465 1085 1518 diuturnum
1113 1478 1164 1519 et
1193 1486 1538 1519 max1morum
1570 1486 1801 1518 virorum
1822 1465 2097 1546 iudicium,
2131 1477 2195 1534 et,
2228 1467 2374 1534 quod

145 1548 304 1607 caput
333 1548 426 1607 est,
448 1537 720 1590 Ecclesiae
752 1537 1057 1607 suffragium
1088 1538 1276 1591 favisse
1309 1549 1582 1591 constaret.
1609 1537 1830 1607 Atque
1819 1558 1869 1590 in
1892 1538 2082 1590 veteris
2105 1537 2374 1618 doctrinae

84 1640 90 1646 ·
140 1608 320 1663 locum
361 1629 500 1662 nova
539 1609 801 1678 quaedam
841 1610 1209 1680 philosophiae
1251 1610 1378 1663 ratio
1420 1611 1517 1663 hac
1558 1610 1671 1662 illac
1711 1609 1986 1678 successit,
2018 1610 2159 1662 unde
2195 1630 2302 1662 non
2342 1610 2373 1662 ii

142 1681 380 1751 percepti
421 1693 541 1734 sunt
578 1681 773 1734 fructus
814 1682 1074 1751 optabiles
1114 1703 1174 1735 ac
1214 1683 1479 1763 salutares,
1521 1703 1656 1750 quos
1696 1682 1937 1734 Ecclesia
1976 1693 2027 1734 et
2056 1682 2170 1751 ipsa
2209 1682 2371 1735 civilis

142 1753 368 1806 societas
407 1753 720 1806 maluissent.
761 1753 1145 1807 Adnitentibus
1186 1775 1323 1807 enlm
1363 1754 1727 1807 Novatoribus
1767 1753 1958 1806 saeculi
1985 1754 2140 1822 XVI,
2181 1754 2374 1834 placuit

141 1823 504 1895 philosophari
546 1825 670 1878 citra
700 1826 1002 1895 quempiam
1043 1826 1110 1879 ad
1151 1826 1312 1879 fidem
1344 1838 1658 1896 respectum,
1696 1826 1857 1895 petita
1887 1826 2113 1894 dataque
2145 1846 2371 1879 V1c1SS1m

142 1907 403 1967 potestate
444 1896 710 1966 quaelibet
747 1918 845 1967 pro
878 1898 1084 1951 lubitu
1073 1899 1395 1968 ingenioque
1427 1898 1773 1968 excogitandi.
1807 1898 1934 1968 Qua
1965 1919 2029 1950 ex
2059 1918 2112 1950 re
2144 1918 2370 1967 pronum

141 1968 251 2038 fuit,
267 1989 465 2039 genera
485 1969 852 2039 philosophiae
870 1970 987 2040 plus
1004 1991 1177 2039 aequo
1200 1971 1541 2051 multiplicari,
1559 1970 1946 2039 sententiasque
1965 1970 2198 2023 diversas
2216 1982 2372 2038 atque

143 2040 278 2095 inter
314 2061 372 2094 se
411 2047 709 2111 pugnantes
750 2043 869 2095 oriri
911 2043 1064 2095 etiam
1105 2043 1214 2095 (10
1204 2064 1263 2095 us
1294 2043 1473 2111 rebus,
1515 2063 1650 2112 quae
1691 2054 1810 2095 sunt
1840 2063 1889 2095 in
1921 2042 2159 2095 humanis
2193 2063 2371 2111 cogni-

143 2112 374 2167 tionibus
401 2134 731 2184 praecipuae.
761 2115 820 2167 A
842 2115 1168 2168 multitudine
1205 2086 1576 2168 sententiaium
1607 2116 1674 2168 ad
1702 2114 2069 2168 haesitationes
2092 2114 2369 2166 dubitatio-

143 2205 346 2255 nesque
376 2206 635 2256 persaepe
666 2198 880 2240 ventum
913 2199 1009 2240 est:
1040 2208 1069 2239 a
1091 2187 1505 2240 dubitationibus
1537 2208 1663 2240 vero
1696 2187 1746 2239 in
1773 2207 2004 2239 errorem
2036 2207 2192 2254 quam
2223 2186 2369 2238 facile

143 2268 346 2311 mentes
385 2257 657 2311 hominum
689 2258 1014 2328 delabantur,
1051 2280 1207 2312 nemo
1240 2272 1318 2312 est
1348 2260 1435 2328 qui
1476 2280 1581 2312 non
1622 2259 1898 2311 videat—
1918 2258 2042 2310 Hoc
2072 2269 2245 2310 autem
2277 2278 2368 2310 no-

143 2329 313 2382 vitatis
353 2330 602 2398 studium,
645 2351 764 2411 cum
804 2332 1044 2384 homines
1084 2332 1367 2384 imitatione
1408 2332 1693 2411 trahantur,
1735 2330 2110 2383 catholicorum
2151 2350 2366 2398 quoque

143 2401 584 2471 philosophorum
610 2403 814 2455 animos
835 2403 1004 2456 visum
1034 2415 1111 2455 est
1131 2403 1320 2456 alicubi
1342 2403 1658 2472 pervasisse,
1680 2403 1768 2483 qui
1790 2401 2104 2472 patrimonio
2126 2401 2368 2470 antiquae

142 2473 428 2542 sapientiae
460 2474 780 2543 posthabitO,
812 2495 952 2527 nova
990 2475 1174 2544 moliri,
1215 2495 1372 2543 quarn
1412 2487 1591 2527 vetera
1624 2495 1774 2527 nows
1814 2494 2008 2555 augere
2038 2485 2088 2526 et
2113 2473 2368 2543 perficere

143 2545 452 2614 maluerunt,
477 2557 616 2598 certe
638 2567 808 2599 minus
830 2547 1049 2627 sapienti
1080 2547 1314 2616 consilio,
1338 2559 1388 2599 et
1408 2568 1513 2599 non
1543 2547 1653 2599 sine
1682 2546 2012 2599 scientiarum
2042 2545 2367 2598 detrimento.

142 2616 355 2670 Etenim
395 2617 663 2687 multiplex
711 2619 841 2671 haec
882 2619 1009 2672 ratio
1051 2619 1345 2687 doctrinae,
1388 2640 1506 2672 cum
1546 2619 1596 2672 in
1636 2618 2003 2688 magistrorum
2043 2618 2367 2687 singulorum

142 2688 448 2742 auctoritate
470 2690 791 2759 arbitrioque
814 2690 1016 2760 nitatur,
1039 2691 1287 2744 mutabile
1310 2691 1470 2744 habet
1489 2691 1901 2759 fundamentum,
1925 2710 2092 2758 eaque
2121 2690 2187 2742 de
2211 2710 2367 2742 causa

142 2781 251 2814 non
300 2760 503 2814 firmam
549 2773 706 2831 atque
754 2762 994 2815 stabilem
1043 2784 1216 2832 neque
1266 2764 1566 2832 robustam,
1615 2763 1747 2816 sicut
1784 2774 2016 2815 veterem
2056 2762 2221 2829 illam,
2271 2761 2366 2814 sed

143 2843 412 2887 nutantem
453 2845 503 2886 et
541 2834 712 2887 levem
760 2834 879 2887 facit
925 2835 1327 2916 philosophiam.
1379 2835 1482 2889 Cui
1529 2807 1570 2888 si
1616 2835 1747 2888 forte
1795 2835 2090 2904 contingat,
2138 2833 2364 2886 hostium

143 2903 341 2974 impetu
380 2905 600 2958 ferendo
640 2907 726 2959 vix
764 2927 946 2976 parem
976 2907 1303 2976 aliquando
1293 2907 1526 2976 inveniri,
1568 2907 1677 2960 eius
1718 2907 1789 2959 rei
1830 2917 2083 2976 agnoscat
2112 2906 2161 2957 in
2192 2905 2366 2985 seipsa

144 2976 376 3030 residere
417 2998 627 3030 causam
660 2990 710 3031 et
740 2979 859 3048 culp
863 2999 960 3032 am.
978 2979 1229 3050 —Quae
1271 3001 1388 3032 cum
1430 2951 1675 3048 dicimus,
1717 2999 1822 3032 non
1863 2999 1955 3031 eos
1995 2977 2231 3047 profecto
2272 2997 2363 3029 1m-

143 3047 434 3117 probamus
474 3050 662 3103 doctos
702 3051 942 3103 homines
982 3063 1138 3120 atque
1179 3052 1413 3120 solertes,
1455 3052 1542 3120 qui
1583 3051 1887 3104 industriam
1928 3061 1979 3102 et
2017 3049 2362 3102 eruditionem

142 3139 309 3199 suam,
337 3140 397 3172 ac
418 3141 679 3175 novorum
709 3123 1041 3176 inventorum
1073 3144 1205 3193 opes
1231 3124 1299 3176 ad
1331 3123 1674 3176 excolendam
1705 3122 2094 3203 philosophiam
2124 3121 2362 3173 afferunt:

143 3190 197 3244 id
229 3212 367 3244 emm
398 3193 568 3261 probe
599 3194 931 3264 intelligimus
962 3195 1030 3248 ad
1061 3196 1380 3248 incrementa
1411 3195 1679 3248 doctrinae
1710 3195 1982 3264 pertinere.
2013 3193 2123 3246 Sed
2145 3214 2362 3272 magno-

141 3283 276 3332 pere
314 3264 609 3318 cavendum
640 3277 732 3334 est,
764 3287 830 3319 ne
860 3288 910 3319 1n
938 3267 1022 3320 illa
1048 3267 1298 3320 industria
1325 3279 1481 3336 atque
1513 3267 1804 3320 eruditione
1831 3277 1938 3318 tota
1965 3277 2052 3318 aut
2080 3285 2363 3334 praempua

144 3335 442 3388 exercitatio
471 3348 718 3390 versetur.
735 3372 805 3376 —
825 3338 896 3391 Et
923 3339 1071 3391 simili
1101 3339 1264 3392 modo
1294 3339 1361 3391 de
1391 3360 1537 3391 sacra
1561 3339 1863 3407 Theologia
1888 3337 2164 3404 iudicetur,
2205 3357 2361 3404 quam

143 3407 410 3487 multiplici
452 3408 754 3461 eruditionis
793 3409 1142 3463 adiumento
1131 3411 1293 3463 1uvari
1333 3422 1489 3479 atque
1520 3410 1754 3462 illustrari
1786 3410 2000 3489 quidem
2040 3408 2225 3477 placet,
2266 3407 2361 3459 sed

142 3499 360 3533 ommno
401 3500 618 3532 necesse
659 3492 771 3560 est,
791 3482 937 3550 gravi
977 3482 1422 3535 Scholasticorum
1462 3502 1609 3534 more
1649 3481 1873 3549 tractari,
1914 3492 1989 3548 ut,
2031 3479 2360 3532 revelationis

144 3561 197 3603 et
217 3551 428 3604 rationis
451 3552 738 3604 coniunctis
760 3552 810 3604 in
832 3552 915 3605 illa
935 3553 1148 3622 viribus,
1172 3555 1422 3606 invictum
1434 3553 1578 3622 fia'ez
1584 3551 2042 3621 propugnaculum
2063 3551 2266 3622 (Sixtus
2288 3551 2358 3619 V,

143 3622 295 3676 Bulla
325 3623 430 3695 cit.)
462 3645 577 3677 esse
608 3636 923 3693 perseveret.
