2788 4204
83 356 90 363 ·
104 352 292 375 (Ζοιτιιηεη.5.ΤΙι.

81 379 292 402 lect.111.-Ed.l]id.

82 407 121 428 lib.
130 407 157 434 V,
169 413 219 434 cap.
231 413 261 427 111.

59 613 62 616 “
80 625 151 645 mato.

80 653 87 660 ·
99 652 124 672 ln
144 649 264 676 Sophista.

80 738 87 745 ·
99 741 120 756 n:
129 736 164 755 est
174 733 291 754 mus-lcum.

80 897 156 918 Posita
167 902 235 917 causa
249 894 292 915 sus-

78 923 161 945 ficienti
182 928 228 943 non
257 925 304 946 est,

78 956 171 971 necesse
185 949 288 970 eflectum

79 976 142 1003 poni.

78 1006 85 1012 “
96 1010 120 1024 1³:
136 1007 231 1023 necesse
249 1001 287 1021 sit.

78 1031 85 1039 ·
94 1035 158 1050 Αιιεεῑ
167 1029 231 1049 cuius
239 1027 288 1055 effe-

77 1058 147 1076 clus.-
156 1062 169 1076 n
178 1055 245 1076 habet
260 1055 288 1075 la-

77 1088 167 1103 cunam.

77 1215 84 1221 ”
93 1219 120 1234 nc
142 1214 250 1235 omittunt

72 1240 258 1267 praedictarum.

73 1481 147 1500 ‘mu-
162 1486 187 1500 A:
207 1480 242 1500 sic
258 1486 284 1500 u-

73 1506 189 1533 numquod
205 1512 233 1527 ue
247 1512 284 1527 es-

72 1535 115 1557 set,
122 1533 160 1554 sed
168 1533 189 1553 fa
199 1539 283 1553 so.-nc:

34 1575 36 1577 -
72 1562 95 1580 et
110 1560 145 1580 sic
159 1559 213 1580 inde
227 1565 257 1606 [su

72 1592 159 1613 usque:
169 1589 229 1607 etme

72 1624 81 1628 -
91 1619 103 1633 ε
115 1613 181 1634 habet
198 1613 272 1633 iacun.

73 1646 80 1652 '
94 1650 130 1665 Ac.
143 1655 153 1660 -
164 1650 198 1665 ι>.;
215 1643 282 1664 deve-

72 1671 126 1691 niet.

69 2068 187 2089 *Dicentes
194 2074 220 2089 ex
226 2074 269 2089 Aen
274 2085 279 2089 .

68 2174 162 2195 'nzad

68 2233 76 2240 ·
88 2237 101 2251 n
113 2237 158 2252 non
170 2235 236 2252 recte:
247 2230 280 2251 ad

67 2263 164 2278 causam
177 2263 221 2285 per
235 2264 268 2278 se.

69 2717 75 2724 ’
91 2722 115 2737 1³:
135 2715 275 2743 effectus...

66 2742 164 2770 referri.

66 2771 74 2778 '¹
86 2769 142 2796 Cap.
159 2775 193 2795 ιιι,
212 2775 234 2789 n.
248 2774 278 2789 12.

67 2795 197 2816 Comi-nent.
205 2802 223 2816 s.
232 2795 277 2816 Th.

67 2823 117 2843 lect.
132 2829 160 2843 vi.

68 2850 85 2857 ¹·
102 2849 162 2869 Lect.
179 2854 211 2870 m:
236 2848 277 2869 Ed.

68 2875 120 2895 Did.
132 2876 170 2896 lib.
180 2875 219 2901 IV,
229 2881 248 2896 c.
257 2881 278 2900 ιι,

69 2908 91 2922 ιι.
107 2902 128 2923 8,

323 222 372 257 68

382 312 437 337 11.
461 300 537 337 Sed
566 302 664 338 hanc
692 302 876 338 rationem
901 301 1011 338 solvit
1030 301 1248 337 Aristoteles
1276 300 1314 336 in
1333 301 1384 337 Vl

320 353 607 402 Metaphysicae
629 356 649 376 '¹‘
676 355 893 391 interimens
925 362 1126 402 utramque
1158 353 1384 401 propositio-

321 419 414 443 num
443 416 735 456 assumptarum.
766 407 865 444 Dicit
894 407 994 443 enim
1024 406 1127 454 quod
1162 418 1240 442 non
1269 418 1384 443 omne

321 460 425 509 quod
444 461 487 497 fit
505 462 620 497 habet
647 473 819 507 causam,
847 460 914 496 sed
943 460 1067 495 solum
1087 459 1176 495 illud
1206 459 1310 507 quod
1331 467 1386 496 est

318 526 388 562 per
407 526 458 550 se.
481 514 557 550 Sed
576 514 666 550 illud
686 513 789 561 quod
815 521 869 549 est
886 525 955 560 per
974 511 1148 548 accidens
1172 524 1250 548 non
1271 513 1385 549 habet

320 579 492 613 causam;
514 566 601 615 quia
619 566 771 614 proprie
791 578 869 602 non
890 573 944 601 est
964 577 1041 610 ens,
1063 565 1129 601 sed
1145 566 1264 612 magis
1285 565 1383 602 ordi-

320 627 429 656 natur
457 632 544 656 cum
573 631 651 655 non
672 626 766 665 ente,
788 626 829 655 ut
849 618 961 654 etiam
982 618 1089 654 Plato
1111 618 1200 654 dixit
1218 619 1247 655 ³¹³.
1270 618 1380 656 Unde

319 685 396 709 esse
423 673 605 709 musicum
634 672 748 708 habet
777 684 942 717 causam,
965 679 1001 707 et
1029 671 1197 708 similiter
1224 684 1302 708 esse
1329 672 1382 708 al-

319 728 425 770 bum;
445 725 511 762 sed
530 726 604 761 hoc
619 725 723 773 quod
740 732 804 771 est,
821 725 947 761 album
963 736 1040 760 esse
1053 725 1073 745 '¹‘
1092 725 1288 771 musicum,
1304 737 1382 762 non

318 780 432 816 habet
447 790 618 814 causam:
641 786 677 814 et
696 777 798 814 idem
821 786 875 814 est
895 777 933 814 in
954 777 1132 814 omnibus
1154 778 1232 814 aliis
1253 778 1381 815 huius-

318 831 434 868 modi.
458 831 634 868 Similiter
654 831 767 868 etiam
795 832 890 868 haec
919 839 974 868 est
998 832 1101 878 falsa,
1127 831 1231 880 quod
1259 831 1382 880 posita

319 898 431 921 causa
447 884 558 921 etiam
575 885 786 931 sufficienti,
803 897 957 921 necesse
974 892 1029 921 est
1042 885 1062 905 *
1078 884 1255 921 effectum
1271 885 1379 933 poni:

317 951 394 975 non
424 938 524 974 e‘nim
545 938 670 974 omnis
691 950 804 975 causa
831 946 886 975 est
908 938 989 974 talis
1010 937 1172 984 (etiamsi
1188 938 1380 975 sufficiens

321 992 383 1038 sit)
405 991 508 1040 quod
529 991 608 1027 eius
629 991 816 1028 effectus*
835 991 1009 1040 impediri
1029 1003 1108 1028 non
1126 991 1262 1040 possit;
1284 992 1379 1028 sicut

315 1045 408 1093 ignis
420 1052 474 1081 est
485 1044 676 1081 sufficiens
688 1057 801 1081 causa
812 1044 1085 1081 combustionis
1099 1044 1299 1092 lignorum,
1312 1046 1379 1082 sed

314 1106 442 1135 tamen
456 1110 524 1146 per
540 1097 766 1135 effusionem
782 1110 902 1147 aquae
922 1098 1128 1147 impeditur
1151 1098 1377 1135 combustio.

374 1163 430 1188 12.
466 1151 505 1187 Si
540 1159 668 1188 autem
701 1160 860 1200 utraque
893 1151 1199 1200 propositionum
1231 1152 1378 1200 praedi-

314 1212 458 1241 ctarum
472 1205 491 1225 ’¹‘
511 1213 608 1241 esset
626 1217 728 1251 vera,
750 1204 986 1242 infallibiliter
1000 1212 1221 1253 sequeretur
1249 1205 1378 1242 omnia

314 1270 358 1294 ex
378 1257 596 1294 necessitate
627 1258 853 1305 contingere.
876 1258 976 1304 Quia
997 1258 1026 1294 si
1047 1257 1202 1306 quilibet
1221 1258 1377 1295 effectus

312 1312 426 1348 habet
464 1323 639 1358 causam,
670 1319 767 1348 esset
805 1311 983 1348 effectum
1019 1311 1104 1359 (qui
1140 1318 1194 1347 est
1231 1312 1377 1348 futurus

311 1372 399 1414 post
417 1364 584 1413 quinque
611 1364 701 1412 dies,
723 1372 787 1401 aut
804 1372 891 1413 post
911 1371 1248 1413 quantumcunque
1282 1372 1376 1402 tem-

310 1420 403 1467 pus)
429 1418 608 1454 reducere
632 1418 670 1454 in
690 1417 855 1466 aliquam
885 1429 1039 1454 causam
1062 1416 1248 1465 priorem:
1270 1426 1306 1454 et
1325 1418 1378 1455 sic

312 1483 512 1521 quousque
543 1472 673 1507 esset*
697 1470 875 1507 devenire
896 1470 944 1507 ad
965 1482 1135 1516 causam,
1158 1482 1255 1518 quae
1275 1483 1377 1508 nunc

312 1533 367 1561 est
394 1525 432 1561 in
455 1524 653 1573 praesenti,
673 1524 735 1560 vel
763 1523 839 1560 iam
859 1523 926 1560 fuit
954 1523 991 1559 in
1019 1524 1239 1572 praeterit0;
1261 1524 1290 1560 si
1311 1537 1376 1561 au-

310 1586 387 1615 tem
418 1590 530 1614 causa
549 1577 682 1626 posita,
710 1589 863 1613 necesse
900 1584 955 1613 est
983 1576 1162 1613 effectum
1180 1578 1284 1626 poni,
1308 1590 1377 1627 per

310 1631 483 1668 ordinem
504 1642 704 1666 causarum
725 1630 920 1667 deveniret
933 1629 1165 1666 *necessitas
1181 1642 1302 1680 usque
1328 1631 1376 1668 ad

308 1684 485 1721 ultimum
513 1683 702 1720 effectum.
733 1685 846 1730 Puta,
875 1684 909 1720 si
936 1683 1096 1720 comedit
1119 1683 1238 1730 salsa,
1262 1685 1375 1721 sitiet.-

308 1738 342 1774 si
357 1738 466 1783 sitiet,
496 1737 612 1773 exibit
633 1737 787 1773 domum
811 1737 863 1774 ad
884 1737 1104 1774 bibendum.-
1122 1737 1155 1773 si
1174 1738 1291 1774 exibit
1311 1739 1375 1775 do-

309 1803 433 1838 mum,
464 1790 651 1827 occidetur
675 1802 699 1827 a
719 1790 937 1827 latronibus.
969 1790 1066 1832 Quia
1094 1802 1188 1840 ergo
1218 1791 1294 1828 iam
1315 1803 1375 1828 co-

309 1845 423 1881 medit
438 1844 550 1890 salsa,
571 1856 717 1880 necesse
736 1850 789 1880 est
807 1856 892 1880 eum
908 1843 1037 1880 occidi.
1061 1844 1110 1879 Et
1124 1843 1210 1880 ideo
1230 1845 1373 1882 Aristo-

308 1899 399 1935 teles
414 1898 463 1935 ad
477 1898 552 1934 hoc
568 1897 846 1934 excludendum
867 1897 1032 1934 ostendit
1049 1904 1252 1946 utramque
1267 1911 1375 1947 prae-

310 1951 494 1989 dictarum
509 1950 815 2000 propositionum
832 1963 912 1987 esse
929 1951 1073 1996 falsam,
1090 1958 1132 1987 ut
1148 1950 1290 1988 dictum
1307 1959 1372 1988 est.

367 2006 424 2042 13.
447 2004 640 2041 Obiiciunt
661 2010 789 2041 autern
811 2004 967 2053 quidam
994 2012 1124 2041 contra
1144 2005 1230 2051 hoc,
1249 2005 1374 2042 dicen-

307 2066 362 2095 tes
376 2059 396 2079 *
415 2058 519 2107 quod
539 2070 654 2094 omne
673 2070 742 2106 per
763 2057 938 2094 accidens
957 2057 1148 2094 reducitur
1167 2058 1216 2095 ad
1235 2058 1375 2107 aliquid

306 2124 374 2161 per
393 2124 450 2158 se,
472 2119 507 2148 et
525 2111 575 2148 ita
594 2118 743 2160 oportet
763 2111 941 2148 effectum
961 2110 1025 2159 qui
1045 2119 1100 2148 est
1118 2123 1187 2159 per
1201 2111 1376 2149 accidens

308 2164 435 2203 reduci
450 2164 518 2202 in*
529 2177 682 2202 causam
698 2176 767 2213 per
781 2177 833 2202 se.
844 2186 857 2192 -
870 2163 947 2201 Sed
961 2176 1040 2200 non
1055 2164 1252 2202 attendunt
1271 2165 1375 2214 quod

306 2219 343 2256 id
364 2219 468 2268 quod
488 2226 543 2255 est
560 2231 630 2268 per
648 2217 823 2255 accidens
844 2217 1034 2256 reducitur
1057 2217 1105 2254 ad
1133 2230 1202 2266 per
1221 2230 1261 2255 se
1284 2219 1316 2266 ²³²,
1337 2218 1375 2255 in

307 2280 491 2322 quantum
512 2272 645 2309 accidit
665 2271 698 2308 ei
718 2271 823 2320 quod
845 2279 900 2308 est
917 2283 987 2320 per
1005 2283 1057 2317 se,
1075 2271 1170 2308 sicut
1187 2272 1373 2309 musicum

307 2326 440 2363 accidit
456 2326 611 2371 Socrati,
625 2332 660 2361 et
675 2337 790 2361 omne
807 2325 981 2362 accidens
997 2324 1105 2361 alicui
1122 2325 1291 2362 subiecto
1306 2338 1375 2375 per

307 2392 346 2416 se
367 2379 547 2420 existenti,
578 2379 626 2415 Et
646 2378 812 2415 similiter
841 2390 956 2415 omne
986 2378 1090 2426 quod
1116 2378 1155 2415 in
1175 2378 1300 2427 aliquo
1323 2379 1373 2416 ef-

306 2433 405 2469 fectu
434 2439 489 2468 est
516 2444 584 2480 per
604 2431 778 2468 accidens
807 2431 1066 2468 consideratur
1090 2431 1188 2468 circa
1208 2432 1372 2481 aliquem

307 2485 484 2522 effectum
504 2497 573 2534 per
593 2497 650 2521 se:
681 2484 745 2533 qui
774 2492 958 2533 quantum
983 2485 1031 2522 ad
1055 2484 1093 2521 id
1122 2485 1226 2534 quod
1245 2498 1314 2535 per
1333 2498 1372 2522 se

307 2547 362 2576 est
389 2539 503 2575 habet
529 2550 683 2574 causam
709 2550 776 2586 per
802 2551 862 2585 se,
893 2546 1077 2587 quantum
1105 2546 1232 2575 autem
1262 2539 1309 2576 ad
1335 2539 1373 2576 id

307 2592 411 2641 quod
430 2591 526 2628 inest
545 2591 578 2628 ei
597 2603 665 2640 per
686 2591 860 2628 accidens
891 2604 968 2628 non
994 2592 1109 2628 habet
1130 2604 1285 2629 causam
1306 2605 1374 2641 per

306 2658 358 2693 se,
389 2645 456 2682 sed
476 2657 631 2681 causam
659 2656 728 2693 per
747 2644 933 2682 accidens.
965 2645 1126 2694 Oportet
1155 2645 1256 2682 enim
1283 2644 1372 2681 effe-

307 2707 409 2736 ctum
429 2697 757 2747 proportionaliter
772 2698 909 2735 referre
921 2700 940 2718 ⁴*
952 2697 1001 2735 ad
1021 2710 1176 2735 causam
1196 2710 1317 2744 suam,
1333 2706 1375 2735 ut

306 2753 344 2789 in
360 2753 391 2788 ΙΙ
406 2751 655 2800 Physicorum
670 2751 690 2772 *
706 2759 741 2788 et
755 2751 793 2788 in
803 2752 838 2788 V
851 2751 1164 2800 Methaphysicae
1172 2751 1212 2772 *⁸²
1228 2751 1372 2788 dicitur.

366 2816 423 2852 14.
454 2805 622 2852 Quidam
641 2816 735 2841 vero
765 2817 843 2842 non
868 2805 1101 2842 attendentes
1123 2804 1373 2842 differentiam

308 2859 513 2895 effectuum
532 2871 602 2907 per
621 2857 795 2895 accidens
825 2865 861 2894 et
879 2870 948 2907 per
967 2871 1019 2905 se,
1050 2865 1290 2895 tentaverunt
1318 2870 1374 2895 re-

308 2912 445 2949 ducere
475 2924 610 2948 omnes
646 2911 802 2948 effectus
830 2911 891 2948 hic
919 2911 1072 2948 inferius
1107 2911 1374 2960 provenientes

308 2965 345 3002 in
374 2965 539 3014 aliquam
569 2977 723 3002 causam
751 2977 820 3014 per
848 2977 906 3011 se,
937 2977 1053 3014 quam
1077 2964 1272 3014 ponebant
1292 2977 1373 3002 esse

307 3018 485 3055 virtutem
501 3018 717 3055 caelestium
734 3030 939 3067 corporum
950 3023 963 3039 ⁰
973 3018 1011 3055 in
1023 3030 1098 3067 qua
1108 3018 1302 3067 ponebant
1303 3019 1373 3067 fa-

307 3077 397 3117 tum,
432 3071 597 3109 dicentes
630 3071 719 3108 nihil
754 3071 856 3109 aliud
889 3083 970 3108 esse
1000 3072 1119 3108 fatum
1148 3083 1264 3120 quarn
1292 3071 1373 3108 vim

308 3123 504 3173 positionis
529 3125 722 3173 syderum.
745 3124 821 3162 Sed
847 3137 891 3161 ex
911 3125 984 3162 hac
1014 3137 1128 3162 causa
1148 3137 1227 3161 non
1247 3131 1374 3174 potest

307 3177 508 3226 provenire
523 3178 725 3215 necessitas
744 3177 783 3214 in
803 3177 982 3215 omnibus
1003 3190 1099 3227 quae
1119 3177 1180 3214 hic
1200 3185 1371 3226 aguntur.

361 3307 387 3342 ο)
409 3308 494 3338 Quam
509 3307 645 3341 ponebant
657 3308 781 3333 virtutem
795 3315 849 3333 esse
863 3307 1014 3333 caelestium
1028 3315 1169 3340 corporum
1183 3313 1230 3334 etc.
1244 3308 1279 3334 lta
1298 3308 1372 3333 codd.

308 3351 416 3376 quorum
437 3344 571 3369 lectionem
587 3343 764 3377 anteponimus
780 3343 885 3368 Pinnae:
902 3352 915 3366 α
928 3343 1013 3373 Quam
1028 3343 1158 3376 ponebant
1175 3343 1295 3369 virtutem
1314 3351 1373 3369 esse

310 3388 322 3401 ι
339 3379 487 3404 caelestium
501 3387 647 3412 corporum,
662 3379 687 3404 in
702 3387 753 3412 qua
767 3379 896 3412 ponebant
915 3378 1004 3410 satum,
1015 3387 1093 3412 quam
1108 3379 1161 3404 vim
1176 3378 1310 3412 positionis
1329 3387 1373 3412 sy-

310 3423 322 3435 »
339 3414 428 3438 derum
444 3414 613 3447 appellabant.
626 3425 638 3438 ι

361 3448 389 3482 π)
413 3449 538 3474 Voluntas
556 3457 623 3482 quae
636 3453 675 3475 est
690 3450 715 3475 ἰη
732 3450 872 3474 νατίοηε.-
882 3449 963 3475 Codd.
982 3450 1049 3474 ΑΒΕ
1067 3450 1188 3475 omittunt
1203 3449 1290 3480 verba,
1305 3457 1372 3483 quae

309 3486 347 3507 est
366 3484 391 3508 in
412 3485 529 3513 ratione;
548 3485 594 3509 sed
613 3493 642 3510 ea
661 3485 801 3510 retinemus
827 3493 886 3510 cum
906 3485 934 3510 P.
954 3490 979 3510 et
997 3485 1052 3510 aliis
1072 3485 1311 3515 coda-Quamvis
1325 3493 1372 3510 vo-

309 3518 392 3543 luntas
417 3519 565 3552 simpliciter
585 3525 610 3544 et
633 3520 804 3545 communiter
827 3526 929 3553 accepta
953 3520 1098 3552 appetitum
1123 3521 1281 3546 rationalem
1306 3520 1372 3546 desi-

310 3559 378 3584 gnet,
393 3559 477 3578 tamen
497 3554 576 3578 latiori
596 3554 778 3587 significatione
797 3555 873 3580 etiam
892 3563 939 3587 pro
958 3556 1076 3587 appetitu
1096 3556 1208 3581 animali
1225 3561 1371 3589 usurpatur,

310 3594 337 3612 ut
355 3588 463 3621 ipsemet
481 3590 618 3621 Angelicus
638 3590 718 3614 innuit
742 3591 776 3621 11,
798 3590 861 3615 Dist.
884 3597 963 3620 xxxix,
983 3598 1027 3623 qu.
1044 3598 1075 3622 11,
1092 3590 1160 3615 artic.
1180 3598 1199 3615 11
1219 3591 1250 3615 ad
1274 3599 1300 3615 1:
1319 3599 1371 3615 non

1080 224 1199 259 PERI
1229 222 1575 260 HERMENEIAS
1614 225 1707 261 LIB.
1739 226 1753 261 l

1495 303 1615 339 Multa
1635 303 1737 339 enim
1756 303 1818 339 hie
1836 304 1933 341 fiunt
1961 317 2006 341 ex
2034 304 2222 341 intellectu
2247 313 2283 342 et
2301 306 2507 355 voluntate,

1441 367 1538 403 quae
1558 368 1627 404 per
1646 369 1686 392 se
1707 363 1742 392 et
1771 356 1909 393 directe
1938 369 2016 394 non
2045 358 2260 395 subduntur
2277 358 2404 396 virtuti
2425 371 2507 396 cae—

1439 408 1588 445 lestium
1606 421 1829 458 corporum:
1846 422 1934 447 cum
1951 411 2053 447 enirn
2068 411 2275 448 intellectus
2288 412 2397 449 *sive
2413 413 2506 449 ratio

1439 514 1569 562 organi
1585 516 1802 564 corporalis,
1818 524 1860 552 ut
1877 517 2061 565 probatur
2079 518 2118 554 in
2137 518 2232 554 libro
2252 519 2312 555 De
2330 518 2460 555 anima
2474 519 2504 566 ²²,

1437 566 1671 615 impossibile
1692 576 1747 605 est
1762 570 1867 617 quod
1888 569 2025 606 directe
2045 572 2285 608 subdant-ur*
2299 571 2506 608 intellectus

1438 632 1506 656 seu
1526 621 1619 657 ratio
1643 629 1678 658 et
1696 622 1872 659 voluntas
1891 622 2018 660 virtuti
2039 625 2257 661 caelestium
2280 637 2504 674 corporum:

1437 674 1539 710 nulla
1563 674 1664 710 enim
1683 674 1743 711 vis
1767 676 1973 724 corporalis
1995 684 2120 725 potest
2139 689 2249 725 agere
2273 690 2342 726 per
2365 690 2417 725 se,
2434 678 2505 715 nisi

1436 726 1475 762 in
1490 738 1572 762 rem
1588 739 1825 776 corpoream.
1846 728 1955 764 Vires
1972 737 2099 766 autem
2115 730 2315 767 sensitivae
2331 731 2369 768 in
2386 743 2503 780 quan-

1436 787 1518 815 tum
1547 787 1634 823 sunt
1662 788 1766 817 actus
1796 793 2027 828 organorum
2058 783 2312 831 corporalium
2344 797 2414 833 per
2443 796 2503 821 ac-

1437 832 1565 869 cidens
1603 833 1817 870 subduntur
1854 834 1991 871 actioni
2030 835 2247 872 caelestium
2283 849 2501 885 corporum.

1436 886 1546 923 Unde
1570 886 1825 935 Philosophus
1848 886 1886 923 in
1907 887 2002 924 libro
2022 889 2084 924 De
2102 889 2232 926 anima
2246 889 2267 910 '¹'
2281 890 2503 938 opinionem

1433 939 1659 988 ponentium
1675 941 1912 977 voluntatem
1930 941 2096 978 hominis
2117 942 2249 978 subiici
2269 943 2390 979 motui
2411 943 2503 979 caeli

1435 993 1612 1030 adscribit
1631 993 1700 1039 his,
1713 993 1777 1042 qui
1799 1006 1877 1030 non
1891 994 2087 1042 ponebant
2105 994 2334 1032 intellectum
2351 995 2502 1032 differre

1434 1059 1456 1082 a
1471 1059 1596 1083 sensu.
1620 1046 1803 1083 Indirecte
1824 1054 1952 1084 tamen
1972 1047 2031 1084 vis
2056 1048 2273 1085 caelestium
2296 1061 2502 1097 corporum

1434 1099 1620 1136 redundat
1639 1100 1687 1137 ad
1707 1099 1934 1137 intellectum
1951 1107 1987 1137 et
1999 1101 2247 1148 voluntatem,
2264 1101 2302 1138 in
2317 1109 2502 1150 quantum

1433 1153 1571 1190 scilicet
1591 1153 1798 1190 intellectus
1820 1161 1855 1190 et
1875 1154 2052 1190 voluntas
2071 1162 2228 1191 utuntur
2248 1155 2392 1192 viribus
2418 1167 2501 1192 sen-

1433 1206 1560 1243 sitivis.
1592 1206 1838 1243 Manifestum
1867 1214 1995 1243 autem
2017 1215 2072 1244 est
2093 1207 2197 1256 quod
2225 1208 2422 1257 passiones
2445 1208 2500 1244 vi-

1433 1260 1531 1296 rium
1560 1259 1825 1296 sensitivarum
1854 1271 1934 1296 non
1962 1260 2126 1297 inferunt
2153 1261 2415 1298 necessitatem
2444 1273 2501 1298 ra-

1431 1313 1523 1349 tioni
1559 1321 1595 1350 et
1621 1313 1816 1350 voluntati.
1856 1313 1959 1349 Nam
1989 1314 2185 1351 continens
2217 1315 2332 1351 habet
2362 1326 2502 1363 pravas

1432 1366 1767 1414 concupiscentias,
1788 1366 1855 1404 sed
1884 1378 1962 1403 non
1992 1366 2190 1404 deducitur
2202 1368 2232 1415 ³⁸,
2253 1375 2295 1404 ut
2308 1375 2411 1416 patet
2433 1379 2502 1416 per

1431 1419 1708 1467 Philosophum
1736 1419 1775 1455 in
1789 1420 1858 1456 VII
1878 1420 2098 1456 Ethicorum
2117 1421 2148 1458 *.
2171 1421 2233 1458 Sic
2251 1420 2362 1468 igitur
2383 1421 2426 1442 **
2456 1433 2501 1457 ex

1430 1472 1566 1508 virtute
1589 1471 1806 1508 caelestium
1822 1484 2028 1521 corporum
2042 1485 2121 1510 non
2141 1474 2318 1522 provenit
2340 1474 2501 1511 necessi-

1431 1532 1487 1561 tas
1506 1524 1543 1561 in
1562 1524 1620 1561 his
1640 1537 1738 1573 quae
1753 1537 1823 1573 per
1840 1526 1860 1546 *
1879 1525 2064 1562 rationem
2081 1533 2117 1562 et
2134 1527 2371 1564 voluntatem
2390 1528 2498 1564 fiunt.

1485 1578 1664 1615 Similiter
1681 1577 1806 1614 necin
1826 1577 1935 1614 aliis*
1950 1579 2211 1627 corporalibus
2231 1579 2429 1617 effectibus
2443 1592 2500 1617 re-

1431 1644 1518 1668 rum
1540 1630 1851 1680 corruptibilium,
1876 1631 1915 1668 in
1936 1631 2074 1680 quibus
2095 1633 2214 1669 multa
2236 1645 2306 1682 per
2326 1633 2500 1670 accidens

1432 1684 1622 1721 eveniunt.
1654 1684 1696 1721 Id
1725 1691 1853 1721 autem
1889 1684 1994 1733 quod
2033 1692 2088 1721 est
2114 1697 2184 1734 per
2211 1685 2387 1723 accidens
2421 1698 2500 1723 non

1428 1745 1554 1787 potest
1574 1738 1703 1775 reduci
1724 1745 1766 1774 ut
1789 1737 1827 1774 in
1849 1750 2004 1774 causam
2029 1750 2099 1786 per
2119 1750 2160 1775 se
2179 1738 2217 1775 in
2237 1739 2404 1788 aliquam
2423 1739 2498 1776 vir-

1429 1799 1549 1828 tutem
1569 1791 1796 1837 naturalem,
1826 1791 1915 1840 quia
1936 1791 2055 1828 virtus
2078 1799 2234 1829 naturae
2257 1805 2296 1829 se
2317 1793 2433 1829 habet
2451 1792 2499 1830 ad

1429 1857 1569 1891 unum;
1591 1844 1695 1893 quod
1711 1852 1839 1881 autem
1856 1853 1911 1881 est
1924 1856 1994 1893 per
2008 1844 2184 1882 accidens
2198 1857 2277 1882 non
2294 1853 2350 1882 est
2362 1857 2498 1892 unum;

1429 1898 1532 1935 unde
1562 1906 1598 1935 et
1616 1910 1731 1947 supra
1751 1897 1893 1934 dictum
1914 1905 1970 1935 est
1990 1899 2009 1917 ⁴⁵
2038 1898 2143 1947 quod
2165 1899 2262 1935 haec
2285 1899 2498 1936 enunciatio

1429 1964 1508 1989 non
1528 1959 1583 1988 est
1601 1963 1690 1998 una,
1711 1952 1883 1988 Socrates
1901 1957 1956 1987 est
1971 1951 2079 1988 albus
2097 1953 2276 1998 musicus,
2307 1952 2395 2001 quia
2420 1964 2499 1989 non

1430 2004 1614 2053 significat
1633 2017 1766 2041 unum.
1790 2005 1839 2041 Et
1857 2004 1944 2041 ideo
1965 2003 2220 2054 Philosophus
2239 2005 2327 2042 dicit
2349 2005 2387 2042 in
2402 2005 2497 2042 libro

1428 2060 1489 2096 De
1514 2070 1647 2095 somno
1682 2063 1718 2094 et
1749 2057 1881 2107 vigilia
1907 2059 1926 2077 ⁴³
1955 2058 2060 2106 quod
2088 2059 2222 2105 multa,
2258 2070 2423 2107 quorum
2452 2058 2499 2096 si-

1429 2124 1503 2160 gna
1535 2110 1791 2160 praeexistunt
1809 2110 1847 2147 in
1871 2110 2096 2159 corporibus
2130 2111 2378 2159 caelestibus,
2406 2118 2500 2161 puta

1429 2165 1468 2202 in
1494 2164 1681 2202 imbribus
1711 2171 1747 2201 et
1764 2163 2064 2213 tempestatibus,
2086 2176 2165 2201 non
2189 2164 2388 2212 eveniunt,
2410 2164 2500 2214 quia

1429 2218 1567 2255 scilicet
1586 2217 1845 2266 impediuntur
1861 2229 1932 2266 per
1950 2217 2137 2255 accidens.
2154 2218 2204 2255 Et
2218 2218 2394 2267 quamvis
2409 2217 2499 2256 illud

1430 2272 1543 2309 etiam
1573 2271 1891 2320 impedimentum
1917 2271 2129 2308 secundum
2152 2283 2192 2308 se
2219 2271 2500 2308 consideratum

1429 2325 1630 2362 reducatur
1662 2324 1700 2361 in
1734 2323 1899 2373 aliquam
1933 2336 2087 2361 causam
2122 2325 2341 2372 caelestem3
2370 2332 2500 2362 tamen

1429 2390 1637 2416 concursus
1655 2378 1807 2424 horum,
1826 2389 1914 2414 cum
1930 2377 1975 2414 sit
1988 2389 2058 2426 per
2072 2377 2259 2425 accidens,
2275 2390 2355 2415 non
2373 2385 2499 2427 potest

1428 2432 1557 2469 reduci
1578 2431 1616 2468 in
1646 2431 1811 2480 aliquam
1843 2443 1998 2467 causam
2022 2431 2238 2468 naturaliter
2265 2439 2451 2480 agentem.

1487 2486 1544 2523 ι5.
1576 2484 1653 2522 Sed
1680 2483 2000 2521 considerandum
2027 2491 2082 2521 est
2110 2483 2216 2533 quod
2245 2484 2283 2522 id
2313 2483 2418 2533 quod
2443 2491 2499 2522 est

1427 2550 1496 2587 per
1519 2537 1694 2575 accidens
1726 2544 1851 2586 potest
1879 2538 1926 2574 ab
1953 2537 2140 2574 intellectu
2162 2537 2281 2587 accipi
2301 2545 2343 2574 ut
2361 2549 2495 2585 unum,

1429 2591 1523 2628 sicut
1538 2592 1667 2628 album
1684 2603 1765 2627 esse
1787 2590 1989 2637 musicum,
2002 2591 2107 2639 quod
2126 2591 2146 2612 *
2166 2590 2342 2639 quamvis
2363 2602 2496 2627 secun-

1429 2644 1522 2681 dum
1551 2657 1591 2681 se
1614 2656 1693 2680 non
1712 2643 1758 2680 sit
1777 2655 1910 2690 unum,
1933 2651 2062 2680 tamen
2083 2643 2290 2680 intellectus
2311 2651 2352 2680 ut
2371 2655 2494 2680 unum

1429 2697 1582 2746 accipit,
1612 2697 1650 2733 in
1676 2703 1861 2745 quantum
1890 2696 2028 2733 scilicet
2057 2696 2327 2746 componendo
2357 2697 2496 2733 format

1429 2749 1734 2787 enunciationem
1755 2761 1885 2786 unam.
1917 2750 1966 2786 Et
1986 2750 2199 2787 secundum
2222 2750 2297 2786 hoc
2317 2749 2496 2799 contingit

1428 2803 1478 2850 id,
1495 2803 1599 2852 quod
1614 2802 1826 2840 secundum
1842 2815 1881 2839 se
1896 2815 1966 2851 per
1980 2803 2155 2840 accidens
2173 2803 2298 2840 evenit
2313 2810 2349 2839 et
2365 2815 2495 2840 casua-

1428 2857 1520 2903 liter,
1543 2855 1671 2893 reduci
1699 2856 1738 2892 in
1766 2855 1931 2904 aliquem
1960 2855 2190 2894 intellectum
2223 2855 2494 2905 praeordinan-

1427 2917 1524 2957 tem;
1544 2909 1640 2947 sicut
1655 2921 1862 2946 concursus
1877 2908 2043 2946 duorum
2058 2921 2259 2947 servorum
2279 2909 2327 2947 ad
2349 2917 2494 2947 certum

1427 2964 1556 3000 locum
1585 2970 1640 3000 est
1666 2975 1737 3012 per
1764 2962 1939 3000 accidens
1974 2970 2010 3000 et
2039 2963 2197 3000 casualis
2232 2970 2416 3012 quantum
2445 2962 2495 3000 ad

1429 3029 1506 3063 eos,
1524 3029 1611 3053 curn
1626 3028 1726 3053 unus
1743 3027 1877 3053 eorum
1893 3015 2039 3064 ignoret
2059 3017 2105 3054 de
2122 3017 2207 3063 ali03
2227 3023 2352 3066 potest
2365 3023 2495 3054 tamen

1429 3082 1510 3107 esse
1525 3082 1594 3119 per
1613 3082 1652 3106 se
1668 3069 1831 3106 intentus
1851 3082 1874 3106 a
1889 3069 2059 3117 domino,
2076 3070 2140 3120 qui
2160 3078 2364 3119 utrumque
2385 3068 2496 3106 mittit

1428 3123 1476 3161 ad
1503 3124 1579 3160 hoc
1607 3122 1712 3172 quod
1739 3122 1778 3159 in
1807 3130 1908 3160 certo
1938 3123 2022 3160 loco
2052 3123 2123 3161 sibi
2151 3130 2351 3160 occurrant
2368 3123 2399 3160 ⁸.

1488 3177 1544 3214 16.
1575 3177 1624 3213 Et
1648 3175 1859 3213 secundum
1887 3177 1962 3213 hoc
1990 3176 2104 3226 aliqui
2131 3183 2342 3226 posuerunt
2364 3173 2494 3212 omnia

1428 3309 1533 3342 quidem
1553 3314 1679 3342 quatenus
1703 3309 1831 3342 appetitus
1857 3309 1996 3334 sensitivus
2021 3313 2061 3334 est
2085 3308 2112 3334 in
2130 3309 2221 3340 brutis,
2242 3309 2288 3334 ted
2309 3313 2436 3342 quatenus
2453 3312 2494 3333 eet

1428 3344 1453 3369 in
1468 3344 1573 3370 homine
1592 3349 1619 3378 et·
1635 3350 1675 3370 est
1694 3345 1806 3378 potentia
1825 3344 1851 3369 in
1870 3345 1960 3370 eadem
1975 3344 2088 3370 essentia
2106 3343 2207 3369 animae
2225 3343 2356 3369 rationalis
2373 3343 2491 3374 radicata,

1428 3385 1453 3404 et
1466 3379 1524 3405 ideo
1538 3379 1643 3405 rationis
1658 3379 1827 3405 moderamini
1842 3379 1955 3405 subiecta
1970 3377 2021 3413 (Cf.
2035 3380 2074 3409 111,
2090 3379 2154 3404 Dist.
2168 3387 2227 3410 xvu,
2242 3386 2286 3412 qu.
2300 3386 2319 3410 t,
2333 3378 2401 3404 artic.
2416 3385 2434 3410 ι,
2447 3378 2492 3403 Ad

1426 3414 1569 3440 secundam
1584 3415 1763 3449 quaesn‘onem
1782 3415 1923 3441 dicendum
1938 3414 2006 3451 etz).
2019 3415 2083 3440 Dico
2098 3415 2235 3440 radicata.-
2246 3422 2305 3440 nam
2319 3412 2429 3447 proprie,
2443 3420 2490 3438 seu

1427 3450 1581 3482 formaliter,
1607 3450 1735 3484 appetitus
1755 3450 1887 3482 animalis,
1911 3450 1976 3475 sicut
1996 3455 2110 3476 caeterae
2130 3449 2260 3475 facultates
2280 3448 2432 3478 sensitivae,
2451 3454 2490 3474 est

1427 3485 1452 3510 in
1466 3493 1564 3518 organo
1579 3486 1691 3511 animato
1709 3491 1833 3519 tanquam
1847 3485 1873 3511 in
1887 3485 1993 3519 proprio
2011 3485 2127 3511 subiecto
2141 3484 2297 3510 immediato.
2310 3484 2344 3508 At
2361 3483 2490 3515 voluntas,

1426 3520 1530 3554 proprie
1545 3521 1618 3553 dicta,
1629 3529 1723 3554 nempe
1737 3521 1871 3554 appetitus
1887 3521 2034 3550 rationalis,
2045 3526 2084 3546 est
2094 3520 2200 3545 facultas
2210 3518 2380 3545 essentialiter
2388 3518 2490 3551 inorga-

1427 3556 1482 3581 nica
1492 3564 1656 3590 consequens
1667 3556 1900 3589 apprehensionem
1911 3555 2024 3587 rationis,
2035 3560 2067 3586 et,
2077 3555 2144 3581 sicut
2155 3554 2219 3580 ratio
2229 3554 2292 3586 ipen,
2300 3561 2314 3578 ι
2324 3554 2380 3578 sola
2390 3553 2490 3586 animae

1426 3591 1538 3616 essentia
1552 3591 1607 3616 fluit
1616 3596 1641 3616 et
1651 3591 1676 3616 in
1692 3592 1747 3616 sola
1766 3591 1877 3616 essentia
1891 3591 1992 3616 animae
2006 3595 2046 3615 est
2057 3589 2211 3620 immediate,
2221 3593 2250 3614 ut
2263 3589 2288 3613 in
2301 3596 2350 3613 suo
2364 3589 2489 3614 subiecto.

2538 415 2544 421 ·
2564 419 2589 433 ιιι
2610 418 2664 434 nam
2679 414 2748 435 intel-

2535 439 2635 460 lectusm
2642 445 2691 461 cum
2701 446 2748 462 non

1440 468 1475 497 et
1502 462 1677 498 voluntas
1704 475 1801 511 quae
1831 471 1886 500 est
1914 463 1952 500 in
1981 464 2124 501 ratione
2144 470 2179 511 π,
2210 477 2288 501 11011
2312 465 2384 502 sint
2403 473 2507 502 actus
2535 466 2568 486 ⁸¹⁷
2581 468 2656 487 ‘³⁶¹²'-

2535 528 2543 535 '
2554 527 2593 553 111,
2601 533 2685 554 capuv.
2693 533 2745 554 n.4;

2534 559 2665 580 cap.v‚n.1.-
2675 553 2746 575 Com-

2534 583 2604 601 ment.
2625 587 2644 601 s.
2659 580 2745 602 Thom.

2533 607 2584 627 lect.
2596 613 2634 628 vn.

2535 635 2541 642 ·
2558 639 2640 654 cz-i’.:
2658 633 2745 655 subda-

2533 661 2580 680 lur.

2532 893 2588 914 '111.
2597 899 2623 914 ca
2642 909 2647 914 .
2657 899 2690 919 ιιι,
2699 899 2722 914 n.
2731 899 2742 921 5

2630 923 2742 941 omment.

2531 926 2606 968 Ξῗῖὲιῐ.
2617 947 2668 968 leet.
2678 952 2709 968 n.

2529 1374 2740 1423 mra'mfsstf‘·

2525 1427 2740 1476 Igffifflssfi'

2528 1481 2580 1555 ¹:sz
2591 1487 2652 1555 {ient
2657 1508 2740 1535 igitur.

2528 1583 2537 1591 ·
2559 1588 2623 1603 annu:
2644 1588 2687 1604 nec
2707 1582 2742 1604 :¹¹-

2527 1608 2615 1630 militer
2623 1608 2702 1630 edam.
2711 1615 2741 1630 -ι

2528 1635 2676 1656 cohaerenter
2712 1636 2740 1657 ad

2528 1661 2633 1688 praeced.
2644 1661 2706 1683 stent
2720 1662 2740 1684 ι’-

2527 1687 2602 1714 gitar:
2616 1687 2657 1709 Sic
2669 1689 2741 1710 etiam

2527 1714 2552 1735 in
2564 1714 2632 1737 ame.

2526 1906 2536 1915 ·
2551 1905 2614 1927 Lect.
2625 1911 2647 1933 v,
2658 1911 2681 1927 n.
2693 1911 2718 1928 ιι.

2525 2066 2535 2075 ·
2550 2064 2587 2086 oe
2595 2064 2741 2087 amnone

2521 2097 2577 2145 ¹0³3.
2593 2092 2738 2140 dmm*

2522 2596 2535 2643 ἑ
2545 2596 2614 2645 &god
2623 2598 2738 2620 omittitur

2520 3131 2531 3141 ⁶
2549 3135 2618 3152 nm:
2634 3136 2732 3152 concur-

2520 3158 2577 3179 rant
2590 3159 2611 3182 (n
2631 3156 2731 3183 dubius).
