2788 4204
116 482 128 493 ⁸
138 480 210 512 Num.
217 476 255 502 io.

360 236 434 271 288

359 313 463 350 sibile
493 321 548 350 est
574 313 784 363 propositio
813 311 1043 348 immediata.
1074 311 1132 346 Ex
1158 316 1264 358 parte
1294 315 1422 344 autem

359 366 551 413 scientiae,
582 379 698 415 quam
728 372 867 411 causat,
891 376 1007 401 unum
1028 363 1108 399 eius
1129 370 1184 398 est
1202 362 1421 398 intellectus.

419 431 476 456 12.
506 419 654 456 Deinde
684 431 771 455 cum
802 418 908 455 dicit:
937 418 984 453 In
1017 414 1315 452 demonstrativis
1343 414 1422 462 qui-

360 473 443 510 dem
465 479 546 520 etc.,
564 472 788 521 epilogando
806 469 995 507 concludit
1009 468 1114 517 quod
1129 480 1244 517 supra
1259 469 1277 487 ⁴²·
1299 474 1423 504 osten-

360 727 415 752 cap.
431 718 483 750 V1);
502 717 661 750 proindeque
679 723 732 740 non
750 723 810 740 esse
828 723 915 748 neque
934 715 1019 740 Deum
1037 721 1124 746 neque
1142 713 1239 746 aliquid
1257 713 1304 738 Dei
1325 711 1424 746 (Deum

360 754 428 779 enim
448 761 506 778 esse
524 752 676 785 principium
693 751 814 784 formale
832 751 965 781 omniurn,
990 749 1038 775 dici
1058 750 1115 774 sine
1134 749 1246 773 maximo
1265 756 1352 773 errore
1371 756 1424 772 non

359 794 451 822 potest.
461 803 479 807 —
489 787 526 812 Cf.
541 788 569 812 P.
583 787 605 818 Ι,
625 794 670 819 qu.
684 794 725 816 111,
746 786 815 811 artic.
827 793 886 817 v111;
906 791 931 810 et
950 786 959 810 1
977 786 1078 810 Contra
1099 786 1186 813 Gent„
1201 792 1257 816 cap.
1271 784 1358 816 xxv1),
1378 784 1424 808 sed

360 832 418 849 esse
433 831 478 848 ens
493 822 669 855 participatum
685 829 699 846 a
713 822 769 846 Deo
788 821 848 854 quia
861 829 876 846 a
890 822 946 846 Deo
965 821 1094 851 effectum,
1110 827 1168 844 esse
1183 825 1297 844 creatum
1312 825 1337 844 et
1352 820 1424 843 nullo

359 860 438 884 modo
452 866 539 883 creans
560 857 614 890 (Cf.
625 858 653 882 P.
666 858 683 888 1,
699 865 743 890 qu.
755 865 812 887 ην,
827 857 897 881 artic.
909 864 938 887 v;
958 857 978 882 ΙΙ
995 857 1096 881 Contra
1112 857 1197 885 Gent„
1213 863 1268 887 cap.
1282 862 1332 886 xxi,
1347 863 1372 879 n.
1389 854 1424 887 3),

359 895 430 927 quod
445 894 494 918 sub
509 892 763 918 determinationibus
778 900 911 924 generum,
927 892 1072 925 specierum
1087 896 1112 915 et
1126 890 1316 915 individuorum
1332 890 1424 921 existit,

359 930 393 954 ita
408 934 436 954 ut
451 934 519 953 extra
533 928 682 953 huiusmodi
697 928 922 952 determinationes
942 928 1040 952 nullam
1054 927 1150 951 realem
1162 926 1321 950 existentiam
1334 925 1426 950 habeat

359 973 444 997 neque
462 964 556 989 habere
570 964 660 996 possit,
676 968 701 988 et
715 963 882 988 solummodo
896 963 989 988 habeat
1002 963 1110 987 idealem
1124 961 1283 986 existentiam
1298 961 1323 985 in
1338 966 1425 985 mente

359 1005 461 1025 nostra:
481 1001 533 1024 imo
552 999 634 1029 addit,
653 999 686 1023 ita
706 1006 720 1023 a
738 999 794 1023 Deo
814 1006 872 1023 esse
892 999 1032 1029 diversum,
1051 1003 1080 1022 ut
1098 1005 1184 1030 neque
1199 997 1308 1021 univoce
1328 996 1425 1021 dicatur

359 1037 391 1060 de
406 1036 470 1065 Deo,
484 1035 588 1067 quando
607 1034 728 1064 dicimus,
748 1034 822 1059 Deus
841 1037 880 1059 est
898 1041 952 1063 ens,
972 1034 1019 1059 sed
1036 1033 1202 1058 solummodo
1215 1040 1262 1065 per
1281 1032 1424 1064 analogiam

360 1071 409 1104 (Cf.
423 1071 451 1095 P.
466 1071 483 1101 1,
499 1078 542 1103 qu.
556 1069 649 1103 x111).-
659 1070 696 1094 Ex
713 1069 833 1102 opposito
847 1069 997 1094 Rosminius
1012 1069 1068 1094 vult
1086 1069 1150 1093 illud
1169 1068 1256 1100 ipsum
1270 1074 1326 1093 esse
1340 1067 1398 1099 (che
1411 1067 1426 1092 ὲ

358 1113 468 1132 comune
481 1113 498 1130 a
513 1108 581 1131 tutte
593 1106 617 1130 le
629 1104 714 1130 entita
730 1105 890 1137 concepibili‚
900 1119 919 1124 —
931 1105 1058 1138 Teosofia,
1072 1104 1130 1128 Vol.
1143 1104 1161 1135 1,
1179 1104 1221 1128 lib.
1233 1103 1252 1134 1,
1266 1103 1305 1128 Le
1318 1106 1424 1136 catego-

359 1142 407 1172 rie,
421 1149 475 1174 cap.
490 1149 507 1171 1,
522 1150 548 1166 n.
565 1141 609 1166 131
627 1154 645 1161 —
659 1145 684 1165 et
703 1141 760 1165 ideo
775 1146 815 1165 est
833 1141 900 1165 illud
918 1147 973 1166 esse
992 1140 1148 1169 universale,
1164 1146 1215 1172 quo
1234 1138 1364 1171 quaelibet
1383 1145 1425 1163 res

352 1177 509 1212 formaliter
527 1182 580 1207 est,
599 1181 628 1201 ut
642 1176 787 1201 audivimus
806 1183 821 1200 a
839 1174 1007 1209 s.Thoma),
1027 1175 1098 1208 quod
1117 1175 1174 1207 ipse
1188 1179 1263 1199 vocat
1276 1181 1362 1200 essere
1376 1173 1426 1198 ini-

358 1213 425 1246 qiale
445 1211 523 1246 (ib.),
542 1219 602 1237 esse
615 1212 725 1244 qualche
742 1218 804 1236 cosa
823 1211 966 1236 dell'unieo
980 1218 1065 1236 essere
1080 1210 1235 1239 necessario,
1248 1209 1306 1234 cioe
1324 1209 1353 1234 di
1371 1209 1425 1234 Dio

360 1247 423 1282 (Op.
438 1248 487 1278 cit.,
504 1248 546 1272 lib.
561 1248 595 1278 ΙΙ,
615 1255 667 1272 sez.
682 1255 709 1277 11,
725 1254 780 1279 cap.
795 1254 826 1277 11,
846 1246 916 1271 artic.
935 1254 975 1278 tv,
996 1246 1012 1278 ξ
1029 1254 1057 1276 2,
1077 1254 1102 1270 n.
1118 1244 1241 1278 294—96).
1261 1244 1425 1277 proindeque

358 1284 427 1309 istud
446 1291 506 1308 esse
524 1283 626 1308 initiale
645 1282 731 1315 (quod
751 1287 878 1314 quatenus
896 1282 932 1307 ha
951 1282 1137 1306 virtualmente
1151 1283 1220 1305 tutte
1237 1281 1262 1305 Ie
1280 1279 1365 1304 entita‘
1384 1280 1426 1304 nel

359 1327 407 1344 suo
425 1326 488 1344 seno
499 1335 505 1343 .
517 1336 524 1343 .
535 1336 559 1343 ..
579 1318 699 1351 acquista
718 1317 736 1342 il
755 1317 830 1342 titolo
849 1317 879 1342 di
891 1317 1099 1349 possibile-lib.
1111 1317 1129 1346 1,
1144 1317 1193 1340 loc.
1206 1315 1255 1346 cit„
1270 1323 1295 1339 n.
1313 1315 1369 1341 132.
1387 1315 1429 1348 2')

360 1360 400 1380 est
418 1361 499 1380 causa
517 1357 631 1384 creante,
649 1353 842 1379 determinante
860 1360 875 1378 e
886 1353 972 1385 finale
997 1352 1171 1384 dell'essenza
1196 1350 1268 1384 dein
1286 1351 1341 1375 enti
1363 1358 1424 1376 con-

360 1390 474 1423 tingenti
493 1389 553 1422 (lib.
566 1389 600 1420 ll,
621 1390 670 1414 loc.
685 1388 735 1418 cit„
750 1396 775 1412 n.
792 1388 850 1421 293,
863 1389 914 1422 2⁰);
929 1393 955 1412 et
970 1387 1090 1420 quamvis
1108 1387 1218 1411 l'essere
1232 1393 1283 1410 non
1296 1385 1311 1410 ὲ
1325 1393 1359 1410 un
1375 1386 1425 1410 ele-

360 1429 448 1450 mento
458 1425 660 1457 propriamente
674 1423 816 1448 intrinseco
831 1423 904 1456 degli
916 1423 971 1448 enti
984 1422 1156 1455 contingenti,
1169 1429 1212 1446 ma
1226 1421 1242 1446 ὲ
1254 1421 1425 1446 antecedente

359 1468 374 1486 e
393 1461 570 1494 raccogliente
588 1460 598 1484 i
616 1459 752 1484 medesimi
771 1459 829 1491 (ib.,
847 1460 890 1493 ι’),
906 1463 993 1483 tamen
1006 1458 1156 1489 contingens
1176 1464 1227 1481 non
1243 1456 1299 1489 pub
1318 1456 1426 1481 esistere

359 1497 429 1526 solo,
450 1504 494 1520 ma
518 1496 661 1528 congiunto
679 1494 892 1520 continuamente
906 1494 1038 1518 all’essere
1052 1493 1158 1525 iniziale
1170 1499 1184 1517 e
1197 1492 1320 1517 virtuale.
1340 1492 1372 1516 Et
1385 1491 1426 1525 gli

360 1532 415 1557 enti
429 1531 594 1565 contingenti
610 1538 675 1555 sono
694 1530 802 1555 termini
821 1529 973 1554 dell’essere
989 1528 1102 1561 iniriale,
1118 1535 1162 1552 ma
1181 1527 1289 1553 termini
1307 1534 1360 1552 non
1380 1534 1425 1552 ne-

359 1567 458 1592 cessari
476 1567 513 1591 ad
525 1573 590 1596 esso,
604 1566 651 1591 che
665 1565 768 1590 rimane
787 1565 899 1590 davanti
915 1565 971 1589 alla
990 1567 1077 1589 mente
1089 1571 1170 1597 senza
1189 1563 1218 1588 di
1232 1563 1284 1588 essi
1289 1570 1298 1592 ‚·
1317 1562 1426 1587 termini

354 1610 408 1635 per
425 1602 465 1627 είὸ
481 1602 528 1627 che
546 1601 591 1626 noi
604 1601 779 1626 chiamererno
793 1598 924 1632 impropri
937 1599 995 1632 (lib.
1010 1600 1039 1630 ll,
1054 1600 1104 1624 loc.
1119 1599 1168 1630 cit.‚
1183 1607 1209 1623 n.
1218 1598 1279 1632 293,
1292 1599 1339 1631 7⁶).
1354 1598 1424 1623 Haec

360 1638 445 1670 quoad
461 1643 577 1662 naturam
590 1636 666 1665 entis,
686 1636 756 1668 quod
774 1636 860 1669 primo
879 1635 945 1660 cadit
959 1635 984 1659 in
999 1634 1205 1667 apprehensione
1219 1634 1363 1658 intellectus
1378 1641 1424 1658 no-

360 1673 414 1703 stri,
430 1678 476 1703 est,
492 1678 520 1697 ut
535 1672 596 1697 mihi
615 1672 723 1702 videtur,
738 1671 821 1704 prima
839 1679 868 1696 ac
886 1671 1002 1696 radicalis
1023 1670 1157 1695 diversitas
1172 1675 1197 1694 et
1210 1669 1341 1702 oppositio
1360 1669 1426 1694 inter

359 1708 524 1733 Rosminium
543 1713 568 1732 et
587 1707 758 1732 s.Thomam.

413 1743 505 1774 Quoad
524 1743 650 1776 originem
664 1750 726 1767 vero
743 1747 883 1774 conceptus
896 1741 961 1766 entis
973 1742 1000 1766 in
1014 1741 1143 1766 intellectu
1158 1745 1255 1772 nostro,
1275 1748 1297 1765 s.
1307 1739 1424 1764 Thomas

360 1787 416 1804 eam
430 1779 522 1812 repetit
535 1787 550 1803 a
562 1786 650 1809 sensu,
666 1786 716 1810 ope
731 1777 907 1802 abstractionis
924 1777 1079 1802 intellectus.
1095 1786 1108 1800 ε
1121 1776 1299 1801 Praeexistunt
1311 1776 1337 1800 in
1349 1775 1424 1800 nobis

361 1824 375 1838 ι
391 1815 443 1846 (ad
456 1814 581 1840 scientiae
595 1813 793 1846 acquisitionem
813 1813 980 1845 necessaria)
995 1813 1122 1845 quaedam
1138 1812 1302 1836 scientiarum
1317 1811 1424 1844 semina,

362 1861 374 1873 ι
391 1851 487 1875 scilicet
509 1851 607 1883 primae
630 1849 811 1882 conceptiones
831 1849 988 1878 intellectus,
1012 1855 1079 1881 quae
1098 1847 1183 1872 statim
1209 1847 1307 1871 lumine
1325 1846 1425 1871 intelle-

362 1897 374 1908 »
389 1891 444 1911 ctus
464 1886 563 1918 agentis
583 1889 774 1918 cognoscuntur
793 1892 840 1917 per
858 1884 958 1917 species
977 1891 991 1908 a
1010 1883 1175 1908 sensibilibus
1195 1882 1350 1912 abstractas,
1370 1882 1426 1906 sive

362 1931 375 1945 »
391 1922 442 1946 sint
456 1922 596 1954 complexa,
611 1925 640 1945 ut
654 1920 789 1952 dignitates
805 1917 854 1954 (Cf.
866 1920 954 1950 lect.v,
968 1927 1012 1944 nn.
1023 1918 1047 1950 6,
1058 1918 1095 1952 7),
1110 1918 1165 1943 sive
1179 1918 1348 1950 incomplexa,
1359 1917 1425 1942 sicut

362 1968 374 1980 2
390 1958 453 1982 ratio
469 1957 533 1982 entis
553 1961 578 1981 et
596 1956 672 1981 unius
687 1960 712 1980 et
728 1955 885 1985 huiusmodi,
900 1962 967 1987 quae
981 1955 1068 1980 statim
1087 1954 1233 1979 intellectus
1246 1953 1423 1986 apprehendit.

362 2004 374 2015 ›
391 1993 427 2018 Ex
442 1993 497 2017 istis
511 1997 597 2017 autem
610 1991 740 2024 principiis
754 1990 943 2015 universalibus
957 1990 1044 2015 omnia
1058 1989 1181 2023 principia
1195 1994 1349 2021 sequuntur,
1360 1988 1426 2013 sicut

363 2039 374 2051 2
390 2036 420 2053 ex
435 2028 591 2061 quibusdam
604 2027 745 2051 rationibus
760 2026 928 2051 seminalibus
941 2036 953 2049 ›
971 2024 1034 2058 (Qq.
1045 2025 1135 2058 Dispp.
1147 2025 1188 2049 De
1201 2024 1321 2054 veritate,
1337 2032 1381 2057 qu.
1390 2031 1423 2055 ιι,

361 2065 403 2089 De
422 2064 565 2097 magistro,
585 2063 654 2087 artic.
669 2062 761 2087 1.-Cf.
777 2062 827 2092 Qu.
842 2062 883 2086 De
902 2061 1044 2086 virtutibus
1064 2061 1090 2086 in
1108 2060 1250 2089 communi,
1270 2060 1339 2085 artic.
1354 2060 1424 2092 νιιι).

361 2099 427 2130 Quia
446 2105 532 2124 autem
551 2099 577 2123 in
596 2098 741 2131 cognitione
755 2098 822 2122 entis
836 2102 862 2122 et
876 2097 1069 2130 principiorum,
1082 2104 1149 2129 quae
1163 2096 1189 2120 in
1204 2100 1263 2120 ente
1277 2095 1425 2126 fundantur,

359 2135 503 2160 intellectus
519 2142 570 2158 non
589 2133 638 2158 alio
657 2138 778 2158 extraneo
796 2133 882 2157 medio
901 2133 987 2163 utitur,
1002 2133 1048 2157 sed
1062 2131 1087 2156 vi
1102 2131 1141 2156 sui
1155 2131 1317 2163 coniungitur
1336 2131 1425 2155 huius-

359 2170 429 2195 modi
448 2170 563 2200 obiectis,
582 2169 645 2193 haec
664 2169 783 2193 dicuntur
802 2168 850 2193 sub
870 2167 918 2192 hoc
937 2173 1058 2201 respectu
1078 2167 1226 2192 naturaliter
1240 2166 1352 2199 cognita,
1372 2167 1425 2191 imo

360 2206 436 2231 etiam
455 2206 547 2235 innata,
567 2204 713 2229 naturaliter
728 2204 823 2229 inserta
836 2208 893 2234 etc.,
909 2211 961 2228 non
975 2203 1050 2236 quasi
1063 2203 1118 2236 ipsa
1131 2203 1216 2227 innata
1229 2200 1288 2232 sint,
1303 2202 1350 2227 sed
1365 2202 1425 2235 quia

360 2241 445 2266 subito
459 2246 484 2266 et
499 2240 554 2265 sine
568 2240 734 2273 inquisitione
749 2244 941 2271 cognoscuntur
955 2239 1022 2272 (Qq.
1033 2238 1124 2272 Dispp.
1140 2238 1182 2263 De
1191 2238 1311 2266 veritate,
1323 2245 1366 2270 qu.
1374 2245 1424 2266 xvi,

360 2277 429 2302 artic.
439 2284 456 2301 1.
466 2291 484 2295 -
494 2276 531 2300 Cf.
542 2276 642 2300 Ferrar.
653 2275 678 2300 in
694 2275 724 2300 lll
743 2275 843 2300 Contra
859 2276 945 2304 Gent„
961 2282 1016 2307 cap.
1030 2281 1097 2305 xcvi,
1112 2282 1137 2298 n.
1155 2273 1193 2306 3).
1210 2283 1222 2296 «
1237 2273 1423 2298 Intellectus...

362 2322 375 2335 2
390 2320 450 2337 cum
469 2312 502 2336 sit
519 2319 570 2336 una
589 2311 640 2341 vis,
661 2316 701 2335 est
719 2311 775 2335 eius
793 2318 876 2335 unum
895 2310 1010 2335 naturale
1029 2310 1172 2340 obiectum,
1193 2309 1267 2334 cuius
1285 2317 1333 2342 per
1352 2316 1382 2334 se
1400 2314 1431 2334 er

363 2357 375 2370 ›
391 2347 539 2372 naturaliter
558 2346 731 2379 cognitionem
750 2345 835 2371 habet.
855 2346 911 2370 Hoc
930 2352 1015 2370 autem
1038 2350 1141 2378 oportet
1160 2352 1220 2369 esse
1238 2345 1274 2375 id,
1302 2344 1351 2369 sub
1371 2352 1424 2377 quo

363 2393 375 2406 ι
390 2382 643 2416 comprehenduntur
661 2381 748 2406 omnia
766 2381 798 2405 ab
814 2381 945 2406 intellectu
964 2381 1066 2413 cognita
1085 2381 1163 2413 (sicut
1181 2380 1230 2405 sub
1250 2380 1337 2405 colore
1353 2387 1424 2404 com-

363 2427 376 2441 »
393 2418 587 2451 prehenduntur
601 2425 693 2441 omnes
714 2417 830 2447 colores,
849 2417 892 2449 qui
908 2421 969 2441 sunt
981 2424 1027 2449 per
1041 2424 1070 2441 se
1083 2415 1218 2448 visibiles),
1232 2417 1303 2448 quod
1317 2423 1370 2440 non
1385 2420 1425 2440 est

363 2462 377 2477 »
392 2454 459 2478 aliud
479 2461 557 2485 quam
577 2460 624 2477 ens
643 2452 799 2477 naturaliter.
818 2452 896 2484 Igitur
915 2452 1058 2476 intellectus
1079 2456 1167 2476 noster
1179 2451 1312 2483 cognoscit
1329 2458 1385 2481 ens,
1400 2456 1426 2476 et

363 2499 376 2512 ι
392 2497 422 2514 ea
441 2496 508 2521 quae
527 2493 587 2513 sunt
605 2495 651 2521 per
670 2496 699 2512 se
718 2488 783 2512 entis
807 2487 959 2520 inquantum
979 2487 1140 2512 huiusmodi:
1164 2487 1189 2511 in
1209 2494 1260 2519 qua
1279 2486 1425 2519 cognitione

363 2535 376 2548 ›
392 2524 513 2549 fundatur
527 2524 670 2557 primorum
685 2522 870 2555 principiorum
889 2523 988 2553 notitia:
1008 2527 1044 2553 ut,
1057 2530 1108 2547 non
1127 2530 1186 2547 esse
1200 2522 1277 2546 simul
1297 2520 1424 2546 affirmare

364 2570 376 2583 »
391 2565 416 2584 et
435 2567 541 2592 negare,
561 2564 586 2584 et
600 2558 647 2583 alia
661 2558 817 2583 huiusmodi.
837 2559 907 2582 Haec
922 2558 998 2590 igitur
1012 2558 1068 2582 sola
1082 2557 1203 2590 principia
1218 2557 1362 2582 intellectus
1378 2565 1424 2582 no-

363 2606 376 2618 »
392 2600 444 2620 ster
462 2595 608 2620 naturaliter
627 2594 770 2626 cognoscit;
795 2593 974 2618 conclusiones
994 2598 1079 2618 autem
1098 2601 1145 2625 per
1163 2594 1243 2625 ipsa»
1265 2590 1302 2626 (11
1323 2593 1425 2618 Contra

364 2632 455 2660 Gent.‚
478 2638 532 2662 cap.
547 2637 653 2660 Lxxxm,
672 2629 719 2654 Ed.
734 2629 764 2654 P.
782 2629 825 2654 fol.
842 2628 905 2658 205,
924 2629 972 2654 col.
985 2635 1013 2660 4.
1027 2642 1047 2647 —
1062 2628 1101 2653 Cf.
1114 2628 1142 2653 P.
1157 2628 1179 2659 1,
1194 2636 1238 2661 qu.
1253 2635 1294 2658 ιν,
1309 2629 1378 2653 artic.
1392 2635 1423 2660 11;

362 2666 419 2697 I—ll,
430 2674 474 2698 qu.
484 2673 517 2695 m,
528 2665 598 2690 artic.
611 2672 632 2695 ι;
647 2664 667 2689 ΙΙ
682 2665 744 2689 Dist.
759 2672 824 2695 mv,
838 2671 882 2696 qu.
895 2671 922 2694 ιι,
937 2664 1006 2689 artic.
1020 2671 1061 2694 1¹13
1078 2663 1128 2696 Qq.
1144 2663 1234 2696 Dispp.
1249 2663 1290 2688 De
1303 2663 1424 2692 veritate,

362 2709 407 2735 qq.
421 2709 475 2732 νιιι,
490 2701 558 2726 artic.
573 2707 617 2730 xv;
636 2707 675 2730 xi,
694 2700 764 2725 artic.
776 2707 799 2730 1,
819 2699 850 2724 ad
873 2706 918 2730 125
937 2706 1002 2730 xxtv,
1018 2699 1087 2724 artic.
1100 2707 1118 2730 1,
1133 2699 1164 2723 ad
1185 2706 1231 2730 20;
1251 2698 1313 2723 item
1332 2698 1383 2728 Qu.
1400 2703 1426 2723 et

362 2737 431 2762 artic.
447 2737 487 2761 cit.
508 2736 549 2761 De
563 2735 704 2761 virtutibus
719 2735 744 2760 in
760 2734 912 2766 communi).
932 2734 979 2759 His
994 2734 1114 2768 opposita
1128 2739 1167 2759 est
1182 2733 1306 2759 sententia
1321 2734 1425 2758 Rosmi-

361 2772 404 2798 nii.
425 2772 489 2797 Esse
506 2771 590 2802 enim,
610 2771 682 2795 cuius
702 2778 781 2803 supra
799 2769 960 2795 definivimus
979 2775 1111 2800 naturam,
1130 2777 1182 2794 non
1202 2769 1337 2802 accipitur,
1357 2769 1425 2794 iuxta

361 2808 458 2841 ipsum,
476 2815 522 2840 per
536 2806 734 2831 abstractionem
749 2813 764 2831 a
777 2805 951 2836 sensibilibus,
966 2805 1012 2830 sed
1025 2805 1105 2830 menti
1124 2810 1228 2830 nostrae
1240 2804 1332 2836 iugiter
1344 2805 1424 2834 adest,

362 2848 387 2868 et
400 2843 431 2867 ab
446 2850 478 2867 eo
494 2850 569 2867 mens
583 2847 671 2866 nostra
689 2841 827 2866 formatur:
847 2841 957 2866 l'essere
970 2840 986 2866 ὲ
994 2844 1118 2873 presente
1131 2839 1352 2873 all'intelligenza
1367 2847 1425 2865 e...

361 2879 430 2904 colla
448 2878 505 2903 sola
518 2884 650 2910 presenza
668 2877 695 2902 la
706 2877 800 2911 forma
820 2876 954 2910 (Teosofi,
975 2876 1017 2901 lib.
1037 2876 1071 2906 11,
1092 2883 1145 2901 sez.
1159 2883 1180 2905 1,
1201 2883 1257 2908 cap.
1275 2883 1316 2906 111,
1336 2880 1383 2900 art.
1396 2883 1424 2906 ιι,

361 2922 387 2939 ιι.
399 2913 470 2948 213).
485 2914 628 2943 Formatur,
643 2913 757 2945 inquam,
776 2917 854 2944 atque
869 2912 1039 2942 constituitur,
1058 2920 1110 2936 non
1131 2911 1237 2944 quidem
1251 2910 1426 2943 metaphorice

362 2955 387 2974 et
405 2949 430 2974 in
448 2949 538 2974 ordine
557 2948 716 2982 cognitionis,
735 2948 782 2972 sed
800 2955 861 2972 vere
881 2952 906 2972 et
924 2947 950 2972 in
968 2948 1058 2972 ordine
1078 2947 1193 2980 physico.
1214 2946 1281 2971 Nam
1300 2947 1425 2971 sententia

361 2985 487 3009 Rosminii
506 2989 546 3009 est
565 2984 635 3017 quod
655 2983 850 3017 l'intelligenza
863 2983 878 3007 'e
891 2990 926 3007 un
945 2985 1003 3008 atto
1016 2983 1064 3008 che
1082 2989 1145 3012 esce,
1159 2982 1423 3015 quant'all'origine,

361 3020 524 3045 dall’anima
541 3019 668 3044 sensitiva
688 3018 856 3052 (Psicologia,
870 3018 899 3043 P.
909 3018 927 3049 1,
942 3018 986 3043 lib.
1001 3018 1043 3048 lV,
1063 3025 1117 3050 cap.
1138 3025 1206 3048 xxm,
1221 3026 1246 3042 n.
1262 3016 1340 3050 657):
1357 3025 1425 3050 quae

361 3061 402 3080 est
420 3063 434 3080 a
453 3060 599 3088 generante,
613 3063 665 3079 non
684 3062 760 3079 secus
779 3062 809 3078 ac
827 3054 911 3078 anima
930 3054 1039 3078 aliorum
1055 3053 1236 3083 animantium;
1252 3053 1298 3077 sed
1317 3060 1385 3085 quae
1399 3053 1424 3077 in

360 3090 465 3116 homine
484 3090 511 3115 fit
525 3091 679 3115 intellectiva
696 3094 823 3123 quatenus
838 3089 884 3121 ipsi
901 3090 988 3114 unitur
999 3096 1070 3114 esse:
1090 3098 1102 3111 ‹
1114 3089 1149 3122 gli
1162 3089 1176 3113 ὲ
1190 3093 1275 3114 creata
1293 3088 1338 3119 (Ia
1353 3087 1423 3113 virt&

363 3136 376 3149 ι
392 3126 427 3151 da
441 3126 539 3151 intuire
553 3126 678 3157 I'essere)
692 3125 845 3150 dall·essere
859 3130 945 3149 stesso
959 3125 998 3149 col
1013 3124 1193 3158 congiungersi
1206 3132 1221 3149 a
1234 3124 1284 3155 lui;
1298 3123 1424 3156 perocche

364 3171 376 3185 ›
392 3162 504 3186 essendo
523 3162 538 3186 l'
547 3169 634 3186 essere
649 3160 806 3193 intelligibile
819 3167 865 3192 per
878 3167 993 3190 essenza,
1009 3160 1057 3193 egli
1073 3168 1124 3184 non
1143 3160 1195 3192 pub
1215 3159 1394 3192 congiungersi
1410 3166 1425 3184 a

364 3207 376 3220 ι
392 3197 454 3222 niun
467 3201 585 3229 soggetto
600 3197 760 3221 senz'essere
774 3197 864 3226 imese,
875 3195 978 3228 giacche
992 3196 1016 3220 la
1030 3203 1077 3220 sua
1091 3195 1277 3227 congiunzione
1290 3195 1304 3219 ὲ
1318 3199 1423 3228 questa:

363 3242 376 3255 ι
392 3240 480 3257 essere
499 3233 589 3257 inteso.
613 3232 654 3257 Ha
679 3232 784 3264 dunque
803 3231 819 3256 l'
827 3238 914 3256 essere
936 3236 1028 3263 questa
1046 3231 1113 3256 virtu
1133 3230 1158 3256 di
1177 3238 1264 3256 creare
1282 3230 1306 3255 le
1331 3230 1424 3255 intelli-

363 3278 375 3290 »
390 3275 480 3301 genze.
499 3268 520 3292 E
533 3267 580 3292 che
598 3268 714 3300 ripugna,
728 3267 775 3292 che
794 3275 829 3291 un
847 3267 969 3299 principio
989 3266 1130 3298 sentiente,
1149 3274 1223 3291 come
1242 3265 1349 3291 direbbe
1366 3266 1423 3291 Ari-

363 3312 376 3326 »
393 3304 499 3334 stotele,
518 3303 555 3328 sia
574 3303 599 3327 in
619 3308 728 3335 potenza
750 3301 923 3334 intelligente?
943 3302 1012 3332 cioe,
1031 3301 1078 3327 che
1097 3302 1205 3335 ripugna
1224 3301 1263 3326 ch'
1272 3301 1322 3334 egli
1340 3309 1424 3335 venga

363 3347 376 3362 ι
392 3339 492 3363 elevato
506 3346 521 3363 a
533 3338 683 3363 conditione
702 3336 875 3370 intelligente?
888 3347 900 3360 »
923 3334 930 3371 (
942 3337 992 3370 Op.
1007 3342 1033 3362 et
1051 3338 1100 3362 loc.
1114 3338 1156 3362 cit.
1169 3346 1195 3362 n.
1208 3335 1281 3371 656).
1294 3336 1348 3361 Nisi
1361 3345 1424 3370 ergo

361 3381 416 3399 esse
429 3375 544 3399 uniretur
562 3374 662 3399 animae
675 3378 778 3398 nostrae
798 3373 882 3406 (quae
899 3373 961 3397 unio
980 3381 1032 3398 non
1051 3373 1195 3398 essentialis
1210 3377 1257 3403 est,
1273 3372 1319 3397 sed
1336 3372 1367 3397 ab
1381 3380 1423 3397 ex-

360 3410 479 3439 trinseco,
500 3409 550 3434 hoc
569 3414 608 3434 est
627 3417 641 3434 a
660 3408 787 3441 primitiva
806 3409 882 3442 Iegge
899 3408 1018 3433 stabilita
1037 3408 1073 3433 da
1092 3409 1145 3433 Dio
1165 3408 1208 3433 nel
1226 3410 1358 3434 momento
1376 3407 1423 3433 che

362 3444 439 3469 Iddio
458 3443 559 3476 inspiro
579 3445 604 3469 in
620 3444 723 3469 Adamo
738 3445 763 3469 Io
777 3444 909 3476 spiraculo
923 3444 993 3469 della
1007 3444 1090 3468 vita.—
1099 3444 1132 3469 ib.
1147 3452 1172 3468 n.
1183 3442 1255 3476 658),
1270 3444 1355 3468 anima
1367 3443 1424 3476 ipsa

361 3485 431 3504 esset
449 3480 584 3504 sensitiva:
603 3479 656 3504 imo
674 3480 731 3504 talis
750 3484 790 3504 est
809 3479 1026 3509 substantialiter,
1052 3484 1077 3504 et
1096 3479 1234 3504 sensitivus
1253 3479 1423 3504 essentialiter

362 3519 401 3539 est
420 3514 559 3539 subiective
578 3520 649 3539 actus
669 3515 832 3547 cognitionis,
852 3515 896 3547 qui
915 3514 1018 3539 nonnisi
1036 3514 1175 3545 obiective,
1194 3514 1245 3539 hoc
1263 3519 1303 3539 est
1325 3514 1423 3539 ratione

362 3555 417 3574 esse
431 3549 609 3582 intelligibilis,
629 3550 661 3574 ad
681 3550 751 3582 quod
769 3551 927 3580 terminatur,
941 3550 988 3574 dici
1009 3549 1187 3575 intellectualis
1206 3549 1282 3574 debet
1301 3549 1421 3582 (ib.—Cf.

360 3585 564 3618 Antropologia,
578 3585 621 3610 lib.
632 3585 671 3615 Ill,
682 3593 735 3610 εει.
745 3593 763 3616 ι,
773 3593 828 3618 cap.
838 3593 880 3615 xv.,
891 3590 938 3610 art.
952 3593 961 3610 ι
974 3590 999 3610 et
1010 3585 1049 3618 ιι).

943 231 1328 270 POSTERIORUM
1356 230 1787 267 ANALYTICORUM
1814 231 1909 268 LIB.
1941 232 1956 267 l
1995 232 2002 261 l

1477 320 1564 344 sum
1594 316 1659 356 est,
1686 308 1825 346 scilicet
1853 309 1958 358 quod
1986 310 2025 347 in
2054 311 2291 350 affirmativis
2319 313 2547 362 syllogismis

1477 361 1650 398 medium
1678 374 1756 398 non
1786 362 1885 399 cadit
1904 363 1924 384 *
1954 371 2057 401 extra
2086 371 2265 402 extrema.

1537 415 1594 451 13.
1624 414 1773 451 Deinde
1794 427 1882 452 cum
1903 416 2008 453 dicit:
2038 418 2085 454 In
2107 418 2308 466 privativis
2330 425 2456 456 autem
2485 420 2550 456 ubi

1477 467 1626 515 quidem
1657 475 1739 515 etc.,
1770 469 1936 506 ostendit
1963 471 2164 519 quomodo
2187 471 2375 509 utendum
2396 472 2442 509 sit
2460 484 2548 521 pro-

1532 714 1598 739 Esse
1616 720 1711 745 autem,
1731 716 1803 748 quod
1821 721 1862 740 est
1875 715 2006 741 obiectum
2025 716 2100 749 primi
2119 716 2234 747 intuitus,
2254 725 2307 742 non
2322 718 2485 750 cognoscitur
2499 717 2548 742 sub

1479 749 1564 781 aliqua
1589 750 1811 782 denominatione,
1836 759 1932 784 nempe
1956 752 2031 784 quasi
2058 759 2118 776 esse
2143 752 2259 782 initiale,
2289 753 2418 782 virtuale,
2443 753 2550 778 abstra-

1478 787 1549 809 ctum
1562 790 1620 815 etc.,
1635 786 1681 810 sed
1696 791 1725 811 ut
1738 786 1940 811 innominatum:
1961 787 1998 812 Di
2011 787 2058 812 che
2067 788 2184 819 procede
2200 788 2247 812 che
2266 788 2285 812 il
2298 789 2354 813 solo
2373 789 2479 818 intuito,
2495 796 2547 814 non

1472 820 1590 854 sacendo
1608 822 1680 846 altro
1698 822 1745 847 che
1764 822 1870 851 intuire,
1885 829 1938 847 non
1950 829 2034 854 possa
2052 829 2169 854 neppure
2186 823 2252 847 dare
2266 831 2301 848 un
2317 830 2394 848 nome
2410 824 2456 848 all'
2463 831 2550 849 essere

1477 855 1524 880 che
1544 855 1670 882 intuisce:
1688 857 1757 882 onde
1775 858 1802 882 la
1820 859 1904 882 stessa
1922 857 2142 890 denominazione
2162 858 2227 882 data
2243 865 2261 882 a
2275 866 2309 883 un
2325 859 2378 883 tale
2391 862 2501 892 oggetto
2520 859 2550 884 di

1478 898 1571 920 essere,
1591 892 1606 917 ὲ
1624 892 1642 916 l'
1649 899 1731 924 opera
1746 893 1815 917 della
1830 892 1983 927 riflessione,
1997 893 2044 917 che
2057 900 2075 917 a
2084 900 2133 918 suo
2146 896 2234 925 tempo
2247 893 2357 919 succede
2370 894 2399 918 a!
2412 894 2548 919 taciturno

1479 926 1575 952 intuito
1595 925 1719 962 (Teosos.
1734 928 1783 952 loc.
1798 927 1847 958 cit.,
1867 936 1893 952 n.
1905 935 1964 960 ²¹7⁷
1988 929 2031 961 ι’).
2041 941 2060 947 —-
2070 928 2128 961 Ope
2146 928 2291 953 reflexionis
2311 929 2504 962 distinguuntur
2522 929 2549 954 in

1479 969 1538 986 esse
1556 962 1644 987 initiali
1658 968 1711 988 tres
1729 962 1842 988 formae:
1855 963 2007 992 subiectiva,
2023 963 2090 988 idest
2101 970 2157 989 esse
2169 964 2362 989 consideratum
2374 969 2404 989 ut
2417 965 2550 990 existentia

1478 998 1504 1022 in
1523 1004 1566 1028 se;
1581 998 1717 1028 obiectiva,
1731 998 1798 1024 idest
1816 1006 1875 1023 esse
1894 999 2085 1024 consideratum
2103 1004 2133 1023 ut
2145 999 2258 1024 essentia
2264 1007 2274 1030 ‚·
2297 1000 2409 1033 denique
2428 1000 2547 1030 moralis,

1479 1040 1547 1065 quae
1566 1038 1606 1058 est
1625 1034 1764 1064 identitas,
1787 1042 1834 1059 seu
1858 1034 2004 1059 coniunctio
2022 1034 2123 1059 formae
2140 1035 2282 1059 obiectivae
2300 1040 2326 1060 et
2343 1035 2444 1060 formae
2462 1035 2549 1060 subie-

1479 1068 1560 1094 ctivae
1575 1068 1755 1094 nell'identitci
1771 1070 1920 1095 dell'essere
1934 1069 1996 1102 (Op.
2007 1069 2058 1100 cit„
2067 1070 2111 1095 lib.
2122 1070 2140 1101 1,
2156 1078 2210 1103 cap.
2221 1077 2254 1101 xx,
2272 1079 2298 1096 n.
2313 1070 2387 1103 148):
2408 1080 2420 1093 ε
2429 1070 2484 1096 Ora
2497 1071 2548 1103 egli

1481 1114 1493 1127 2
1510 1103 1525 1128 ὲ
1544 1109 1613 1130 certo
1633 1105 1680 1130 che
1700 1105 1715 1130 l'
1723 1112 1812 1130 essere
1830 1104 1931 1130 iniziale
1950 1105 1972 1130 si
1991 1105 2144 1138 concepisce
2167 1106 2235 1130 dalla
2253 1111 2340 1131 mente
2359 1114 2455 1131 umana
2473 1113 2549 1131 corne

1481 1150 1494 1162 »
1511 1141 1638 1165 anteriore
1657 1141 1706 1166 alle
1725 1141 1823 1171 forme,
1842 1148 1857 1165 e
1876 1141 1933 1165 loro
1952 1148 2063 1165 comune
2085 1141 2257 1166 iniziamento.
2281 1141 2323 1170 Ma
2342 1141 2396 1166 cosi
2415 1141 2549 1174 apparisce

1481 1184 1494 1198 a
1511 1182 1586 1200 come
1609 1183 1716 1210 essenza
1734 1176 1828 1201 veduta
1852 1176 1912 1200 nell'
1920 1176 1988 1205 idea,
2009 1183 2061 1200 non
2081 1183 2155 1201 come
2174 1177 2239 1201 idea.
2262 1176 2357 1201 Poiche
2382 1177 2443 1201 nell’
2451 1184 2549 1208 essere,

1481 1221 1494 1233 ι
1509 1218 1584 1236 come
1603 1212 1628 1236 in
1646 1212 1707 1245 ogni
1726 1212 1791 1236 altro
1809 1216 1915 1244 oggetto
1934 1211 2001 1236 della
2015 1217 2111 1243 mente,
2126 1211 2148 1236 si
2163 1211 2290 1245 distingue
2304 1212 2438 1237 l'essenza
2453 1213 2549 1238 vedum

1481 1256 1494 1268 »
1511 1246 1551 1271 dal
1567 1248 1638 1272 lume
1650 1247 1764 1272 inerente
1778 1247 1818 1271 all'
1827 1254 1944 1278 essenza,
1960 1247 2002 1279 pel
2021 1247 2082 1280 qual
2097 1247 2169 1272 lurne
2181 1255 2241 1272 essa
2253 1247 2268 1272 ὲ
2281 1247 2394 1272 visibile:
2408 1247 2435 1272 in
2450 1252 2548 1281 quanto

1481 1291 1494 1304 ›
1510 1281 1524 1306 ὲ
1538 1283 1608 1307 lume
1623 1283 1700 1307 dicesi
1716 1282 1776 1307 idea
1782 1290 1791 1312 ,·
1810 1283 1835 1307 in
1854 1287 1953 1315 quanto
1966 1282 1981 1307 ὲ
1995 1282 2034 1307 cio
2049 1282 2097 1307 che
2110 1282 2132 1307 si
2146 1283 2226 1314 vede,
2246 1283 2324 1307 dicesi
2339 1290 2492 1316 essenza...
2506 1283 2548 1307 M·

1481 1327 1494 1339 »
1510 1316 1536 1342 in
1550 1323 1647 1350 quanto
1662 1323 1754 1351 questa
1769 1325 1876 1343 essenza
1891 1318 1905 1342 ὲ
1919 1317 2049 1343 luminosa
2061 1318 2111 1343 alla
2123 1323 2218 1349 mente,
2229 1317 2327 1342 intanto
2340 1317 2470 1351 partecipa
2480 1318 2549 1343 della

1482 1362 1494 1374 »
1510 1353 1594 1378 forma
1612 1353 1733 1378 obiettiva
1745 1361 1760 1378 e
1774 1353 1931 1385 intelligibile
1945 1353 2004 1378 dell*
2016 1361 2113 1378 essere.
2123 1353 2182 1378 Ora
2195 1353 2288 1386 poiche
2302 1353 2318 1378 l'
2327 1361 2416 1378 essere
2430 1353 2548 1379 assoluto

1481 1398 1494 1410 »
1510 1388 1578 1413 nella
1597 1396 1644 1413 sua
1662 1389 1745 1414 forma
1763 1389 1884 1413 obiettiva
1904 1389 1981 1413 dicesi
2001 1389 2083 1414 Verbo
2102 1389 2197 1419 divino,
2211 1389 2298 1422 percio
2318 1389 2334 1414 l'
2342 1396 2430 1414 essere
2448 1388 2548 1414 initiale

1481 1432 1494 1446 ιι
1510 1424 1672 1449 considerato
1690 1425 1758 1449 nella
1777 1431 1824 1449 sua
1842 1423 1983 1449 obiettivita
2002 1424 2016 1449 ὲ
2039 1424 2149 1457 qualche
2167 1432 2229 1449 cosa
2248 1424 2412 1449 dell’Essere
2431 1424 2549 1451 assoluto

1480 1467 1494 1482 ι»
1510 1459 1579 1484 nella
1597 1459 1681 1484 forma
1699 1459 1834 1490 obiettiva,
1854 1459 1925 1484 ossia
1944 1460 1985 1484 del
2010 1459 2092 1485 Verbo
2115 1459 2202 1484 divino
2218 1470 2230 1483 »
2254 1458 2319 1493 (ib.‚
2339 1459 2382 1484 lib.
2397 1460 2432 1491 11,
2452 1467 2505 1485 sez.
2519 1467 2548 1491 u,

1479 1499 1534 1527 cap.
1549 1501 1576 1525 ιι,
1590 1494 1661 1520 artic.
1673 1502 1713 1526 tv,
1732 1494 1748 1527 ξ
1764 1502 1788 1526 2,
1802 1503 1827 1520 n.
1844 1493 1915 1529 297).
1936 1495 2001 1520 Esse
2019 1494 2097 1527 igitur
2115 1500 2156 1520 est
2174 1495 2253 1520 simul
2270 1495 2402 1520 obiectum
2421 1499 2447 1520 et
2460 1494 2548 1520 subie-

1479 1534 1558 1560 ctum,
1578 1530 1690 1555 essentia
1709 1535 1735 1554 et
1753 1530 1810 1555 idea
1828 1538 1876 1555 seu
1895 1531 1984 1555 lumen
2002 1530 2108 1555 rationis
2127 1530 2264 1555 humanae.

1532 1565 1571 1590 De
1590 1570 1681 1590 natura
1700 1565 1765 1590 entis
1779 1565 1930 1590 rosminiani
1943 1565 2006 1590 nihil
2019 1565 2259 1598 impraesentiarum
2273 1570 2314 1590 est
2327 1565 2474 1597 dicendum,
2487 1565 2549 1599 quia

1479 1600 1511 1625 ad
1530 1600 1734 1634 metaphysicam
1752 1600 1863 1633 pertinet
1880 1605 2002 1627 tractatus
2027 1601 2060 1626 de
2077 1605 2149 1632 ente;
2169 1601 2201 1626 de
2219 1601 2312 1626 intuitu
2327 1606 2414 1626 autem
2430 1601 2548 1626 eiusdem

1478 1636 1544 1661 entis
1564 1636 1678 1669 ingenito
1697 1635 1798 1661 animae
1816 1641 1921 1661 nostrae
1940 1644 1971 1661 ea
1985 1636 2072 1661 solum
2090 1636 2279 1668 expendemus,
2293 1643 2362 1669 quae
2375 1643 2407 1661 ex
2419 1637 2549 1669 praesenti

1477 1677 1548 1696 textu
1567 1671 1711 1697 Aristotelis
1731 1671 1853 1704 colligere
1877 1679 1925 1704 pro
1949 1679 1998 1696 suo
2023 1676 2166 1704 systemate
2189 1671 2276 1696 nititur
2294 1671 2461 1702 Rosminium
2486 1679 2548 1697 nam

1479 1707 1597 1740 quaestio
1612 1707 1695 1739 magis
1708 1714 1788 1740 quam
1803 1707 1834 1731 ad
1847 1707 1966 1740 logicam,
1976 1707 2086 1740 pertinet
2099 1707 2131 1732 ad
2144 1707 2310 1740 ideologiam.
2321 1707 2381 1732 Duo
2395 1714 2460 1739 ergo
2468 1714 2548 1740 quae—

1478 1743 1574 1768 rimus:
1598 1744 1621 1767 1·
1640 1742 1733 1768 Utrum
1752 1742 1821 1767 iuxta
1839 1743 2006 1774 Aristotelem
2029 1742 2175 1768 intellectus
2199 1742 2233 1767 sit
2251 1742 2478 1773 mens-obiectiva,
2497 1742 2548 1768 hoc

1479 1783 1519 1803 est
1537 1778 1643 1803 facultas
1662 1778 1799 1803 constituta
1815 1783 1843 1803 ut
1861 1778 1975 1811 potentia
1994 1778 2151 1810 intelligendi
2170 1786 2185 1803 a
2203 1777 2354 1811 primigenia
2367 1777 2550 1804 informatione

1479 1814 1553 1845 entis,
1572 1814 1614 1839 vel
1629 1813 1715 1847 potius
1734 1813 1842 1838 facultas
1857 1814 1986 1838 exclusive
2000 1813 2155 1844 subiectiva;
2171 1815 2198 1838 2·
2211 1813 2304 1839 Utrum
2323 1814 2383 1842 νοῦς
2396 1820 2478 1846 penes
2489 1813 2548 1839 Ari—

1479 1850 1598 1875 stotelem
1618 1848 1745 1882 significet
1758 1849 1918 1882 quandoque
1937 1856 2036 1874 meram
2050 1849 2196 1874 facultatem
2211 1848 2377 1881 intelligendi,
2387 1849 2546 1882 quandoque

1478 1893 1541 1910 vero
1560 1890 1646 1910 actum
1665 1892 1712 1910 seu
1732 1884 1940 1916 intellectionem,
1959 1889 1989 1909 ut
2007 1893 2029 1910 s.
2038 1884 2156 1909 Thomas
2175 1884 2217 1909 hic
2236 1890 2261 1910 et
2279 1883 2339 1910 alibi
2358 1884 2547 1918 interpretatur,

1479 1926 1505 1946 et
1518 1928 1578 1945 cum
1597 1920 1654 1953 ipso
1673 1919 2004 1945 scholastici.-Exordium
2023 1927 2101 1945 sumo
2119 1920 2151 1945 ab
2170 1919 2316 1945 Aristotelis
2334 1924 2414 1944 textu.

1531 1956 1684 1981 Aristoteles
1702 1956 1728 1980 in
1746 1960 1817 1981 textu
1835 1955 1974 1988 praecitato
1987 1956 2040 1981 duo
2054 1955 2172 1980 distincte
2185 1955 2269 1986 tradit,
2283 1962 2397 1988 quorum
2410 1963 2492 1980 unum
2506 1963 2549 1981 re-

1478 1991 1553 2025 spicit
1572 1991 1754 2024 syllogismum
1774 1991 1800 2016 in
1818 1998 1925 2024 genere,
1945 1988 1970 2019 ἐν
1990 1989 2171 2050 συλλογισζῑὶὶ,
2190 1991 2300 2016 alterum
2318 1990 2503 2024 syllogismum
2521 1991 2548 2016 in

1478 2026 1574 2060 specie,
1593 2034 1687 2059 nempe
1706 2026 1963 2057 demonstrationem,
1982 2023 2007 2051 ἐν
2026 2025 2049 2050 δ’
2063 2021 2116 2051 ἄπο
2134 2035 2144 2051 ε
2157 2024 2200 2057 ξει,
2220 2030 2246 2051 et
2260 2030 2451 2059 consequenter
2464 2026 2548 2052 scien—

1478 2063 1548 2092 tiam,
1564 2070 1632 2095 quae
1645 2067 1685 2087 est
1699 2061 1806 2087 effectus
1819 2061 2055 2092 demonstrationis,
2070 2059 2113 2087 καὶ
2128 2059 2264 2096 ἐπιστήμῃ.
2275 2061 2446 2087 Praemiserat
2459 2066 2548 2088 autem

1479 2098 1549 2131 quod
1562 2098 1588 2123 in
1602 2098 1658 2123 aliis
1672 2097 1751 2122 rebus
1765 2097 1888 2122 omnibus
1903 2097 1979 2122 debet
1993 2105 2053 2123 esse
2068 2097 2224 2131 principium
2238 2097 2356 2130 simplex,
2371 2104 2424 2121 non
2439 2096 2548 2130 quidem

1478 2133 1529 2159 illis
1547 2133 1670 2158 omnibus
1689 2141 1837 2163 commune,
1858 2133 1904 2158 sed
1923 2132 2063 2166 unicuique
2083 2132 2217 2167 proprium
2237 2137 2271 2163 et,
2289 2136 2318 2157 ut
2336 2132 2371 2157 ait
2389 2131 2548 2164 s.Thomae,

1478 2169 1680 2201 homogeneum,
1696 2169 1767 2201 quod
1781 2169 1815 2194 sit
1829 2173 1952 2194 mensura
1965 2168 2084 2194 omnium
2097 2176 2166 2201 quae
2184 2167 2233 2193 sub
2247 2167 2365 2201 quolibet
2376 2175 2473 2201 genere
2486 2175 2548 2193 con-

1478 2205 1603 2230 tinentur:
1622 2201 1647 2230 ὲν
1667 2204 1722 2234 τοῖς
1741 2200 1833 2234 ἄλλοις
1851 2202 1866 2235 ἡ
1887 2198 1954 2239 ἀρχὴ
1974 2201 2084 2236 ἁπλοῦν,
2105 2205 2185 2229 τοῦτο
2204 2201 2229 2227 δ’
2249 2200 2280 2228 οὗ
2299 2199 2381 2228 ταύτὸ
2401 2204 2549 2239 πανταχοῦ.

1477 2240 1556 2273 Ergo,
1571 2239 1708 2270 concludit,
1723 2244 1749 2264 et
1760 2239 1787 2264 in
1801 2239 1956 2273 syllogismo
1975 2239 2051 2264 debet
2065 2246 2124 2264 esse
2137 2239 2200 2264 illud
2213 2246 2295 2264 unum
2309 2238 2429 2272 simplex,
2442 2243 2469 2264 et
2482 2238 2547 2265 illud

1477 2283 1561 2300 unum
1576 2276 1684 2308 simplex
1699 2275 1777 2300 debet
1790 2282 1849 2300 esse
1862 2275 1939 2300 etiam
1954 2275 1980 2300 in
1994 2274 2214 2300 demonstratione
2224 2279 2250 2300 et
2259 2274 2380 2300 scientia:
2394 2270 2448 2300 Καὶ
2460 2272 2548 2309 ὥσπερ

1478 2308 1504 2336 ἐν
1523 2311 1578 2340 τοῖς
1598 2307 1702 2340 ἄλλοις.
1714 2328 1737 2335 ..
1759 2309 1842 2340 οὕτως
1861 2315 1909 2335 etc.
1928 2311 1961 2335 Et
1979 2311 2005 2336 in
2024 2310 2178 2343 syllogismo
2197 2310 2303 2343 quidem
2322 2309 2386 2335 illud
2403 2317 2487 2335 unum
2506 2315 2549 2336 eet

1478 2346 1621 2380 propositio
1640 2346 1795 2377 immediata,
1815 2343 1840 2371 ἐν
1859 2344 2027 2380 συλλογισμῷ
2045 2342 2076 2371 τὸ
2096 2341 2122 2371 ἲν
2140 2343 2265 2380 πρότασις
2286 2340 2389 2380 ἔμ-εσος,
2403 2353 2471 2378 quae
2487 2346 2548 2371 ulie

1478 2382 1570 2407 dicitur
1587 2386 1706 2415 respectu
1729 2381 1914 2415 propositionis
1932 2382 2072 2413 mediatae,
2098 2381 2147 2406 hoc
2166 2385 2207 2406 est
2224 2381 2409 2411 conclusionis,
2428 2381 2550 2414 generice

1478 2422 1611 2450 acceptae,
1631 2417 1692 2450 quia
1710 2424 1741 2442 ex
1766 2417 1920 2450 syllogismo
1942 2418 2061 2450 generice
2079 2421 2200 2450 sumpto,
2220 2417 2352 2441 communi
2371 2424 2468 2450 nempe
2489 2421 2548 2442 mm

1479 2453 1682 2478 demonstrativo
1692 2457 1756 2487 ,tum
1776 2452 1921 2482 dialectico,
1940 2452 2061 2483 infertur3
2081 2452 2107 2477 in
2126 2451 2346 2478 demonstratione
2364 2457 2461 2482 autern,
2478 2459 2548 2486 quae

1478 2496 1509 2513 ex
1528 2489 1656 2514 additione
1674 2495 1703 2513 se
1721 2487 1799 2513 habet
1814 2488 1846 2513 ad
1865 2488 2048 2521 syllogismum
2062 2488 2089 2512 in
2107 2494 2210 2521 genere,
2223 2487 2288 2512 illud
2301 2494 2384 2512 unum
2398 2487 2509 2520 simplex
2521 2491 2549 2513 et

1478 2522 1632 2549 indivisibile
1650 2528 1690 2548 est
1709 2523 1786 2548 etiam
1804 2523 1948 2556 propositio
1966 2523 2129 2555 immediata,
2149 2530 2217 2556 quae
2230 2523 2287 2548 talis
2302 2527 2343 2548 est
2355 2528 2476 2556 respectu
2494 2530 2548 2548 non

1478 2560 1566 2584 solum
1583 2558 1768 2592 propositionis
1787 2559 1914 2584 mediatae
1932 2564 1962 2584 ut
1980 2559 2126 2590 conclusae,
2139 2558 2206 2583 sicut
2223 2558 2250 2583 in
2269 2558 2432 2591 syllogismo,
2445 2558 2493 2583 sed
2505 2565 2548 2584 w

1478 2600 1568 2627 spectu
1593 2594 1777 2627 propositionis
1802 2594 1928 2619 mediatae
1952 2599 1982 2619 ut
1999 2594 2086 2619 illatae
2103 2601 2135 2619 ex
2153 2593 2308 2626 syllogismo
2334 2593 2546 2624 demonstrativo,

1478 2635 1503 2654 et
1522 2635 1641 2663 respectu
1660 2630 1789 2655 scientiae.
1814 2630 1884 2654 Haec
1903 2629 2046 2662 propositio
2064 2629 2091 2654 in
2110 2628 2331 2654 demonstratione
2349 2633 2375 2653 et
2392 2629 2418 2653 in
2441 2628 2548 2654 scientia

1479 2665 1571 2690 dicitur
1589 2665 1744 2695 intellectus,
1758 2672 1813 2695 seu,
1833 2669 1862 2689 ut
1879 2664 1975 2690 habent
1989 2664 2064 2689 codd.
2077 2664 2133 2695 HL,
2148 2668 2188 2688 est
2201 2664 2235 2694 id,
2249 2663 2325 2689 cuius
2338 2666 2378 2688 est
2391 2663 2548 2689 inteIIeetus.

1478 2701 1557 2733 Igitur
1574 2701 1666 2725 eadem
1682 2700 1834 2733 propositio,
1852 2700 1921 2733 quae
1938 2699 2030 2725 dicitur
2049 2699 2196 2724 immediata
2214 2699 2241 2724 in
2255 2698 2410 2732 syllogismo
2428 2699 2549 2732 generice

1479 2740 1598 2768 accepto,
1618 2735 1709 2760 dicitur
1726 2736 1785 2764 νοῦς
1804 2735 1830 2760 ἰιι
1853 2735 2008 2768 syllogismo
2034 2734 2252 2765 demonstrativo,
2272 2732 2296 2760 ἔν
2315 2733 2338 2758 δ’
2357 2728 2484 2764 ἀποδείξει
2503 2731 2552 2760 καὶ

1479 2767 1604 2804 ἐπιστήμη
1624 2768 1638 2795 ὁ
1663 2771 1731 2800 νοῖίς.
1756 2770 1830 2800 Quae
1853 2770 1941 2796 omnia
1963 2770 2069 2803 copiose
2093 2774 2255 2803 exponuntur
2278 2778 2293 2795 a
2318 2777 2340 2795 s.
2354 2769 2459 2795 Thoma
2481 2769 2548 2796 infre

1478 2806 1537 2831 lect.
1551 2813 1620 2831 xmu-
1641 2804 1691 2839 (cf.
1706 2806 1764 2831 lect.
1777 2813 1832 2836 xix,
1851 2810 1904 2831 not.
1916 2805 1955 2840 η).
1970 2819 1989 2825 -
2003 2805 2071 2831 Nihil
2090 2805 2115 2830 in
2134 2805 2181 2830 hac
2195 2805 2341 2830 Aristotelis
2355 2805 2548 2831 ratiocinatione

1477 2841 1562 2872 video,
1575 2842 1646 2874 quod
1661 2841 1747 2866 favere
1759 2841 1842 2874 possit
1855 2841 2055 2874 interpretationi
2069 2840 2196 2866 Rosminii
2212 2841 2270 2874 (cf.
2283 2840 2418 2866 Zabarella
2430 2840 2457 2866 in
2471 2841 2481 2866 1
2494 2841 2549 2866 Po-

1477 2880 1554 2905 ster..
1574 2876 1590 2910 g
1611 2876 1725 2907 Quando
1744 2880 1834 2901 autem
1853 2883 1919 2909 opus
1936 2876 1972 2902 sit
1990 2881 2052 2906 etc.,
2071 2876 2116 2902 fol.
2130 2875 2179 2907 85,
2199 2876 2248 2901 col.
2266 2884 2287 2907 ι,
2306 2876 2354 2901 Ed.
2367 2876 2423 2907 cit.;
2439 2876 2547 2902 Rotam.

1478 2912 1651 2937 Lincolniens.
1670 2913 1695 2937 in
1713 2912 1723 2937 l
1738 2912 1848 2941 Foster„
1870 2919 1926 2944 cap.
1941 2919 1995 2942 xv1,
2014 2911 2031 2945 5
2048 2912 2114 2937 Cum
2133 2919 2198 2945 ergo
2217 2911 2339 2945 indigeat
2357 2916 2414 2943 etc.,
2433 2911 2478 2937 fol.
2498 2918 2546 2942 22,

1478 2948 1528 2973 col.
1545 2947 1558 2972 3
1573 2948 1714 2973 -Venetiis
1737 2946 1816 2978 1552;
1840 2947 1938 2972 Albert.
1953 2947 2038 2979 Magn.
2058 2947 2084 2972 in
2103 2947 2112 2972 1
2134 2947 2249 2976 Foster„
2268 2947 2355 2972 Tract.
2371 2954 2410 2977 tv,
2432 2954 2488 2980 cap.
2501 2954 2546 2979 xv,

1478 2991 1537 3016 pag.
1548 2982 1612 3017 589,
1632 2983 1681 3008 col.
1694 2982 1729 3015 2).
1738 2982 1979 3015 -Trendelenburg
1999 2982 2101 3015 (Elem.
2114 2982 2177 3016 Iog„
2191 2983 2298 3012 Annot„
2316 2982 2333 3016 9
2347 2981 2395 3016 693
2409 2982 2436 3007 in
2449 2982 2494 3008 lib.
2505 2982 2549 3008 De

1477 3019 1580 3048 anima,
1601 3019 1761 3050 Commeat„
1782 3026 1840 3051 pag.
1860 3025 1920 3051 147;
1941 3022 1966 3043 et
1984 3023 2037 3043 not.
2057 3018 2083 3043 in
2101 3018 2132 3043 111
2152 3018 2196 3043 lib.
2211 3025 2266 3051 cap.
2278 3025 2304 3048 v,
2324 3025 2382 3050 pag.
2395 3017 2448 3050 405
2463 3030 2484 3038 —·
2497 3017 2546 3043 Ed.

1478 3053 1613 3079 Christiani
1631 3054 1742 3086 Belgeri.
1755 3067 1776 3073 -
1792 3053 1904 3079 Berolini
1927 3052 2022 3088 1877),
2041 3053 2162 3087 quamvis
2181 3053 2344 3078 subobscure
2357 3052 2406 3078 hac
2420 3053 2453 3078 de
2466 3060 2495 3078 re
2508 3053 2548 3079 lo—

1478 3094 1580 3123 quatur,
1600 3097 1615 3114 a
1633 3089 1798 3114 Scholasticis
1816 3094 1904 3115 tamen
1923 3097 1976 3114 non
1994 3090 2073 3122 longe
2091 3089 2187 3114 distare
2203 3089 2315 3114 videtur.

1531 3125 1630 3150 Deinde
1649 3125 1673 3150 in
1693 3125 1723 3150 ΙΙΙ
1744 3125 1786 3150 De
1803 3125 1903 3155 anima,
1919 3132 1976 3158 cap.
1988 3132 2023 3155 rv,
2038 3124 2139 3158 quaerit
2148 3131 2202 3158 quo
2214 3129 2289 3157 pacto
2302 3123 2346 3149 fiat
2358 3123 2507 3157 intelligere
2519 3123 2546 3149 in

1477 3159 1567 3190 nobis,
1587 3161 1639 3190 πῶς
1653 3167 1716 3185 ποτε
1729 3158 1827 3194 γίνεται
1846 3156 1876 3185 τὸ
1890 3160 1968 3186 νοεῖν.
1987 3161 2027 3185 Ad
2042 3167 2121 3193 quam
2135 3159 2316 3193 quaestionem
2330 3159 2470 3192 praemittit
2482 3159 2548 3192 quid

1477 3196 1532 3229 ipse
1541 3196 1664 3228 intelligat
1678 3197 1783 3221 nomine
1793 3195 1948 3226 intellectus,
1957 3203 2072 3229 eumque
2085 3195 2144 3220 dicit
2158 3203 2211 3220 non
2225 3199 2320 3226 actum,
2333 3194 2381 3220 sed
2393 3194 2546 3227 principium

1477 3239 1530 3264 quo
1550 3236 1636 3256 actus:
1655 3229 1724 3265 λέγω
1748 3228 1775 3256 δὲ
1800 3232 1860 3256 νοῦν
1879 3229 1901 3266 ᾦ
1919 3230 2059 3256 διανοεῖται
2083 3227 2126 3256 καὶ
2147 3226 2326 3265 ὑπολαμβάνει
2343 3228 2359 3262 ἠ
2378 3227 2448 3265 ψυχή
2461 3229 2499 3262 (ιι.
2509 3228 2547 3263 3).

1477 3267 1563 3298 Quam
1586 3265 1762 3292 definitionem
1787 3266 1920 3292 declarans
1939 3266 2034 3300 inquit:
2054 3266 2079 3291 Is
2098 3266 2142 3299 qui
2161 3265 2306 3291 intellectus
2328 3266 2429 3290 animae
2447 3271 2545 3290 nuncu·

1477 3307 1564 3335 patur,
1579 3300 1614 3328 'O
1634 3298 1684 3336 ἄρα
1702 3300 1786 3327 καλοῦ
1819 3309 1862 3332 νος
1881 3303 1926 3335 τῆς
1945 3300 2028 3337 ψυχῆς
2046 3302 2119 3332 νοῦς,
2138 3300 2200 3326 nihil
2219 3306 2261 3327 est
2279 3306 2336 3326 actu
2355 3301 2454 3326 entium
2472 3305 2545 3326 ente—

1477 3345 1557 3371 quam
1576 3337 1711 3370 intelligat,
1737 3334 1782 3362 oto
1797 3345 1810 3362 ν
1829 3334 1896 3362 ἐστιν
1915 3334 2027 3371 ἐνεργείᾳ
2045 3337 2096 3362 τῶν
2116 3333 2198 3362 ὄντων
2215 3333 2274 3370 πρὶν
2292 3335 2369 3361 νοιῒν.
2392 3336 2440 3361 His
2457 3334 2545 3360 verbi·

1476 3374 1535 3403 νοῦς
1554 3378 1594 3398 est
1611 3381 1701 3404 mens,
1720 3372 1872 3406 principium
1891 3380 1945 3406 quo
1964 3372 2134 3405 intelligendi,
2154 3377 2180 3397 et
2197 3377 2294 3403 tamen,
2308 3372 2334 3396 in
2352 3370 2546 3403 comparatione

1478 3408 1607 3438 obiectivi,
1617 3416 1675 3434 eam
1690 3408 1749 3434 dicit
1759 3407 1821 3433 nihil
1836 3415 1896 3434 esse
1908 3413 1966 3433 actu
1980 3408 2106 3440 cuiusque
2119 3407 2293 3439 intelligibilis.
2307 3407 2374 3432 Hine
2386 3405 2456 3432 addit
2474 3410 2546 3430 recte

1478 3444 1526 3469 dici
1544 3444 1615 3477 quod
1633 3444 1719 3469 anima
1736 3443 1770 3468 sit
1788 3444 1861 3468 locus
1880 3443 2023 3469 formarum
2042 3441 2143 3477 (τόπον
2166 3438 2256 3477 εἰδῶν)
2276 3442 2323 3468 aed
2347 3440 2435 3467 subdit
2455 3445 2545 3466 tamen

1477 3479 1548 3512 quod
1567 3479 1652 3504 anima
1670 3484 1711 3504 est
1728 3479 1802 3504 locus
1821 3479 1963 3504 fortnarum
1982 3486 2029 3512 per
2048 3478 2135 3504 solum
2153 3478 2321 3508 intellectum,
2335 3481 2360 3502 et
2378 3475 2450 3509 quod
2467 3475 2544 3500 intel-

1477 3515 1559 3539 lectus
1577 3514 1672 3539 habeat
1690 3522 1720 3539 ex
1739 3521 1768 3539 se
1786 3513 1935 3539 huiusmodi
1955 3514 2052 3539 formas
2071 3521 2124 3539 non
2143 3518 2200 3539 actu
2219 3513 2267 3538 aed
2279 3513 2335 3538 sola
2346 3511 2470 3544 potentia,
2484 3507 2543 3536 οὔτ’

1476 3546 1628 3584 ἐντελεχείᾳ,
1644 3544 1715 3574 ἀλλὰ
1733 3545 1838 3584 δυνάμει
1857 3547 1890 3574 τὰ
1909 3546 1962 3581 εἴδη
1983 3549 2020 3582 (ιι.
2034 3549 2072 3582 4).
2091 3549 2170 3582 Atqui
2184 3555 2244 3574 esse
2256 3547 2369 3580 potentia
2386 3546 2545 3580 intelligibile

1477 3585 1612 3617 dupliciter
1634 3589 1721 3618 potest
1743 3584 1864 3618 intelligi:
1882 3592 1937 3610 uno
1962 3585 2041 3610 modo
2064 3584 2126 3617 quia
2148 3583 2292 3609 intellectus
2316 3589 2370 3608 non
2383 3586 2423 3607 est
2437 3581 2468 3607 ab
2487 3581 2546 3607 idea

2562 305 2579 315 ,ι

2575 388 2787 437 ἑὲζὶἒιάάειιοαῂ
