2788 4204
299 230 344 266 52
1052 227 1171 263 PERI
1202 225 1548 262 HERMENEIAS
1587 225 1681 262 LIB.
1712 227 1726 262 I

985 434 1302 507 *LECTIO
1340 436 1772 493 UNDECIMA

532 593 615 633 DE
649 591 1050 632 OPPOSITIONE
1082 590 1267 631 INTER
1299 591 1778 634 PROPOSITIONES
1812 592 2237 636 UNIVERSALES

383 669 462 709 ET
494 665 959 708 PARTICULARES
994 665 1207 718 DEQUE
1240 666 1418 707 MODO
1454 667 1583 719 QUO
1618 667 1692 708 SE
1725 668 1976 708 HABENT
2009 669 2386 710 AFFIRMATIO

623 742 703 782 ET
735 740 1010 781 NEGATIO
1046 740 1386 781 OPPOSITAE
1419 741 1506 781 AD
1540 741 1759 783 VERUM
1791 743 1871 783 ET
1904 743 2154 784 FALSUM

286 894 514 930 Ἀντικεϊσθαι
539 895 598 940 μὲν
624 893 682 927 οὖν
706 894 902 940 κατάφασιν
924 894 1094 938 ἀποφάσει
1110 893 1199 940 λέγω
1219 895 1362 940 ἁντιφα-

361 941 460 977 τικῶς
486 940 549 976 τήν
568 939 773 973 τὸκαθόλου
798 942 1028 984 σημαίνουσαν
1055 940 1102 980 τῷ
1130 940 1225 980 αὐτῷ
1246 938 1300 972 ὅτι
1323 940 1360 972 οὗ

359 983 519 1027 καθόλου,
539 985 607 1016 οἷον
626 986 694 1022 πᾶς
714 983 884 1029 ἄνθρωπος
901 983 1030 1022 λευκός·
1053 985 1090 1016 οὐ
1110 986 1176 1022 πᾶς
1191 982 1361 1029 ἄνθρωπος

359 1028 489 1066 λευκός·
519 1024 627 1067 οὐδεὶς
654 1028 824 1074 ἄνθρωπος
849 1028 979 1067 λευκός·
1013 1029 1084 1062 ἔστι
1110 1040 1161 1066 τις
1189 1026 1360 1074 ἄνθρωπος

360 1073 490 1111 λευκός.

289 1119 472 1155 Ἐναντίως
497 1111 535 1148 δὲ
560 1117 624 1153 τήν
651 1117 712 1150 τοῦ
737 1115 885 1148 καθόλου
902 1115 1113 1160 κατάφασιν,
1139 1119 1196 1149 καὶ
1216 1117 1280 1154 τήν
1299 1119 1361 1150 τοῦ

361 1161 507 1194 καθόλου
535 1160 721 1204 ἀπόφασιν,
742 1161 809 1192 οἷον
829 1162 894 1198 πᾶς
917 1161 1087 1206 ἄνθρωπος
1104 1161 1234 1201 λευκός,
1254 1157 1360 1200 οὐδεὶς

364 1206 534 1251 ἄνθρωπος
558 1204 688 1247 λευκός,
716 1206 782 1243 πᾶς
810 1205 979 1249 ἄνθρωπος
1005 1201 1153 1248 δίκαιος,
1181 1202 1289 1245 οὐδεὶς
1309 1206 1362 1239 ἄν-

362 1250 492 1295 θρωπος
517 1246 659 1288 δίκαιος.

296 1296 352 1328 Διὰ
378 1295 512 1333 ταύτας
537 1294 596 1337 μὲν
622 1295 686 1339 οὐχ
710 1292 821 1326 οἷόντε
848 1292 920 1337 ἅμα
947 1293 1080 1332 ἀληθεῖς
1107 1291 1205 1336 εἶναι,
1233 1294 1296 1333 τοὶς
1325 1289 1363 1327 δὲ

365 1338 597 1383 ἀντικειμένας
623 1340 746 1375 αὐταῖς
772 1333 950 1382 ἐνδέχεταί
975 1350 1060 1371 ποτε
1087 1338 1142 1371 ἐπὶ
1167 1339 1230 1371 τοῦ
1255 1340 1363 1372 αὑτοῦ

365 1383 437 1428 ἅμα
464 1382 595 1421 ἀληθεῖς
619 1380 718 1415 εἶναι·
739 1383 806 1414 οἷον
825 1384 863 1414 οὐ
882 1383 949 1420 πᾶς
969 1381 1139 1427 ἄνθρωπος
1155 1382 1286 1424 λευκός,
1303 1385 1362 1415 καὶ

365 1429 436 1462 ’ἐστι
462 1441 512 1466 τις
541 1427 709 1472 ἄνθρωπος
734 1426 863 1465 λευκός.
1350 1465 1354 1467 q

289 1472 389 1505 ”Οσαι
422 1473 480 1516 μὲν
515 1471 571 1504 οὖν
600 1470 793 1515 ἀντιφάσεις
825 1472 892 1503 τῶν
924 1469 1083 1502 καθόλου·
1104 1471 1165 1502 εἰσὶ
1193 1470 1360 1512 καθόλου,

366 1517 496 1563 ἀνάγκη
515 1516 579 1553 τήν
599 1515 717 1559 ἑτέραν
751 1514 859 1551 ἀληθῆ
885 1512 986 1556 εἶναι,
1006 1513 1027 1551 ἢ
1054 1510 1171 1559 ψευδῆ.
1197 1517 1263 1548 Καὶ
1287 1514 1363 1548 ὅσαι

365 1563 420 1594 ἐπὶ
445 1562 511 1593 τῶν
535 1560 606 1592 καθ’
637 1559 781 1600 ἕκαστα,
813 1560 879 1591 οἷον
906 1558 980 1591 ἔστι
1013 1559 1193 1604 Σωκράτης
1223 1559 1361 1602 λευκός,

365 1606 423 1638 οὐκ
449 1606 521 1638 ἔστι
547 1603 727 1646 Σωκράτης
750 1603 879 1641 λευκός.

288 1649 390 1682 ’Ὅσαι
414 1645 452 1680 δὲ
477 1650 532 1682 ἐπὶ
558 1649 622 1681 τῶν
647 1646 794 1679 καθόλου
819 1647 892 1692 μέν,
919 1646 966 1692 μή
991 1646 1137 1680 καθόλου
1155 1646 1206 1689 δέ,
1233 1649 1292 1681 οὐκ
1313 1650 1364 1681 ἀεὶ

363 1695 384 1730 ἡ
411 1694 470 1737 μὲν
497 1691 645 1733 ἀληθής,
666 1693 686 1728 ἡ
705 1687 743 1723 δὲ
767 1687 902 1736 ψευδής·
932 1690 1003 1736 ἅμα
1027 1692 1092 1738 γάρ
1127 1692 1246 1731 ἀληθές
1272 1695 1363 1727 ἐστιν

362 1739 481 1779 εἰπεῖν,
509 1737 562 1770 ὅτι
588 1737 678 1769 ἔστιν
706 1735 876 1781 ἄνθρωπος
892 1735 1022 1778 λευκός,
1040 1739 1098 1769 καὶ
1118 1736 1170 1770 ὅτι
1190 1739 1248 1770 οὐκ
1274 1737 1363 1771 ἔστιν

366 1781 535 1827 ἄνθρωπος
558 1781 689 1818 λευκός·
714 1783 772 1813 καὶ
791 1781 882 1815 ’ἑστιν
903 1779 1075 1826 ἀνθρωπος
1092 1781 1208 1824 καλός,
1227 1785 1285 1815 καὶ
1303 1784 1363 1815 οὐκ

365 1826 456 1859 ἔστιν
484 1825 654 1870 ἄνθρωπος
678 1824 795 1863 καλός.

297 1872 335 1903 Ei.
359 1871 423 1917 γάρ
450 1870 607 1916 αἰσχρός,
639 1872 697 1902 καὶ
725 1871 761 1902 οὗ
786 1868 904 1907 καλός·
930 1871 988 1901 καὶ
1014 1870 1041 1901 εἰ
1066 1873 1198 1916 γίνεταί
1225 1883 1279 1913 τι,
1305 1874 1362 1904 καὶ

366 1916 425 1947 οὐκ
451 1915 537 1948 ἐ’στι.

298 1959 409 2001 Δόξειε
441 1956 471 1991 δ’
510 1959 548 1992 ἂν
575 1958 728 2001 ἐξαίφνης
756 1958 886 1991 ἄτοπον
919 1954 1004 1990 εἶναι
1036 1952 1095 1990 διαὶ
1118 1958 1159 1991 etl
1189 1958 1364 2002 φαίνεσθαι

365 2007 537 2048 σημαίνειν
563 2003 604 2036 τὰ
637 2004 697 2035 οὐκ
723 2003 814 2036 ἔστιν
850 2002 1019 2047 ἄνθρωπος
1051 2003 1168 2041 λευκός
1209 2002 1282 2048 ἅμα
1305 2006 1363 2036 καὶ

367 2048 420 2082 ὅτι
445 2043 553 2086 οὐδεὶς
581 2047 638 2080 ἄνθ
660 2060 750 2085 ωπος
774 2046 903 2084 λευκός·
931 2047 972 2079 τὸ
989 2046 1027 2079 δὲ
1046 2046 1125 2081 οὔτε
1150 2047 1281 2081 ταύτὸν
1306 2061 1365 2087 ση-

365 2096 495 2137 μαίνει,
525 2091 592 2125 οὔθ’
624 2093 709 2137 ἁμα,
737 2090 772 2132 ἐξ
799 2090 959 2138 ἀνάγκης.

358 2191 508 2218 SYNOPSIS.
526 2206 559 2210 —
581 2199 604 2217 1.
619 2189 831 2226 Argumentum
852 2195 976 2217 textus·
991 2196 1017 2217 2.
1033 2190 1251 2226 Propositiones
1268 2191 1363 2228 parti-

298 2231 430 2264 culares,
452 2229 567 2266 proprie
588 2229 747 2266 loquend0‚
769 2237 830 2256 non
851 2235 918 2256 sunt
939 2229 1106 2265 oppositae,
1128 2230 1197 2266 quia
1218 2240 1252 2258 ex
1273 2231 1363 2259 modo

298 2280 350 2298 seu
368 2270 395 2298 vi
416 2269 626 2298 enunciationis
647 2278 708 2296 non
729 2269 835 2297 habent
857 2269 937 2305 quod
957 2267 1112 2297 affirmatio
1134 2276 1162 2297 et
1178 2270 1293 2307 negatio
1308 2270 1364 2298 sint

300 2311 335 2338 de
356 2311 461 2338 eodem
483 2309 683 2337 subiecto.-3.
706 2307 867 2345 Suppositis
889 2308 1032 2345 requisitis
1052 2310 1089 2337 ad
1110 2309 1253 2338 rationem
1270 2319 1364 2347 oppo-

300 2349 410 2378 sitionis
426 2350 551 2385 (lect.1x,
566 2358 615 2376 nn.
625 2349 642 2376 8
658 2355 686 2376 et
700 2350 743 2384 9),
755 2347 900 2385 oppositio
916 2348 989 2376 inter
1004 2348 1235 2385 propositionem
1250 2349 1363 2378 univer-

300 2390 389 2418 salem
411 2395 439 2416 et
459 2388 659 2424 particularem
675 2394 716 2416 est
738 2387 884 2424 oppositio
905 2388 1140 2424 contradictoria3
1163 2395 1191 2417 et
1211 2389 1277 2417 ideo
1294 2390 1364 2418 tales

300 2428 514 2466 propositiones
529 2427 662 2455 dicuntur
675 2427 947 2455 contradictoriae.-
959 2437 986 2462 4.
1003 2428 1086 2456 Ratio
1106 2435 1148 2457 est
1163 2429 1231 2466 quia
1251 2436 1365 2458 contra-

302 2468 388 2496 dictio
408 2474 449 2496 est
463 2468 649 2495 solummodo
671 2467 794 2495 remotio
809 2466 1008 2495 affirmationis
1022 2477 1074 2504 per
1087 2469 1286 2505 negationem3
1301 2469 1365 2497 uni·

301 2507 418 2536 versalis
439 2514 536 2535 autem
557 2504 729 2534 affirmativa
743 2513 907 2534 removetur
921 2516 972 2543 per
987 2508 1079 2535 solam
1098 2508 1283 2545 negationem
1299 2518 1365 2545 par-

302 2547 442 2581 ticularis;
459 2553 486 2574 et
501 2546 678 2582 particularis
693 2543 864 2574 affirmativa
885 2553 1048 2575 removetur
1069 2548 1164 2575 solum
1185 2557 1236 2584 per
1252 2549 1366 2576 univer-

302 2587 391 2615 salem
413 2586 584 2623 negativam.
598 2601 620 2608 -
641 2586 665 2613 5.
687 2585 762 2614 Hinc
782 2585 971 2614 contradictio
994 2595 1054 2614 non
1075 2587 1199 2615 admittit
1221 2587 1365 2623 medium,

303 2626 371 2664 quia
400 2626 473 2654 inter
500 2623 723 2653 affirmationem
752 2631 780 2653 et
806 2625 990 2663 negationem
1018 2635 1078 2654 non
1109 2627 1193 2654 datur
1221 2627 1365 2662 medium3

303 2667 354 2695 sed
375 2665 560 2694 contrarietas
581 2664 705 2693 admittit
726 2664 870 2700 medium,
893 2665 961 2702 quia
984 2665 1057 2693 inter
1080 2672 1205 2694 extreme
1228 2666 1367 2695 distantes

302 2705 517 2743 propositiones
550 2704 724 2733 universales
756 2705 861 2733 dantur
895 2705 1110 2741 propositiones
1140 2706 1332 2742 particulares.
1346 2721 1368 2728 -

66 2968 76 2978 '¹
86 2966 161 2989 Codd.
171 2978 180 2983 -
196 2973 225 2988 im:
242 2967 279 2988 hic

67 2999 136 3015 nunc.

458 2988 463 2999 „
572 2955 796 3003 indefinitas,
817 2956 878 2992 hic
897 2957 917 2976 ⁴·
938 2956 1162 2993 determinat
1182 2957 1230 2994 de
1249 2969 1370 3006 oppo-

307 3009 439 3046 sitione
460 3009 770 3047 enunciationum
790 3009 1049 3058 comparando
1069 3009 1302 3047 universales
1322 3010 1370 3047 ad

306 3063 548 3111 particulares
571 3064 602 3099 *.
629 3062 739 3099 Circa
767 3062 872 3111 quod
901 3062 1220 3100 considerandum
1249 3070 1305 3100 est
1332 3063 1371 3084 *¹*

308 3116 413 3165 quod
423 3123 546 3165 potest
561 3115 699 3163 duplex
714 3115 902 3163 oppositio
919 3115 957 3152 in
971 3115 1029 3152 his
1044 3116 1182 3153 notari:
1198 3128 1275 3153 una
1290 3116 1370 3165 qui—

309 3169 398 3206 dem
425 3168 648 3206 universalis
672 3168 721 3204 ad
749 3168 1033 3216 particularem,
1055 3176 1091 3205 et
1118 3170 1217 3206 hanc
1243 3169 1369 3218 primo

308 3221 440 3269 tangit;
466 3222 538 3259 alia
573 3233 667 3258 vero
695 3221 918 3258 universalis
948 3221 996 3258 ad
1024 3221 1302 3269 universalem,
1333 3229 1370 3259 et

308 3275 406 3311 hanc
427 3275 542 3322 tangit
570 3273 757 3320 secundo;
777 3274 844 3310 ibi:
870 3275 1093 3312 Contrariae
1119 3286 1210 3312 vero
1239 3282 1307 3312 etc.
1324 3275 1344 3296 *

364 3339 397 3363 2.
419 3327 656 3364 Particularis
687 3339 780 3363 vero
816 3327 1044 3364 affirmativa
1070 3335 1106 3364 et
1138 3327 1371 3376 particularis

310 3380 493 3427 negativa,
515 3392 593 3417 non
612 3380 752 3416 habent
771 3380 923 3428 proprie
943 3380 1138 3429 loquendo
1164 3380 1371 3429 oppositio-

311 3444 411 3478 nem,
433 3433 520 3481 quia
548 3432 736 3481 oppositio
766 3433 966 3470 attenditur
991 3433 1088 3470 circa
1116 3433 1219 3470 idem
1248 3433 1371 3470 subie-

313 3492 430 3530 ctum;
451 3485 662 3522 subiectum
691 3493 818 3522 autem
847 3486 1079 3534 particularis
1099 3486 1372 3523 enunciationis

314 3543 368 3572 est
399 3537 611 3574 universale
645 3538 914 3586 particulariter
951 3546 1168 3587 sumptum,
1196 3551 1274 3576 non
1302 3551 1371 3588 pro

68 3069 78 3077 ·
88 3068 278 3095 Cf.1ect.x.n.17.

70 3094 91 3105 “
100 3100 192 3116 Atacem:
199 3096 281 3115 notan-

70 3120 123 3142 dum
133 3122 176 3142 est.

68 3278 76 3287 ·
91 3276 151 3298 Infra
166 3283 188 3298 n.
203 3259 230 3304 5..

1414 895 1434 914 '¹‘
1453 897 1585 938 Opponi
1605 897 1711 938 itaque
1736 897 1806 928 dico
1828 897 2071 929 affirmationem
2090 899 2250 939 negationi
2272 900 2480 932 contradicto·
2510 907 2519 915 ·
2534 906 2589 933 ch-
2605 912 2625 928 c.
2640 911 2680 928 vn.

1483 942 1545 980 rie,
1570 952 1651 982 quae
1675 942 1889 972 universaliter
1912 942 2075 982 significat,
2095 943 2123 973 ei
2138 953 2219 984 quae
2239 953 2305 974 non
2324 944 2482 975 universa-

1483 986 1568 1025 liter;
1584 993 1629 1024 ut,
1645 986 1750 1016 omnis
1769 986 1870 1017 homo
1890 987 1979 1017 albus
1994 993 2051 1025 est,
2066 997 2133 1017 non
2153 987 2258 1018 omnis
2272 988 2373 1019 horno
2393 989 2483 1020 albus
2537 997 2540 1000 ’

1484 1038 1547 1069 est;
1572 1031 1680 1061 nullus
1703 1030 1805 1061 homo
1829 1031 1919 1061 albus
1942 1038 1999 1070 est,
2024 1032 2155 1072 quidam
2178 1031 2279 1062 homo
2303 1033 2393 1063 albus
2425 1039 2481 1064 est.

1418 1118 1581 1149 contrarie
1612 1129 1687 1149 vero
1711 1119 1921 1149 universalem
1944 1118 2186 1150 affirmationem
2217 1126 2247 1151 et
2274 1120 2484 1151 universalem

1484 1163 1701 1203 negationem;
1726 1170 1771 1202 ut,
1796 1163 1900 1194 omnis
1924 1164 2024 1194 homo
2048 1163 2149 1195 iustus
2169 1170 2230 1203 est,
2256 1165 2363 1195 nullus
2382 1165 2483 1195 homo

1484 1214 1586 1238 1ustus
1609 1214 1664 1238 est.

1419 1296 1577 1333 Quocirca
1609 1296 1665 1326 has
1698 1296 1829 1337 quidem
1861 1296 2056 1336 impossibile
2088 1303 2134 1327 est
2161 1296 2258 1327 simul
2286 1307 2352 1327 esse
2379 1304 2483 1336 veras;

1484 1340 1533 1370 his
1562 1350 1637 1371 vero
1662 1340 1840 1381 oppositas,
1865 1340 2018 1381 contingit
2041 1341 2212 1381 aliquando
2229 1340 2262 1371 in
2279 1341 2408 1379 eodem;
2432 1348 2483 1381 ut,

1485 1394 1552 1414 non
1572 1384 1676 1414 omnis
1691 1384 1791 1415 homo
1812 1385 1901 1415 albus
1921 1391 1982 1423 est,
1998 1391 2028 1416 et
2047 1385 2178 1426 quidam
2196 1385 2297 1415 homo
2317 1386 2407 1416 albus
2427 1391 2482 1417 est.

1419 1472 1651 1512 Quaecumque
1673 1472 1768 1512 igitur
1791 1472 2053 1503 contradictiones
2076 1473 2302 1503 universalium
2325 1480 2400 1504 sunt
2413 1473 2483 1504 uni-

1485 1516 1654 1554 versaliter,
1678 1526 1804 1547 necesse
1832 1523 1878 1547 est
1906 1516 2036 1547 alteram
2059 1527 2125 1547 esse
2148 1527 2256 1547 veram
2283 1518 2333 1548 vel
2361 1517 2483 1549 falsam.

1485 1560 1526 1590 Et
1548 1570 1769 1601 quaecumque
1783 1561 1816 1591 in
1831 1560 2040 1600 singularibus
2064 1568 2149 1600 sunt;
2173 1568 2219 1600 ut,
2234 1561 2376 1592 Socrates
2395 1562 2485 1593 albus

1486 1611 1547 1643 est,
1571 1615 1638 1635 non
1662 1611 1708 1635 est
1731 1604 1873 1635 Socrates
1897 1605 1997 1635 albus.

1420 1649 1650 1690 Quaecumque
1679 1655 1786 1679 autem
1812 1648 2039 1679 universalium
2066 1658 2132 1679 non
2160 1649 2391 1688 universaliter,
2419 1659 2486 1680 non

1486 1693 1562 1724 haec
1590 1693 1721 1734 quidem
1749 1703 1873 1734 semper
1895 1703 1968 1723 vera
1995 1699 2056 1731 est,
2082 1693 2135 1723 illa
2162 1703 2238 1723 vero
2266 1693 2358 1731 falsa;
2388 1693 2486 1725 simul

1487 1738 1572 1768 enim
1599 1748 1711 1768 verum
1734 1745 1780 1768 est
1803 1738 1922 1775 dicere,
1947 1737 2101 1778 quoniam
2125 1745 2171 1768 est
2193 1737 2294 1768 homo
2317 1738 2419 1776 albus,
2443 1743 2485 1777 et,

1486 1792 1552 1813 non
1576 1789 1622 1813 est
1644 1782 1745 1812 homo
1769 1782 1870 1820 albus,
1890 1788 1921 1812 et
1939 1782 2093 1823 quoniam
2109 1789 2156 1813 est
2170 1782 2271 1812 homo
2286 1781 2429 1823 pulcher,
2443 1788 2485 1822 et,

1486 1837 1552 1857 non
1576 1833 1623 1857 est
1644 1826 1745 1857 homo
1769 1826 1909 1867 pulcher.

1419 1871 1451 1903 Si
1476 1871 1561 1902 enim
1585 1871 1698 1902 foedus
1722 1877 1778 1910 est,
1795 1881 1861 1901 non
1877 1877 1924 1901 est
1946 1870 2087 1911 pulcher,
2108 1878 2139 1902 et
2157 1870 2182 1901 si
2201 1870 2237 1902 fit
2254 1869 2389 1911 aliquid,
2405 1880 2485 1901 non-

1486 1916 1566 1946 dum
1589 1922 1644 1946 est.

1418 1960 1584 1992 Videbitur
1602 1966 1709 1990 autem
1723 1959 1828 1990 subito
1847 1958 2072 1989 inconveniens
2091 1968 2172 1998 esse,
2196 1958 2312 1989 idcirco
2331 1958 2487 2000 quoniam

1485 2005 1609 2035 videtur
1636 2003 1819 2044 significare,
1844 2013 1910 2034 non
1934 2010 1980 2034 est
2007 2003 2108 2033 homo
2137 2004 2237 2042 albus,
2267 2003 2364 2034 simul
2390 2003 2487 2034 etiam

1486 2048 1640 2090 quoniam
1672 2048 1779 2079 nullus
1809 2048 1909 2078 homo
1943 2054 1990 2078 est
2019 2047 2125 2085 albus;
2151 2048 2214 2078 hoc
2245 2054 2353 2078 autem
2382 2057 2486 2089 neque

1484 2093 1570 2124 idem
1588 2091 1756 2133 significat,
1779 2102 1883 2133 neque
1907 2091 2003 2122 simul
2026 2091 2200 2122 necessario
2224 2098 2307 2122 sunt.

1419 2191 1532 2228 6.Ergo
1554 2189 1768 2226 propositiones
1790 2187 1950 2217 contrariae
1978 2197 2039 2216 non
2059 2194 2182 2224 possunt
2202 2196 2264 2216 esse
2286 2187 2372 2216 simul
2393 2196 2486 2224 verne,

1419 2229 1487 2267 quia
1508 2229 1652 2258 contraria
1673 2235 1775 2257 mutuo
1797 2237 1828 2256 se
1849 2228 2006 2264 expellunt;
2029 2228 2079 2256 sed
2099 2234 2197 2256 tamen
2221 2236 2321 2256 earum
2342 2227 2487 2256 contradi-

1419 2269 1542 2305 ctoriae,
1568 2277 1673 2305 nempe
1701 2268 1814 2302 media,
1846 2277 1920 2305 quae
1950 2273 2018 2296 sunt
2044 2267 2259 2304 propositiones
2286 2267 2487 2304 particulares,

1418 2316 1542 2347 possunt
1557 2318 1619 2338 esse
1640 2308 1726 2337 simul
1747 2317 1839 2343 verae,
1862 2307 1939 2344 quia,
1960 2314 1992 2335 ut
2005 2307 2114 2336 dictum
2136 2314 2187 2342 est,
2201 2307 2318 2344 proprie
2338 2307 2487 2345 loquendo

1419 2359 1480 2378 non
1514 2355 1712 2386 opponuntur.
1726 2363 1748 2370 -
1763 2357 1788 2384 7.
1820 2346 2038 2384 Propositiones
2069 2346 2309 2376 contradictoriae
2339 2353 2488 2384 nequeunt

1419 2399 1481 2418 esse
1502 2389 1588 2417 simul
1610 2397 1704 2423 verae,
1725 2394 1874 2425 nequeunt
1901 2396 1963 2415 esse
1991 2387 2076 2415 simul
2103 2387 2199 2422 falsae;
2224 2387 2274 2415 sed
2301 2396 2360 2415 una
2387 2394 2487 2415 earum

1418 2435 1462 2457 est
1488 2428 1651 2457 necessario
1678 2437 1760 2463 vera,
1782 2428 1871 2456 altera
1887 2433 1929 2455 est
1949 2426 2112 2456 necessario
2135 2427 2214 2455 falsa.
2227 2427 2286 2455 —8.
2308 2426 2488 2464 Propositio-

1419 2478 1470 2497 nes
1498 2467 1663 2496 indefinitae
1691 2467 1756 2496 licet
1783 2473 1955 2504 apparenter
1982 2466 2236 2502 contradictoriae,
2264 2473 2363 2495 tamen
2389 2475 2489 2501 revera

1418 2509 1489 2537 tales
1510 2517 1571 2536 non
1599 2514 1665 2536 sunt
1685 2507 1713 2535 vi
1730 2507 1978 2545 propositionum,
2008 2506 2139 2543 quamvis
2167 2507 2224 2534 hoc
2251 2505 2399 2544 contingat
2426 2515 2488 2535 esse

1418 2548 1445 2576 vi
1474 2548 1613 2575 materiae
1642 2556 1692 2575 seu
1722 2546 1858 2581 subiecti,
1889 2546 1935 2574 cui
1963 2545 2150 2574 essentialiter
2176 2546 2374 2582 praedicatum
2402 2546 2488 2574 debet

1420 2587 1573 2616 convenire
1601 2593 1650 2615 aut
1677 2596 1738 2614 non
1759 2585 1949 2614 convenire·
1959 2595 1986 2622 9.
2009 2585 2134 2613 Solvitur
2154 2585 2373 2613 obiectio.—1o.
2395 2586 2437 2613 Ex
2460 2585 2488 2613 vi

1420 2626 1629 2663 propositionis
1658 2625 1762 2654 veritas
1791 2632 1819 2653 et
1849 2625 1955 2653 falsitas
1989 2624 2019 2652 in
2049 2624 2298 2661 propositionibus
2332 2623 2488 2653 indefinitis

1421 2673 1463 2694 est
1484 2665 1557 2694 sicut
1583 2665 1614 2694 in
1634 2664 1882 2702 propositionibus
1911 2664 2225 2701 particularibus-11.
2247 2663 2414 2692 Excluditur
2433 2665 2487 2693 du·

1421 2705 1531 2734 bitatio.

1425 2797 1551 2847 aliquo
1590 2796 1839 2834 determinato
1875 2796 2069 2844 singulari,
2099 2796 2167 2834 sed
2200 2796 2488 2834 indeterminate

1423 2863 1493 2900 pro
1510 2862 1756 2900 quocumque
1770 2850 1807 2896 *;
1829 2857 1865 2886 et
1887 2849 1987 2897 ideo,
2009 2862 2097 2886 cum
2114 2849 2162 2887 de
2180 2849 2384 2886 universali
2402 2862 2488 2899 par-

1423 2903 1624 2941 ticulariter
1644 2910 1796 2952 sumpto
1826 2902 1967 2952 aliquid
1991 2903 2202 2940 affirmatur
2227 2903 2290 2940 vel
2319 2910 2488 2951 negatur,

1423 2957 1504 3006 ipse
1533 2956 1672 2994 modus
1692 2955 1920 2993 enunciandi
1947 2968 2026 2993 non
2049 2956 2164 2993 habet
2191 2955 2297 3005 quod
2324 2956 2490 2993 affirma-

1424 3010 1475 3047 tio
1506 3017 1542 3047 et
1569 3009 1717 3057 negatio
1747 3009 1819 3046 sint
1839 3009 1885 3046 de
1915 3009 2067 3046 eodem:
2088 3009 2194 3058 quod
2222 3009 2423 3059 requiritur
2440 3008 2490 3046 ad

1425 3062 1707 3112 oppositionem
1742 3061 2004 3099 affirmationis
2033 3069 2069 3099 et
2096 3062 2326 3111 negationis,
2356 3074 2489 3100 secun-

1426 3117 1518 3154 dum
1546 3115 1756 3165 praemissa
1782 3115 1813 3152 *.

1481 3170 1514 3206 3.
1536 3169 1635 3206 Dicit
1655 3181 1744 3216 ergo
1763 3168 1889 3218 primo
1910 3167 2015 3217 quod
2035 3167 2260 3215 enunciatio,
2290 3179 2389 3216 quae
2407 3166 2489 3204 uni-

1424 3222 1571 3260 versale
1600 3221 1795 3270 significat,
1820 3221 1959 3258 scilicet
1985 3220 2258 3268 universaliter,
2285 3219 2490 3270 opponitur

1426 3275 1711 3312 contradictorie
1733 3274 1778 3323 ei,
1800 3286 1898 3324 quae
1918 3286 1996 3311 non
2015 3274 2199 3323 significat
2229 3271 2490 3311 universaliter

1425 3328 1492 3365 sed
1519 3327 1810 3377 particulariter,
1839 3327 1869 3364 si
1896 3339 1974 3364 una
2002 3339 2134 3364 earum
2163 3326 2209 3364 sit
2241 3325 2488 3372 affirmativa,

1426 3381 1542 3418 altera
1559 3393 1653 3418 vero
1674 3380 1721 3418 sit
1739 3380 1913 3428 negativa
1928 3381 1947 3400 '¹
1969 3379 2064 3427 (sive
2083 3379 2306 3416 universalis
2325 3378 2371 3415 sit
2389 3377 2488 3414 affir-
2574 3422 2580 3427 ·

1427 3433 1569 3471 mativa
1589 3441 1625 3470 et
1643 3433 1875 3482 particularis
1895 3433 2080 3481 negativa,
2101 3432 2182 3470 sive
2197 3444 2219 3468 e
2238 3442 2423 3468 converso
2439 3431 2487 3476 “);
2516 3423 2636 3470 (ιὶἕὲᾙῖ
2669 3421 2733 3470 ,ζ’ξιζ

1426 3494 1468 3523 ut
1487 3499 1575 3523 cum
1596 3486 1749 3533 dicitur,
1770 3486 1890 3523 omnis
1921 3487 2034 3522 homo
2062 3491 2117 3522 est
2131 3484 2249 3530 albus,
2270 3495 2344 3520 non
2369 3482 2490 3519 omnis
2517 3481 2557 3523 ἕὲα
2567 3480 2729 3523 ἰιι-ἷῗέ””’“’

1426 3540 1538 3576 homo
1567 3545 1621 3576 est
1636 3539 1761 3576 albus:
1780 3539 1855 3575 hoc
1883 3538 1986 3575 enim
2005 3537 2110 3586 quod
2139 3537 2236 3585 dico,
2261 3547 2335 3573 non
2355 3535 2488 3581 omnis,

2516 2868 2526 2878 '
2535 2866 2571 2889 Cf.
2578 2867 2630 2889 lect.
2641 2872 2726 2895 praee.y

2516 2899 2540 2915 n.
2551 2899 2580 2922 ¹3·

2517 3132 2526 3143 ·
2534 3131 2596 3153 Lect.
2606 3136 2638 3158 tx,
2647 3137 2670 3152 n.
2679 3131 2700 3153 8.

2516 3397 2525 3406 ·
2535 3401 2590 3418 Aac:
2610 3397 2634 3418 et
2650 3395 2727 3418 atem
