2548 4192
193 278 285 304 CCCX

260 346 296 376 II.
317 358 331 373 «
345 345 467 375 Eadem
491 344 589 374 ferme
609 343 671 374 fata
687 343 805 385 (inquit
827 341 984 383 Zornius)
999 341 1110 372 habuit
1128 341 1269 371 Ioannes

192 404 208 419 w
240 390 398 420 Wesselus
422 389 619 425 Hermanni,
636 388 691 428 qui
716 395 746 418 et
768 388 913 417 Basilius
933 386 1124 425 cognomine
1146 385 1268 415 Grans-

195 449 210 463 ι,
225 435 365 476 fortius,
390 441 482 473 gente
507 433 591 462 friso.
612 433 639 462 Is
666 432 762 467 enim,
781 442 855 461 cum
885 431 944 460 soli
969 430 1146 469 Scripturae
1171 429 1268 459 fidem

196 492 210 506 ι·
234 489 365 510 omnem
395 477 502 508 haberi
531 477 634 513 vellet,
665 476 804 514 neglecta
834 476 863 505 T
866 475 999 511 homae,
1031 483 1129 514 quem
1158 473 1191 503 in
1222 474 1267 503 di-

196 536 211 551 »
234 523 392 564 sputando
424 521 549 561 saepius
579 520 669 550 flocci
694 519 817 557 fecerat,
853 518 1048 555 auctoritate,
1079 517 1159 557 ignis
1188 517 1268 557 peri-

196 581 211 595 »
235 568 343 598 culum
369 566 455 602 adiit,
481 566 582 594 donec
607 564 691 603 apud
718 563 918 593 Gerhardum
941 562 1104 592 Eltenium
1130 569 1161 592 et
1183 562 1268 592 laco-

196 625 210 639 ,
231 613 310 642 bum
334 611 546 651 Sprengerum
570 618 607 638 ex
623 607 743 638 Ordine
766 607 1021 637 Praedicatorum
1045 606 1267 646 inquisitores,

197 670 212 684 »
235 666 353 686 errores
369 655 511 689 eiuraret,
527 652 717 691 veniamque
732 651 930 690 impetrasset
942 663 970 680 ».
982 651 1033 680 Ad
1049 660 1170 680 annum
1186 659 1267 691 1479

194 700 360 739 negotium
384 703 519 737 spectat:
540 706 606 736 quo
631 695 815 734 Moguntiae
840 695 922 735 typis
947 705 1060 724 excusa
1083 695 1269 734 prodierunt

194 744 368 775 Paradoxa
392 743 434 771 D.
460 741 594 770 Ioannis
622 740 661 770 de
698 739 855 775 Wesalia,
880 749 1051 769 sacrarum
1085 739 1267 769 litterarum

194 789 333 819 doctoris
367 796 407 816 ac
440 785 674 815 concionatoris
711 784 965 820 wormatiensis,
1001 793 1075 813 cum
1107 783 1270 813 Examine

194 831 379 872 magistrali
403 829 543 860 eiusdem
569 828 704 858 Ioannis
727 828 766 858 de
798 828 944 858 Wesalia.
971 827 1070 858 Novis
1101 827 1185 868 typis
1209 827 1268 857 im-

193 886 299 917 pressa
332 876 481 914 leguntur
513 873 599 913 apud
623 872 836 903 Orthavinum
866 872 1011 902 Gratium
1044 872 1076 902 in
1100 872 1268 902 Fasciculo

195 930 303 951 rerum
334 918 608 959 expetendarum,
640 917 795 947 Coloniae
828 926 913 946 anno
948 917 1041 953 1535,
1076 923 1106 946 et
1130 916 1268 946 Londini

194 964 267 995 anni
291 964 384 1003 1690,
402 970 432 992 et
449 963 534 1002 apud
550 962 799 1000 Dargentraeum
814 971 899 990 anno
921 961 1002 1000 1629
1022 960 1055 990 in
1071 960 1269 991 Collectione

193 1008 385 1039 iudiciorum
411 1007 449 1036 de
473 1006 564 1036 novis
593 1006 761 1036 erroribus.
788 1005 1012 1035 Animadverte
1035 1005 1068 1035 in
1092 1005 1141 1034 his
1165 1005 1268 1034 omni-

194 1055 253 1084 bus
269 1051 462 1082 editionibus
478 1051 634 1081 Ioannem
651 1050 691 1080 de
714 1050 851 1080 Wesalia
868 1050 984 1079 vocari:
996 1059 1093 1090 quern
1109 1060 1129 1079 a
1145 1049 1269 1079 Ioanne

201 1097 337 1127 Wesselo
360 1096 565 1132 Hermanni‚
591 1094 667 1124 alias
690 1095 814 1124 Basilio
840 1094 1048 1134 Gransfortio
1073 1093 1267 1133 distinguen-

195 1143 273 1172 dum
297 1141 384 1171 iubet
399 1140 591 1170 Guillelmus
615 1139 701 1169 Cave
734 1138 767 1168 in
800 1138 938 1168 editione
963 1138 1149 1169 Coloniensi
1180 1138 1268 1168 Allo-

194 1187 331 1225 brogum
361 1194 454 1226 1720,
479 1190 509 1213 et
532 1193 714 1224 anonymus
738 1183 770 1212 in
794 1182 887 1212 Notis
911 1183 950 1212 ad
975 1182 1183 1212 novissimam
1205 1182 1268 1212 edi-

194 1231 325 1261 tionem.
355 1228 441 1266 Quid
465 1228 562 1258 hocce
587 1228 625 1257 de
650 1227 779 1266 negotio
809 1226 939 1256 senserit
971 1227 1038 1266 ipse
1062 1227 1207 1265 Gratius,
1232 1237 1289 1257 ex>

195 1275 262 1305 eius
278 1274 420 1313 Epistola
437 1272 565 1312 profero
582 1272 625 1302 ad
639 1272 788 1302 lectorem
809 1272 1021 1311 apologetica,
1038 1281 1120 1311 quae
1136 1271 1168 1300 in
1185 1271 1268 1301 calce

195 1317 407 1350 Londinensis
424 1317 571 1347 editionis
588 1323 718 1356 prostat.
740 1330 752 1343 κ
767 1315 854 1352 Quid
870 1316 998 1345 tandem
1013 1316 1052 1345 de
1063 1316 1180 1345 Ioanne
1191 1316 1269 1346 We-

197 1375 210 1389 »
235 1362 358 1393 saliensi
383 1361 534 1400 theologo
560 1358 724 1391 dicemus?
744 1360 894 1389 Humana
918 1366 1000 1389 certe
1020 1366 1159 1389 creatura
1176 1366 1206 1390 et
1222 1360 1268 1390 in-

197 1420 211 1434 ,
234 1414 390 1437 veteratus
407 1405 590 1436 silicernius.
609 1405 717 1444 ltaque
741 1414 819 1444 quas
843 1403 969 1443 putidas
987 1403 1040 1433 ille
1060 1403 1192 1443 protulit
1210 1414 1268 1434 vo-

198 1464 211 1478 »
236 1452 344 1488 micas,
370 1450 598 1481 condemnatae
622 1455 704 1479 sunt.
732 1448 919 1478 Geronticos
950 1447 1036 1477 enim
1059 1448 1092 1477 in
1117 1448 1268 1478 omnibus

197 1508 211 1523 ³·
235 1496 388 1536 loquitur,
413 1494 614 1524 senecionem
638 1502 705 1523 sese
729 1492 875 1528 delirum,
899 1501 935 1521 ac
959 1492 1103 1522 vetulum
1127 1492 1268 1522 indicans

198 1552 212 1567 ι
236 1541 441 1571 insensatum.
460 1538 562 1569 Cuius
579 1537 673 1567 etiam
690 1537 794 1573 verba,
811 1535 989 1575 germanice
1005 1537 1044 1566 ab
1063 1536 1178 1566 eodem
1194 1547 1269 1576 pro-

197 1596 212 1611 »
236 1586 312 1622 lata,
330 1584 355 1614 si
379 1584 460 1613 iusta
483 1583 571 1612 lance
595 1580 853 1621 ponderavimus,
869 1580 1071 1610 temerarium
1095 1580 1191 1610 fuisse
1210 1581 1269 1611 ho-

198 1641 212 1655 »
236 1629 377 1664 minem,
402 1637 498 1657 nemo
523 1636 588 1656 non
613 1631 793 1665 cognoscet.
821 1625 1025 1664 Quapropter
1047 1624 1080 1654 in
1104 1625 1268 1664 sempiter-

198 1687 213 1702 ι
237 1683 316 1704 num
340 1672 468 1702 illorum
493 1671 628 1700 dedecus
653 1677 683 1700 et
706 1669 738 1699 in
763 1670 924 1699 bonorum
953 1669 1101 1699 omnium
1125 1669 1268 1700 aedifica-

198 1731 213 1746 »
237 1718 358 1748 tionem
382 1715 544 1746 convictae
560 1722 590 1744 et
605 1714 833 1744 condemnatae
858 1714 1046 1743 eorumdem
1069 1713 1212 1745 haereses
1236 1714 1267 1745 in

198 1775 213 1790 »
236 1762 379 1792 medium
403 1760 617 1800 proferuntur.
641 1771 654 1784 »
679 1759 846 1795 Quaenam
871 1757 987 1788 suerint
1015 1758 1157 1788 haereses
1181 1759 1268 1797 istae,

195 1806 314 1847 profert
338 1804 530 1835 Guillelmus
554 1803 657 1834 Cave:
682 1818 694 1831 ι
708 1803 735 1832 Ε
759 1802 881 1842 scriptis
904 1802 1001 1839 illius,
1025 1803 1191 1842 inquiens,
1217 1813 1268 1834 ex-

197 1863 210 1877 »
235 1850 331 1890 cerpti
356 1859 475 1879 errores
499 1848 531 1878 in
555 1847 699 1878 medium
723 1853 797 1877 sunt
821 1846 945 1886 prolati.
975 1846 1023 1877 De
1047 1847 1156 1886 regula
1178 1847 1267 1878 fidei:

198 1908 212 1922 »
237 1895 316 1925 nihil
340 1894 423 1923 enim
448 1893 641 1923 credendum
666 1901 735 1922 esse
758 1891 872 1928 voluit,
897 1891 983 1931 quod
1006 1892 1038 1921 in
1062 1901 1159 1922 sacra
1182 1892 1269 1923 Scri-

197 1951 211 1966 »
230 1944 331 1980 ptura
367 1947 429 1968 non
463 1937 630 1967 habeatur.
666 1936 714 1966 De
738 1935 941 1966 sacramento
974 1935 1209 1967 Eucharistiae:
1235 1938 1268 1967 in

197 1996 211 2010 »
236 1993 298 2024 quo
320 1982 532 2018 ‚substantiam
559 1982 659 2022 panis
688 1990 820 2010 manere
851 1979 994 2010 credidit.
1031 1980 1079 2010 De
1103 1980 1269 2021 indulgen-

198 2041 212 2056 »
236 2028 305 2059 tiis:
330 2036 411 2067 quas
435 2036 556 2066 parum
581 2025 779 2065 approbavit.
806 2025 854 2054 De
877 2023 1015 2055 Concilii
1031 2024 1191 2055 Generalis
1214 2036 1270 2056 au-

198 2086 212 2100 ,
237 2072 395 2103 ctoritate:
425 2080 521 2111 quam
547 2069 723 2110 fallibilem
756 2078 824 2099 esse
852 2069 969 2099 docuit.
996 2069 1044 2099 De
1068 2070 1270 2109 processione

199 2129 213 2144 2
237 2116 371 2156 Spiritus
389 2114 502 2145 sancti:
520 2124 615 2154 quam
628 2114 722 2150 Filio,
733 2123 836 2154 aeque
849 2123 889 2143 ac
898 2113 990 2144 Patri
1005 2113 1114 2144 deberi
1127 2116 1269 2155 negavit.

198 2173 211 2188 ³·
236 2162 348 2200 Deque
381 2159 449 2189 aliis
482 2158 661 2197 theologiae
695 2158 816 2198 placitis
850 2167 948 2198 quam
981 2157 1135 2198 plurimis.
1164 2159 1270 2189 Hosce

197 2217 211 2231 »
235 2203 364 2246 (pergit
389 2202 494 2244 Cave)
520 2202 662 2243 primum
692 2202 839 2233 tuebatur
869 2202 1033 2232 Wesselus
1057 2201 1270 2245 (Wesalius):

198 2262 212 2277 ι
237 2259 311 2280 cum
335 2258 410 2278 vero
434 2247 542 2287 ignem
565 2247 604 2277 ab
629 2246 873 2287 Inquisitoribus
897 2246 1043 2277 intentari
1067 2247 1210 2285 sentiret,
1231 2248 1272 2278 ad

197 2307 212 2321 »
235 2293 430 2334 palinodiam
441 2291 610 2322 descendit.
624 2291 761 2322 Maxime
778 2291 809 2321 id
820 2290 980 2331 displicuit
997 2291 1154 2331 theologis
1164 2292 1271 2332 magni

198 2351 211 2364 »
233 2337 373 2368 nominis
395 2336 587 2377 quibusdam
603 2335 816 2366 Academicis:
831 2347 844 2361 2·
868 2335 923 2376 qui
948 2345 1063 2376 nempe
1087 2336 1159 2376 plus
1183 2336 1272 2367 iuxto

196 2382 341 2413 Wesalio
363 2381 517 2411 favebant.
534 2383 584 2410 An
602 2380 678 2410 haec
697 2379 777 2410 inter
795 2379 880 2410 varia
899 2379 1125 2420 theologorum
1147 2381 1272 2420 placita,

196 2436 278 2468 quae
302 2425 450 2465 utrinque
474 2435 532 2464 pro
556 2424 646 2454 libito
666 2424 871 2461 sustinentur,
888 2424 1100 2455 numeraverit
1115 2423 1272 2456 Zornius?

267 2471 318 2501 111.
350 2470 525 2500 «Thomae
549 2468 732 2498 adversariis
757 2468 941 2508 aliquandiu
966 2469 1125 2509 oppressis
1155 2469 1272 2510 (verba

200 2528 215 2542 ν
239 2516 307 2546 eius
329 2512 424 2555 sunt)
450 2513 499 2543 vel
522 2513 555 2543 in
579 2513 725 2542 ordinem
749 2513 860 2542 saltem
884 2513 1018 2550 coactis,
1042 2513 1127 2543 idem
1151 2514 1273 2545 Doctor

201 2571 214 2586 n
238 2559 410 2598 Angelicus
434 2564 464 2588 et
492 2557 710 2596 irrefragabilis
734 2557 773 2586 ad
797 2554 1037 2593 θεοπνευστίας
1072 2565 1198 2588 evectus
1226 2565 1273 2589 est

201 2616 215 2631 ι
239 2603 376 2634 culmen.
393 2615 405 2628 ιο
425 2602 513 2632 Tum
530 2601 622 2631 refert
638 2601 691 2631 ille
707 2601 869 2639 miracula,
885 2602 1034 2639 visiones,
1054 2602 1271 2639 revelationes,

199 2658 281 2688 quae
305 2648 344 2677 ad
369 2645 633 2686 approbationem
650 2645 810 2676 doctrinae
826 2645 923 2676 sancti
947 2646 1095 2676 Thomae
1118 2653 1271 2686 spectant:

200 2692 341 2732 itemque
374 2691 597 2721 Romanorum
629 2689 822 2720 Pontificum
854 2690 956 2729 elogia
979 2690 1011 2719 in
1035 2690 1156 2728 Bullis,
1180 2690 1272 2721 Ordi-

199 2746 279 2767 num
302 2736 386 2775 leges
410 2742 440 2765 et
464 2734 717 2771 constitutiones,
742 2744 778 2764 ac
802 2733 1054 2764 Salmanticensis
1083 2734 1272 2765 Academiae

199 2780 420 2811 iusiurandum
444 2789 502 2819 pro
527 2778 658 2808 tutanda
681 2778 828 2808 Thomae
861 2778 1046 2808 auctoritate
1070 2779 1272 2818 propositum

200 2832 230 2856 et
254 2825 416 2855 emissum.
443 2823 529 2854 Cum
546 2822 678 2853 homine
697 2822 892 2852 heterodoxo
912 2832 979 2852 non
999 2822 1116 2861 egerim
1138 2832 1213 2862 ego,
1237 2829 1273 2853 ut

200 2869 280 2910 piis,
305 2878 386 2909 quae
415 2874 599 2904 narrantur,
624 2866 762 2897 historiis
794 2866 889 2896 fidem
921 2866 1087 2897 conciliem
1111 2876 1146 2896 ac
1170 2867 1272 2906 elogia

199 2914 356 2943 vindicem
382 2913 605 2943 Romanorum
624 2910 826 2942 Pontificum.
846 2910 1003 2942 Uberrimi
1022 2911 1080 2941 hac
1097 2911 1134 2941 de
1151 2921 1184 2941 re
1200 2921 1272 2951 pro-

200 2958 325 2988 dierunt
353 2964 510 2987 tractatus.
537 2955 669 2995 Egregie
702 2962 839 2996 spartam
871 2955 952 2985 hanc
984 2954 1107 2986 ornavit
1137 2955 1272 2986 Ioannes

200 3012 218 3032 a
242 3013 265 3032 s.
286 3002 416 3032 Thoma
439 3001 471 3031 in
496 3006 627 3031 tractatu
645 3000 695 3030 De
713 3000 943 3040 approbatione
957 3005 987 3030 et
1001 3000 1196 3030 auctoritate
1217 3000 1272 3030 do-

200 3047 325 3077 ctrinae
347 3046 525 3086 Angelicae
555 3045 621 3075 divi
649 3045 804 3081 Yhomae,
836 3043 892 3084 qui
921 3050 1013 3074 tomo
1037 3044 1048 3074 1
1073 3044 1271 3084 Theologiae

200 3090 391 3130 praemissus
425 3095 564 3130 prostat,
598 3098 633 3119 ac
665 3088 798 3119 seorsim
831 3088 925 3118 etiam
961 3087 1078 3128 prodiit
1110 3090 1272 3128 Augustae

201 3134 370 3170 Ubiorum,
387 3134 470 3174 typis
488 3132 614 3164 loannis
628 3132 741 3163 Busaei
757 3143 842 3163 anno
863 3132 955 3163 1658.
971 3133 1083 3173 Neque
1098 3139 1204 3163 tamen
1219 3143 1272 3163 so-

201 3178 285 3208 dales
302 3188 337 3208 ac
354 3178 499 3217 discipuli
516 3177 715 3207 somniarunt
733 3187 900 3217 umquam,
911 3177 955 3207 ad
973 3177 1099 3207 culmen
1117 3173 1273 3208 θεοπνευ-

201 3223 300 3258 στίας
325 3227 465 3253 evectum
480 3221 591 3263 fuisse
614 3221 801 3260 magistrum
825 3231 930 3251 suum.
952 3221 1085 3252 Laudati
1110 3221 1236 3252 loannis
1255 3232 1274 3252 a

201 3278 226 3298 s.
244 3267 372 3297 Thoma
396 3266 548 3297 sententia
565 3273 610 3296 est
625 3265 706 3305 disp.
723 3275 750 3303 1„
765 3272 812 3296 art
825 3275 858 3296 111
880 3266 962 3296 Dico
986 3267 1096 3297 tertio:
1118 3266 1273 3297 Doctores

203 3311 395 3348 catholicos,
428 3311 483 3351 qui
510 3312 580 3341 sine
603 3311 814 3340 irreverentia
849 3310 899 3340 vel
924 3315 1124 3350 contemptu,
1147 3310 1205 3341 sed
1231 3320 1274 3341 ex

201 3356 266 3386 alio
286 3357 402 3386 motivo
425 3355 491 3385 divi
519 3355 657 3384 Thomae
680 3354 859 3385 doctrinam
876 3354 1028 3385 deserunt
1052 3359 1083 3385 et
1105 3355 1204 3385 aliam
1223 3364 1272 3386 se-

202 3405 347 3440 quuntur
370 3400 464 3430 etiam
489 3400 684 3439 oppositam,
711 3399 834 3429 nullam
859 3408 1028 3429 censuram
1059 3399 1195 3430 mereri:
1217 3399 1274 3430 sed

205 3453 460 3484 unumquemque
484 3445 516 3473 in
540 3453 636 3474 sensu
660 3452 719 3473 suo
737 3453 834 3483 posse
856 3443 1033 3480 abundare,
1054 3444 1137 3474 sicut
1159 3443 1274 3474 Scotus

204 3488 235 3517 in
261 3489 369 3518 multis
399 3488 464 3518 divi
492 3488 631 3518 Thomae
662 3487 841 3518 doctrinam
875 3488 1098 3528 impugnavit,
1126 3488 1184 3519 sed
1214 3488 1274 3518 hoc

204 3541 275 3561 cum
300 3541 420 3572 magna
444 3532 597 3562 modestia
622 3537 652 3562 et
676 3532 766 3562 nulla
791 3533 1014 3569 irreverentia,
1036 3532 1106 3563 sola
1129 3532 1272 3573 disputa-

205 3576 300 3611 tione,
318 3576 415 3606 nullis
433 3577 507 3610 aliis
527 3576 630 3606 verbis
643 3585 756 3615 agens.
775 3576 861 3606 Haec
880 3576 1016 3606 Zornius
1034 3575 1199 3616 ignorabat
1217 3582 1274 3607 aut

205 3618 413 3649 dissimulavit
436 3626 516 3650 certe
540 3620 580 3649 ad
602 3619 754 3650 invidiam
778 3619 990 3651 conflandam.

922 261 1383 300 DISSERTATIONES
1412 262 1662 300 CRITICAE

1392 342 1444 373 1v.
1470 343 1636 380 Quorsum
1668 352 1744 373 vero
1778 342 1855 374 haec
1888 341 2015 374 omnia?
2047 357 2060 372 κ
2087 344 2272 383 Quaeretis,
2306 345 2399 376 amici

1326 398 1341 412 ι)
1364 387 1490 426 optimi,
1516 385 1657 428 (inquit)
1682 387 1761 427 quid
1784 387 1926 418 utilitatis
1951 398 1987 418 ex
2016 388 2078 419 hoc
2101 396 2336 428 programmate
2359 390 2399 419 ad

1326 442 1340 457 »
1363 441 1421 461 vos
1445 438 1542 471 queat
1564 429 1760 461 redundare?
1783 432 1965 470 Nimirum,
1990 442 2064 463 cum
2097 440 2220 463 constet
2252 443 2289 463 ex
2316 434 2399 464 Petri

1326 487 1341 502 ι»
1365 475 1403 505 de
1427 475 1509 505 Alva
1532 482 1562 505 et
1587 478 1721 515 Astorga
1744 475 1837 513 libro,
1862 476 2033 515 miraculis,
2056 477 2233 507 visionibus
2259 484 2290 508 et
2312 487 2399 508 reve-

1327 531 1341 546 »
1363 519 1536 550 lationibus
1559 529 1618 559 pro
1634 526 1743 550 sancto
1763 520 1892 550 Thoma
1907 521 2006 551 allatis
2030 522 2152 552 nullam
2172 521 2268 552 fidem
2292 522 2399 552 haberi

1327 576 1340 590 »
1364 573 1382 593 a
1405 563 1676 594 Franciscanis...
1693 574 1759 594 non
1783 564 1937 604 indignari
1955 565 2048 595 nobis
2071 576 2166 606 posse
2190 576 2399 607 quemquam,

1327 619 1340 634 ³·
1364 607 1390 637 si
1413 608 1618 648 scriptoribus
1634 607 1808 638 Pontificiis
1833 609 1995 647 miracula,
2019 609 2157 640 visiones
2181 617 2212 640 et
2234 611 2399 641 revelatio-

1327 664 1341 678 »
1364 661 1419 682 nes
1436 652 1468 682 in
1485 652 1629 682 medium
1654 652 1883 683 adducentibus
1907 653 2029 683 nullam
2045 653 2142 684 fidem
2161 655 2294 694 po'sthac
2310 665 2398 695 prae-

1325 707 1340 722 »
1363 696 1536 726 buerimus.
1564 697 1672 733 Quam
1695 696 1790 734 fluxa,
1815 697 1975 738 dubiaque
1999 705 2030 728 et
2053 698 2202 739 ambigua
2231 699 2293 729 sint
2315 700 2399 729 Pon-

1327 752 1340 767 »
1363 739 1486 770 tificum
1510 740 1622 778 edicta,
1641 740 1763 779 Bullae,
1782 741 1893 771 Brevia
1917 748 1947 772 et
1970 741 2143 782 privilegia,
2160 753 2197 774 ex
2219 743 2256 773 iis
2280 753 2398 783 magno

1326 797 1340 811 x
1364 794 1499 814 numero
1524 785 1610 824 apud
1633 785 1749 814 Alvam
1781 785 1930 825 utrinque
1963 786 2082 824 citatis,
2107 786 2225 818 affatim
2249 797 2400 827 apparere

1326 841 1340 856 ιι
1364 829 1540 859 credimus.
1553 851 1561 858 .
1574 851 1582 858 .
1603 828 1664 859 Sed
1688 829 1852 859 mittamus
1871 829 1953 859 Petri
1983 831 2021 859 de
2045 831 2126 860 Alva
2149 838 2180 862 et
2202 833 2338 871 Astorga
2360 832 2398 862 li-

1327 886 1340 901 »
1364 874 1474 903 brum:
1490 872 1615 902 varium
1634 872 1720 902 enim
1744 873 1887 903 eiusdem
1906 883 2003 903 usum
2027 884 2093 904 esse
2111 875 2268 907 videmus.
2282 889 2297 903 x
2318 876 2399 913 Quis

1324 927 1481 958 umquam
1505 917 1687 947 credidisset
1701 916 1788 947 hunc
1812 917 1948 957 denique
1968 917 2066 948 finem
2081 921 2324 959 programmati
2339 921 2398 950 im-

1324 962 1513 1002 ponendum
1546 961 1634 998 fore,
1658 961 1699 991 de
1722 962 1815 992 varia
1837 961 1974 1000 fortuna
2006 972 2032 992 s.
2064 963 2204 993 Thomae
2228 964 2402 1004 Aquinatis

1325 1008 1356 1036 in
1390 1007 1507 1037 scholis
1538 1003 1801 1046 Pontificiorum?
1834 1006 1963 1036 Fatetur
1994 1006 2131 1036 Zornius
2164 1008 2292 1038 varium
2324 1007 2396 1038 libri

1323 1051 1406 1081 Petri
1430 1051 1468 1080 de
1492 1050 1573 1080 Alva
1589 1057 1620 1080 et
1635 1052 1772 1089 Astorga
1788 1060 1881 1080 usum
1899 1058 1987 1081 esse:
2002 1058 2198 1092 noveratque
2217 1061 2254 1082 ex
2270 1052 2315 1083 10.
2332 1054 2399 1082 An-

1324 1096 1397 1125 drea
1421 1094 1584 1125 Schmidio
1616 1094 1802 1134 scriptorem
1826 1094 1924 1125 istum
1942 1095 2049 1126 studio
2073 1097 2220 1135 partium
2245 1095 2399 1137 infectum

1324 1139 1479 1180 opuscula
1503 1139 1701 1169 elucubrasse
1726 1138 1758 1169 in
1783 1149 1806 1169 s.
1824 1139 1998 1169 Thomam.
2017 1140 2098 1177 Quis
2118 1150 2193 1180 ergo
2217 1150 2284 1171 non
2308 1140 2400 1171 mire-

1323 1191 1385 1221 tur,
1410 1194 1509 1214 unam
1533 1183 1676 1214 eiusdem
1699 1183 1781 1213 Petri
1806 1183 1844 1213 de
1868 1184 1949 1214 Alva
1972 1190 2002 1214 et
2025 1186 2162 1224 Astorga
2180 1185 2401 1216 auctoritatem

1323 1228 1423 1259 afferri
1447 1228 1487 1258 ad
1511 1228 1696 1258 elevandam
1726 1228 1955 1258 miraculorum
1978 1227 2076 1258 fidem
2099 1235 2131 1259 et
2157 1228 2340 1267 visionum,
2364 1240 2399 1260 ac

1323 1272 1565 1309 revelationum,
1589 1282 1671 1313 quae
1695 1282 1753 1312 pro
1778 1279 1887 1303 sancto
1912 1272 2042 1302 Thoma
2065 1271 2285 1304 adducuntur?
2309 1274 2402 1305 Subit

1324 1317 1419 1348 etiam
1442 1317 1579 1355 miratio,
1603 1317 1828 1347 Romanorum
1850 1316 2044 1347 Pontificum
2069 1317 2244 1357 diplomata
2267 1318 2401 1357 traduci,

1323 1361 1421 1392 veluti
1436 1362 1539 1401 fluxa
1564 1366 1594 1391 et
1617 1361 1772 1402 ambigua
1791 1361 1833 1391 ob
1851 1371 1898 1398 ea,
1913 1371 1995 1401 quae
2015 1372 2136 1402 magno
2156 1372 2290 1392 numero
2313 1362 2402 1403 apud

1323 1407 1438 1436 Alvam
1464 1407 1616 1446 utrinque
1638 1407 1791 1436 citantur.
1812 1406 1975 1436 Pollicitus
1999 1413 2064 1436 erat
2086 1406 2234 1444 Zornius,
2254 1417 2321 1437 non
2345 1406 2401 1438 ad-

1325 1450 1498 1480 missurum
1521 1459 1554 1480 se
1578 1449 1660 1479 Petri
1679 1450 1719 1480 de
1742 1449 1823 1480 Alva
1847 1457 1878 1480 et
1900 1452 2036 1490 Astorga
2059 1450 2201 1487 adserta,
2225 1451 2285 1481 nisi
2309 1451 2399 1491 priua

1324 1494 1368 1524 ad
1391 1495 1536 1524 veritatis
1559 1494 1684 1524 lancem
1708 1494 1881 1535 exigenda.
1897 1497 1940 1524 At
1959 1504 2073 1532 unum,
2090 1501 2126 1525 ut
2149 1495 2254 1533 video,
2271 1495 2402 1527 Petrum

1324 1538 1417 1569 illum
1439 1537 1644 1578 transcripsit,
1661 1537 1806 1568 instituto
1830 1538 1921 1569 nullo
1946 1539 2101 1576 examine,
2121 1549 2226 1580 neque
2245 1539 2402 1580 oppositis

1324 1582 1468 1613 vindiciis
1491 1581 1647 1619 indicatis,
1671 1592 1751 1622 quas
1777 1582 1969 1622 expenderit,
1994 1593 2053 1623 pro
2077 1583 2206 1614 Thoma
2228 1583 2400 1624 Aquinate.

1325 1627 1387 1658 Fac
1418 1636 1494 1657 vero
1528 1626 1719 1656 miraculum
1752 1626 1903 1667 aliquod,
1937 1633 1992 1657 aut
2023 1627 2113 1657 aliud
2143 1627 2311 1668 quidpiam
2345 1637 2404 1668 pro

1324 1671 1454 1702 Thoma
1482 1670 1654 1710 allegatum
1684 1670 1796 1700 validis
1829 1671 2022 1710 argumentis
2051 1671 2188 1702 dubium
2211 1671 2322 1702 fecisse
2344 1672 2404 1703 Pe-

1325 1722 1410 1746 trum
1440 1715 1479 1745 de
1509 1715 1590 1745 Alva
1621 1721 1651 1745 et
1679 1717 1832 1754 Astorga:
1862 1725 1902 1745 an
1933 1715 2006 1746 inde
2039 1715 2245 1756 consequitur
2276 1716 2402 1747 hetero-

1325 1760 1415 1791 doxis
1438 1759 1624 1790 hominibus
1648 1769 1714 1789 non
1733 1759 1984 1799 indignandum,
2007 1761 2037 1790 si
2054 1760 2264 1801 scriptoribus
2291 1761 2402 1792 Ponti-

1314 1805 1406 1847 ficiis
1429 1804 1600 1840 miracula,
1626 1805 1764 1835 visiones
1787 1809 1817 1834 et
1840 1805 2052 1835 revelationes
2075 1805 2108 1835 in
2134 1805 2273 1836 medium
2297 1804 2400 1836 addu-

1325 1849 1468 1880 centibus
1491 1848 1614 1878 nullam
1638 1848 1742 1889 fidem
1771 1848 1977 1888 praebeant?
1999 1848 2079 1879 Mira
2103 1855 2134 1879 et
2157 1849 2267 1880 insana
2289 1849 2399 1880 Zornii

1325 1892 1497 1924 Lutherani
1521 1891 1701 1923 dialectica!
1736 1891 1824 1922 Nihil
1847 1902 1922 1932 ergo
1941 1902 2057 1932 anceps
2082 1893 2214 1924 dixerim
2234 1903 2295 1934 ego
2319 1893 2400 1925 nihil

1325 1938 1472 1969 utilitatis
1496 1947 1534 1967 ex
1557 1936 1624 1967 eius
1646 1942 1914 1977 programmate,
1945 1937 2010 1967 sive
2033 1937 2074 1967 ad
2097 1937 2310 1968 heterodoxos
2334 1937 2400 1969 aive

1325 1983 1366 2013 ad
1394 1981 1588 2019 catholicos,
1618 1981 1674 2022 qui
1693 1980 1854 2012 doctrinae
1877 1980 2046 2022 Aquinatis
2069 1981 2178 2012 minus
2201 1981 2326 2021 favent,
2353 1991 2405 2013 re-

1325 2027 1475 2058 dundare
1492 2035 1598 2066 posse.

1393 2071 1431 2102 V.
1456 2070 1592 2100 Patellae
1616 2069 1754 2110 denique
1778 2079 1854 2100 suae
1876 2069 2066 2110 operculum
2089 2069 2229 2110 imponit
2251 2069 2401 2102 Zornius:

1329 2129 1343 2143 ι
1367 2116 1434 2146 Iam
1457 2115 1674 2151 observemus,
1699 2115 1856 2154 inquiens,
1880 2123 1947 2154 quo
1977 2114 2108 2144 tendant
2131 2114 2270 2145 Romani
2291 2114 2404 2147 Ponti-

1328 2172 1342 2187 »
1365 2159 1457 2191 tificis
1489 2158 1522 2189 in
1556 2158 1789 2198 componendis
1821 2157 2072 2199 definiendisque
2109 2158 2219 2190 litibus
2258 2158 2401 2191 consilia.

1329 2216 1342 2232 »
1367 2204 1509 2241 Scilicet,
1535 2213 1610 2234 cum
1634 2202 1768 2233 lansenii
1792 2209 1960 2233 sectatores
1983 2202 2121 2242 indignis
2143 2203 2249 2234 modis
2282 2202 2404 2244 ubique

1329 2262 1344 2277 »
1367 2248 1562 2289 exagitentur
1584 2258 1603 2278 a
1626 2248 1775 2278 Romano
1808 2246 1979 2278 pontifice:
2003 2246 2223 2278 Dominicanis
2252 2256 2328 2278 vero
2351 2257 2403 2279 ea—

1329 2305 1343 2321 »
1367 2294 1442 2324 dem
1465 2292 1663 2330 docentibus,
1682 2302 1757 2322 nam
1774 2291 1899 2332 utrique
1923 2298 1992 2322 tum
2011 2290 2212 2330 lansenistae,
2228 2298 2300 2322 tum
2314 2291 2404 2323 Tho-

1329 2349 1344 2365 »
1367 2337 1479 2368 mistae
1495 2336 1715 2376 Augustinum
1736 2342 1914 2377 sequuntur
1937 2336 2064 2374 ducem,
2088 2335 2181 2367 liceat
2203 2346 2271 2367 esse
2291 2335 2403 2375 salvis;

1330 2394 1343 2409 »
1367 2383 1534 2413 Romanus
1568 2380 1714 2411 Pontifex
1737 2390 1776 2411 eo
1805 2380 1875 2411 vela
1907 2380 1980 2411 dare
2013 2380 2170 2419 creditur,
2194 2390 2404 2422 quocumque

1330 2439 1344 2454 »
1367 2436 1475 2457 rerum
1498 2425 1711 2456 secundarum
1734 2424 1826 2456 flatus
1850 2424 1883 2455 in
1906 2424 1989 2462 hoc,
2012 2424 2063 2455 vel
2087 2423 2144 2455 illo
2168 2425 2404 2456 monachorum

1330 2483 1344 2500 »
1368 2470 1488 2502 Ordine
1504 2469 1676 2510 spiraverit.
1694 2469 1797 2507 Adeo,
1813 2469 1918 2510 inquit
1934 2468 2115 2500 Schmidius
2130 2468 2163 2500 in
2174 2469 2256 2500 Hist.
2272 2469 2403 2508 Bullar„

1330 2527 1344 2542 ιι
1368 2515 1450 2546 ludit
1472 2515 1551 2545 aula
1575 2515 1723 2545 Romana
1746 2513 1952 2555 dogmatibus
1970 2514 2084 2551 sacris,
2103 2523 2205 2554 eaque
2226 2513 2403 2545 secundum

1331 2572 1344 2587 »
1369 2559 1537 2590 utilitatem
1569 2568 1662 2589 suam
1696 2558 1862 2589 dimetitur
1880 2570 1908 2588 ».
1929 2557 2054 2589 Delirae
2085 2557 2200 2589 mentis
2228 2557 2305 2589 haec
2329 2563 2405 2589 aunt

1328 2610 1520 2634 commenta.
1541 2603 1615 2633 Non
1639 2602 1721 2633 ludit
1744 2602 1947 2642 dogmatibus
1971 2601 2065 2632 sacris
2088 2601 2228 2632 Ecclesia
2245 2602 2402 2633 Romana.

1327 2648 1486 2687 Dogmata
1501 2647 1575 2677 fidei
1592 2646 1739 2677 discernit
1754 2656 1772 2676 a
1786 2646 1974 2686 theologicis
1993 2646 2162 2676 doctorum
2182 2645 2404 2686 opinionibus:

1328 2701 1427 2732 eaque
1456 2691 1610 2722 credenda
1633 2690 1786 2730 proponit
1813 2700 1848 2720 ac
1871 2689 1989 2720 illibata
2020 2696 2056 2720 ut
2079 2689 2298 2720 custodiantur
2320 2689 2402 2720 invi-

1327 2735 1421 2775 gilat:
1445 2743 1481 2766 ac
1505 2735 1579 2765 istas
1611 2744 1671 2774 pro
1703 2734 1794 2764 libito
1818 2734 1984 2765 tradendas
2007 2733 2205 2774 tuendasque
2228 2733 2402 2773 permittit,

1327 2786 1439 2820 utpote
1468 2779 1575 2809 divina
1598 2778 1808 2815 revelatione,
1832 2787 1932 2818 quam
1955 2787 2041 2808 sacra
2063 2777 2164 2808 Biblia
2188 2787 2223 2808 ac
2246 2777 2404 2817 genuinae

1327 2823 1509 2854 traditiones
1529 2822 1797 2862 complectuntur,
1814 2821 1947 2852 minime
1971 2822 2118 2852 detectas.
2139 2821 2198 2852 His
2223 2821 2330 2853 innixa
2354 2822 2403 2853 in·-

1327 2867 1489 2899 concussis
1513 2867 1640 2907 regulis,
1657 2866 1784 2896 dissona
1807 2876 1888 2907 quae
1905 2866 2126 2906 producuntur
2148 2872 2179 2896 et
2202 2876 2220 2896 a
2243 2875 2401 2907 quocum-

1326 2922 1390 2953 que
1413 2912 1629 2952 procudantur
1653 2910 1723 2941 ferit
1746 2910 1944 2941 anathemate
1963 2910 2129 2950 dogmata,
2153 2910 2403 2950 superseminata

1326 2956 1447 2987 zizania
1470 2956 1625 2994 evellens,
1650 2956 1838 2996 bonumque
1870 2954 2010 2986 triticum
2039 2964 2174 2986 servans.
2203 2954 2403 2987 lanseniama

1327 3001 1430 3032 theses
1453 3001 1617 3041 reprobat,
1647 3009 1727 3040 quas
1750 2999 1840 3030 novit
1863 3009 1967 3030 sacrae
1991 2999 2169 3039 Scripturae
2192 3008 2228 3030 ac
2251 2999 2402 3031 omnium

1327 3045 1528 3076 saeculorum
1560 3045 1691 3075 Patrum
1723 3043 1892 3074 consensui
1925 3053 1962 3074 ex
1986 3043 2141 3074 diametro
2165 3049 2398 3084 repugnantes:

1327 3089 1401 3120 sinit
1431 3099 1508 3120 vero
1541 3095 1577 3120 ut
1607 3088 1640 3119 in
1673 3088 1903 3119 catholicorum
1932 3087 2048 3118 scholis
2077 3087 2190 3128 placita
2222 3087 2402 3127 theologica

1327 3134 1506 3171 tradantur,
1530 3142 1613 3174 quae
1637 3132 1760 3163 divinae
1783 3132 1899 3172 gratiae
1927 3132 2152 3163 oeconomiam
2175 3138 2207 3163 et
2229 3131 2401 3163 efficaciam

1327 3178 1370 3209 ita
1393 3184 1568 3218 exponunt,
1593 3183 1628 3208 ut
1651 3177 1737 3207 salva
1761 3176 1823 3208 sint
1846 3176 1970 3207 divinae
1993 3176 2067 3207 fidei
2091 3176 2240 3216 dogmata
2262 3176 2303 3207 de
2330 3185 2400 3216 gra-

1327 3222 1388 3253 tiae
1411 3221 1594 3253 necessitate
1617 3221 1657 3252 ad
1681 3221 1831 3252 salutares
1855 3230 1967 3252 omnes
2002 3227 2110 3258 actus,
2134 3220 2237 3261 deque
2259 3220 2401 3251 libertate

1328 3266 1454 3298 arbitrii.
1478 3266 1691 3303 Iansenistae,
1716 3265 1833 3306 inquis,
1857 3270 1888 3296 et
1910 3266 2118 3296 Dominicani
2141 3264 2251 3296 eadem
2275 3264 2399 3296 docent.

1327 3311 1439 3352 Neque
1464 3309 1609 3348 lansenii,
1629 3319 1733 3351 neque
1755 3309 1903 3340 Thomae
1926 3309 2105 3350 Aquinatis,
2125 3318 2228 3350 neque
2251 3307 2399 3339 Domini-

1328 3365 1482 3386 canorum
1515 3364 1612 3395 opera
1643 3354 1839 3391 salutaverit,
1863 3353 1919 3395 qui
1951 3353 1996 3384 sic
2020 3352 2149 3384 effutiat.
2182 3353 2327 3393 Utrique,
2351 3360 2399 3382 re-

1328 3399 1432 3440 ponis,
1457 3405 1524 3431 tum
1543 3399 1763 3436 lansenistae,
1789 3404 1855 3429 tum
1885 3398 2084 3435 Titomistae,
2108 3397 2327 3438 Augustinum
2350 3404 2399 3427 se-

1327 3449 1473 3485 quuntur
1485 3444 1609 3475 ducem.
1627 3443 1686 3474 Par
1699 3449 1780 3474 esset
1794 3449 2018 3482 argumentum
2033 3441 2112 3479 eiua,
2128 3441 2184 3482 qui
2199 3439 2399 3472 Lutberanos

1328 3495 1359 3519 et
1375 3488 1563 3519 Calvinistas
1579 3494 1610 3518 et
1624 3487 1808 3519 Catholicos
1823 3487 1934 3517 eadem
1957 3485 2072 3517 sentire
2095 3484 2308 3521 contenderet,
2325 3493 2400 3523 pro-

1328 3532 1523 3573 ptereaquod
1543 3541 1580 3563 ex
1599 3532 1718 3563 eisdem
1738 3531 1831 3562 sacris
1847 3530 2016 3571 Scripturis
2031 3539 2154 3566 ornnes„
2169 3527 2307 3568 genuina
2325 3526 2400 3558 fidei

1329 3577 1478 3617 dogmata
1500 3576 1562 3613 isti.
1582 3586 1702 3607 errores
1725 3582 1756 3606 et
1777 3575 1920 3606 haereses
1938 3574 1983 3605 illi
1999 3574 2198 3614 depromant.
2223 3571 2398 3610 Satisaero

1328 3621 1480 3652 hactenus
1503 3620 1603 3660 egisse
1627 3627 1736 3651 contra
1758 3619 1914 3650 Zornium
1933 3617 2140 3659 ineptientem
2155 3622 2186 3648 et
2201 3615 2400 3647 delirantem.
