2788 4204
80 1863 87 1870 '
98 1861 168 1883 Num.
177 1867 203 1882 n.

79 1963 87 1970 ¹
98 1962 168 1983 Num.
179 1968 201 1988 7.

323 234 393 259 100
1069 221 1187 256 PERI
1218 218 1565 255 HERMENEIAS
1595 220 1689 256 LIB.
1721 221 1751 256 11

317 300 410 332 ratim
427 299 528 344 quod,
544 308 592 332 est
605 299 707 332 homo
721 298 811 331 albus
833 298 939 337 albus,
954 309 1067 330 verum
1085 296 1172 330 dices
1190 304 1221 328 et
1235 307 1379 338 congrue

317 347 406 393 quod
427 357 475 380 est
496 347 598 387 albus,
615 356 646 380 et
667 345 849 379 secundum
874 345 948 383 hoc,
973 346 999 377 si
1024 346 1142 377 iterum
1165 343 1229 376 hoc
1253 352 1380 387 repetes

317 398 501 440 separatim,
519 408 536 429 a
552 396 684 428 veritate
705 394 803 427 simili
827 405 895 426 non
919 392 1075 431 discedes,
1093 400 1124 424 et
1148 392 1194 424 sic
1218 392 1251 424 in
1275 391 1381 424 infini-

317 454 387 477 tum
404 453 568 489 sequetur,
587 445 735 477 Socrates
752 451 800 475 est
817 442 919 474 homo
936 440 1037 480 albus,
1055 439 1157 479 albus,
1174 439 1266 472 albus
1283 441 1316 472 in
1332 441 1381 473 in-

317 493 457 526 finitum.
476 492 587 526 Simile
605 491 694 536 quod
711 490 893 524 ostenditur
914 491 947 522 in
971 489 1035 522 alio
1060 488 1222 532 exemplo.
1249 489 1283 522 Si
1308 490 1380 533 quis

318 542 357 576 de
375 542 507 574 Socrate
531 540 615 574 dicat
632 539 732 584 quod,
746 548 794 572 est
810 539 967 577 musicus,
985 537 1088 577 albus,
1106 537 1287 578 ambulans,
1305 549 1381 570 cum

318 591 422 635 possit
452 599 484 622 et
507 589 679 632 separatim
708 587 813 620 dicere
838 585 939 630 quod,
964 594 1013 619 est
1036 587 1201 625 musicus,
1225 595 1257 618 et
1280 585 1381 630 quod,

318 647 366 672 est
390 638 492 678 albus,
516 646 547 670 et
567 636 667 681 quod,
684 644 731 668 est
755 634 941 674 ambulans;
966 644 1132 679 sequetur,
1158 635 1308 668 Socrates
1333 644 1382 668 est

317 688 480 727 musicus,
505 685 614 725 albus,
632 683 818 723 ambulans,
835 684 992 723 musicus,
1017 683 1120 722 albus,
1141 683 1322 716 ambulans.
1340 684 1381 717 Et

318 737 393 780 quia
416 736 537 779 pluries
561 734 745 778 separatim,
768 734 802 766 in
826 732 944 766 eodem
967 741 1077 765 tamen
1101 740 1260 775 tempore,
1277 743 1381 765 enun-·

318 786 392 817 ciari
417 792 535 828 potest,
560 781 706 826 procedit
729 783 865 825 nugatio
890 782 960 814 sine
984 780 1059 814 fine.

383 831 511 865 Deinde
543 830 674 864 deducit
698 830 738 863 ad
767 830 958 874 implicitam
989 831 1222 874 nugationem‚
1251 830 1380 870 dicens,

318 893 393 915 cum
425 880 464 913 de
501 880 633 913 Socrate
656 891 732 912 vere
761 879 825 912 dici
854 880 959 924 possit
987 880 1160 923 separatim
1193 878 1300 923 quod,
1333 888 1382 912 est

317 930 438 968 homo,
462 938 494 961 et
518 927 618 972 quod,
651 937 699 961 est
726 927 837 972 bipeS,
861 929 888 961 si
913 929 1115 961 coniunctim
1147 927 1262 961 inferre
1286 927 1380 968 licet,

317 986 471 1023 sequetur
494 977 595 1022 quod,
621 977 770 1010 Socrates
795 977 836 1009 sit
859 976 963 1010 homo
987 976 1089 1021 bipes.
1114 976 1180 1010 Ubi
1204 985 1250 1010 est
1275 976 1382 1020 impli-

318 1027 379 1059 cita
406 1026 553 1069 nugatio.
578 1026 675 1069 Bipes
700 1025 788 1058 enim
812 1025 1077 1070 circumloquens
1095 1025 1310 1058 differentiam
1327 1025 1383 1058 ho-

316 1076 414 1108 minis
427 1083 498 1107 actu
517 1083 549 1107 et
565 1073 730 1107 intellectu
747 1073 908 1107 clauditur
924 1075 957 1107 in
974 1074 1118 1107 hominis
1134 1075 1270 1107 ratione.
1285 1073 1382 1107 Unde

317 1123 473 1169 ponendo
497 1123 572 1156 loco
597 1123 740 1156 hominis
765 1135 859 1156 suam
882 1124 1043 1156 rationem
1067 1123 1179 1168 (quod
1199 1123 1267 1156 fieri
1291 1122 1381 1163 licet,

317 1181 353 1205 ut
377 1171 472 1205 docet
496 1171 688 1205 Aristoteles
717 1172 749 1205 ΙΙ
774 1170 988 1216 Τορίεοναηι),
1014 1171 1181 1215 apparebit
1212 1171 1382 1205 manifeste

317 1222 462 1265 nugatio.
492 1222 628 1255 Dicetur
651 1221 754 1253 enim:
781 1220 932 1253 Socrates
950 1229 999 1253 est
1018 1220 1120 1253 homo
1132 1245 1140 1260 ,
1157 1220 1249 1260 idest,
1264 1220 1383 1253 animal

317 1270 426 1313 bipes,
459 1269 561 1313 bipes.
588 1269 759 1309 Quoniam
783 1280 862 1312 ergo
893 1269 1033 1313 plurima
1057 1269 1320 1301 inconvenientia
1337 1280 1384 1302 se-

317 1326 463 1364 quuntur
487 1318 513 1350 si
538 1318 610 1362 quis
638 1325 741 1360 ponat
769 1316 1026 1360 complexiones,
1051 1316 1144 1356 idest,
1169 1316 1383 1350 adunationes

317 1366 578 1413 praedicatorum
601 1364 671 1397 fieri
695 1364 901 1408 simpliciter,
926 1364 1027 1404 idest,
1052 1364 1174 1408 absque
1198 1364 1382 1398 diversitate

318 1417 438 1461 aliqua,
453 1414 663 1448 manifestum
680 1422 728 1446 est
745 1425 784 1446 ex
805 1412 909 1446 dictis.
927 1412 1113 1452 Quomodo
1130 1422 1240 1446 autem
1265 1412 1382 1446 facien-

318 1466 397 1499 dum
421 1473 481 1502 est,
505 1474 603 1503 nunc,
629 1462 728 1502 idest,
758 1462 791 1494 in
815 1461 1028 1505 sequenthus
1057 1460 1213 1494 dicemus.
1241 1461 1282 1494 Et
1305 1470 1383 1494 nota

318 1512 408 1558 quod
432 1514 491 1545 iste
519 1520 625 1544 textus
657 1521 725 1542 non
750 1508 886 1541 habetur
918 1508 1124 1542 uniformiter
1148 1508 1235 1553 apud
1267 1521 1383 1542 omnes

318 1561 427 1607 quoad
450 1560 558 1599 verba,
577 1559 634 1592 sed
651 1559 727 1603 quia
746 1559 907 1591 sententia
931 1569 999 1590 non
1024 1557 1195 1602 discrepat,
1212 1558 1298 1602 legat
1315 1559 1384 1603 qui—

318 1622 448 1655 cunque
472 1618 509 1642 ut
532 1608 612 1641 vult.

386 1671 415 1702 3.
439 1657 568 1691 Deinde
593 1668 667 1689 cum
685 1655 780 1688 dicit:
805 1656 921 1689 Eorum
937 1656 1030 1699 igitur
1046 1664 1119 1695 etc„
1144 1655 1242 1689 solvit
1262 1668 1383 1700 propo-

317 1709 412 1741 sitam
429 1707 666 1751 quaestionem.
685 1705 726 1737 Et
739 1705 823 1737 circa
842 1703 906 1736 hoc
923 1703 990 1737 duo
1007 1703 1097 1737 facit:
1116 1705 1235 1748 primo,
1249 1716 1384 1749 respon-

317 1757 371 1791 det
395 1756 554 1789 instantiis
580 1755 613 1786 in
637 1755 707 1797 ipsa
731 1753 959 1797 propositione
991 1754 1192 1797 quaestionis
1217 1753 1383 1794 adductis;

317 1804 478 1844 secundo,
503 1802 657 1836 satisfacit
688 1802 848 1834 instantiis
873 1802 906 1834 in
938 1801 1131 1845 probatione
1162 1803 1296 1846 positis;
1322 1802 1383 1836 ibi:

317 1854 461 1899 Amplius
483 1864 535 1886 nec
557 1862 758 1896 quaecumque
777 1850 792 1867 *
816 1859 877 1883 etc.
904 1850 999 1884 Circa
1027 1851 1171 1894 primum
1200 1850 1267 1884 duo
1291 1850 1383 1884 facit:

318 1904 425 1947 primo
449 1912 602 1945 namque,
627 1899 766 1932 declarat
789 1899 977 1938 veritatem;
995 1899 1155 1939 secundo,
1180 1899 1321 1943 applicat
1345 1900 1385 1933 ad

318 1952 504 1997 propositas
525 1949 708 1987 instantias;
726 1947 787 1980 ibi:
816 1947 991 1990 Quocirca*
1007 1956 1067 1981 etc.
1085 1948 1290 1981 Determinat
1306 1961 1385 1993 ergo

319 2000 556 2035 dubitationem
580 1997 635 2030 tali
657 1996 876 2030 distinctione.
902 1996 1169 2030 Praedicatorum
1193 1998 1261 2030 sive
1278 1997 1386 2031 subie-

320 2059 448 2083 ctorum
472 2047 617 2092 plurium
641 2045 708 2079 duo
733 2054 810 2078 sunt
834 2055 972 2089 genera:
991 2045 1152 2090 quaedam
1168 2055 1245 2079 sunt
1262 2058 1320 2090 per
1336 2059 1386 2080 ac-

319 2098 448 2137 cidens,
473 2095 633 2141 quaedam
656 2105 714 2138 per
729 2105 774 2127 se.
800 2094 835 2127 Si
859 2105 918 2138 per
942 2093 1106 2135 accidens,
1131 2094 1195 2127 hoc
1215 2094 1387 2139 dupliciter

320 2147 495 2190 contingit,
518 2144 571 2178 vel
595 2144 671 2188 quia
699 2142 796 2176 ambo
821 2142 975 2176 dicuntur
998 2155 1057 2187 per
1080 2143 1229 2177 accidens
1254 2144 1294 2177 de
1318 2152 1386 2177 uno

319 2197 434 2235 tertio,
457 2193 510 2227 vel
533 2194 609 2237 quia
640 2191 778 2225 alterum
810 2191 849 2224 de
874 2190 975 2225 altero
1005 2201 1122 2225 mutuo
1152 2204 1210 2236 per
1237 2193 1387 2227 accidens

320 2245 532 2291 praedIcatur.
565 2241 711 2282 Quando
745 2240 797 2274 illa
821 2240 915 2285 plura
945 2240 1075 2274 divisim
1103 2241 1286 2285 praedicata
1311 2252 1388 2275 sunt

321 2307 378 2340 per
401 2292 549 2327 accidens
575 2291 692 2336 quovis
717 2289 830 2330 modo,
849 2302 893 2323 ex
916 2291 962 2323 eis
987 2301 1055 2323 non
1079 2292 1227 2336 sequitur
1252 2292 1388 2324 coniun-

321 2345 398 2377 ctim
423 2341 663 2386 praedicatum;
689 2338 821 2384 quando
853 2348 964 2372 autem
997 2348 1073 2372 sunt
1098 2352 1155 2383 per
1179 2352 1228 2379 se,
1253 2349 1324 2373 tum
1349 2352 1389 2373 ex

321 2394 367 2426 eis
392 2391 539 2436 sequitur
571 2390 744 2422 coniuncte
772 2388 1007 2431 praedicatum.
1038 2389 1135 2422 Unde
1164 2389 1388 2422 continuando

322 2453 356 2473 se
380 2439 420 2472 ad
444 2437 669 2482 praecedentia
689 2437 749 2469 ait:
775 2437 891 2469 Eorum
914 2437 1008 2480 igitur
1023 2448 1099 2480 quae
1118 2437 1346 2481 praedicantur,
1363 2443 1390 2470 et

322 2490 356 2523 de
386 2487 493 2532 quibus
523 2486 756 2531 praedicantur,
790 2484 873 2518 idest
907 2484 1152 2526 subiectorum,
1188 2497 1390 2531 quaecumque

322 2539 464 2572 dicuntur
486 2536 644 2569 secundum
669 2535 800 2568 accidens
824 2534 874 2578 (et
898 2546 955 2578 per
980 2534 1043 2566 hoc
1068 2535 1175 2568 innuit
1196 2536 1389 2579 oppositum

322 2585 523 2624 membrum,
548 2583 670 2616 scilicet
693 2594 750 2627 per
774 2583 841 2627 se),
864 2582 912 2616 vel
935 2583 969 2615 dc
992 2583 1111 2623 eodem,
1136 2583 1219 2616 idest
1243 2583 1389 2617 acciden-

322 2635 428 2669 taliter
459 2641 659 2666 concurrunt
688 2631 728 2666 ad
755 2633 854 2665 unius
887 2632 971 2665 tertii
1005 2631 1319 2672 denominationem,
1342 2633 1404 2666 velv

322 2685 503 2718 alterutrum
526 2682 560 2715 de
583 2682 688 2722 altero,
714 2681 796 2715 idest
820 2680 1060 2714 accidentaliter
1083 2690 1202 2714 mutuo
1230 2693 1265 2714 se
1289 2681 1390 2715 deno-

323 2734 449 2767 minant
473 2732 529 2777 (et
556 2742 615 2775 per
638 2730 701 2763 hoc
726 2731 820 2774 ponit
843 2729 991 2762 membra
1015 2729 1155 2773 duplicis
1179 2730 1389 2775 divisionis),

323 2783 409 2820 haec,
434 2780 556 2813 scilicet
580 2779 673 2823 plura
697 2790 755 2823 per
779 2778 949 2817 accidens,
973 2789 1034 2811 non
1057 2785 1145 2811 erunt
1168 2790 1282 2819 unum,
1308 2778 1391 2811 idest

323 2841 390 2864 non
415 2829 553 2862 inferent
576 2827 851 2872 praedicationem
877 2828 1098 2860 coniunctam.

390 2879 468 2922 4.Et
480 2877 631 2922 explanat
639 2886 816 2921 utrumque
830 2876 950 2909 horum
965 2875 1201 2920 exemplariter.
1218 2876 1258 2909 Et
1271 2876 1390 2920 primo,

324 2929 478 2972 primum,
496 2926 628 2971 quando
645 2924 767 2958 scilicet
791 2924 844 2958 illa
869 2924 962 2968 plura
988 2936 1046 2968 per
1069 2923 1218 2957 accidens
1238 2924 1391 2958 dicuntur

324 2977 363 3010 de
380 2977 487 3015 tertio,
504 2975 632 3008 dicens:
663 2974 704 3007 Ut
726 2974 752 3006 si
774 2973 858 3007 homo
883 2973 972 3007 albus
987 2980 1029 3007 est
1051 2979 1078 3006 et
1094 2973 1224 3007 musicus
1249 2972 1389 3006 divisim.

325 3026 379 3059 Sed
402 3036 462 3058 non
486 3030 526 3057 est
548 3024 635 3064 idem,
655 3023 738 3056 idest
753 3034 822 3055 non
847 3023 996 3067 sequitur
1021 3022 1199 3062 adunatim,
1216 3034 1283 3066 ergo
1306 3022 1391 3055 homo

324 3080 364 3107 est
394 3074 523 3106 musicus
551 3072 649 3105 albus.
684 3072 830 3116 Utraque
859 3073 948 3104 enim
976 3081 1052 3104 sunt
1079 3070 1257 3104 accidentia
1284 3070 1391 3104 eidem

325 3123 429 3155 tertio.
462 3120 589 3155 Deinde
621 3120 771 3164 explanat
802 3120 1003 3159 secundum,
1041 3119 1173 3164 quando
1198 3119 1307 3153 solum
1338 3118 1392 3152 illa

325 3171 417 3215 plura
442 3181 499 3214 per
523 3169 671 3203 accidens
696 3169 735 3202 de
760 3181 794 3202 se
818 3179 938 3202 mutuo
963 3168 1208 3213 praedicantur,
1233 3167 1391 3202 subdens:

324 3220 387 3253 Nec
409 3219 435 3252 si
458 3218 563 3252 album
586 3219 732 3251 musicum
760 3230 865 3252 verum
889 3225 930 3251 est
953 3218 1065 3258 dicere,
1091 3217 1184 3258 idest,
1209 3226 1241 3250 et
1265 3218 1392 3260 etiamsi

326 3268 364 3301 de
381 3279 415 3301 se
432 3268 573 3300 invicem
597 3268 656 3299 ista
680 3266 907 3310 praedicantur
926 3278 983 3311 per
1004 3266 1154 3300 accidens
1169 3267 1295 3299 ratione
1319 3265 1393 3299 sub-

326 3317 398 3349 iecti
417 3317 449 3348 in
469 3327 536 3360 quo
553 3316 728 3355 uniuntur,
754 3325 789 3348 ut
813 3315 957 3355 dicatur,
991 3316 1075 3349 homo
1107 3322 1147 3349 est
1165 3315 1272 3355 albus,
1301 3321 1327 3348 et
1354 3321 1394 3348 est

325 3365 465 3404 musicus,
483 3370 508 3396 et
524 3363 629 3396 album
653 3370 693 3396 est
715 3365 873 3404 musicum,
900 3375 969 3397 non
994 3373 1105 3397 tamen
1129 3364 1277 3408 sequitur
1304 3363 1394 3408 quod

327 3412 431 3445 album
451 3413 596 3445 musicum
620 3413 710 3445 unite
735 3412 956 3456 praedicetur,
983 3412 1141 3450 dicendo,
1165 3423 1231 3456 ergo
1253 3412 1338 3445 homo
1354 3418 1395 3445 est

327 3459 414 3493 albus
437 3461 576 3493 musicus.
602 3461 642 3493 Et
663 3472 794 3493 causam
818 3461 973 3504 assignat,
999 3461 1075 3504 quia
1099 3460 1205 3494 album
1228 3459 1346 3494 dicitur
1360 3460 1395 3494 de

328 3510 437 3542 musico
462 3520 518 3552 per
542 3508 708 3549 accidens,
733 3518 764 3542 et
788 3521 805 3542 e
830 3519 1000 3542 converSO.

398 3567 424 3597 5.
447 3556 641 3590 Notandum
672 3565 720 3590 est
750 3557 803 3589 hic
834 3556 924 3600 quod
952 3568 1028 3590 cum
1060 3556 1127 3590 duo
1159 3557 1304 3590 membra
1337 3568 1394 3601 per

1436 295 1585 329 accidens
1609 306 1843 336 enumerasset,
1872 298 1971 331 unico
2004 307 2114 331 tamen
2142 297 2293 342 exemplo
2327 307 2504 343 utrumque

1437 345 1622 378 membrum
1647 345 1848 389 explanavit,
1873 356 1909 379 ut
1933 348 2112 380 insinuaret
2142 347 2233 392 quod
2260 346 2426 381 distinctio
2450 347 2505 381 illa

1436 404 1503 426 non
1521 403 1588 427 erat
1609 395 1642 427 in
1659 394 1785 428 diversa
1802 395 1984 439 praedicata
2001 407 2059 440 per
2074 396 2235 435 accidens,
2252 395 2309 429 sed
2333 396 2366 428 in
2390 395 2505 429 eadem

1438 442 1657 476 diversimode
1689 453 1885 487 comparata.
1909 445 2028 478 Album
2058 446 2146 478 enim
2170 454 2202 478 et
2226 446 2389 485 musicum,
2415 456 2504 477 com-

1437 500 1548 534 parata
1578 490 1618 524 ad
1642 491 1831 532 hominem,
1855 492 1915 526 sub
1940 494 2048 537 primo
2079 493 2199 526 cadunt
2223 492 2390 533 membro;
2415 503 2505 526 com-

1437 548 1549 583 parata
1573 548 1682 572 autem
1715 541 1798 573 inter
1821 552 1866 581 se,
1891 541 1950 574 sub
1983 541 2400 575 secundosDiversitatem·
2426 533 2505 585 ergo

1438 589 1692 632 comparationis
1709 589 1891 632 pluralitate
1908 590 2144 630 membrorum,
2165 589 2366 623 identitatem
2395 598 2505 623 autem

1439 636 1701 679 praedicatorum
1718 638 1841 670 unitate
1865 638 2006 682 exempli
2027 639 2173 672 astruxit.

1504 687 1534 718 6.
1559 684 1807 718 Advertendum
1831 695 1880 719 est
1895 686 2042 727 ulterius,
2059 687 2100 720 ad
2116 687 2313 721 evidentiam
2334 687 2505 721 divisionis

1437 732 1541 766 factae
1566 734 1600 766 in
1620 733 1737 772 littera,
1753 733 1856 778 quod,
1875 735 2058 768 secundum
2082 735 2244 776 accidens,
2268 746 2377 780 potest
2399 735 2506 780 dupli-

1437 783 1516 815 citer
1539 783 1654 826 accipi.
1670 802 1682 807 -
1700 782 1778 815 Uno
1802 782 1915 823 modo,
1940 792 1976 816 ut
1992 783 2202 828 distinguitur
2221 794 2335 818 contra
2355 786 2507 829 perseita-

1437 839 1504 864 tem
1529 831 1839 875 posterioristicam,
1864 840 1896 864 et
1919 833 1965 864 sic
1989 843 2058 865 non
2086 834 2226 866 sumitur
2251 833 2321 865 hic:
2349 835 2511 877 quoniam,

1440 891 1515 913 cum
1540 879 1659 913 dicitur
1682 879 1775 924 plura
1806 879 1990 924 praedicata
2020 880 2202 914 secundum
2232 881 2400 922 accidens,
2422 902 2434 907 -
2451 890 2507 915 aut

1438 929 1471 973 ly
1497 929 1658 962 secundum
1674 929 1806 962 accidens
1823 928 2053 962 determinaret
2069 930 2338 963 coniunctionem
2362 930 2445 963 inter
2461 942 2506 970 se,

1439 986 1472 1010 et
1496 978 1542 1010 sic
1566 976 1736 1010 manifeste
1769 986 1855 1010 esset
1881 976 1960 1010 falsa
1991 977 2121 1022 regula;
2151 979 2309 1023 quoniam
2333 979 2416 1012 inter
2444 980 2507 1023 pri-

1440 1037 1494 1059 ma
1519 1025 1713 1070 praedicata,
1738 1025 1858 1058 animal
1881 1025 1994 1070 bipes,
2018 1038 2095 1067 seu,
2120 1026 2239 1060 animal
2262 1027 2438 1068 rationale,
2459 1037 2509 1061 est

1438 1074 1637 1119 praedicatio
1665 1074 1847 1108 secundum
1882 1074 2032 1108 accidens
2068 1075 2133 1108 hoc
2169 1074 2271 1114 modo
2302 1075 2508 1120 (differentia

1439 1125 1527 1157 enirn
1552 1124 1585 1156 in
1602 1123 1694 1156 nullo
1719 1123 1821 1156 modo
1838 1124 2018 1167 perseitatis
2039 1124 2244 1168 praedicatur
2267 1124 2307 1158 de
2331 1135 2460 1168 genere,
2477 1134 2509 1159 et

1439 1182 1550 1206 tamen
1573 1172 1765 1206 Aristoteles
1790 1173 1823 1205 in
1847 1181 1935 1205 textu
1965 1172 2042 1206 dicit
2073 1185 2110 1206 ea
2134 1184 2203 1206 non
2226 1185 2297 1206 esse
2325 1173 2509 1217 praedicata

1438 1233 1497 1265 per
1513 1220 1673 1261 accidens,
1690 1230 1722 1254 et
1737 1222 1851 1254 asserit
1867 1220 1956 1266 quod
1979 1230 2027 1254 est
2050 1223 2176 1266 optima
2201 1221 2320 1262 illatio,
2336 1229 2378 1255 est
2392 1223 2509 1256 animal

1439 1276 1467 1303 et
1483 1270 1576 1315 bipes,
1601 1282 1667 1314 ergo
1691 1277 1732 1303 est
1754 1270 1872 1303 animal
1891 1270 2001 1315 bipes);
2016 1290 2029 1296 -
2043 1280 2099 1304 aut
2119 1271 2348 1304 determinaret
2371 1273 2508 1304 coniun-

1440 1319 1587 1351 ctionem
1603 1317 1732 1350 illarum
1749 1317 1789 1351 ad
1805 1317 2001 1358 subiectum,
2015 1327 2047 1352 et
2062 1320 2108 1352 sic
2125 1320 2223 1352 etiam
2236 1319 2437 1352 inveniretur
2451 1318 2508 1352 fal·
2554 1338 2556 1340 ·

1439 1368 1519 1399 sitas
1536 1367 1569 1399 in
1586 1366 1708 1410 regula:
1724 1366 1807 1400 bene
1823 1378 1966 1412 namque
1983 1367 2111 1406 dicitur,
2123 1369 2225 1413 paries
2244 1374 2286 1401 cst
2308 1368 2468 1409 coloratus,
2483 1375 2510 1402 et

1440 1421 1481 1448 est
1491 1415 1628 1455 visibilis,
1645 1424 1677 1448 et
1693 1423 1803 1448 tamen
1817 1415 2000 1449 coloratum
2015 1417 2142 1450 visibile
2155 1429 2223 1450 non
2236 1428 2295 1461 per
2307 1429 2341 1450 se
2358 1418 2442 1450 inest
2454 1429 2509 1461 pa-

1439 1465 1522 1497 rieti.
1536 1484 1548 1489 —
1561 1463 1637 1497 Alio
1650 1463 1764 1504 modo,
1777 1465 1934 1508 accipitur
1950 1465 1983 1509 ly
1999 1466 2159 1499 secundum
2183 1466 2326 1507 accidens,
2343 1475 2380 1499 ut
2397 1466 2509 1500 distin-

1439 1513 1550 1556 guitur
1574 1521 1685 1546 contra
1701 1511 1765 1545 hoc
1778 1513 1869 1557 quod
1885 1513 1970 1554 dico,
1983 1515 2108 1548 ratione
2125 1516 2188 1555 sui,
2205 1526 2274 1555 seu,
2290 1526 2359 1548 non
2376 1524 2510 1559 propter

1439 1560 1544 1600 aliud,
1567 1570 1599 1594 et
1619 1561 1666 1594 sic
1692 1559 1780 1593 idem
1803 1569 1910 1601 sonat,
1935 1561 2037 1606 quod,
2056 1573 2114 1606 per
2137 1561 2240 1595 aliud:
2265 1571 2297 1596 et
2320 1563 2384 1596 hoc
2408 1562 2510 1596 modo

1441 1610 1598 1653 accipitur
1614 1608 1677 1642 hic.
1703 1609 1933 1653 Quaecunque
1957 1610 2046 1642 enim
2070 1618 2148 1643 sunt
2170 1609 2242 1643 talis
2263 1620 2396 1644 naturae
2421 1610 2511 1655 quod

1439 1668 1507 1691 non
1532 1659 1656 1691 ratione
1680 1658 1731 1690 sui
1755 1658 1947 1701 iunguntur,
1972 1657 2029 1691 sed
2053 1667 2187 1702 propter
2211 1658 2315 1699 aliud,
2332 1659 2371 1692 ab
2394 1658 2511 1692 illatio-

1439 1719 1480 1740 ne
1505 1707 1680 1740 coniuncta
1704 1706 1842 1740 deficere
1862 1718 1995 1740 necesse
2019 1716 2079 1747 est,
2103 1719 2143 1740 ex
2166 1719 2207 1741 eo
2224 1707 2313 1752 quod
2337 1709 2511 1741 coniuncta

1440 1755 1541 1789 illatio
1555 1767 1660 1788 unum
1677 1754 1767 1788 alteri
1784 1755 1971 1796 substernit,
1989 1764 2021 1789 et
2037 1756 2162 1789 ratione
2179 1757 2230 1789 sui
2247 1768 2284 1789 ea
2301 1756 2442 1790 adunata
2458 1756 2511 1790 de-

1440 1814 1533 1838 notat
1549 1814 1586 1838 ut
1602 1806 1783 1849 potentiam
1800 1813 1832 1837 et
1845 1813 1964 1837 actum.
1980 1824 1993 1830 -
2008 1805 2066 1838 Est
2090 1816 2168 1849 ergo
2186 1817 2301 1838 sensus
2329 1805 2511 1847 divisionis,

1442 1853 1531 1899 quod
1548 1853 1811 1898 praedicatorum
1827 1852 1984 1897 plurium,
2001 1853 2162 1898 quaedam
2179 1863 2256 1887 sunt
2276 1866 2334 1898 per
2350 1854 2511 1896 accidens,

1443 1901 1604 1946 quaedam
1620 1913 1679 1945 per
1695 1913 1740 1942 se,
1754 1900 1848 1941 idest,
1862 1901 2021 1946 quaedam
2035 1901 2220 1935 adunantur
2234 1903 2320 1936 inter
2336 1914 2370 1936 se
2387 1904 2511 1936 ratione

1442 1951 1512 1990 sui,
1536 1949 1697 1994 quaedam
1728 1958 1862 1993 propter
1895 1948 1993 1983 aliud.
2018 1949 2065 1983 Ea
2095 1962 2178 1994 quae
2207 1961 2265 1994 per
2286 1962 2322 1983 se
2353 1951 2512 1984 uniuntur

1443 1998 1586 2032 inferunt
1610 1999 1836 2039 coniunctum,
1860 2010 1897 2032 ea
1921 2007 2031 2032 autem
2055 2010 2138 2044 quae
2170 2007 2305 2043 propter
2328 1998 2435 2040 aliud,
2459 2011 2513 2032 ne-

1443 2059 1619 2093 quaquam.

1511 2107 1543 2140 7.
1561 2095 1689 2130 Deinde
1707 2106 1783 2128 cum
1804 2095 1895 2128 dicit:
1923 2095 2074 2138 Quocirca
2089 2107 2139 2129 nec
2165 2096 2350 2130 citharoedus
2364 2105 2440 2137 etc„
2454 2107 2511 2142 ap-

1444 2146 1542 2190 plicat
1567 2144 1761 2178 declaratam
1785 2145 1955 2178 veritatem
1977 2144 2017 2178 ad
2034 2153 2140 2189 partes
2157 2145 2371 2189 quaestionis.
2392 2145 2433 2179 Et
2449 2146 2511 2190 pri-

1444 2206 1512 2234 mo,
1537 2193 1577 2227 ad
1601 2192 1779 2226 secundam
1795 2201 1933 2237 partem,
1951 2193 2026 2237 quia
2046 2192 2170 2226 sc'licet
2192 2204 2262 2226 non
2285 2194 2448 2238 sequitur:
2464 2202 2514 2227 est

1444 2243 1551 2277 bonus
1569 2252 1601 2276 et
1624 2251 1672 2275 est
1697 2241 1920 2281 citharoedus;
1942 2253 2020 2286 ergo
2038 2251 2087 2275 est
2103 2241 2210 2275 bonus
2227 2241 2450 2282 citharoedus,
2467 2242 2514 2276 di-

1444 2302 1538 2326 cens:
1559 2292 1708 2335 Quocirca
1723 2302 1775 2325 nec
1790 2290 1973 2325 citharoedus
1989 2290 2084 2324 bonus
2099 2299 2172 2331 etc.;
2184 2291 2342 2330 secundo,
2360 2291 2400 2324 ad
2417 2290 2514 2325 aliam

1445 2350 1571 2386 partem
1595 2341 1814 2385 quaestionis,
1839 2351 1938 2384 quare
1962 2339 2173 2384 sequebatur:
2199 2349 2248 2373 est
2272 2339 2392 2373 animal
2416 2348 2448 2373 et
2463 2348 2513 2373 est

1445 2391 1552 2434 bipes;
1577 2401 1656 2433 ergo
1678 2398 1727 2422 est
1751 2388 1870 2422 animal
1894 2388 2000 2432 bipes:
2026 2398 2058 2422 et
2074 2389 2134 2422 ait:
2154 2389 2209 2422 sed
2224 2389 2343 2422 animal
2358 2389 2436 2434 bipes
2452 2397 2513 2422 etc.

1445 2440 1486 2473 Et
1503 2438 1674 2481 subiungit
1686 2437 1784 2471 huius
1801 2437 1907 2470 ultimi
1924 2436 2000 2470 dicti
2018 2449 2161 2476 causam,
2171 2438 2260 2482 quia,
2273 2437 2394 2477 animal
2410 2437 2513 2482 bipes,

1444 2499 1512 2520 non
1537 2495 1614 2520 sunt
1640 2486 1822 2531 praedicata
1849 2485 2034 2519 secundum
2063 2486 2213 2519 accidens
2237 2486 2412 2519 coniuncta
2431 2486 2515 2520 inter

1445 2548 1479 2570 se
1505 2545 1561 2570 aut
1585 2537 1618 2568 in
1643 2536 1750 2575 tertio,
1767 2534 1825 2568 sed
1848 2546 1906 2579 per
1930 2547 1974 2568 se.
2001 2535 2041 2568 Et
2057 2546 2115 2579 per
2138 2534 2202 2568 hoc
2226 2534 2411 2579 explanavit
2434 2534 2513 2568 alte-

1445 2597 1519 2618 rum
1551 2584 1736 2618 membrum
1761 2584 1884 2627 primae
1909 2583 2096 2623 divisionis,
2122 2583 2211 2628 quod
2240 2582 2347 2616 adhuc
2367 2583 2514 2626 positum

1447 2645 1515 2667 non
1540 2633 1643 2667 fuerat
1668 2632 1828 2676 explicite.
1853 2632 1996 2665 Adverte
2020 2631 2110 2676 quod
2134 2630 2339 2670 Aristoteles,
2364 2630 2514 2664 eamdem

1445 2691 1560 2715 tenens
1590 2682 1785 2714 sententiam
1816 2680 1855 2714 de
1885 2680 2074 2714 citharoedo
2099 2689 2131 2713 et
2154 2679 2243 2713 bono
2267 2688 2300 2712 et
2330 2680 2458 2713 musico
2482 2688 2515 2712 et

1446 2730 1539 2770 albo,
1572 2729 1733 2762 conclusit
1762 2728 1851 2773 quod
1883 2728 1993 2762 album
2023 2737 2055 2761 et
2085 2729 2251 2761 musicum
2279 2739 2347 2761 non
2372 2727 2515 2761 inferunt

1447 2779 1662 2811 coniunctum
1686 2777 1924 2822 praedicatum;
1949 2777 2024 2811 ideo
2040 2789 2100 2810 nec
2125 2776 2332 2810 citharoedus
2352 2785 2383 2810 et
2407 2776 2515 2810 bonus

1447 2827 1592 2860 inferunt
1616 2826 1822 2860 citharoedus
1847 2825 1955 2859 bonus
1986 2825 2195 2870 simpliciter,
2219 2825 2302 2859 idest
2326 2826 2514 2859 coniuncte.

1447 2877 1507 2910 Est
1531 2884 1641 2909 autem
1665 2876 1747 2908 ratio
1772 2874 1866 2915 dicti,
1891 2876 1967 2919 quia
1991 2875 2066 2908 licet
2088 2875 2214 2908 musica
2238 2883 2270 2907 et
2286 2873 2402 2908 albedo
2418 2873 2514 2908 dissi·

1447 2924 1542 2958 miles
1566 2925 1630 2956 sint
1654 2923 1791 2957 bonitati
1815 2932 1847 2956 et
1871 2924 1930 2956 arti
1955 2923 2169 2956 citharisticae
2194 2923 2227 2956 in
2251 2922 2326 2963 hoc,
2343 2921 2434 2967 quod
2458 2921 2515 2955 bo-

1450 2975 1533 3007 nitas
1557 2981 1631 3005 nata
1652 2981 1702 3005 est
1717 2972 1930 3006 denominare
1946 2981 1979 3005 et
1994 2972 2178 3005 subiectum
2195 2973 2340 3011 tertium,
2357 2979 2436 3016 puta
2452 2970 2513 3004 ho-

1448 3023 1571 3055 minem
1585 3030 1616 3054 et
1633 3022 1738 3065 ipsam
1755 3030 1856 3054 artem
1874 3020 2102 3054 citharisticam
2119 3021 2271 3066 (propter
2288 3020 2378 3066 quod
2393 3019 2515 3054 falsitas

1449 3069 1618 3104 manifeste
1644 3070 1796 3108 cernitur,
1814 3069 1946 3114 quando
1963 3069 2094 3103 dicitur:
2111 3079 2160 3103 est
2177 3069 2284 3103 bonus
2308 3078 2341 3103 et
2356 3068 2515 3102 citharoe-

1448 3119 1528 3159 dus;
1545 3130 1623 3162 ergo
1637 3117 1744 3151 bonus
1764 3118 2006 3163 citharoedus),
2024 3120 2149 3152 musica
2164 3130 2243 3152 vero
2260 3127 2292 3152 et
2305 3118 2420 3152 albedo
2437 3116 2514 3152 sub-

1449 3168 1570 3200 iectum
1594 3168 1727 3201 tertium
1751 3176 1844 3201 natae
1869 3176 1946 3200 sunt
1963 3167 2174 3201 denominare
2191 3176 2330 3206 tantum,
2348 3175 2380 3200 et
2395 3178 2464 3200 non
2480 3177 2515 3200 se

1449 3217 1592 3249 invicem
1618 3217 1767 3260 (propter
1789 3216 1879 3261 quod
1903 3215 2054 3249 latentior
2077 3224 2126 3249 est
2149 3228 2243 3250 casus
2268 3227 2343 3249 cum
2367 3214 2515 3260 procedi-

1449 3275 1515 3299 tur:
1544 3274 1592 3298 est
1609 3264 1700 3298 albus
1722 3273 1753 3298 et
1777 3273 1826 3298 est
1849 3266 2013 3304 musicus;
2038 3276 2117 3308 ergo
2141 3274 2190 3298 est
2212 3265 2358 3298 musicus
2383 3263 2514 3308 albus),

1449 3314 1542 3354 licet,
1566 3315 1720 3358 inquam,
1749 3315 1782 3347 in
1806 3313 1870 3347 hoc
1894 3314 1959 3346 sint
1982 3313 2175 3353 dissimiles,
2200 3322 2232 3347 et
2259 3321 2394 3357 propter
2420 3313 2514 3345 istam

1450 3362 1747 3397 dissimilitudinem
1765 3374 1939 3407 processus
1955 3361 2140 3396 Aristotelis
2156 3363 2265 3395 minus
2290 3361 2454 3394 sufficiens
2469 3361 2515 3393 vi-

1451 3413 1581 3452 deatur;
1606 3419 1747 3445 attamen
1780 3411 1903 3444 similes
1931 3419 2008 3444 sunt
2031 3412 2064 3444 in
2088 3411 2152 3444 hoc
2184 3410 2293 3455 quod,
2317 3410 2343 3442 si
2367 3417 2514 3442 servetur

1450 3461 1601 3494 identitas
1618 3460 1811 3494 omnimoda
1831 3460 2092 3504 praedicatorum
2110 3471 2208 3504 quarn
2229 3459 2348 3492 servari
2372 3465 2514 3501 oportet,

1450 3511 1476 3543 si
1494 3510 1616 3543 illamet
1636 3509 1738 3543 divisa
1762 3509 1882 3543 debent
1906 3508 2014 3542 inferri
2039 3509 2259 3547 coniunctim,
2283 3507 2368 3540 sicut
2390 3506 2515 3539 musica

1450 3570 1519 3592 non
1543 3558 1734 3592 denominat
1757 3557 1951 3597 albedinem,
1968 3568 2075 3601 neque
2092 3564 2215 3595 contra,
2232 3556 2275 3588 ita
2291 3565 2351 3587 nec
2375 3553 2515 3593 bonitas,
