2788 4204
46 1237 60 1248 ⁰
73 1235 117 1259 Ed.
133 1242 160 1258 c.-
177 1238 260 1264 poma

48 1264 112 1286 mr.

1100 281 1210 316 CAP.
1240 279 1346 325 xiv,

284 360 468 394 subiectum
493 369 669 392 commune
695 358 755 391 sibi
783 367 815 391 et
838 368 916 390 suae
940 357 1111 400 oppositae
1139 357 1174 388 in
1204 365 1347 388 extrema

284 408 436 442 distantia
466 406 527 440 sub
559 406 617 439 illo
645 405 841 450 praedicato.
874 404 1076 439 Huiusmodi
1108 415 1240 448 quoque
1271 412 1348 436 sunt

285 467 400 490 omnes
423 455 497 488 illae
525 465 608 498 quae
632 455 810 487 contrariae
834 455 868 486 in
896 453 999 497 figura
1023 453 1237 496 appellantur,
1261 452 1346 484 scili-

285 514 346 545 cet,
363 505 458 538 omnis
481 504 564 537 homo
588 509 628 536 est
651 503 757 543 iustus,
775 503 871 536 omnis
894 502 978 535 homo
1001 513 1061 535 non
1084 507 1125 534 est
1146 502 1251 533 iustus.
1277 501 1347 533 Hae

285 555 374 586 enim
389 552 512 585 faciunt
528 551 723 591 subiectum,
740 550 862 583 scilicet
878 550 1058 590 hominem,
1072 549 1212 582 maxime
1230 547 1348 581 distare

286 602 346 636 sub
370 601 510 641 iustitia,
534 599 614 633 dum
637 599 692 632 illa
715 600 868 632 enunciat
891 599 1049 631 iustitiam
1072 598 1179 630 inesse
1203 596 1348 636 homini,

285 662 354 684 non
370 660 569 694 quocunque
586 647 700 688 modo,
715 647 772 681 sed
789 647 1029 686 universaliter;
1045 647 1105 678 ista
1120 654 1230 678 autem
1247 656 1348 677 enun-

287 700 350 733 ciat
363 699 520 731 iustitiam
537 697 648 731 abesse
664 696 802 737 homini,
817 708 886 729 non
910 695 1190 740 qualitercunque,
1208 693 1265 726 sed
1280 694 1350 726 uni-

286 746 460 780 versaliter.
485 746 593 779 Maior
616 745 704 778 enim
721 745 872 778 distantia
889 755 959 777 esse
974 755 1043 776 non
1062 751 1170 787 potest
1187 753 1285 786 quam
1301 753 1348 781 ea,

287 806 370 839 quae
387 803 436 827 est
452 795 536 827 inter
560 802 663 827 totam
687 793 932 826 universitatem
948 791 1066 825 habere
1083 790 1205 834 aliquid
1225 798 1257 823 et
1274 789 1348 822 nul-

286 843 357 876 lum
371 842 411 876 de
428 843 638 875 universitate
655 842 772 875 habere
790 841 880 875 illud.
899 842 940 874 Et
956 853 995 873 ex
1010 840 1074 873 hoc
1090 839 1242 883 provenit
1259 838 1349 882 quod

287 903 356 924 non
380 900 520 935 possunt
543 903 612 924 esse
637 890 735 923 simul
758 902 868 930 verae,
897 891 980 922 sicut
1004 900 1063 921 nec
1088 888 1248 920 contraria
1271 898 1348 931 pos-

287 949 364 972 sunt
387 939 494 973 eidem
518 939 617 972 simul
648 940 771 979 inesse;
803 947 835 971 et
859 938 948 982 quod
980 945 1120 981 possunt
1150 947 1220 968 esse
1252 933 1350 967 simul

287 987 395 1029 falsae,
412 989 495 1021 sicut
512 997 544 1021 et
560 988 719 1020 contraria
742 987 839 1020 simul
862 997 930 1019 non
949 986 1054 1018 inesse
1075 984 1181 1018 eidem
1200 993 1349 1027 possunt.

290 1037 324 1071 Si
347 1048 426 1070 vero
453 1037 559 1081 ipsam
588 1036 853 1069 enunciationem
882 1035 949 1067 sive
979 1034 1049 1066 eius
1077 1031 1350 1075 significationem

289 1085 496 1118 attendamus
508 1083 691 1118 secundum
707 1095 808 1116 unam
821 1082 949 1116 tantum
963 1081 1182 1125 oppositionis
1195 1080 1349 1122 speciem,

288 1134 323 1167 in
342 1142 411 1166 tota
433 1132 604 1165 latitudine
627 1132 898 1164 enunciationum
916 1131 1116 1174 reperiemus
1141 1128 1348 1161 contrarieta-

289 1191 367 1221 tem,
382 1180 506 1214 scilicet
529 1179 711 1214 secundum
727 1180 897 1212 veritatem
913 1188 946 1212 et
961 1178 1150 1211 falsitatem:
1176 1177 1252 1220 quia
1269 1175 1348 1208 dua-

288 1241 362 1263 rum
386 1229 656 1262 enunciationum
684 1227 940 1271 significationes
964 1227 1050 1260 entia
1074 1225 1214 1269 positiva
1228 1224 1243 1241 *
1263 1233 1349 1263 sunt,

289 1289 326 1311 ac
348 1289 405 1321 per
428 1277 493 1310 hoc
515 1288 622 1321 neque
643 1276 892 1309 contradictorie
921 1286 1027 1318 neque
1049 1274 1207 1317 privative
1224 1273 1350 1316 opponi

288 1334 444 1370 possunt,
467 1326 544 1369 quia
567 1325 738 1369 utriusque
762 1323 982 1368 oppositionis
1005 1322 1143 1355 alterum
1167 1330 1349 1354 extremum

288 1372 532 1415 estrformaliter
546 1377 615 1406 non
638 1383 706 1406 ens.
731 1372 773 1405 Et
796 1383 872 1404 cum
895 1382 956 1403 nec
975 1370 1107 1403 relative
1128 1378 1349 1414 opponantur,

238 1422 248 1424 ”
289 1431 326 1456 ut
341 1421 465 1455 clarum
481 1430 540 1461 est,
557 1429 655 1454 restat
678 1429 715 1454 ut
737 1420 870 1453 nonnisi
887 1420 1046 1452 contrarie
1062 1419 1186 1463 opponi
1199 1426 1348 1462 possunt.

357 1481 385 1513 3.
411 1469 572 1503 Consistit
595 1478 705 1502 autem
720 1470 781 1502 ista
800 1469 1009 1501 contrarietas
1029 1468 1061 1500 in
1082 1467 1146 1500 hoc
1162 1466 1251 1511 quod
1269 1466 1349 1500 dua-

288 1529 361 1552 rum
386 1518 657 1552 enunciationum
673 1517 772 1550 altera
791 1516 925 1549 alteram
948 1528 1016 1550 non
1033 1516 1230 1559 compatitur
1248 1514 1300 1548 vel
1316 1515 1350 1547 in

288 1568 423 1601 veritate
442 1566 495 1600 vel
519 1568 553 1599 in
572 1566 726 1606 falsitate,
746 1565 1003 1610 praesuppositis
1027 1576 1156 1608 semper
1186 1563 1349 1597 conditio-

288 1616 385 1651 nibus
409 1617 662 1655 contrariorum,
686 1614 809 1648 scilicet
832 1613 921 1658 quod
945 1613 1024 1646 fiant
1047 1614 1131 1646 circa
1154 1613 1242 1647 idem
1265 1622 1298 1646 et
1316 1615 1350 1646 in

289 1664 408 1699 eodem
431 1673 590 1708 tempore.
616 1664 730 1697 Patere
756 1674 888 1708 quoque
912 1671 1022 1707 potest
1045 1661 1143 1695 talem
1167 1662 1350 1706 oppositio-

290 1725 367 1747 nem
390 1724 460 1746 esse
485 1713 746 1746 contrarietatem
765 1723 805 1744 ex
816 1720 930 1744 natura
951 1711 1206 1755 conceptionum
1223 1711 1350 1743 animae

291 1761 520 1806 componentis
537 1769 570 1793 et
584 1759 770 1800 dividentis,
783 1771 921 1804 quarum
938 1759 1085 1803 singulae
1109 1769 1186 1793 sunt
1201 1761 1351 1793 enuncia-

290 1811 407 1844 tiones.
436 1810 680 1853 Conceptiones
708 1808 872 1853 siquidem
891 1809 1017 1841 animae
1037 1808 1234 1852 adaequatae
1258 1808 1350 1841 nullo

290 1852 355 1892 alio
379 1857 482 1891 modo
502 1866 717 1901 opponuntur
747 1855 1018 1900 conceptionibus
1042 1856 1264 1901 inadaequatis
1288 1857 1350 1889 nisi

291 1901 461 1947 contrarie,
476 1915 508 1940 et
523 1907 612 1950 ipsae
626 1906 858 1949 conceptiones
878 1905 1122 1949 inadaequatae‚
1139 1906 1166 1938 si
1183 1917 1217 1939 se
1232 1915 1350 1939 mutuo

289 1955 476 2001 expellunt,
504 1954 683 1988 contrariae
713 1965 847 1998 quoque
871 1953 1034 1987 dicuntur.
1059 1953 1156 1987 Unde
1180 1966 1295 1987 verum
1319 1963 1352 1987 et

289 2003 419 2044 falsum,
439 2002 598 2036 contrarie
618 2002 743 2046 opponi
762 2001 919 2046 probatur
938 2013 956 2034 a
975 2014 999 2035 s.
1013 2002 1147 2036 Thoma
1166 2004 1200 2036 in
1219 2003 1235 2036 1
1249 2012 1351 2047 parte,

290 2064 344 2097 qu.
364 2062 434 2085 xvu
452 2051 477 2084 *.
503 2051 595 2084 Sicut
611 2062 689 2094 ergo
709 2050 773 2091 hic,
790 2051 833 2083 ita
849 2059 882 2084 et
901 2050 1238 2095 in⁴enunciationibus
1262 2052 1350 2095 ipsae

290 2099 544 2144 significationes
571 2098 769 2143 adaequatae
794 2099 953 2132 contrarie
980 2108 1196 2143 opponuntur
1221 2100 1351 2133 inaede-

290 2150 408 2194 quatis,
427 2148 511 2182 idest
532 2159 627 2182 verae
651 2147 754 2189 falsis;
778 2157 810 2181 et
825 2148 915 2192 ipsae
932 2148 1175 2193 inadaequatae,
1199 2149 1282 2182 idest
1298 2149 1351 2182 fal-

290 2209 355 2239 sae,
371 2197 530 2232 contrarie
554 2208 687 2241 quoque
712 2206 927 2240 opponuntur
950 2198 1035 2230 inter
1057 2209 1106 2238 se,
1131 2198 1158 2230 si
1182 2199 1351 2242 contingat

291 2246 380 2292 quod
404 2258 438 2279 se
461 2257 532 2279 non
555 2245 815 2289 compatiantur,
839 2244 935 2277 salvis
959 2256 1089 2289 semper
1111 2247 1350 2279 contrariorum

291 2293 545 2329 conditionibus.
569 2294 629 2327 Est
651 2294 750 2337 igitur
773 2294 807 2326 in
831 2293 1115 2327 enunciationibus
1132 2294 1252 2338 duplex
1277 2306 1351 2328 con-

290 2344 454 2383 trarietas,
477 2353 543 2375 una
566 2342 692 2375 ratione
710 2341 813 2382 modi,
828 2340 927 2375 altera
942 2342 1068 2376 ratione
1092 2343 1349 2387 significationis,

291 2401 324 2425 et
342 2392 438 2425 unica
462 2390 687 2431 contradictio,
711 2390 834 2424 scilicet
857 2392 982 2424 ratione
1006 2391 1107 2425 modi.
1133 2393 1185 2432 Et,
1210 2401 1246 2425 ut
1270 2404 1349 2425 con-

290 2438 376 2474 fusio
393 2441 524 2479 vitetur,
539 2440 644 2484 prima
663 2440 873 2472 contrarietas
892 2448 1030 2473 vocetur
1046 2442 1256 2474 contrarietas
1276 2453 1349 2475 rno-

291 2489 383 2528 dalis,
407 2487 550 2522 secunda
574 2488 783 2521 contrarietas
809 2487 963 2520 formalis.
991 2488 1216 2522 Contradictio
1241 2499 1350 2523 autem

289 2549 359 2571 non
377 2536 418 2570 ad
438 2535 641 2570 confusionis
656 2536 850 2569 vitationem
866 2536 942 2580 quia
958 2537 1054 2568 unica
1070 2546 1129 2577 est,
1146 2537 1203 2570 sed
1220 2537 1260 2571 ad
1277 2549 1351 2582 pro-

287 2586 436 2630 prietatis
453 2586 697 2628 expressionem
716 2584 931 2618 contradictio
947 2584 1086 2618 modalis
1102 2587 1211 2618 vocari
1231 2596 1350 2630 potest.

290 2634 461 2668 Invenitur
477 2642 587 2666 autem
603 2634 812 2666 contrarietas
827 2632 972 2666 formalis
985 2635 1254 2668 enunciationum
1268 2635 1352 2668 inter

290 2693 406 2715 omnes
431 2680 720 2721 contradictorias,
744 2682 820 2725 quia
845 2681 1169 2715 contradictoriarum
1189 2683 1288 2716 altera
1311 2683 1352 2716 al-

290 2739 392 2764 teram
416 2741 546 2774 semper
568 2729 726 2771 excludit;
743 2739 775 2763 et
799 2731 882 2763 inter
906 2742 1021 2763 omnes
1046 2732 1222 2764 contrarias
1241 2732 1352 2766 moda-

288 2773 362 2812 liter
378 2777 487 2823 quoad
506 2779 686 2819 veritatem,
703 2779 780 2823 quia
795 2790 863 2812 non
882 2788 1022 2822 possunt
1039 2791 1108 2812 esse
1128 2781 1227 2813 simul
1246 2792 1350 2822 verae,

289 2827 456 2873 licetssnon
479 2827 664 2860 inveniatur
686 2828 771 2860 inter
794 2838 910 2860 omnes
934 2827 1043 2872 quoad
1067 2827 1254 2870 falsitatem,
1275 2831 1351 2875 quia

289 2884 430 2920 possunt
452 2886 522 2908 esse
547 2875 645 2908 simul
668 2875 776 2909 falsae.

357 2933 387 2966 4.
413 2923 502 2964 Quia
526 2922 625 2966 igitur
647 2923 840 2957 Aristoteles
859 2925 893 2957 in
916 2924 977 2957 hac
1001 2927 1192 2969 quaestione
1205 2926 1351 2971 loquitur

291 2971 331 3005 de
349 2972 574 3005 contrarietate
593 2973 863 3005 enunciationum
880 2984 963 3017 quae
979 2984 1014 3006 se
1038 2974 1183 3008 extendit
1206 2975 1246 3008 ad
1271 2987 1350 3008 con-

291 3020 403 3053 trarias
419 3019 602 3060 modaliter‚
618 3029 650 3053 et
666 3020 943 3062 contradictorias,
960 3032 997 3055 ut
1019 3032 1108 3066 patet
1131 3024 1165 3056 in
1188 3024 1350 3068 principio

292 3076 324 3100 et
339 3068 373 3100 in
389 3066 453 3100 fine
470 3068 670 3111 quaestionis
685 3067 741 3112 (in
759 3069 921 3113 principio
937 3070 1081 3114 quidem,
1099 3071 1174 3115 quia
1194 3072 1352 3116 proponit

291 3124 444 3159 utrasque
469 3114 736 3149 contradictorias
762 3115 887 3150 dicens:
911 3118 1083 3162 Affirmatio
1107 3120 1256 3163 negationi
1278 3129 1350 3160 etc.;

292 3173 324 3197 et
337 3164 512 3197 contrarias
525 3163 697 3197 modaliter
714 3164 840 3197 dicens:
860 3166 900 3198 Et
918 3167 1012 3200 oratio
1031 3169 1161 3201 orationi
1172 3177 1243 3208 etc.³
1263 3168 1350 3201 unde

292 3221 324 3245 et
343 3211 490 3256 exempla
514 3220 714 3256 utrarunque
738 3214 848 3246 statim
871 3214 991 3255 subdit,
1007 3224 1043 3248 ut
1066 3225 1155 3259 patet
1177 3217 1211 3248 in
1235 3216 1349 3249 littera.

291 3262 330 3295 In
353 3260 417 3294 fine
440 3271 530 3300 vero,
547 3261 623 3304 quia
642 3260 686 3294 ibi
709 3272 858 3305 expresse
883 3275 981 3306 quam
1006 3264 1167 3296 conclusit
1189 3276 1259 3297 esse
1277 3272 1352 3297 con-

291 3310 422 3342 trariam
439 3308 648 3342 affirmativae
664 3309 839 3342 universali
855 3322 949 3344 verae
963 3311 1089 3352 dividit,
1106 3313 1140 3345 in
1156 3314 1351 3345 contrariam

291 3357 464 3391 modaliter
482 3357 699 3390 universalem
719 3358 914 3401 negativam,
934 3359 1066 3399 scilicet,
1084 3369 1115 3392 et
1131 3360 1350 3394 contradicto-

291 3408 387 3440 riam:
412 3417 494 3450 quae
512 3404 630 3438 divisio
647 3405 784 3438 falsitate
808 3418 875 3439 non
900 3417 1031 3447 careret,
1051 3408 1114 3440 nisi
1138 3408 1352 3442 conclusisset

292 3454 486 3488 contrariam
510 3453 705 3494 formaliter,
728 3463 765 3486 ut
782 3454 821 3488 de
841 3466 875 3487 se
896 3455 1019 3500 patet),
1045 3457 1130 3500 quia,
1146 3457 1290 3500 inquam,
1305 3457 1351 3489 sic

292 3502 409 3546 accipit
425 3503 696 3542 contrarietatem,
713 3502 789 3535 ideo
806 3502 846 3535 de
863 3503 1088 3536 contrarietate
1108 3503 1236 3536 formali
1252 3516 1352 3537 enun-

293 3550 471 3583 ciationum
493 3551 640 3594 quaestio
658 3550 868 3594 intelligenda
884 3561 942 3585 est.
967 3552 1009 3584 Et
1027 3561 1076 3584 est
1093 3553 1240 3596 quaestio
1257 3553 1350 3587 valde

292 3598 429 3640 subtilis,
446 3600 626 3633 necessaria
642 3608 674 3632 et
690 3599 796 3633 adhuc
813 3599 905 3633 nullo
929 3600 1030 3633 modo
1047 3601 1196 3645 superius
1213 3610 1304 3634 tacta.

434 3664 503 3696 Opp.
523 3663 553 3688 D.
568 3663 682 3688 ’raom
700 3663 732 3688 T.
747 3663 765 3688 1.

1377 279 1527 315 LECT.
1557 279 1644 314 XIII

1469 356 1527 388 Est
1549 355 1649 398 igitur
1672 354 1786 387 titulus
1811 355 2026 398 quaestionis;
2050 363 2160 387 utrum
2177 355 2384 389 affirmativae
2408 368 2460 389 ve—

1402 415 1455 436 rae
1480 404 1640 437 contraria
1663 402 1841 436 formaliter
1865 404 1906 436 sit
1929 405 2078 447 negativa
2102 404 2180 437 falsa
2203 405 2349 438 eiusdem
2373 402 2461 450 prae-

1403 451 1510 491 dicati,
1535 460 1590 484 aut
1613 450 1804 484 affirmativa
1834 451 1912 485 falsa
1936 451 1976 485 de
1999 452 2184 496 praedicato
2208 454 2385 497 privativo,
2407 455 2460 488 vel

1403 499 1588 532 contrario?
1608 500 1649 532 Et
1668 500 1714 532 sic
1729 508 1818 544 patet
1833 501 1906 544 quis
1922 501 1964 534 sit
1979 513 2094 534 sensus
2118 503 2213 543 tituli,
2230 512 2262 536 et
2277 515 2375 548 quare
2392 517 2460 538 non

1403 555 1515 580 movet
1538 548 1764 591 quaestionem
1784 548 1824 581 de
1846 561 2040 594 quacunque
2056 549 2119 583 alia
2135 552 2343 595 oppositione
2362 565 2462 586 enun-

1404 595 1582 628 ciationum
1606 595 1699 640 (quia
1723 596 1845 629 scilicet
1864 597 1953 630 nulla
1976 598 2037 631 alia
2060 599 2094 632 in
2114 600 2160 632 eis
2179 599 2356 634 formaliter
2375 602 2461 634 inve-

1404 643 1518 688 nitur),
1535 652 1567 676 et
1584 643 1674 687 quod
1698 645 1815 688 accipit
1839 646 2098 679 contrarietatem
2122 649 2252 692 proprie
2276 658 2308 682 et
2331 650 2462 682 strictis-

1404 692 1496 732 sime,
1515 692 1590 724 licet
1611 691 1682 724 talis
1703 694 1911 726 contrarietas
1936 695 2119 729 inveniatur
2141 697 2224 730 inter
2247 698 2462 732 contradicto-

1403 741 1465 773 rias
1490 739 1662 773 modaliter
1685 750 1717 773 et
1741 743 1916 775 contrarias
1940 743 2121 777 modaliter.
2168 783 2172 786 Δ

1470 788 1606 821 Dictum
1628 800 1707 821 vero
1731 788 1792 822 fuit
1807 801 1825 822 a
1843 802 1867 822 s.
1882 790 2015 824 Thoma
2030 791 2045 808 *
2065 794 2236 835 provenire
2260 794 2343 827 hanc
2369 795 2461 828 dubi-

1404 836 1562 869 tationem
1574 849 1613 870 ex
1629 848 1669 870 eo
1683 837 1772 881 quod
1785 838 1915 871 additur
1931 839 2054 883 aliquid
2073 841 2213 885 simplici
2229 844 2461 885 enunciationi,

1405 885 1480 928 quia
1509 886 1536 917 si
1563 893 1691 918 tantum
1722 886 1900 930 simplices,
1931 887 2029 928 idest,
2053 889 2092 922 de
2116 891 2261 924 secundo
2295 892 2461 926 adiacente

1404 934 1650 966 enunciationes
1671 934 1887 975 attendantur,
1911 947 1979 968 non
2003 936 2098 970 habet
2122 938 2200 972 haec
2217 942 2365 984 quaestio
2381 942 2462 975 radi-

1405 992 1486 1013 cem.
1512 982 1602 1021 Quia
1625 991 1735 1014 autem
1759 982 1899 1025 simplici
1920 986 2151 1027 enunciationi,
2168 988 2252 1021 idest
2268 989 2413 1023 subiecto
2429 1000 2462 1024 et

1404 1028 1504 1061 verbo
1529 1029 1743 1070 substantivo,
1767 1030 1897 1064 additur
1917 1032 2057 1076 aliquid,
2081 1035 2203 1069 scilicet
2229 1037 2461 1080 praedicatum,

1404 1078 1548 1110 nascitur
1571 1077 1731 1111 dubitatio
1755 1079 1838 1112 circa
1866 1082 2127 1124 oppositionem,
2151 1096 2191 1117 an
2215 1085 2294 1119 illud
2314 1087 2470 1120 additum'

1404 1125 1438 1158 in
1463 1126 1632 1158 contrariis
1656 1126 1771 1159 debeat
1787 1139 1857 1161 esse
1874 1128 2023 1162 illudmet
2042 1132 2273 1174 praedicatum,
2288 1137 2461 1178 negatione

1405 1174 1553 1216 apposita
1576 1174 1691 1215 verbo,
1721 1186 1761 1208 an
1785 1175 1900 1209 debeat
1924 1189 1994 1211 esse
2017 1180 2238 1222 praedicatum
2263 1185 2461 1217 contrarium

1405 1233 1462 1255 seu
1486 1223 1695 1266 privativum,
1719 1224 1839 1268 absque
1863 1227 2036 1269 negatione
2060 1231 2244 1272 praeposita
2262 1231 2372 1265 verbo.

1473 1281 1502 1313 5.
1526 1271 1655 1304 Deinde
1682 1284 1758 1305 curn
1783 1273 1876 1306 dicit:
1905 1275 1991 1308 Nam
2013 1277 2040 1308 si
2054 1288 2089 1309 ea
2108 1286 2183 1318 etc.,
2212 1279 2351 1313 declarat
2375 1281 2462 1315 unde

1405 1319 1564 1352 sumenda
1583 1320 1625 1352 sit
1641 1320 1763 1354 decisio
1780 1321 1877 1355 huius
1898 1325 2107 1367 quaestionis.
2133 1326 2174 1359 Et
2190 1327 2256 1360 duo
2273 1327 2362 1361 facit:
2387 1330 2463 1374 quia

1404 1368 1512 1412 primo
1536 1367 1676 1402 declarat
1695 1369 1784 1413 quod
1809 1369 1888 1402 haec
1909 1373 2056 1414 quaestio
2074 1373 2235 1417 dependet
2256 1387 2294 1408 ex
2313 1388 2379 1410 una
2402 1377 2463 1411 alia

1405 1417 1607 1460 quaestione,
1627 1429 1666 1450 ex
1685 1417 1738 1450 illa
1754 1418 1892 1451 scilicet:
1913 1429 2024 1453 utrum
2044 1423 2168 1465 opinio,
2185 1423 2268 1457 idest
2292 1427 2463 1469 conceptio

1405 1465 1542 1505 animae,
1559 1466 1593 1498 in
1610 1465 1752 1499 secunda
1777 1468 1967 1510 operatione
1992 1469 2185 1511 intellectus,
2202 1484 2286 1513 vera,
2305 1475 2464 1507 contraria

1406 1513 1447 1545 sit
1464 1514 1614 1557 opinioni
1634 1513 1732 1547 falsae
1751 1516 1919 1558 negativae
1937 1516 2084 1550 eiusdem
2103 1520 2290 1562 praedicati,
2307 1533 2348 1554 an
2367 1522 2463 1555 falsae

1406 1561 1616 1595 affirmativae
1641 1563 1793 1595 contrarii
1817 1564 1885 1597 sive
1909 1565 2069 1608 privativi.
2094 1567 2135 1600 Et
2158 1569 2301 1612 assignat
2322 1581 2464 1611 causam,

1407 1622 1505 1656 quare
1529 1610 1583 1643 illa
1603 1612 1751 1655 quaestio
1775 1611 1939 1656 dependet
1962 1626 2000 1646 ex
2023 1615 2094 1655 ista,
2119 1617 2194 1660 quia
2218 1618 2340 1651 scilicet
2359 1631 2463 1653 enun-

1407 1660 1562 1692 ciationes
1586 1659 1715 1693 vocales
1743 1670 1924 1705 sequuntur
1947 1663 2121 1704 mentales,
2149 1674 2186 1697 ut
2211 1665 2345 1700 effectus
2368 1668 2463 1701 adae-

1407 1708 1495 1752 quati
1521 1719 1633 1740 causas
1653 1709 1811 1752 propriaS‚
1828 1719 1860 1742 et
1876 1719 1912 1743 ut
1935 1711 2115 1755 significata
2133 1714 2225 1757 signa
2237 1714 2253 1731 *
2276 1715 2464 1760 adaequata,

1406 1765 1439 1789 et
1455 1765 1693 1800 consequenter
1716 1758 1830 1791 similis
1854 1768 1903 1792 est
1926 1760 1959 1792 in
1983 1760 2046 1793 hoc
2066 1770 2202 1807 utraque
2218 1773 2341 1797 natura.
2367 1765 2464 1799 Unde

1406 1804 1563 1837 inchoans
1588 1804 1626 1837 ab
1650 1804 1710 1838 hac
1734 1817 1829 1839 causa
1853 1808 1914 1840 ait:
1941 1808 2027 1842 Nam
2049 1810 2076 1842 si
2097 1821 2132 1843 ea
2154 1823 2230 1855 quae
2251 1819 2322 1846 sunt
2343 1813 2376 1846 in
2397 1824 2465 1847 voce

1405 1859 1572 1897 sequuntur
1590 1864 1635 1893 ea,
1659 1865 1735 1897 quae
1752 1861 1823 1888 sunt
1845 1856 1877 1888 in
1900 1857 2015 1898 anima,
2041 1867 2076 1890 ut
2100 1858 2223 1892 dictum
2248 1870 2295 1894 est
2317 1862 2351 1894 in
2374 1862 2463 1904 prin-

1407 1902 1493 1946 cipio
1524 1903 1539 1936 Ι
1570 1902 1658 1943 libri,
1689 1912 1722 1936 et
1751 1903 1827 1944 illic,
1856 1904 1939 1937 idest
1962 1906 1995 1938 in
2024 1907 2146 1947 anima,
2176 1909 2288 1951 opinio
2313 1912 2464 1945 contrarii

1406 1951 1582 1994 praedicati
1607 1952 1690 1984 circa
1713 1951 1801 1985 idem
1825 1952 2008 1986 subiectum
2032 1963 2081 1988 est
2105 1958 2264 1990 contraria
2287 1958 2333 1991 illi
2357 1959 2464 2000 alteri,

1407 2011 1490 2043 quae
1507 1999 1646 2032 affirmat
1661 2000 1824 2044 reliquum
1848 2003 2047 2036 contrarium
2064 2003 2104 2037 de
2125 2005 2242 2039 eodem
2258 2006 2464 2051 (cuiusmodi

1407 2057 1483 2080 sunt
1506 2048 1586 2080 istae
1611 2048 1769 2081 mentales
1793 2051 2051 2092 enunciationes,
2064 2054 2159 2085 omnis
2181 2053 2264 2087 homo
2288 2062 2329 2088 est
2350 2056 2463 2097 iustus,

1406 2097 1501 2129 omnis
1519 2096 1604 2130 homo
1624 2103 1664 2130 est
1679 2097 1844 2143 iniustus);
1861 2099 1887 2131 si
1905 2099 1947 2132 ita
1964 2101 2096 2144 inquam
2121 2110 2179 2141 est,
2204 2103 2300 2136 etiam
2317 2113 2349 2137 et
2364 2105 2397 2137 in
2413 2105 2464 2137 his

1406 2144 1676 2179 affirmationibus
1708 2158 1791 2190 quae
1815 2157 1891 2180 sunt
1914 2148 1947 2180 in
1971 2161 2063 2190 voce,
2086 2150 2171 2183 idest
2193 2152 2348 2186 vocaliter
2373 2165 2463 2186 sum-

1406 2195 1481 2238 ptis,
1505 2205 1637 2227 necesse
1657 2204 1706 2228 est
1722 2195 1870 2229 similiter
1893 2209 1926 2230 se
1950 2197 2083 2238 habere,
2104 2208 2141 2231 ut
2162 2199 2284 2233 scillcet
2304 2202 2368 2234 sint
2384 2213 2463 2235 con-

1406 2244 1520 2276 trariae
1537 2243 1620 2276 duae
1637 2243 1847 2277 affirmativae
1864 2245 1903 2278 de
1920 2246 2037 2279 eodem
2061 2247 2207 2281 subiecto
2225 2258 2257 2281 et
2273 2249 2463 2292 praedicatis

1407 2292 1584 2324 contrariis.
1611 2291 1715 2332 Quod
1739 2293 1765 2324 si
1790 2304 1896 2337 neque
1919 2293 1999 2334 illic,
2019 2294 2103 2328 idest
2125 2296 2158 2328 in
2182 2297 2299 2336 anima,
2317 2298 2464 2341 opinatio

1407 2340 1558 2372 contrarii
1581 2339 1771 2383 praedicati,
1795 2343 2054 2375 contrarietatem
2078 2343 2161 2376 inter
2179 2345 2335 2378 mentales
2359 2357 2463 2379 enun-

1407 2388 1563 2421 ciationes
1581 2389 1761 2429 constituit,
1777 2401 1836 2422 nec
1854 2389 2026 2423 affirmatio
2042 2391 2164 2424 vocalis
2185 2392 2391 2427 affirmationi
2409 2406 2465 2427 vo-

1407 2435 1466 2468 cali
1485 2436 1645 2469 contraria
1661 2437 1721 2469 erit
1735 2436 1775 2470 de
1792 2439 1954 2471 contrario
1971 2439 2168 2483 praedicato,
2185 2441 2241 2474 sed
2258 2442 2361 2485 magis
2378 2441 2463 2476 affir-

1407 2484 1544 2516 mationi
1569 2485 1728 2517 contraria
1752 2485 1812 2517 erit
1835 2487 1966 2529 negatio
1990 2487 2137 2520 eiusdem
2160 2487 2345 2532 praedicati.

1474 2535 1503 2565 6.
1528 2532 1703 2577 Dependet
1719 2545 1797 2577 ergo
1812 2543 1902 2567 mota
1919 2537 2066 2579 quaestio
2079 2549 2118 2570 ex
2137 2538 2197 2570 ista
2216 2537 2276 2571 alia
2293 2540 2377 2573 sicut
2392 2540 2465 2574 effe-

1408 2591 1479 2615 ctus
1496 2593 1535 2614 ex
1551 2593 1656 2614 causa.
1677 2582 1853 2625 Propterea
1868 2591 1900 2615 et
1919 2583 2147 2618 concludendo
2167 2585 2256 2620 addit
2272 2588 2464 2629 secundum,

1408 2629 1498 2675 quod
1522 2630 1644 2663 scilicet
1671 2629 1710 2663 de
1735 2629 1795 2663 hac
1815 2632 2006 2674 quaestione
2027 2634 2117 2677 prius
2133 2636 2336 2669 tractandum
2353 2646 2412 2677 est,
2428 2646 2465 2670 ut

1407 2691 1447 2712 ex
1470 2691 1566 2712 causa
1590 2678 1721 2722 cognita
1737 2678 1870 2712 effectus
1883 2681 2066 2715 innotescat
2079 2682 2203 2715 dicens:
2225 2684 2329 2726 Quare
2340 2685 2466 2718 conside-

1407 2727 1539 2761 randum
1550 2733 1602 2767 est,
1615 2727 1712 2771 opinio
1724 2738 1798 2760 vera
1811 2728 1859 2760 cui
1873 2728 2005 2772 opinioni
2011 2730 2114 2773 falsae
2125 2733 2277 2765 contraria
2288 2739 2344 2765 est:
2361 2740 2464 2767 utrum

1406 2776 1555 2820 negationi
1570 2775 1672 2820 falsae
1694 2786 1736 2808 an
1758 2782 1830 2810 certe
1853 2777 1879 2810 ei
1901 2778 2094 2821 affirmationi
2108 2780 2220 2824 falsae,
2249 2792 2325 2824 quae
2350 2788 2465 2815 contra-

1406 2826 1487 2859 rium
1509 2836 1566 2858 esse
1595 2825 1745 2869 opinatur.
1773 2826 1814 2859 Et
1838 2835 1873 2858 ut
1896 2827 2121 2871 exemplariter
2143 2839 2360 2873 proponatur,
2389 2831 2463 2864 dico

1405 2875 1469 2908 hoc
1486 2874 1606 2907 modo:
1633 2875 1717 2907 Sunt
1733 2883 1796 2907 tres
1817 2876 1990 2919 opiniones
2008 2876 2048 2909 de
2065 2877 2163 2918 bono,
2176 2887 2255 2922 puta
2271 2879 2351 2911 vita:
2369 2891 2463 2923 quae-

1406 2923 1482 2956 dam
1505 2924 1593 2956 enim
1617 2932 1666 2956 est
1688 2924 1790 2967 ipsius
1810 2924 1887 2957 boni
1912 2926 2025 2968 opinio
2048 2937 2133 2966 vera,
2158 2927 2313 2970 quoniam
2338 2927 2462 2960 bonum

1406 2981 1469 3011 est,
1493 2980 1590 3016 puta,
1615 2971 1704 3015 quod
1729 2972 1794 3004 vita
1818 2972 1858 3005 sit
1882 2972 1985 3013 bona;
2010 2973 2070 3006 alia
2094 2986 2171 3007 vero
2195 2975 2273 3008 falsa
2297 2976 2462 3019 negativa,

1405 3021 1538 3061 scilicet,
1563 3021 1720 3064 quoniam
1735 3019 1859 3053 bonum
1879 3033 1947 3054 non
1967 3031 2025 3061 est,
2045 3031 2134 3066 puta,
2151 3023 2239 3067 quod
2256 3023 2321 3056 vita
2338 3035 2404 3056 non
2421 3024 2463 3056 sit

1405 3069 1507 3110 bona;
1520 3069 1581 3102 alia
1591 3070 1669 3102 item
1686 3069 1763 3102 falsa
1776 3068 1966 3102 affirmativa
1983 3071 2143 3111 contrarii,
2157 3071 2288 3111 scilicet,
2306 3073 2462 3116 quoniam

1405 3118 1529 3151 malum
1546 3127 1609 3158 est,
1626 3126 1715 3161 puta,
1733 3118 1823 3162 quod
1839 3119 1904 3151 vita
1921 3119 1962 3151 sit
1978 3119 2070 3152 mala.
2093 3120 2271 3159 Quaeritur
2284 3132 2362 3163 ergo
2379 3133 2462 3164 quae

1405 3166 1521 3199 harum
1545 3165 1698 3199 falsarum
1722 3168 1880 3200 contraria
1903 3177 1952 3200 est
1975 3168 2091 3201 verae?

1472 3224 1501 3256 7.
1524 3213 1627 3253 Quod
1644 3223 1753 3246 autem
1773 3214 1933 3248 subdidit:
1952 3217 1993 3249 Et
2010 3217 2036 3248 si
2050 3223 2090 3249 est
2106 3227 2179 3256 una,
2197 3217 2356 3250 secundum
2369 3229 2462 3261 quam

1405 3263 1558 3295 contraria
1581 3269 1631 3302 est,
1651 3263 1819 3306 tripliciter
1844 3263 1907 3306 legi
1931 3273 2048 3307 potest.
2075 3265 2196 3305 Primo,
2217 3265 2406 3306 dubitative,
2426 3275 2463 3299 ut

1405 3311 1447 3342 sit
1465 3322 1538 3353 pars
1566 3312 1782 3354 quaestionis;
1806 3320 1838 3343 et
1861 3320 1939 3344 tunc
1963 3322 2012 3345 est
2035 3323 2166 3345 sensus:
2192 3315 2356 3356 quaeritur
2379 3325 2462 3358 quae

1405 3358 1522 3391 harum
1545 3358 1697 3390 falsarum
1722 3360 1880 3392 contraria
1908 3369 1957 3392 est
1972 3370 2081 3393 verae:
2106 3370 2139 3393 et
2161 3361 2258 3394 simul
2287 3363 2462 3405 quaeritur,

1405 3407 1432 3438 si
1457 3415 1505 3439 est
1528 3415 1655 3438 tantum
1679 3418 1743 3439 una
1766 3407 1882 3440 harum
1906 3407 2058 3441 falsarum
2083 3409 2263 3442 secundum
2288 3421 2386 3454 quam
2406 3410 2463 3443 fiat

1406 3455 1566 3487 contraria
1589 3455 1651 3498 ipsi
1675 3465 1786 3487 verae:
1811 3457 1884 3499 quia
1909 3468 1984 3488 cum
2001 3468 2103 3489 unum
2120 3458 2176 3489 uni
2193 3458 2234 3490 sit
2251 3459 2461 3499 contrarium,

1406 3511 1442 3535 ut
1471 3502 1587 3535 dicitur
1610 3504 1643 3535 in
1664 3504 1695 3536 X
1718 3503 1949 3548 Metaphysicae‚
1968 3505 2154 3549 quaerendo
2179 3518 2260 3550 quae
2288 3506 2403 3540 harum
2421 3508 2463 3540 sit

1406 3551 1565 3583 contraria
1578 3577 1586 3591 ,
1611 3563 1804 3595 quaeremus
1824 3554 1920 3586 etiam
1937 3565 1977 3586 an
2001 3565 2066 3586 una
2082 3566 2193 3587 earum
2206 3555 2247 3587 sit
2263 3557 2433 3589 contraria.
2446 3575 2460 3581 -

1406 3599 1482 3632 Alio
1507 3599 1620 3641 modo,
1645 3609 1754 3643 potest
1777 3600 1840 3644 legi
1863 3601 2074 3643 adversative,
2090 3612 2127 3636 ut
2143 3604 2183 3635 sit
2204 3613 2337 3636 sensus:
2362 3615 2460 3648 quae-

2266 3664 2319 3690 16*

2387 291 2452 316 121

2491 803 2497 810 ”
2513 802 2587 829 Supra
2608 802 2658 823 lect.
2678 807 2697 829 ι,

2489 834 2511 849 n.
2523 834 2538 850 ι.

2492 1730 2500 1737 ·
2511 1728 2553 1749 Ed.
2561 1734 2584 1750 c:
2595 1728 2699 1756 sr'ngula.
