2788 4204
96 597 104 605 ·
131 600 306 625 naceciansrz

96 627 164 646 esse,·
179 628 205 642 n:
217 627 262 642 non
270 627 306 642 m—

96 653 149 669 esse
163 647 272 668 subiecto.

98 702 104 709 ¹
119 700 232 721 Accidens
247 706 275 720 ex

95 726 164 748 codd.

95 816 104 825 ·
123 820 179 836 Aac:
205 813 305 834 alicuius

95 841 182 864 indim:
197 846 223 860 Νε

93 868 138 894 cip.
151 866 226 887 indivi

93 894 143 914 bus.

255 839 303 859 rin-

226 845 304 886 ‹sicali-

93 1077 102 1085 ·
127 1075 252 1102 Principiis
274 1081 302 1095 ex

91 1102 160 1123 codd.

92 1208 101 1216 ⁶
121 1213 155 1228 u:
177 1207 218 1228 illa
241 1212 300 1234 ergo

89 1233 229 1255 accidentia.

89 1335 99 1346 ⁸
109 1342 150 1356 na:
166 1334 236 1362 quod.

88 1362 110 1373 *⁸
120 1362 182 1383 Lect.
200 1367 247 1382 vm.

89 1390 98 1397 '
117 1388 180 1409 Lect.
209 1393 300 1415 praec.‚

89 1421 113 1436 n.
128 1420 148 1436 2.

89 2085 98 2093 '
112 2083 187 2106 Codd.
202 2085 265 2109 (exc.
284 2089 298 2104 a

84 2112 251 2158 fflnuzii'ftest.

343 252 416 288 194

97 333 185 381 2353.
196 338 295 386 ¹1²2‘r'230'e}
302 348 307 357 ,
337 320 441 356 cuius
470 318 698 355 contrarium
727 329 840 365 supra
860 324 1054 353 ostensum
1080 322 1134 351 est
1145 317 1176 351 ³&
1199 315 1315 360 Quod
1336 327 1400 351 au-

336 380 413 409 tem
434 372 618 418 accidens,
636 371 740 419 quod
759 382 837 406 non
858 378 912 406 est
930 381 998 417 per
1017 380 1069 414 se,
1087 379 1164 404 non
1185 368 1400 405 necessario

335 425 430 471 insit,
462 438 506 462 ex
534 426 607 461 hoc
635 431 759 472 potest
785 423 926 459 haberi.
958 421 997 457 Si
1027 421 1128 457 enim
1157 421 1311 468 aliquod
1341 434 1401 458 ac-

337 479 463 516 cidens
480 491 523 515 ex
538 477 756 514 necessitate
772 484 807 511 et
822 487 973 523 semper
991 474 1076 510 insit
1090 474 1270 520 subiecto,
1289 487 1400 523 opor-

335 540 386 569 tet
413 532 517 580 quod
547 542 699 567 causam
720 530 857 565 habeat
884 528 922 564 in
951 527 1133 573 subiecto,
1163 540 1238 575 qua
1264 527 1398 576 posita,

335 598 413 622 non
444 584 562 633 possit
590 582 762 619 accidens
791 593 869 617 non
896 581 1030 617 inesse.
1055 581 1074 601 *
1094 580 1210 626 Quod
1243 581 1398 628 quidem

336 637 513 685 contingit
541 635 746 684 dupliciter.
768 634 855 670 Uno
884 635 1014 679 modo,
1045 635 1200 681 quando
1231 645 1275 670 ex
1299 634 1399 682 prin-

336 691 438 739 cipiis
458 689 594 738 speciei
615 687 788 724 accidens
804 687 823 706 ⁴*
854 694 1044 731 causatum
1067 694 1102 722 et
1125 688 1197 723 tale
1224 686 1398 724 accidens

335 744 466 780 dicitur
487 754 559 790 per
585 753 624 777 se
655 739 780 788 passio
813 740 875 776 vel
904 739 1112 788 proprium.
1143 739 1229 776 Alio
1265 741 1396 788 modo,

333 796 486 844 quando
506 794 679 831 accidens
700 800 874 829 causatur
894 805 938 829 ex
957 793 1148 841 principiis
1168 793 1352 830 individui
1366 795 1395 840 *;

333 858 368 885 et
403 850 477 885 hoc
512 855 566 883 est
603 846 776 883 accidens
809 846 1069 895 inseparabile.
1107 847 1234 883 Omne
1268 855 1395 884 autem

333 901 517 946 accidens,
547 900 652 948 quod
681 907 856 936 causatur
885 911 930 935 ex
958 899 1149 949 principiis
1169 900 1336 947 subiecti,
1367 901 1396 937 si

332 954 467 991 debeat
495 953 654 999 definiri,
684 960 833 1001 oportet
860 953 966 1000 quod
995 953 1205 990 subiectum
1233 962 1397 1002 ponatur

330 1007 368 1044 in
396 1019 464 1043 sua
493 1006 728 1043 definitione:
760 1019 848 1043 nam
882 1007 1186 1056 unumquodque
1220 1007 1397 1045 definitur

331 1072 375 1096 ex
403 1059 563 1108 propriis
592 1058 782 1108 principiis
797 1060 832 1105 *3
864 1067 900 1095 et
927 1059 980 1096 sic
1009 1068 1159 1108 oportet
1191 1074 1306 1098 omne
1335 1075 1395 1099 ac-

330 1113 469 1160 cidens,
490 1112 595 1161 quod
615 1125 659 1149 ex
679 1113 898 1149 necessitate
917 1113 1013 1149 inest
1031 1114 1211 1161 subiecto,
1234 1126 1315 1151 esse
1335 1128 1395 1152 ac-

331 1165 458 1203 cidens
470 1178 544 1214 per
565 1178 605 1202 se
620 1171 642 1202 ⁸.
674 1166 738 1203 Illa
767 1178 856 1213 ergo
874 1166 894 1187 *
913 1178 1010 1214 quae
1031 1179 1109 1203 non
1137 1176 1223 1204 sunt
1244 1180 1317 1216 per
1343 1182 1393 1216 se,

330 1231 407 1256 non
436 1231 480 1255 ex
502 1227 721 1256 necessitate
749 1226 885 1256 insunt.

385 1273 418 1309 3.
447 1272 606 1309 Videtur
634 1280 760 1310 autem
795 1272 898 1320 quod
926 1271 1145 1309 Aristoteles
1178 1281 1302 1311 utatur
1331 1275 1393 1312 de-

329 1325 601 1362 monstratione
621 1325 800 1372 circulari‚
822 1337 938 1373 quam
951 1326 969 1343 ⁹⁵
981 1337 1094 1373 supra
1102 1326 1144 1347 ⁴⁵*
1150 1325 1391 1375 improbavit.

330 1379 556 1416 Ostenderat
572 1378 672 1415 enirn
693 1391 806 1427 supra
823 1378 843 1399 *
856 1377 960 1426 quod
978 1378 1248 1416 demonstratio
1264 1392 1393 1418 neces-

329 1432 514 1469 sariorum
544 1440 599 1468 est
623 1444 667 1468 ex
690 1433 765 1469 hoc
793 1431 898 1479 quod
918 1438 973 1467 est
1001 1443 1135 1468 eorum
1150 1431 1165 1458 ς
1185 1445 1284 1480 quae
1307 1442 1394 1471 sunt

89 1498 165 1545 {1³5⁸
182 1500 301 1519 econtra·
323 1497 395 1533 per
421 1497 482 1529 se;
510 1497 610 1522 nunc
639 1493 766 1521 autem
796 1496 815 1521 e
845 1495 1031 1521 converso
1050 1484 1071 1504 *
1095 1485 1257 1522 ostendit
1288 1487 1392 1536 quod

88 1550 302 1578 *marhot-quod·

87 1583 106 1598 1:
122 1582 150 1598 eo
164 1576 233 1605 quod.

329 1538 600 1575 demonstratio
627 1545 681 1574 est
709 1550 843 1587 eorum
871 1549 968 1585 quae
988 1544 1075 1574 sunt
1100 1550 1170 1587 per
1188 1551 1243 1586 se,
1274 1541 1393 1589 quia*

329 1599 383 1628 est
411 1603 722 1629 necessariorum.

381 1645 456 1682 Sed
487 1644 690 1682 dicendum
718 1643 823 1692 quod
843 1656 958 1693 supra
986 1643 1205 1682 Aristoteles
1225 1658 1304 1683 non
1332 1660 1392 1684 so-

327 1698 406 1734 lum
423 1697 585 1734 ostendit
608 1697 971 1734 demonstrationem
989 1709 1071 1733 esse
1091 1699 1391 1737 necessariorum

324 1759 479 1800 propter
506 1751 591 1796 hoc,
622 1750 726 1798 quod
756 1758 811 1787 est
839 1762 972 1787 eorum
1002 1762 1101 1798 quae
1129 1760 1216 1789 sunt
1242 1765 1312 1802 per
1339 1767 1390 1801 se,

326 1804 391 1840 sed
422 1817 466 1840 ex
485 1803 703 1841 definitione
724 1803 803 1840 eius
831 1803 937 1852 quod
966 1812 1021 1840 est
1048 1804 1158 1851 scire;
1189 1806 1303 1843 ethic
1327 1807 1393 1845 fuit

323 1869 438 1894 verus
458 1857 788 1895 demonstrationis
807 1857 958 1894 modus.
985 1857 1101 1904 Quod
1120 1866 1248 1896 autem
1269 1868 1392 1898 osten-

326 1910 378 1947 dit
406 1910 768 1948 demonstrationem
798 1922 881 1947 esse
910 1911 1210 1948 necessariorum
1237 1921 1393 1962 propter

325 1964 410 2010 hoc,
441 1963 545 2012 quod
574 1971 630 2000 est
658 1976 793 2000 eorum
821 1975 919 2012 quae
948 1971 1034 2001 sunt
1054 1976 1128 2012 per
1153 1977 1204 2012 se,
1233 1978 1312 2003 non
1337 1975 1393 2004 est

324 2029 416 2054 vera
436 2017 720 2062 demonstratio,
742 2016 809 2054 sed
826 2024 880 2054 est
899 2017 1064 2054 ostensio
1085 2018 1134 2055 ad
1153 2018 1352 2056 hominem
1363 2026 1388 2066 ’ζ

325 2070 426 2119 apud
455 2083 571 2119 quem
601 2078 735 2107 notum
765 2070 971 2118 est*qu0d
1000 2070 1271 2109 demonstratio
1287 2072 1333 2109 sit
1349 2071 1390 2095 ³⁶*

325 2136 459 2161 eorum
488 2136 586 2172 quae
615 2131 701 2160 sunt
727 2135 796 2172 per
824 2136 875 2160 se.

376 2272 397 2307 ε)
419 2273 455 2298 Et
468 2272 505 2298 sic
518 2275 623 2304 oportet
640 2279 717 2297 omne
734 2271 855 2297 accidens
869 2272 940 2305 quod
953 2280 991 2298 ex
1005 2274 1159 2300 necessitate
1172 2280 1219 2300 etc.
1228 2289 1247 2294 -
1256 2276 1303 2301 Est
1317 2277 1392 2302 lectio

324 2309 398 2333 codd.
417 2307 681 2337 ABCEGLMNOST.
690 2308 778 2332 -HR:
798 2311 825 2332 et
838 2307 876 2332 sic
889 2311 996 2340 oportet
1009 2309 1081 2341 quod
1094 2317 1171 2335 omne
1184 2311 1307 2337 accidens
1320 2312 1392 2345 quod

324 2351 361 2369 ex
379 2343 558 2368 necessitate...
577 2346 616 2367 est
634 2343 756 2368 accidens
775 2349 828 2375 per
845 2350 888 2372 se,·
907 2344 968 2368 DK:
987 2347 1014 2368 et
1034 2344 1072 2369 sic
1085 2352 1163 2370 omne
1180 2346 1302 2372 accidens
1320 2347 1392 2380 quod

324 2387 362 2404 ex
380 2378 532 2404 necessitate
551 2378 619 2403 inest
635 2378 765 2407 subiecto,
791 2381 830 2403 est
848 2379 970 2404 accidens
984 2386 1037 2411 per
1054 2387 1082 2405 se
1087 2387 1096 2409 ‚⁴
1115 2380 1164 2411 1Q:
1183 2385 1211 2407 et
1228 2382 1267 2407 sic
1284 2386 1391 2414 oportet

324 2422 379 2440 esse
397 2414 519 2439 accidens
537 2413 608 2446 quod
626 2420 663 2438 ex
681 2413 835 2438 necessitate
854 2413 921 2439 inest
939 2414 1055 2440 subiecto
1074 2422 1130 2440 esse
1148 2416 1169 2447 (1
1187 2425 1241 2442 om.
1260 2419 1326 2451 esse)
1345 2426 1390 2443 ac-

324 2451 413 2475 cidens
424 2456 475 2481 per
488 2456 523 2474 se.
539 2449 623 2481 Igitur,
637 2455 714 2473 omne
725 2449 882 2474 accidens...
892 2456 929 2474 ex
942 2450 1103 2480 necessitate,
1117 2456 1158 2475 est
1172 2452 1247 2477 lectio
1260 2454 1314 2478 fere
1327 2461 1390 2478 una-

324 2485 401 2510 nimis
421 2484 546 2514 codicum,
561 2491 639 2516 quam
654 2484 747 2508 Pianae
763 2484 946 2516 praetulimus:
962 2489 988 2510 et
1001 2485 1039 2510 sic
1053 2489 1157 2517 oportet
1171 2487 1251 2512 etiam
1265 2489 1389 2514 accidens

324 2520 395 2554 quod
414 2520 446 2544 de
465 2519 618 2544 necessitate
637 2524 684 2544 etc.
703 2519 737 2543 At
755 2519 834 2544 etiam
854 2519 941 2544 minus
960 2525 1028 2545 recte
1047 2521 1150 2553 ponitur
1169 2523 1227 2547 loco
1246 2525 1294 2548 τοῦ
1312 2531 1389 2549 omne

325 2556 450 2581 codicum.

376 2590 402 2622 ζ)
419 2590 578 2615 Ostenderat
590 2590 659 2615 enim
669 2596 751 2621 supra
765 2590 882 2614 etc.—H:
897 2591 1017 2622 superius
1031 2591 1100 2616 enim
1111 2593 1227 2618 ostendit
1241 2594 1313 2626 quod
1326 2598 1389 2626 εἴας

325 2626 362 2651 G:
382 2625 536 2651 ostendebat
542 2633 551 2654 ,·
570 2626 606 2650 K:
626 2625 779 2650 ostendit.-
792 2625 854 2650 AG:
873 2632 911 2650 ex
928 2633 959 2650 eo
978 2627 1049 2658 quod
1066 2630 1106 2651 est
1123 2634 1214 2652 eorum
1234 2634 1282 2654 etc.

376 2662 403 2693 η)
424 2661 478 2686 Sed
496 2664 535 2685 est
553 2660 667 2686 ostensio
681 2660 718 2685 ad
731 2660 976 2686 hominem—Vera
991 2662 1176 2687 demonstratio
1195 2669 1235 2688 est
1253 2664 1285 2689 de
1299 2672 1389 2689 neces-

325 2697 392 2722 sario
410 2696 487 2727 veris,
507 2701 532 2721 et
550 2696 608 2721 ideo
627 2701 667 2720 est
685 2696 717 2720 de
735 2695 840 2720 veritate
860 2696 986 2721 absoluta.
1006 2697 1131 2722 Ostensio
1150 2703 1236 2724 autern
1251 2699 1290 2724 ad
1302 2699 1386 2724 homi-

324 2739 382 2757 nem
396 2737 443 2762 est,
457 2739 514 2756 cum
529 2731 693 2764 procedimus
711 2738 741 2755 ex
760 2730 890 2763 principiis
905 2731 1037 2756 concessis
1051 2732 1082 2756 ab
1096 2733 1242 2758 adversario
1257 2734 1288 2758 ad
1303 2734 1389 2767 ipsum

324 2767 524 2798 coarguendum.
549 2767 746 2798 Consequenter
764 2766 895 2791 conclusio
915 2767 962 2792 erit
981 2768 1137 2797 necessaria,
1163 2769 1210 2793 sed
1234 2770 1387 2794 necessitate

323 2802 530 2835 consequentiae,
550 2810 601 2826 non
621 2807 706 2826 autem
726 2802 878 2826 necessitate
896 2803 1076 2835 consequentis
1091 2802 1140 2835 (Cf.
1156 2804 1213 2829 lect.
1228 2811 1262 2835 w,
1282 2810 1334 2829 not.
1348 2812 1390 2838 γγ,

324 2843 349 2863 et
367 2838 430 2862 infra
449 2846 474 2862 n.
491 2837 525 2870 5).
543 2838 664 2862 Attamen
683 2843 742 2861 esse
761 2841 847 2869 potest
857 2842 892 2862 .ut
911 2837 1064 2870 principium
1085 2846 1241 2863 concessum
1261 2839 1293 2864 sit
1312 2839 1389 2864 abso-

324 2874 392 2898 lutae
410 2872 535 2902 veritatis;
555 2880 608 2905 quo
626 2872 652 2896 in
671 2879 732 2909 cgsu
752 2872 860 2897 habetur
878 2873 955 2897 etiam
973 2881 1034 2898 vera
1052 2873 1246 2899 demonstratio.

376 2907 400 2941 Θ)
420 2908 511 2933 Movet
530 2907 720 2932 dubitationem
739 2907 1000 2940 quamdam-Haec
1018 2908 1096 2933 verba
1115 2909 1268 2934 omittuntur
1282 2917 1296 2934 a
1311 2910 1385 2934 codd.

322 2943 543 2973 ADEKLMOQS,
559 2943 605 2967 sed
619 2948 658 2967 est
672 2943 806 2973 mendum,
820 2948 848 2967 ut
862 2946 931 2976 patet
943 2951 973 2968 ex
988 2943 1170 2976 sequentibus:
1189 2947 1215 2969 et
1227 2945 1299 2970 circa
1313 2945 1388 2970 hoc...

318 2979 410 3011 primo
423 2983 471 3004 etc.
484 2978 558 3004 Unde
577 2978 603 3002 in
622 2978 737 3010 margine
755 2978 778 3002 K
797 2977 918 3003 videntur
936 2979 978 3003 illa
996 2979 1075 3004 verba
1093 2979 1173 3004 fuisse
1192 2981 1322 3013 suppleta3
1343 2980 1388 3005 sed

323 3014 464 3047 quomodo,
483 3013 597 3046 margine
612 3021 659 3045 pro
674 3013 762 3037 maiori
778 3018 849 3045 parte
869 3013 964 3044 deciso,
982 3022 1034 3038 non
1054 3014 1214 3047 liquet-B:
1234 3019 1321 3041 movet
1339 3015 1388 3040 du-

324 3049 403 3074 bium.
424 3049 459 3074 Et
477 3049 548 3074 circa
568 3053 627 3078 etc.;
652 3048 762 3073 GHRT:
782 3051 869 3074 movet
887 3049 1087 3075 dubitationem.
1109 3050 1145 3075 R
1162 3050 1235 3076 circa
1254 3056 1315 3081 etc.;
1335 3051 1344 3075 1
1364 3055 1390 3075 et

324 3092 405 3117 marg.
424 3085 454 3109 S:
474 3087 560 3109 movet
574 3084 764 3109 dubitationem
784 3087 810 3108 et
827 3084 914 3109 solvit.
930 3084 966 3109 Et
983 3085 1055 3110 circa
1074 3085 1122 3111 hoc
1140 3090 1187 3110 etc.
1207 3086 1258 3111 Sed
1270 3086 1348 3110 verba
1363 3089 1390 3111 et

323 3120 400 3145 solvit
414 3127 466 3144 non
476 3119 542 3144 bene
557 3123 732 3152 apponuntur:
742 3118 782 3143 his
794 3118 862 3143 enim
873 3120 995 3151 appositis
1010 3120 1141 3152 superflua
1155 3121 1284 3146 videretur
1298 3121 1389 3146 divisio

324 3155 400 3180 huius
414 3160 511 3180 textus:
524 3154 639 3179 Etcirca
653 3154 702 3179 hoc
716 3154 769 3179 duo
777 3154 857 3188 facit.
866 3168 886 3173 —
896 3155 921 3178 M
936 3155 1074 3180 oscitanter
1087 3155 1189 3186 omittit,
1203 3159 1230 3182 et
1242 3156 1314 3182 circa
1327 3156 1390 3185 hoc:

323 3190 403 3214 DEL:
422 3190 494 3215 circa
512 3190 572 3218 hoc,
597 3190 696 3214 omisso
714 3192 753 3219 et,·
773 3189 809 3219 Q:
828 3193 854 3214 et
872 3189 925 3214 duo
943 3191 1143 3224 facit.——Codd.
1164 3191 1388 3216 BDEGHIKLMN

324 3225 415 3250 ORST
434 3225 511 3250 inira:
525 3224 616 3257 primo
630 3224 759 3257 proponit
773 3224 964 3250 dubitationem
983 3230 1035 3257 etc;
1055 3226 1091 3257 Q:
1106 3226 1198 3259 primo
1216 3227 1326 3260 opponit
1340 3227 1389 3252 du-

325 3260 486 3285 bitationem.

378 3296 395 3327 ι)
418 3295 507 3326 Quare
522 3295 554 3320 de
567 3295 779 3328 contingentibus
793 3299 866 3320 etc.—-
879 3296 952 3321 Hanc
966 3296 1071 3321 Pianam
1087 3297 1223 3322 lectionem
1238 3296 1333 3322 habent
1346 3304 1388 3322 so-

325 3330 458 3355 lummodo
469 3331 533 3355 Ven.
549 3331 720 3355 edd.—-Codd.
734 3330 1054 3356 ABDGHKLMNORST:
1070 3339 1152 3365 quare
1159 3332 1197 3365 fit
1210 3332 1388 3365 interrogatio

325 3365 358 3390 de
371 3365 411 3390 his
426 3366 467 3397 (N,
483 3366 514 3390 de
532 3365 572 3390 his
590 3365 697 3398 scilicet)
717 3373 783 3399 quae
801 3369 863 3390 sunt
876 3373 928 3398 per
946 3366 1074 3396 accidens,
1094 3367 1148 3393 sive
1163 3367 1195 3393 de
1212 3367 1388 3401 contingenti-

326 3400 386 3430 bus,
407 3404 436 3426 ut
454 3401 536 3426 exiis
556 3401 626 3426 datis
645 3401 727 3432 (datis
745 3401 829 3425 omitt.
847 3401 882 3434 O)
902 3402 1050 3427 etc.-—C0d.
1070 3403 1091 3427 C
1109 3402 1186 3427 habet
1205 3403 1258 3428 fere
1279 3403 1387 3428 eandem

326 3435 473 3460 lectionem:
489 3443 571 3468 quare
589 3437 624 3461 sit
638 3436 846 3469 interrogandus
865 3437 898 3462 de
911 3437 951 3462 his
965 3445 1032 3470 quae
1046 3441 1110 3463 sunt
1122 3445 1175 3471 per
1187 3437 1317 3468 accidens,
1332 3438 1387 3463 sive

326 3470 359 3494 de
372 3471 589 3504 contingentibus,
605 3475 634 3496 ut
647 3478 684 3496 ex
702 3471 742 3496 his
757 3471 835 3496 datis.
845 3485 865 3490 -
875 3472 956 3497 Codd.
972 3472 1019 3503 EQ
1035 3473 1172 3498 dissentire
1190 3480 1242 3498 non
1261 3473 1387 3503 videntur,

327 3505 444 3537 quamvis
468 3506 584 3530 mendosi
607 3506 656 3531 hoc
680 3507 737 3531 loco
756 3506 823 3536 sint.
848 3507 913 3532 sicut
932 3512 956 3532 et
975 3507 1000 3532 in
1020 3508 1108 3532 multis
1127 3508 1195 3533 aliis:
1214 3508 1238 3533 si
1255 3508 1387 3534 conclusio

326 3547 393 3572 quae
416 3541 533 3573 sequitur
551 3548 588 3565 ex
605 3541 824 3573 contingentibus,
844 3542 884 3566 vel
901 3549 939 3567 ex
961 3542 1002 3567 his
1020 3550 1088 3575 quae
1105 3547 1167 3568 sunt
1187 3550 1239 3575 per
1256 3543 1386 3572 accidens,

326 3575 380 3599 sive
395 3575 427 3599 de
439 3576 658 3608 contingentibus,
674 3579 702 3601 ut
717 3576 757 3608 (E,
766 3577 824 3609 aut)
839 3584 876 3601 ex
889 3577 926 3602 eis
941 3577 985 3610 (Q,
997 3578 1040 3610 iis)
1055 3578 1126 3603 datis
1135 3578 1302 3610 procedatur
1312 3582 1387 3603 etc.-

922 236 1305 274 POSTERIORUM
1333 236 1763 275 ANALYTICORUM
1791 238 1885 275 LIB.
1916 239 1930 274 I

1509 329 1546 364 4.
1577 316 1726 354 Deinde
1760 330 1848 354 cum
1877 317 1984 354 dicit:
2013 318 2065 353 Et
2095 322 2219 353 tamen
2249 323 2408 365 opponet
2435 325 2522 366 etc.,

1456 378 1589 407 movet
1607 370 1881 407 dubitationem
1901 370 2110 418 quamdam
2124 367 2148 406 ⁰.
2166 370 2215 406 Et
2235 369 2332 406 circa
2352 371 2427 407 hoc
2446 371 2523 408 duo

1456 423 1552 461 facit.
1583 424 1729 470 Primo,
1750 424 1857 473 ponit
1876 423 2150 460 dubitationem
2180 423 2308 460 dicens
2332 424 2437 472 quod
2455 437 2524 473 po-

1455 484 1526 514 test
1554 477 1686 526 aliquis
1724 478 1819 514 forte
1857 488 2073 526 opponere:
2113 476 2143 512 si
2174 476 2388 523 conclusio,
2425 489 2524 525 quae

1456 531 1624 579 sequitur
1652 543 1695 567 ex
1726 530 2027 578 contingentibus
2054 530 2117 566 vel
2146 541 2191 566 ex
2223 529 2281 566 his
2309 542 2408 578 quae
2438 539 2525 568 sunt

1454 596 1524 632 per
1552 584 1737 629 accidens,
1767 596 1847 621 non
1875 590 1930 620 est
1958 583 2186 628 necessaria;
2217 595 2332 631 quare
2362 583 2409 620 de
2434 596 2523 621 con-

1454 637 1681 684 tingentibus
1709 637 1753 674 fit
1771 637 2012 684 interrogatio
2041 636 2121 673 sive
2149 636 2195 673 de
2220 636 2278 672 his
2308 649 2405 685 quae
2436 645 2522 674 sunt

1449 702 1521 738 per
1548 691 1730 735 accidens,
1760 698 1802 726 ut
1822 702 1866 726 ex
1886 689 1929 726 iis
1950 689 2044 726 datis
2058 689 2079 710 *
2097 689 2326 738 procedatur
2354 690 2402 727 ad
2433 702 2522 727 con-

1455 743 1676 788 clusionem,
1699 755 1787 779 cum
1815 750 1944 778 tamen
1960 744 1979 761 ³*
2001 742 2040 778 in
2064 742 2284 789 syllogismo
2309 742 2521 790 requiratur

1454 796 1559 844 quod
1575 795 1768 832 conclusio
1791 797 1809 814 ⁹⁵
1826 808 1871 831 ex
1899 794 2120 831 necessitate
2140 795 2286 831 accidat
2303 801 2322 831 ¹.
2344 796 2394 832 Et
2415 796 2522 844 quod

1453 849 1693 896 interrogatio
1713 849 1780 885 fiat
1793 848 1841 885 de
1861 847 2162 895 contingentibus
2180 848 2243 883 vel
2267 859 2313 883 ex
2332 848 2401 894 his,
2422 860 2520 896 quae

1453 910 1540 939 sunt
1557 914 1627 951 per
1641 901 1827 948 accidens,
1844 900 2058 938 manifestat
2075 912 2145 949 per
2163 900 2238 936 hoc
2257 901 2362 948 quod
2381 901 2519 938 subdit:

1451 956 1560 992 Nihil
1586 955 1685 991 enim
1714 954 1850 1004 dzffert,
1879 954 1913 991 si
1938 954 2072 1002 aliquis
2100 953 2352 1002 interrogatus
2380 955 2520 991 contin-

1450 1009 1589 1058 gentia,
1604 1014 1736 1057 postea
1756 1008 1857 1044 dicat
1873 1007 2159 1044 conclusionem.
2178 1005 2299 1052 Quasi
2318 1007 2452 1044 dicat*:
2469 1007 2521 1044 ita

1450 1070 1575 1111 potest
1601 1061 1727 1098 inferri
1747 1060 1940 1097 conclusio
1970 1072 2015 1097 ex
2044 1059 2345 1106 contingentibus
2364 1059 2521 1096 interro-

1450 1115 1542 1163 gatis
1572 1123 1607 1151 et
1636 1114 1845 1161 concessis,
1875 1113 1970 1150 sicut
2002 1125 2047 1149 ex
2081 1112 2323 1149 necessariis:
2352 1112 2520 1161 utrisque

1450 1169 1553 1205 enim
1582 1168 1718 1206 eadem
1747 1168 1871 1204 forma
1898 1165 2143 1215 syllogizandi
2171 1172 2227 1202 est
2239 1172 2264 1203 ⁸.

1507 1223 1539 1259 5.
1562 1221 1760 1267 Secundo;
1782 1220 1849 1257 ibi:
1876 1220 2028 1269 Oportet
2043 1225 2169 1256 autem
2189 1226 2271 1266 ete„
2293 1218 2405 1256 solvit
2425 1220 2444 1238 ⁴*
2465 1218 2518 1256 di-

1451 1287 1538 1312 cens
1554 1275 1660 1323 quod
1675 1287 1754 1312 non
1768 1274 1817 1310 ita
1836 1274 2118 1321 *interrogatur
2133 1272 2181 1309 de
2191 1272 2408 1321 praemissis
2429 1284 2518 1309 con-

1448 1329 1687 1376 tingentibus,
1709 1327 1816 1376 quasi
1836 1326 2029 1364 conclusio
2049 1326 2095 1363 sit
2118 1325 2328 1362 necessaria
2347 1325 2519 1362 absolute

1443 1387 1600 1430 propter
1627 1382 1871 1430 interrogata,
1901 1380 1997 1417 idest
2023 1387 2179 1428 propter
2201 1378 2411 1427 praemissa
2431 1390 2519 1415 con-

1447 1435 1641 1483 tingentia3
1671 1433 1738 1471 sed
1766 1433 1855 1482 quia
1883 1445 2038 1470 necesse
2067 1440 2122 1469 est
2145 1431 2282 1469 dicenti
2309 1431 2520 1480 praemissa

1449 1487 1733 1524 conclusionem
1771 1486 1915 1533 dicere,
1955 1493 1991 1522 et
2028 1485 2153 1522 dicere
2180 1497 2273 1522 vera
2300 1484 2339 1521 in
2368 1485 2519 1521 conclu-

1448 1541 1571 1587 sione,
1599 1540 1629 1577 si
1656 1552 1749 1577 vera
1777 1547 1883 1586 sunt,
1914 1551 2011 1587 quae
2040 1538 2250 1587 praemissa
2278 1544 2379 1574 sunt:
2409 1538 2518 1586 quasi

1449 1594 1548 1631 dicat
1575 1592 1679 1642 quod
1699 1593 1784 1629 licet
1809 1604 1855 1629 ex
1873 1591 2091 1640 praemissis
2117 1590 2419 1638 contingentibus
2438 1603 2518 1628 non

1448 1654 1627 1696 sequatur
1646 1645 1839 1683 conclusio
1859 1644 2071 1681 necessaria
2090 1643 2312 1681 necessitate
2331 1643 2515 1690 absoluta,

1448 1701 1616 1749 sequitur
1633 1707 1763 1737 tamen
1791 1698 2002 1735 secundum
2031 1697 2135 1746 quod
2156 1705 2211 1734 est
2238 1696 2290 1733 ibi
2314 1697 2517 1734 necessitas

1448 1753 1779 1802 consequendae&
1792 1751 2004 1789 secundum
2020 1750 2125 1800 quod
2141 1749 2333 1788 conclusio
2349 1749 2518 1798 sequitur

1448 1820 1493 1844 ex
1521 1806 1737 1856 praemissis
1755 1803 1779 1842 λ.

1501 1862 1536 1898 6.
1554 1859 1703 1898 Deinde
1720 1871 1807 1895 cum
1819 1858 1922 1895 dicit:
1942 1857 2130 1899 Quoniam
2150 1862 2276 1894 autem
2292 1863 2375 1903 etc.,
2392 1863 2516 1894 osten-

1446 1914 1499 1951 dit
1517 1913 1623 1962 quod
1647 1911 1919 1950 demonstratio
1939 1910 1985 1947 sit
2004 1922 2049 1947 ex
2067 1909 2137 1956 his,
2158 1922 2257 1958 quae
2275 1917 2363 1946 sunt
2374 1921 2448 1958 per
2463 1921 2515 1956 se,

1445 1967 1508 2004 tali
1542 1966 1698 2004 ratione.
1733 1963 2016 2002 Demonstratio
2052 1970 2109 2000 est
2146 1974 2190 1999 ex
2225 1962 2445 2000 necessariis
2479 1969 2517 2000 et

1446 2020 1494 2057 de
1513 2018 1733 2057 necessariis
1746 2024 1777 2055 μ.
1794 2018 1843 2054 Et
1865 2018 1940 2054 hoc
1959 2016 2046 2054 ideo
2063 2018 2094 2063 ‘,
2115 2015 2205 2064 quia
2223 2022 2280 2053 est
2297 2015 2514 2064 scientifica,

1445 2073 1541 2111 idest
1569 2072 1708 2109 faciens
1737 2070 1842 2107 scire.
1873 2071 1931 2107 Ea
1950 2077 2099 2116 autern,
2119 2081 2219 2117 quae
2238 2081 2317 2106 non
2336 2076 2423 2106 sunt
2442 2080 2517 2118 per

1444 2139 1495 2173 se,
1525 2138 1603 2163 non
1631 2132 1718 2162 sunt
1745 2122 1974 2160 necessaria:
2005 2129 2091 2159 sunt
2120 2121 2222 2159 enim
2244 2133 2318 2171 per
2344 2122 2516 2159 accidens

1446 2276 1510 2301 Cod.
1529 2276 1538 2300 1
1557 2275 1630 2306 legit:
1649 2275 1674 2300 si
1691 2274 1825 2300 conclusio
1843 2280 1910 2306 quae
1934 2272 2053 2305 sequitur
2071 2279 2109 2296 ex
2126 2271 2341 2306 contingentibus
2358 2272 2402 2297 vel
2419 2279 2457 2297 ex
2473 2272 2515 2298 his

1445 2318 1513 2344 quae
1530 2313 1593 2336 sunt
1607 2317 1659 2342 per
1676 2309 1799 2335 accidens
1814 2309 1906 2341 (marg.
1926 2308 2041 2332 additur:
2060 2314 2112 2332 non
2130 2310 2170 2332 est
2183 2307 2368 2338 necessarium,
2387 2308 2516 2341 qumfit

1446 2346 1622 2379 interrogatio
1648 2345 1681 2370 de
1699 2345 1741 2370 his
1759 2351 1827 2377 quae
1849 2347 1912 2369 sunt
1932 2350 1984 2375 per
2006 2343 2140 2375 accidens)
2157 2342 2215 2368 sive
2236 2342 2270 2368 de
2287 2342 2513 2376 contingentibus,

1446 2385 1476 2407 ut
1493 2389 1531 2407 ex
1548 2381 1586 2406 eis
1604 2381 1676 2406 datis
1694 2379 1868 2405 ete-Lectio
1887 2379 1971 2409 codd„
1990 2383 2068 2411 prout
2085 2378 2160 2403 datur
2178 2377 2211 2402 ab
2229 2378 2275 2403 ΑΒ
2294 2383 2350 2409 etc.,
2369 2383 2455 2411 potest
2472 2385 2513 2404 ao-

1445 2418 1553 2450 ceptari;
1572 2416 1604 2441 ab
1623 2417 1667 2441 illa
1685 2420 1771 2440 tamen
1791 2414 1935 2447 adoptanda
1958 2414 2119 2438 abstinemus
2143 2413 2205 2446 quia
2223 2420 2314 2446 supra,
2338 2413 2364 2438 si
2380 2413 2513 2439 conclusio

1444 2459 1512 2485 quae
1529 2452 1649 2484 sequitur
1663 2458 1700 2476 ex
1717 2450 1939 2484 contingentibus,
1956 2449 1998 2475 vel
2015 2454 2073 2480 etc.,
2092 2454 2118 2474 et
2136 2448 2208 2479 infra,
2224 2448 2402 2482 interrogatio
2413 2449 2469 2482 flat
2480 2449 2516 2475 de

1444 2487 1664 2521 contingentibus,
1684 2487 1726 2511 vel
1744 2491 1804 2516 etc.,
1823 2485 1872 2510 hoc
1891 2490 1932 2510 est
1950 2485 1976 2509 in
1995 2485 2087 2509 eadem
2106 2484 2232 2509 sententia
2250 2484 2411 2509 enuncianda
2429 2484 2511 2511 semel

1445 2528 1470 2548 et
1484 2523 1576 2547 iterum
1591 2522 1693 2547 codices
1708 2529 1768 2546 cum
1781 2521 1801 2546 P
1816 2520 1980 2545 concordant.
1990 2534 2010 2539 -
2025 2520 2089 2545 Cod.
2105 2519 2126 2544 N
2141 2526 2249 2544 erronee
2263 2519 2336 2552 legit:
2350 2526 2410 2545 cum
2424 2522 2513 2545 tamen

1445 2558 1472 2583 in
1491 2558 1650 2592 syllogismo
1668 2564 1720 2582 non
1741 2556 1896 2589 requiratur
1913 2555 1985 2588 quod
2002 2554 2136 2580 conclusio
2155 2559 2204 2580 etc.

1497 2594 1523 2625 κ)
1544 2593 1586 2618 Ita
1600 2596 1692 2625 potest
1705 2591 1800 2625 inferri
1813 2596 1860 2616 etc.
1870 2604 1890 2610 -
1900 2591 1973 2616 Unus
1988 2591 2044 2615 cod.
2058 2590 2097 2614 Hx
2116 2590 2156 2615 ita
2167 2592 2259 2621 potest
2272 2589 2369 2623 inferri
2381 2589 2514 2617 conclusio

1443 2635 1482 2653 ex
1504 2627 1626 2653 terminis
1649 2635 1700 2652 non
1721 2625 1875 2652 necessariis
1897 2626 1951 2651 sive
1968 2624 2189 2658 contingentibus,
2207 2624 2277 2650 sicut
2294 2631 2332 2649 ex
2349 2624 2512 2650 necessariis.

1444 2663 1517 2693 Quae
1536 2668 1575 2688 est
1592 2663 1668 2688 lectio
1686 2670 1739 2687 non
1758 2661 1947 2686 attendenda.—
1960 2661 2025 2685 Cod.
2043 2660 2080 2685 L:
2099 2667 2137 2686 ex
2155 2659 2274 2692 utrisque
2295 2660 2365 2685 enim
2389 2665 2450 2691 etc.;
2468 2659 2513 2686 BC

1443 2698 1598 2728 DEMQST:
1613 2698 1732 2730 utrisque
1749 2697 1819 2723 enim
1834 2701 1882 2721 etc.
1892 2696 1925 2720 Et
1938 2695 2004 2720 hanc
2018 2695 2154 2720 lectionem
2169 2695 2356 2728 adopmmus.—
2365 2695 2397 2720 P:
2413 2695 2512 2721 utrius-

1461 2740 1492 2758 ue
1510 2733 1580 2758 enim
1600 2738 1647 2757 etc.

1443 2741 1459 2766 q
1496 2767 1524 2801 λ)
1544 2768 1600 2793 Sed
1617 2768 1680 2800 quia
1698 2774 1800 2793 necesse
1813 2769 1853 2792 est
1866 2766 1964 2792 dicenti
1977 2765 2128 2798 praemissa
2142 2770 2190 2791 etc.
2199 2766 2301 2796 -Quse
2315 2765 2355 2790 hic
2370 2773 2400 2790 ex
2411 2765 2512 2794 Aristo—

1443 2804 1494 2828 tele
1515 2803 1632 2832 citantur,
1655 2803 1781 2828 declarata
1802 2802 1863 2826 satis
1889 2809 2020 2834 superque
2044 2806 2149 2826 manent
2170 2808 2200 2826 ex
2222 2801 2252 2826 iis
2272 2809 2338 2834 quae
2357 2808 2379 2826 ε.
2395 2800 2512 2826 Thomu

1444 2838 1590 2870 subiungit:
1612 2838 1694 2868 Quasi
1709 2838 1782 2863 dicat
1794 2842 1841 2862 etc.
1851 2837 1962 2862 —Codd.
1981 2836 2109 2861 variantes
2125 2836 2248 2861 lectiones
2263 2836 2452 2869 subiungimus,
2470 2843 2512 2862 re·

1443 2874 1544 2898 citando
1563 2873 1680 2898 Pianam:
1700 2873 1755 2898 Sed
1772 2873 1835 2905 quia
1855 2872 1886 2904 (Β
1905 2880 1958 2896 om.
1977 2872 2050 2904 quia)
2071 2878 2172 2897 necesse
2190 2875 2229 2896 est
2248 2872 2347 2897 dicenti
2360 2871 2512 2904 praemissa

1444 2908 1722 2941 (ABCDGHKLRST,
1743 2908 1894 2940 praemissa
1919 2907 2018 2932 dicenti
2023 2915 2032 2937 ,·
2057 2907 2122 2938 ΜΟ,
2144 2907 2308 2939 praemissas
2333 2907 2433 2932 dicenti
2439 2914 2448 2936 ,·
2473 2907 2511 2939 Q,

1438 2944 1591 2976 praemissa
1603 2943 1719 2976 docenti)
1738 2943 1929 2969 conclusionem
1949 2942 2038 2967 dicere
2050 2945 2077 2967 et
2091 2942 2131 2974 (B,
2146 2942 2223 2975 idest)
2243 2942 2331 2967 dicere
2349 2949 2413 2967 vera
2428 2942 2454 2967 in
2469 2942 2510 2975 (Β,

1443 2982 1470 3004 et
1482 2979 1520 3012 in)
1538 2979 1712 3008 conclusione,
1731 2979 1756 3004 si
1774 2985 1837 3003 vera
1856 2977 2148 3009 (ABDGIKMOQRST,
2166 2977 2191 3003 si
2209 2977 2349 3011 veraciter)
2363 2980 2427 3002 sunt
2443 2984 2518 3010 quae,

1438 3014 1589 3047 praemissa
1602 3017 1665 3039 sunt
1669 3022 1678 3044 ‚·
1692 3013 1770 3046 quasi
1778 3013 1851 3038 dicat
1861 3012 2146 3044 (BCDEILNOQRST,
2160 3013 2237 3046 quasi
2246 3012 2349 3043 dicens,·
2363 3012 2420 3043 HK,
2433 3011 2512 3046 quast

1443 3050 1553 3082 diceret)
1579 3049 1650 3082 quod
1668 3049 1705 3082 (Μ
1723 3057 1775 3074 om.
1795 3049 1876 3081 quod)
1901 3049 1962 3073 licet
1980 3055 2018 3073 ex
2038 3048 2196 3080 praemissis
2219 3048 2432 3081 contingentibus
2456 3054 2509 3073 non
2530 3076 2536 3083 .

1442 3088 1570 3118 sequatur
1587 3085 1720 3110 conclusio
1735 3084 1884 3109 necessaria
1903 3083 2057 3108 necessitate
2074 3084 2204 3112 absoluta,
2220 3083 2339 3116 sequitur
2354 3083 2439 3115 (codd.
2454 3090 2508 3108 om.

1428 3120 1572 3153 sequitur)
1591 3123 1678 3145 tamen
1698 3119 1841 3145 secundum
1861 3119 1932 3152 quod
1949 3122 1990 3144 est
2008 3119 2044 3144 ibi
2067 3113 2223 3151 (AILMOT,
2242 3118 2290 3144 sed
2312 3118 2384 3151 quod
2401 3121 2442 3143 est
2460 3117 2510 3148 ibi,-

1444 3155 1522 3187 BCD,
1547 3155 1595 3181 sed
1612 3158 1652 3180 est
1671 3155 1719 3185 ibi;
1743 3155 1778 3185 E,
1797 3154 1844 3179 sed
1861 3154 1933 3187 quod
1951 3157 2038 3179 tamen
2066 3154 2114 3183 ibi;
2139 3154 2269 3185 GHNOS,
2295 3156 2382 3179 tamen
2402 3155 2443 3179 est
2460 3152 2511 3184 ibi,-

1443 3191 1479 3221 Κ,
1498 3191 1546 3216 sed
1564 3191 1599 3220 in,
1619 3198 1700 3223 marg.
1720 3190 1820 3215 additur
1838 3192 1890 3219 est,·
1909 3190 1945 3219 R,
1963 3189 2011 3214 sed
2030 3192 2117 3214 tamen
2137 3191 2177 3214 est
2195 3189 2241 3222 ibi)
2260 3189 2400 3214 necessitas
2418 3194 2508 3214 conse-

1443 3225 1572 3259 quentiae,
1591 3226 1735 3251 secundum
1754 3223 2119 3258 (ABCDEGIKLMNOQRS,
2137 3227 2241 3250 tantum
2264 3223 2419 3257 secundum)
2437 3222 2510 3257 quod

1442 3261 1575 3287 conclusio
1593 3261 1712 3294 sequitur
1736 3267 1774 3285 ex
1788 3260 2013 3292 praemissis.—}{
2032 3267 2085 3285 om.
2107 3259 2187 3285 verba
2204 3259 2347 3285 secundum
2370 3259 2442 3293 quod
2459 3262 2508 3284 etc.

1443 3304 1528 3330 usque
1547 3296 1578 3321 ad
1593 3295 1750 3328 praemissis
1764 3296 1925 3320 inclusive.—
1935 3295 2016 3320 Codd.
2036 3295 2080 3320 EN
2095 3294 2120 3320 in
2139 3294 2265 3328 principio
2283 3294 2399 3319 intricate
2412 3299 2438 3319 et
2451 3300 2507 3320 eor-

1443 3337 1517 3364 rupte
1536 3332 1632 3364 legunt.
1652 3332 1686 3356 E:
1704 3331 1752 3356 sed
1770 3331 1841 3364 quod
1860 3337 1961 3356 necesse
1984 3333 2024 3356 est
2037 3330 2188 3363 praemissa
2207 3329 2294 3355 dicere
2316 3329 2506 3355 conclusionem

1443 3367 1542 3396 dicunt,
1558 3370 1584 3392 et
1598 3366 1686 3392 dicere
1704 3373 1775 3395 vera,
1795 3366 1818 3391 si
1832 3366 1962 3391 veraciter
1979 3368 2042 3391 sunt
2059 3370 2120 3396 etc.;
2140 3365 2175 3390 N:
2193 3365 2242 3390 sed
2259 3365 2331 3398 quod
2349 3370 2450 3390 necesse
2467 3366 2507 3388 est

1438 3402 1614 3434 praemissam
1629 3401 1820 3428 conclusionem
1836 3401 1931 3429 dicere,
1946 3404 1973 3426 et
1987 3401 2074 3426 dicere
2088 3407 2178 3426 veram
2193 3400 2392 3428 conclusIonem,
2405 3398 2429 3424 si
2441 3405 2505 3424 vera

1441 3441 1504 3462 sunt
1518 3438 1729 3469 etc.—lntegram
1748 3437 1885 3462 lectionem
1904 3436 2009 3461 Pianam
2029 3443 2227 3465 conservamus,
2250 3434 2369 3468 quamvis
2388 3441 2440 3459 una
2462 3437 2507 3458 aut

1442 3473 1520 3498 altera
1535 3472 1657 3505 particula
1671 3473 1745 3498 codd.
1759 3472 1926 3506 praeferenda
1940 3471 2006 3497 forte
2019 3471 2141 3501 videatur,
2156 3476 2185 3496 ut
2198 3471 2279 3496 lector
2291 3477 2322 3495 ex
2335 3476 2365 3494 se
2378 3468 2465 3494 videre
2479 3472 2505 3493 et

1442 3508 1488 3533 seli
1507 3515 1551 3533 ere
1587 3513 1662 3533 otest.

1441 3515 1522 3603 mai)
1540 3516 1668 3603 ’ἒὲῗέ
1669 3542 1744 3610 ”⁶331
1753 3546 1849 3602 ²5:555.
1857 3548 1978 3610 ’listis
1978 3541 2020 3601 ¹15.
2025 3539 2298 3602 ‘tesssssssiiff‘ssi‘ssii
2304 3538 2503 3600 'almam

1508 3595 1525 3609 fl,
1590 3595 1597 3603 o
1669 3596 1676 3608 5
1961 3594 1967 3601 ⁸
2470 3587 2505 3600 0-

2551 702 2559 710 ·
2575 706 2602 721 r:
2617 706 2648 722 ex
2661 700 2734 722 datie.

2550 754 2559 763 ·
2569 753 2658 774 Tamen
2673 759 2721 775 om.
2731 759 2763 775 ιιι.

2551 807 2558 814 ·
2575 805 2699 827 Conclusio
2713 811 2763 827 om.

2549 1012 2558 1020 ·
2569 1016 2694 1033 sensnm:
2702 1011 2763 1034 dice*

2548 1039 2586 1058 ret
2589 1045 2599 1064 ,·
2612 1044 2643 1059 ut
2651 1045 2657 1060 ε
2668 1038 2760 1060 dicem.

2548 1226 2758 1274 cmv-⁶1·

2548 1279 2557 1287 ·
2570 1278 2607 1300 Ita
2622 1279 2699 1302 omitt.
2707 1285 2733 1302 x.

2544 1810 2554 1820 ·
2570 1809 2606 1832 Cf.
2621 1813 2671 1834 not.
2686 1817 2711 1842 η.

2545 2052 2554 2061 ·
2568 2058 2596 2074 x:
2611 2052 2665 2075 ideo
2679 2054 2724 2075 est.
