2548 4192
207 256 298 282 CCLX

205 333 256 357 tor
274 326 369 358 huius
385 326 524 357 nominis
541 327 714 357 Secundus.
730 326 784 356 Ait
802 326 854 356 ille
869 325 954 366 apud
970 326 1099 356 Petrum
1114 326 1152 356 de
1166 325 1274 356 Vineis

204 371 285 403 libro
314 372 365 410 ΙΙΙ,
391 372 480 412 epist.
498 381 593 409 van,
614 371 653 402 al.
673 378 758 400 Lx1x:
789 383 803 398 «
818 371 905 400 Dum
923 370 1079 400 librorum
1097 369 1273 408 volumina,

208 430 223 444 ³>
246 427 386 457 quorum
405 416 573 447 multifarie
592 415 764 455 multisque
783 414 887 444 modis
907 413 1051 444 distincta
1067 413 1274 453 chirographa

207 473 222 488 ›
245 469 424 492 nostrarum
444 460 575 491 armaria
595 459 775 489 divitiarum
790 458 996 498 locupletant,
1014 458 1124 488 sedula
1142 458 1273 488 medita-

209 518 222 532 »
245 505 332 536 tione
355 505 546 536 revolvimus
571 511 601 534 et
624 510 767 534 accurata
791 502 1061 542 contemplatione
1081 509 1273 542 pensamus;

207 561 222 576 ³·
246 550 486 590 compilationes
510 548 612 578 variae
636 547 676 577 ab
703 546 874 577 Aristotele
902 546 1036 587 ahisque
1071 546 1273 587 philosophis

207 607 222 621 ι·
244 595 302 625 sub
330 595 459 635 graecis
488 593 688 631 arabicisque
720 591 881 621 vocabulis
909 590 1084 631 antiquitus
1110 590 1211 621 editae
1240 592 1271 621 in

207 652 222 666 >
245 637 514 669 Sermocinalibus
537 641 567 666 et
590 636 827 665 Mathematicis
855 634 1046 675 disciplinis,
1076 634 1191 665 nostris
1217 635 1272 665 ali-

207 696 221 710 »
244 682 373 723 quando
390 681 532 711 sensibus
551 686 765 717 occurrerunt,
781 689 860 720 quas
879 679 985 710 adhuc
1000 680 1211 720 originalium
1226 680 1272 710 di-

207 740 221 754 »
244 728 382 757 ctionum
400 725 597 755 ordinatione
613 730 771 754 consertas
789 729 820 754 et
829 730 1025 754 vetustarum
1035 723 1184 761 vestium,
1193 734 1272 764 quas

206 784 221 798 »
244 771 287 801 eis
306 777 388 801 aetas
406 769 507 809 prima
524 775 729 807 concesserat,
745 768 946 808 operimento
963 774 1132 806 contectas,
1148 768 1199 799 vel
1214 768 1272 799 ho-

206 827 220 842 »
243 815 337 845 minis
366 814 505 844 defectus
530 820 584 843 aut
613 812 716 853 operis
744 812 788 842 ad
815 813 937 843 latinae
965 813 1100 854 linguae
1125 813 1272 843 notitiam

204 872 219 886 2·
242 870 308 890 non
327 858 487 899 perduxit:
503 858 644 887 volentes
660 857 755 897 igitur
774 863 809 887 ut
825 858 1002 887 veneranda
1021 864 1184 888 tantorum
1197 867 1272 897 ope-

204 915 218 929 »
241 914 313 934 rum
337 903 432 933 simul
455 902 629 933 authoritas
653 902 739 942 apud
763 911 833 940 n05,
858 912 925 932 non
949 902 1067 943 absque
1091 901 1272 932 commodis

204 960 218 974 2·
242 947 478 986 communibus,
499 946 586 977 vocis
606 956 725 986 organo
746 946 873 977 traduce
892 946 1079 986 innotescat,
1097 956 1133 976 ea
1151 956 1208 986 per
1226 946 1272 977 vi—

204 1005 218 1020 »
241 1003 292 1023 ros
315 992 413 1023 lectos
435 998 465 1022 et
483 991 516 1021 in
536 990 701 1031 utriusque
723 991 850 1030 linguae
873 989 1030 1032 (graecae
1053 996 1083 1022 et
1105 991 1271 1033 arabicae)

203 1050 218 1065 >›
241 1037 418 1077 prolatione
438 1036 555 1076 peritos
579 1035 730 1066 instanter
755 1035 922 1074 iussimus,
946 1036 1117 1066 verborum
1140 1034 1273 1066 fideliter

203 1094 217 1109 »
241 1088 360 1112 servata
377 1080 564 1120 virginitate,
584 1079 751 1110 transferri.
771 1093 786 1107 »

268 1126 318 1156 Ad
335 1125 472 1156 arabicas
487 1124 555 1155 illas
574 1124 751 1154 Aristotelis
766 1124 926 1155 versiones
950 1125 1039 1166 quod
1060 1124 1179 1162 attinet,
1197 1135 1271 1155 con-

201 1170 325 1202 sulendi
353 1176 427 1200 sunt
455 1169 500 1200 Io.
527 1170 594 1200 Leo
622 1168 699 1199 Afer
716 1168 750 1199 in
773 1169 895 1200 Libello
918 1169 958 1200 de
981 1170 1060 1200 viris
1082 1169 1270 1209 quibusdam

201 1215 380 1246 illustribus
402 1214 490 1254 apud
511 1213 646 1251 Arabes,
667 1213 722 1254 qui
749 1220 870 1254 prostat
894 1213 928 1244 in
946 1214 1112 1244 volumine
1127 1214 1199 1244 XIII
1218 1214 1270 1244 Bi-

199 1260 374 1291 bliothecae
394 1258 530 1289 Graecae
550 1258 595 1288 Io.
615 1257 736 1288 Alberti
756 1258 900 1296 Fabricii,
923 1258 1081 1289 Eusebius
1101 1258 1271 1288 Renaudo-

200 1304 263 1335 tius
282 1304 315 1334 in
329 1304 560 1344 Disquisitione
576 1302 615 1333 de
630 1302 808 1333 barbaricis
823 1303 1005 1334 Aristotelis
1028 1303 1183 1334 librorum
1201 1313 1270 1333 ver-

199 1349 342 1380 sionibus
364 1348 451 1388 apud
474 1347 624 1378 eumdem
643 1346 822 1377 Fabricium
838 1347 1003 1377 volumine
1018 1347 1075 1377 XII
1093 1354 1123 1378 et
1138 1347 1270 1378 Iacobus

199 1394 376 1425 Bruckerus
400 1392 433 1423 in
448 1392 597 1423 Historia
622 1392 732 1422 critica
749 1391 972 1431 Philosophiae
988 1398 1079 1422 torno
1098 1391 1150 1422 111.
1166 1392 1271 1422 Pauca

200 1438 366 1478 decerpere
381 1437 482 1468 liceat.
494 1435 618 1467 Certior
631 1435 796 1466 inchoatae
812 1436 898 1476 apud
908 1436 1027 1466 Arabes
1043 1435 1269 1476 Philosophiae

200 1483 378 1513 secundum
401 1481 595 1512 Graecorum
618 1479 797 1520 disciplinas
821 1480 982 1510 referenda
996 1480 1119 1520 epocha
1135 1480 1271 1511 creditur

200 1527 240 1558 ad
263 1527 489 1558 Abassidarum
511 1525 611 1562 initia,
635 1530 709 1564 post
731 1534 853 1554 annum
875 1524 1000 1564 imperii
1016 1524 1268 1555 Muhamedano-

199 1582 272 1602 rum
305 1572 363 1602 132
389 1580 476 1601 aerae
499 1569 636 1609 vulgaris
669 1578 744 1610 749.
775 1569 840 1600 Sub
864 1569 1092 1607 Al-mamone,
1125 1568 1192 1599 filio
1226 1569 1269 1599 al-

199 1623 266 1647 tero
293 1615 449 1646 Aaoronis
473 1613 603 1644 Rashidi
627 1612 764 1652 Califae,
789 1614 882 1644 rebus
911 1613 1059 1644 humanis
1083 1620 1191 1654 erepto
1215 1624 1268 1644 an-

199 1670 242 1691 no
268 1660 342 1698 833,
367 1658 558 1690 celeberrimi
582 1657 758 1688 floruerunt
789 1658 992 1698 interpretes,
1022 1658 1077 1699 qui
1110 1658 1268 1689 versiones

198 1705 334 1736 arabicas
358 1698 510 1744 plurimas
527 1701 740 1741 confecerunt,
757 1712 793 1733 ex
814 1702 941 1744 syriacis
956 1713 1022 1733 non
1037 1703 1155 1741 minus,
1170 1713 1269 1744 quam

198 1760 234 1780 ex
257 1749 373 1789 graecis
398 1747 559 1779 codicibus
583 1757 752 1787 expressas.
773 1747 915 1778 Fuerunt
939 1748 1056 1778 saeculi
1074 1747 1269 1788 insequentis

195 1793 288 1824 initio
317 1794 501 1833 interpretes
525 1792 590 1822 duo
619 1801 656 1822 ex
682 1792 868 1822 Nestoriana
898 1799 997 1830 secta,
1024 1792 1154 1823 Honain
1185 1792 1268 1823 filius

197 1838 292 1869 Isaaci
317 1845 347 1869 et
368 1838 491 1868 Isaacus
510 1835 594 1867 filius
611 1836 763 1875 Honaini,
780 1836 836 1877 qui
851 1837 1058 1868 accuratiores
1075 1837 1269 1868 adornarunt

198 1883 357 1913 versiones
389 1881 537 1912 arabicas.
572 1881 741 1912 Honainus
765 1881 896 1912 medicis
928 1881 1168 1922 interpretandis
1196 1882 1268 1922 plus

197 1938 313 1968 operae
336 1926 508 1967 impendit:
528 1925 732 1956 Aristotelem
755 1932 786 1956 et
808 1925 887 1956 alios
911 1936 1040 1966 graecos
1056 1926 1268 1966 philosophos

198 1972 357 2004 transtulit
387 1972 520 2002 Isaacus.
545 1970 686 2009 Priores,
716 1970 742 2001 si
772 1980 854 2011 quae
878 1970 1067 2009 ferebantur,
1091 1971 1268 2001 Aristotelis

198 2017 336 2048 arabicae
368 2016 528 2047 versiones
560 2014 756 2055 antiquatae:
790 2015 909 2055 passim
934 2025 1010 2046 vero
1038 2015 1156 2054 lectae,
1189 2025 1268 2056 quas

198 2062 367 2094 Honainus
392 2068 422 2092 et
446 2061 569 2091 Isaacus
600 2059 799 2090 confecerant
823 2060 861 2090 ab
885 2059 1064 2099 Avicenna,
1088 2059 1268 2099 Alfarabio‚

198 2107 344 2148 Elgazele
368 2115 423 2136 seu
447 2103 610 2145 Algazele‚
634 2104 798 2135 Abenbaia
827 2114 882 2135 seu
906 2107 1104 2145 Avempace,
1128 2105 1268 2135 Abenra-

198 2152 298 2183 chedo
323 2161 379 2182 seu
403 2153 542 2181 Averroe
565 2149 761 2190 caeterisque
771 2149 948 2180 Aristotelis
967 2149 1197 2190 interpretibus.
1222 2150 1269 2180 Ex

197 2196 246 2227 his
270 2195 399 2226 arabicis
422 2193 619 2225 versionibus
643 2193 757 2224 latinae
777 2193 936 2234 profectae
953 2201 1036 2225 sunt:
1054 2194 1132 2225 aliae
1149 2195 1187 2225 ab
1203 2194 1268 2225 Eu-

197 2240 320 2281 ropaeis
344 2239 515 2278 confectae,
532 2239 588 2279 qui
610 2239 754 2278 linguam
770 2238 926 2269 arabicam
942 2239 1114 2270 didicerant
1127 2249 1164 2269 ex
1180 2249 1268 2270 com-

197 2285 315 2316 mercio
340 2294 415 2315 cum
429 2283 514 2325 Syris
538 2283 731 2314 Palaestinis:
757 2283 899 2324 aliaeque
922 2284 961 2314 ab
985 2283 1052 2314 aliis
1068 2284 1101 2314 in
1117 2283 1223 2314 Africa
1239 2291 1269 2315 et

197 2330 230 2360 in
253 2329 418 2369 Hispania,
443 2328 498 2359 ubi
521 2328 601 2359 inter
624 2327 895 2366 Mahumdanos,
919 2327 975 2368 qui
999 2328 1177 2368 provincias
1200 2328 1268 2359 illas

196 2375 355 2411 tenebant,
379 2373 596 2404 Aristotelicae
620 2372 844 2413 philosophiae
868 2372 1012 2403 studium
1035 2372 1177 2411 florebat;
1199 2373 1269 2414 qui-

197 2419 256 2449 bus
280 2418 411 2448 demum
435 2418 574 2456 accessit,
594 2427 675 2459 quae
699 2417 788 2447 iussu
812 2417 960 2448 Friderici
977 2417 1177 2458 Imperatoris
1194 2427 1268 2448 con-

197 2463 321 2493 cinnata
345 2468 400 2493 est.

264 2506 484 2537 Renaudotius
506 2506 579 2537 loco
603 2505 698 2536 citato
723 2515 813 2536 num.
840 2516 880 2536 20
905 2507 949 2538 sic
973 2506 1024 2537 ait:
1049 2507 1172 2537 Mirari
1189 2508 1269 2538 satis

199 2561 261 2582 non
281 2560 454 2592 possumus
477 2551 543 2582 divi
570 2551 709 2580 Thomae
731 2551 912 2590 Aquinatis,
930 2552 985 2592 qui
1002 2551 1205 2582 Aristotelem
1221 2557 1268 2582 ta-

199 2597 277 2627 lium
303 2597 601 2636 interpretationum
626 2592 724 2636 (quas
748 2595 1000 2635 corruptissimas
1025 2595 1184 2635 praefatus
1201 2596 1268 2626 fue-

198 2639 263 2683 rat)
286 2640 426 2671 subsidio
450 2641 544 2670 unico
568 2640 711 2680 legerat,
743 2649 877 2670 acumen
902 2645 932 2670 et
961 2639 1172 2671 industriam:
1195 2650 1266 2671 cum

197 2694 293 2725 saepe
314 2685 516 2716 Aristotelem
541 2685 664 2721 verius,
696 2684 809 2714 saltem
834 2684 1055 2721 verisimilius,
1087 2694 1150 2714 non
1175 2685 1268 2715 modo

197 2739 292 2771 quam
318 2730 376 2767 illi,
397 2739 476 2770 quos
490 2729 692 2769 sequebatur,
709 2729 868 2759 Averroes
885 2734 914 2759 et
929 2728 1053 2759 Arabes
1069 2729 1195 2768 reliqui,
1212 2729 1269 2760 sed

197 2784 292 2815 quam
312 2774 430 2805 Graeci
444 2773 602 2810 nonnulli,
621 2774 851 2814 interpretatus
864 2778 1074 2814 agnoscatur.
1086 2772 1180 2803 Salvo
1195 2783 1267 2804 acu-

197 2818 294 2857 mine,
319 2828 385 2860 quo
409 2818 556 2849 Thomae
579 2818 744 2858 ingenium
776 2818 968 2858 praestabat,
993 2826 1041 2847 res
1064 2824 1171 2848 tamen
1195 2817 1267 2848 facti

196 2870 259 2894 est:
283 2863 427 2903 priorum
450 2863 634 2893 versionum
656 2862 731 2893 vitia
754 2862 921 2902 agnovisse
944 2861 1178 2892 sanctissimum
1202 2862 1267 2892 Do-

198 2914 334 2946 ctorem,
358 2918 394 2938 ac
418 2917 519 2938 novae
547 2907 661 2938 latinae
689 2907 860 2945 versionis,
884 2916 983 2947 quam
1006 2916 1043 2936 ex
1066 2915 1178 2946 graeco
1201 2906 1267 2937 fieri

197 2953 316 2983 curavit
338 2952 416 2993 ipse,
440 2951 582 2983 subsidio
611 2951 814 2982 Aristotelem
837 2951 1076 2992 interpretatum
1099 2960 1176 2981 esse.

589 3060 788 3098 CAPUT
826 3060 874 3096 ΙΙ.

196 3158 297 3183 Novam
316 3157 468 3187 Aristotelis,
487 3161 594 3188 urgente
614 3156 748 3189 Aquinate,
770 3155 873 3180 latinam
894 3155 1041 3180 versionem
1061 3163 1112 3180 non
1133 3155 1266 3180 elucubra-

267 3193 303 3218 vit
320 3192 437 3217 Thomas
457 3192 694 3225 Cantimpratensis.
715 3192 738 3216 Is
758 3196 797 3216 est
816 3190 971 3215 Guillelmus
991 3191 1023 3215 de
1042 3190 1178 3216 Morbeka:
1198 3191 1266 3216 eius—

268 3228 327 3253 dem
347 3227 393 3252 viri
412 3228 501 3261 peritia
520 3233 545 3252 et
564 3227 706 3259 dignitates.
726 3226 864 3252 Mox-bekae
878 3234 984 3259 operam
999 3226 1128 3251 adiuvisse
1148 3226 1267 3252 videntur

266 3264 307 3289 alii
326 3263 373 3288 viri
393 3264 459 3288 docti
482 3268 510 3288 ut
535 3271 565 3288 ex
584 3263 672 3288 codice
691 3263 819 3295 colligitur
838 3262 951 3287 Venetae
976 3269 1011 3287 ss.
1032 3262 1131 3287 loannis
1151 3267 1177 3287 et
1194 3262 1266 3287 Pauli

267 3298 444 3325 bibliothecae.

196 3396 218 3426 Ι.
243 3388 474 3469 Interpretem‚
498 3404 564 3435 quo
590 3404 666 3424 usus
690 3400 736 3424 est
759 3393 913 3434 Aquinas,
929 3393 993 3423 iam
1012 3391 1173 3433 perquiro.
1193 3390 1265 3422 Tri-

273 3440 410 3471 themius
434 3439 473 3469 de
496 3438 707 3479 Scriptoribus
731 3437 945 3469 ecclesiasticis
970 3447 1059 3468 num.
1071 3437 1152 3477 469:
1183 3435 1267 3467 Sunt

195 3485 250 3524 qui
272 3485 424 3521 scribant,
450 3484 503 3521 ait,
528 3493 598 3514 eum
623 3481 803 3525 (Thomam
826 3483 865 3513 de
889 3482 1122 3522 Cantimprato,
1138 3479 1267 3511 natione

195 3527 430 3571 brabantinum)
459 3529 573 3569 graeci
594 3528 752 3558 sermonis
774 3528 923 3558 habuisse
940 3527 1094 3568 peritiam
1117 3530 1148 3556 et
1169 3525 1267 3556 libros

195 3572 392 3610 Aristotelis,
417 3582 552 3613 quorum
578 3573 640 3602 iam
666 3581 744 3603 usus
768 3573 800 3602 in
824 3571 941 3603 scholis
963 3576 1026 3608 est,
1051 3569 1264 3601 transtulisse.

197 3615 231 3645 In
255 3617 399 3647 eamdem
423 3616 610 3647 sententiam
633 3616 708 3647 abiit
730 3616 849 3647 Natalis
869 3615 1047 3646 Alexander
1069 3614 1101 3644 in
1126 3613 1266 3645 Historia

949 246 1408 284 DISSERTATIONES
1439 248 1687 287 CRITICAE

1330 327 1437 358 eccles.
1462 329 1578 359 saeculi
1605 339 1659 359 xm
1690 336 1721 360 et
1749 340 1819 369 xrv,
1849 331 1949 372 capite
1977 342 2023 371 ιν,
2051 339 2105 363 art.
2136 340 2182 363 tv:
2217 346 2232 361 α
2258 333 2403 365 Thomas

1332 383 1346 398 ³>
1370 371 1681 413 CantimpratanuS...
1697 374 1817 405 Alberti
1832 375 1939 415 Magni
1950 375 2106 407 Coloniae
2121 377 2261 407 docentis
2277 378 2404 409 auditor

1331 427 1346 442 >›
1369 415 1429 446 fuit
1452 423 1483 447 et
1506 417 1603 447 sancti
1627 418 1774 449 Thomae
1790 419 2037 460 condiscipulus:
2055 431 2121 462 quo
2137 429 2278 461 rogante,
2293 422 2402 462 ipsum

1331 471 1346 486 ιν
1367 459 1465 490 libros
1488 461 1665 492 Aristotelis
1689 462 1842 494 latinitate
1867 464 2001 495 donasse
2016 465 2203 505 Alphonsus
2222 466 2246 496 F
2249 467 2401 497 ernandes

1331 516 1346 531 »
1369 504 1471 535 tradit.
1496 505 1558 536 Sed
1581 506 1634 536 alii
1663 506 1876 548 antiquiorem
1899 508 1995 539 fuisse
2023 510 2202 540 versionem
2231 510 2319 540 illam
2344 511 2400 542 ob-

1331 560 1345 575 »
1368 555 1502 588 servant,
1527 550 1566 579 ad
1585 560 1684 591 quarn
1703 550 1942 583 Commentaria
1961 553 2084 593 scripsit
2100 561 2226 585 sanctus
2242 555 2397 586 Thomas:

1331 604 1345 619 »
1368 603 1509 632 quorum
1541 594 1672 635 quidem
1703 596 1880 626 observatio
1912 604 2033 637 pugnat
2056 599 2131 629 cum
2164 599 2337 630 Guillelmo
2362 600 2401 630 de

1331 649 1345 663 >›
1367 637 1477 668 Tocco
1502 636 1590 679 (loco
1615 639 1759 679 superius
1783 638 1902 683 citato).
1927 654 1941 668 »
1968 641 2101 673 Minime
2125 643 2267 674 dissentit
2283 644 2327 674 Io.
2345 644 2401 674 ΑΙ-

1327 680 1433 711 bertus
1448 682 1608 713 Fabricius
1623 683 1705 714 libro
1716 684 1757 714 111
1768 684 1918 716 Biblioth.
1931 685 2078 725 Graecae,
2090 687 2190 727 capite
2200 697 2244 726 w,
2255 697 2345 718 num.
2360 688 2399 719 38

1327 724 1446 755 addens
1463 726 1615 757 Ioannem
1629 727 1836 767 Aventinum,
1855 729 1911 769 qui
1934 729 1967 759 in
1983 730 2160 761 Annalibus
2179 731 2346 769 Boiorum,
2362 732 2398 762 li-

1326 769 1384 799 bro
1409 769 1604 810 V11‚-capite
1622 781 1681 801 vm
1700 771 1757 802 ait:
1781 773 1877 803 Anno
1903 773 2024 804 Christi
2047 784 2118 814 1271
2132 775 2299 807 Henricus
2313 777 2397 807 Bra-

1327 813 1478 844 bantinus
1500 815 1746 853 Dominicanus‚
1771 822 1890 857 rogatu
1913 817 1980 848 divi
2007 819 2156 857 Thomae,
2182 830 2200 850 e
2220 830 2342 861 graeco
2366 822 2398 851 in

1327 858 1474 898 linguam
1500 859 1633 889 latinam
1657 859 1698 889 de
1721 860 1815 891 verbo
1838 861 1882 891 ad
1905 861 2034 892 verbum
2059 863 2218 904 transfert
2236 874 2346 895 omnes
2360 866 2397 895 li-

1327 901 1400 932 bros
1413 903 1604 934 Aristotelis.
1624 903 1776 935 Albertus
1791 914 1869 935 usus
1885 910 1932 936 est
1946 907 2046 936 veteri
2059 908 2284 946 translatione,
2301 918 2398 949 quam

1326 946 1538 977 Boethianam
1556 953 1680 978 vocant.

1394 991 1484 1022 Errat
1507 992 1626 1033 absque
1650 992 1748 1023 dubio
1771 993 1960 1032 Aventinus,
1980 994 2224 1026 translationem
2248 996 2397 1028 Boethia-

1328 1046 1419 1073 nam,
1445 1036 1470 1066 si
1494 1047 1557 1077 qua
1582 1036 1659 1075 fuit,
1684 1047 1755 1067 eam
1778 1047 1912 1075 vocans,
1942 1048 2006 1079 qua
2035 1039 2183 1070 Albertus
2206 1040 2342 1080 Magnus
2365 1041 2399 1071 in

1327 1079 1573 1111 Commentariis
1597 1081 1743 1121 Operum
1759 1081 1935 1112 Aristotelis
1952 1092 2029 1113 usus
2045 1090 2100 1114 est:
2117 1094 2152 1114 ac
2169 1091 2259 1122 errat,
2275 1094 2399 1116 novum

1326 1124 1477 1155 invehens
1500 1126 1641 1156 Henrici
1662 1126 1858 1156 Brabantini
1880 1136 2010 1157 nomen.
2035 1128 2110 1158 Non
2134 1128 2348 1169 antiquiorem
2361 1129 2397 1160 il-

1325 1169 1390 1199 lam
1413 1169 1592 1200 versionem
1608 1170 1739 1201 latinam
1753 1177 1899 1201 sanctum
1912 1171 2077 1202 Thomam
2091 1172 2282 1212 adhibuisse,
2299 1184 2399 1215 quam

1325 1212 1392 1244 fieri
1416 1213 1506 1245 iussit
1525 1214 1700 1245 Fridericus
1717 1215 1892 1255 Imperator
1913 1222 1968 1246 aut
1988 1216 2084 1247 aliam
2099 1217 2298 1257 quampiam,
2313 1218 2396 1259 opti—

1326 1268 1377 1288 me
1401 1259 1547 1289 observat
1575 1259 1695 1290 Natalis
1725 1259 1902 1290 Alexander
1931 1270 1967 1291 ac
1998 1260 2251 1292 luculentissimo
2284 1262 2400 1294 evincit

1326 1302 1489 1333 Guillelmi
1514 1303 1552 1334 de
1583 1303 1694 1334 Tocco
1718 1304 1919 1334 testimonio:
1946 1311 1977 1335 at
2005 1304 2123 1336 fallitur
2152 1305 2220 1346 ipse
2243 1316 2279 1337 ac
2303 1306 2399 1337 etiam

1325 1354 1406 1378 errat
1428 1347 1636 1386 Trithemius,
1654 1358 1728 1379 cum
1752 1348 1840 1387 aliis,
1864 1358 1946 1390 quos
1970 1349 2101 1380 nomine
2134 1360 2305 1391 suppresso
2328 1351 2396 1382 lau-

1327 1391 1389 1429 dat,
1407 1401 1509 1422 novae
1524 1392 1800 1433 interpretationis,
1812 1400 1941 1433 rogante
1958 1400 1989 1424 et
2003 1401 2131 1425 curante
2146 1395 2305 1436 Aquinate
2320 1405 2396 1426 con·

1326 1435 1444 1473 fectae,
1477 1443 1641 1467 auctorem
1674 1437 1885 1468 existimantes
1923 1438 2075 1469 Thomam
2107 1438 2148 1470 de
2173 1439 2398 1480 Cantimprato

1325 1480 1562 1511 brabantinum.

1393 1524 1430 1555 ΙΙ.
1455 1524 1596 1565 Operam
1618 1525 1700 1556 hane
1722 1525 1879 1566 impendit
1906 1526 1954 1556 vir
1977 1526 2088 1568 utique
2107 1527 2320 1567 doctissimus,
2336 1527 2396 1560 Or-

1325 1568 1407 1599 dinis
1431 1569 1688 1600 Praedicatorum
1711 1569 1876 1609 alumnus,
1900 1570 1957 1611 qui
1979 1578 2111 1602 vocatur
2133 1571 2318 1603 Willelmus
2340 1582 2397 1603 seu

1325 1612 1518 1644 Guillelmus
1541 1614 1580 1644 de
1603 1614 1775 1644 Moerbeka
1800 1614 1865 1645 sive
1892 1615 2060 1654 Morbeka,
2084 1615 2128 1646 ita
2151 1616 2397 1656 cognominatus

1325 1667 1343 1687 a
1365 1657 1440 1688 loco
1457 1658 1552 1689 natali
1576 1658 1609 1689 in
1633 1658 1818 1689 Brabantiae
1837 1665 1868 1689 et
1883 1658 2048 1690 Flandriae
2071 1658 2229 1699 confiniis,
2252 1660 2398 1702 adeoque

1323 1702 1546 1734 Brabantinus
1569 1703 1680 1734 dictus.
1707 1703 1742 1734 ln
1761 1702 1923 1734 Chronico
1941 1703 2140 1735 Slavicorum
2155 1704 2242 1744 apud
2257 1704 2396 1742 Linden-

1324 1746 1473 1787 brogium
1495 1747 1535 1778 ad
1566 1757 1688 1778 annum
1723 1757 1804 1788 ¹249
1829 1747 1905 1778 haec
1938 1748 2108 1779 habentur:
2150 1748 2335 1780 Wilhelmus
2356 1749 2398 1781 de

1323 1792 1503 1823 Brabantia
1531 1791 1664 1823 Ordinis
1684 1793 1950 1824 Praedicatorum
1975 1794 2142 1824 transtulit
2164 1802 2275 1825 omnes
2297 1794 2397 1826 libros

1322 1836 1505 1867 Aristotelis
1527 1837 1567 1868 de
1595 1846 1716 1878 graeco
1739 1838 1772 1867 in
1797 1837 1952 1875 latinum,
1978 1837 2108 1868 verbum
2137 1848 2158 1869 a
2191 1838 2286 1870 verbo
2314 1836 2396 1880 (qua

1324 1881 1539 1912 translatione
1559 1882 1724 1912 scholares
1746 1881 1853 1912 adhuc
1866 1882 2022 1913 hodierna
2036 1882 2089 1913 die
2102 1887 2241 1913 utuntur
2256 1884 2289 1914 in
2304 1883 2394 1914 scho-

1324 1925 1380 1968 lis)
1403 1926 1447 1956 ad
1470 1927 1655 1957 instantiam
1679 1927 1784 1957 sancti
1811 1926 1950 1957 Thomae
1975 1926 2015 1957 de
2036 1927 2164 1967 Aquino
2181 1927 2342 1958 Doctoris.
2360 1928 2397 1958 In

1324 1969 1487 2001 Chronico
1511 1970 1635 2009 Susati‚
1667 1971 1757 2011 quod
1787 1981 1846 2002 ωε.
1871 1977 1972 2002 servat
1999 1971 2120 2002 Veneta
2150 1981 2190 2002 sS.
2215 1971 2343 2002 Ioannis
2366 1978 2398 2004 et

1323 2014 1413 2045 Pauli
1437 2015 1638 2053 bibliotheca,
1653 2015 1864 2046 luculentiora
1882 2015 2048 2046 traduntur
2071 2015 2120 2046 his
2133 2015 2247 2046 verbis:
2266 2029 2280 2044 ι
2297 2018 2396 2048 Anno

1327 2072 1341 2087 »
1364 2059 1495 2090 Domini
1525 2060 1606 2101 1267
1631 2059 1668 2090 fr.
1693 2059 1888 2090 Wilhelmus
1916 2059 2144 2099 Brabantinus,
2176 2060 2396 2092 corinthiensis

1327 2117 1341 2132 »
1365 2104 1403 2135 de
1427 2104 1547 2136 Ordine
1571 2103 1704 2135 fratrum
1726 2104 1994 2142 Praedicatorum,
2017 2105 2110 2135 rebus
2134 2104 2266 2136 excessit
2284 2104 2397 2137 huma-

1326 2161 1341 2176 »
1363 2149 1424 2187 nis,
1447 2149 1637 2180 baccalarius
1660 2149 1693 2180 in
1716 2148 1887 2188 theologia.
1909 2148 1972 2179 Hic
1994 2148 2153 2180 transtulit
2171 2158 2284 2180 omnes
2299 2148 2397 2181 libros

1327 2206 1341 2221 »
1363 2193 1540 2225 Aristotelis
1563 2193 1756 2230 Rationalis,
1781 2193 1955 2224 Naturalis
1973 2198 2004 2224 et
2017 2193 2158 2224 Moralis
2172 2193 2398 2234 Philosophiae

1326 2251 1341 2266 »
1363 2245 1394 2269 et
1411 2239 1667 2279 Metaphysicae,
1688 2238 1727 2268 de
1750 2247 1863 2278 graeco
1879 2237 1912 2268 in
1927 2237 2074 2276 latinum,
2090 2237 2224 2269 verbum
2243 2247 2260 2269 e
2278 2238 2396 2279 verbo,

1326 2295 1340 2310 »
1363 2283 1480 2324 quibus
1503 2293 1589 2314 nunc
1613 2282 1734 2314 utimur
1756 2282 1788 2312 in
1812 2282 1939 2320 scholis,
1955 2282 1995 2313 ad
2011 2281 2193 2314 instantiam
2209 2292 2234 2313 s.
2249 2282 2397 2314 Thomae

1328 2340 1342 2355 »
1366 2328 1404 2358 de
1433 2327 1574 2369 Aquino.
1606 2327 1689 2358 Nam
1722 2327 1920 2367 temporibus
1953 2326 2076 2358 domini
2109 2326 2230 2358 Alberti
2258 2324 2395 2370 (Magni)

1327 2385 1341 2400 2·
1363 2373 1577 2404 translatione
1606 2377 1711 2403 vetere
1734 2370 1837 2414 (iussu
1868 2371 1893 2402 F
1895 2371 2017 2402 riderici
2042 2371 2068 2402 11
2101 2369 2258 2414 confecta)
2282 2381 2396 2403 omnes

1327 2430 1342 2445 »
1361 2417 1579 2448 communiter
1602 2417 1781 2447 utebantur.
1796 2429 1810 2444 »

1390 2462 1638 2502 Nuncupatione
1660 2461 1865 2498 Brabantini,
1883 2470 1948 2502 qua
1962 2460 2155 2492 Guillelmus
2171 2460 2210 2491 de
2226 2459 2397 2492 Morbecka

1324 2507 1366 2537 ob
1388 2507 1499 2539 locum
1523 2506 1634 2537 natalis
1656 2505 1798 2546 insigniri
1822 2511 1904 2536 recte
1919 2505 2035 2545 potuit,
2051 2504 2152 2536 delusi
2167 2504 2325 2543 videntur,
2333 2503 2396 2546 'qui

1323 2551 1487 2582 Thomam
1511 2551 1549 2582 de
1573 2550 1794 2590 Cantimprato
1817 2550 1932 2581 latinae
1947 2549 2100 2580 versionis
2116 2556 2280 2580 auctorem
2294 2548 2396 2580 existi-

1323 2603 1450 2626 marunt
1474 2603 1504 2627 et
1527 2596 1635 2636 ipsum
1659 2595 1769 2635 utique
1791 2594 2040 2632 Brabantinum,
2061 2594 2094 2624 in
2117 2593 2294 2634 Municipio
2313 2593 2396 2624 Leu-

1323 2640 1380 2670 wis
1410 2651 1434 2671 s.
1459 2640 1541 2671 Petri
1565 2640 1650 2670 iuxta
1681 2639 1862 2670 Bruxellam
1892 2645 2014 2669 natum.
2038 2638 2165 2669 Mox-tali
2194 2637 2259 2668 vita
2287 2637 2396 2678 ipsum

1323 2684 1473 2724 migrasse
1496 2694 1581 2714 anno
1611 2684 1704 2724 1267,
1722 2690 1757 2714 ut
1780 2682 1883 2714 Susati
1899 2683 1993 2713 verba
2015 2682 2152 2712 indicare
2175 2681 2333 2721 videntur,
2348 2691 2394 2712 er-

1323 2738 1376 2759 ror
1399 2736 1445 2759 est
1468 2727 1739 2768 compertissimus
1762 2734 1798 2758 ut
1820 2726 1901 2757 infra
1923 2725 2106 2757 dicendum.
2122 2725 2254 2756 Dictum
2280 2725 2394 2756 Corin-

1324 2773 1476 2803 thiensem
1511 2773 1553 2803 ob
1577 2771 1693 2803 infulas
1722 2771 1790 2802 eius
1820 2770 1977 2802 Ecclesiae
2009 2769 2070 2810 ipsi
2101 2769 2230 2801 collatas
2259 2769 2395 2801 dubium

1323 2817 1460 2848 nullum.
1485 2817 1662 2848 Bernardus
1685 2814 1844 2846 Guidonis
1862 2815 1943 2846 inter
1966 2813 2095 2846 Ordinis
2119 2814 2219 2845 nostri
2234 2814 2393 2845 Praelatos

1323 2868 1469 2892 numerat
1482 2861 1536 2902 fr.
1563 2860 1769 2892 Guillelmum
1793 2860 1834 2891 de
1855 2859 2011 2890 Morbeka
2029 2859 2311 2899 Archiepiscopum
2333 2857 2394 2890 Co-

1323 2907 1432 2937 rinthi.
1466 2906 1535 2937 Hac
1565 2906 1672 2946 ipsum
1701 2903 1888 2944 insignitum
1920 2903 2070 2943 dignitate
2101 2903 2251 2934 evincunt
2279 2901 2395 2935 latinae

1323 2950 1496 2981 nonnullae
1519 2950 1690 2987 versiones,
1715 2958 1796 2989 quae
1820 2949 1859 2979 ab
1875 2948 2021 2979 Echardo
2040 2954 2250 2979 recensentur.
2266 2947 2318 2978 Ad
2333 2946 2395 2979 cal-

1323 3005 1393 3026 cem
1421 2996 1592 3026 Tractatus
1626 2994 1742 3025 Galeni
1771 2993 1812 3024 de
1841 2993 2019 3030 alimentis,
2051 2992 2107 3034 qui
2137 2992 2170 3023 in
2203 2991 2394 3023 bibliotheca

1323 3039 1506 3070 Colbertina
1539 3038 1695 3070 exstabat:
1729 3037 1872 3078 Explicit
1895 3037 1976 3068 liber
2007 3036 2124 3068 Galeni
2153 3037 2194 3067 de
2222 3035 2394 3068 virtutibus

1321 3084 1560 3122 alimentorum,
1577 3083 1757 3115 translatus
1772 3092 1790 3113 e
1803 3091 1924 3123 graeco
1940 3083 1972 3112 in
1989 3081 2125 3112 latinum
2142 3091 2166 3112 a
2178 3081 2220 3111 D.
2228 3080 2283 3122 fr.
2302 3079 2393 3112 Guil-

1321 3129 1415 3160 lelmo
1438 3129 1478 3160 de
1491 3129 1647 3160 Morbeka
1667 3126 1746 3158 Ora.
1766 3126 1882 3157 Praed.
1897 3126 2143 3167 Archiepiscopo
2164 3125 2391 3163 Corinthiensi,

1320 3173 1486 3206 absolutus
1515 3173 1644 3204 Viterbii
1667 3181 1741 3212 1277
1764 3180 1872 3202 mense
1899 3170 2036 3202 octobris
2058 3180 2089 3200 ιι
2111 3170 2176 3200 kal.
2202 3169 2391 3200 novembris.

1321 3220 1400 3250 Item
1424 3218 1463 3248 ad
1491 3217 1610 3248 calcem
1635 3216 1738 3247 Procli
1761 3215 1917 3246 Diadochi
1939 3215 1980 3246 de
2007 3215 2114 3246 decem
2143 3213 2394 3245 dubitationibus

1320 3265 1407 3295 circa
1425 3262 1677 3303 providentiam,
1697 3260 1730 3291 in
1749 3259 1915 3291 Parisiensi
1929 3259 2239 3300 Augustinianorum
2253 3258 2292 3288 ad
2308 3257 2392 3288 Pon-

1320 3315 1386 3339 tem
1409 3317 1531 3338 novum
1554 3305 1754 3337 bibliotheca:
1779 3304 1919 3345 Expleta
1932 3303 2007 3345 fuit
2023 3304 2194 3334 translatio
2207 3302 2305 3333 huius
2318 3301 2393 3332 libri

1323 3352 1469 3383 Corinthi
1498 3361 1518 3382 a
1541 3350 1658 3393 fratre
1687 3349 1858 3380 Guillelmo
1890 3348 1931 3380 de
1961 3348 2116 3379 Mor-beka
2147 3346 2391 3386 Archiepiscopo

1322 3397 1539 3428 Corinthiensi
1561 3405 1648 3427 anno
1671 3394 1803 3425 Domini
1826 3391 1905 3424 1280
1929 3392 1981 3424 die
2001 3398 2027 3430 4
2041 3392 2221 3433 februarii,
2237 3399 2293 3421 seu
2307 3389 2390 3430 stylo

1321 3451 1407 3472 novo
1437 3441 1530 3471 1281.

1386 3485 1524 3516 Bzovius
1548 3485 1588 3515 ad
1611 3494 1661 3515 an.
1692 3482 1772 3524 1278
1797 3491 1887 3513 num.
1915 3481 1954 3512 33
1978 3480 2023 3512 sic
2046 3480 2106 3512 ait:
2129 3479 2205 3510 Hoc
2219 3479 2287 3519 ipso
2303 3487 2390 3508 anno

1319 3531 1476 3562 Nicolaus
1498 3528 1651 3570 Pontifex
1661 3527 1807 3569 fratrem
1833 3526 2040 3557 Guillelmum
2063 3523 2142 3555 Ord.
2159 3522 2288 3559 Prued„
2310 3522 2388 3552 Poe-

1321 3575 1541 3606 nitentiarium
1564 3583 1671 3611 suum,
1690 3571 1971 3611 Archiepiscopum
1997 3568 2198 3600 Corinthium
2222 3567 2343 3597 creavit
2367 3576 2385 3595 v

1320 3619 1392 3650 idus
1407 3619 1534 3659 aprilis:
1557 3618 1720 3658 eidemque
1730 3615 1868 3656 pallium
1880 3623 1944 3654 per
1962 3622 2078 3644 manus
2096 3611 2206 3642 Iacobi
2227 3610 2386 3641 Cardina-
