2788 4204
1107 241 1217 277 CAP.
1248 242 1371 289 XXV,
1402 243 1552 280 LECT.
1582 243 1746 281 XXXIX

575 448 587 471 ,
604 436 721 472 quam
747 424 992 472 particularis,
1022 424 1083 461 hic
1111 426 1275 463 ostendit
1298 427 1403 475 quod

548 477 558 504 5,
575 472 585 482 ¹
605 477 879 514 demonstratio
900 479 919 497 ὓ
949 478 1177 515 affirmativa
1205 479 1251 516 sit
1276 480 1404 527 potior

632 530 730 567 circa
757 530 832 566 hoc
859 530 967 579 ponit
995 531 1162 580 quinque
1190 532 1365 570 rationes.

195 599 211 615 α
394 594 428 620 2.
450 584 493 619 In
521 595 684 631 quarum
703 583 828 632 prima
846 589 864 604 α
883 584 959 620 hoc
977 586 1262 634 praesupponit,
1283 586 1399 634 quod,

339 635 495 672 caeteris
528 636 704 684 paribus,
744 636 804 673 illa
833 636 1106 674 demonstratio
1142 646 1197 675 est
1234 638 1401 686 dignior,

95 698 308 746 {·⁰2’t‘¹-‘¹i'·⁶2fe⁶i¹'-'
338 701 436 738 quae
463 689 636 737 procedit
665 702 710 726 ex
736 689 980 739 paucioribus
1013 690 1256 739 petitionibus
1293 699 1358 728 aut
1384 692 1404 712 *

95 741 311 805 {Pitisssssslssssaess
338 741 662 791 suppositionibus
686 750 751 779 aut
763 743 1099 791 propositionibus.
1116 744 1226 791 Quae
1247 745 1402 793 quidem

112 794 176 826 Leot-
190 810 238 826 nx-
304 794 310 799 '
338 795 497 844 qualiter
512 795 687 832 differant
702 808 747 832 ex
763 809 877 845 supra
897 796 1002 833 dictis
1021 805 1124 845 patet
1139 799 1170 834 ³².
1192 799 1295 835 Nam
1314 810 1402 846 pro-

337 848 547 897 positiones
560 858 721 898 possunt
741 849 813 886 dici
831 849 944 886 etiam
965 851 985 871 ’Β
1004 850 1087 887 illae
1108 863 1205 899 quae
1231 859 1317 887 sunt
1334 863 1404 899 per

339 914 379 939 se
408 909 537 949 notae,
568 914 666 950 quae
694 914 819 951 neque
849 903 1129 952 suppositiones
1157 915 1281 952 neque
1309 903 1403 952 peti-

98 963 294 991 ·l-ect-dt-‚n-3-
337 955 460 992 tiones
493 962 599 1001 sunt,
632 962 674 992 ut
707 968 821 1004 supra
859 955 1001 993 dictum
1035 964 1090 993 est
1119 957 1150 993 ’‘2.
1182 956 1401 1005 Suppositio

339 1015 467 1045 autern
488 1020 510 1044 a
527 1007 708 1056 petitione
734 1008 874 1045 differt:
899 1021 990 1045 nam
1008 1009 1220 1057 suppositio
1242 1016 1297 1045 est
1314 1021 1402 1057 pro-

337 1061 476 1110 positio
505 1073 584 1097 non
606 1074 676 1110 per
703 1073 744 1098 se
768 1068 875 1108 nota,
906 1061 974 1098 sed
994 1061 1174 1110 accipitur
1193 1061 1288 1098 sicut
1307 1073 1329 1097 a
1350 1061 1403 1098 di-

195 1119 210 1152 β
339 1121 466 1151 scente
486 1113 640 1162 opinata
657 1111 675 1142 β
686 1127 695 1159 ;
724 1113 854 1162 petitio
874 1121 1003 1150 autem
1026 1121 1081 1150 est
1097 1113 1308 1162 propositio
1324 1125 1403 1149 non

336 1179 407 1215 per
424 1179 464 1203 se
484 1166 586 1212 nota,
607 1178 705 1214 quae
725 1179 804 1203 non
824 1173 880 1202 est
908 1166 1060 1215 opinata
1079 1178 1103 1202 a
1122 1166 1301 1213 discente,
1323 1165 1402 1202 sive

94 1227 307 1255 ‘calcet-cimai-
337 1219 477 1256 habeat
505 1219 711 1255 contrarias
740 1218 940 1268 opiniones
968 1218 1048 1255 sive
1077 1231 1156 1255 non
1174 1219 1204 1254 *.

393 1273 428 1309 3.
459 1271 578 1318 Quod
606 1279 735 1308 autem
764 1271 1038 1308 demonstratio
1064 1270 1110 1307 sit
1138 1270 1286 1318 dignior
1305 1283 1402 1318 quae

94 1336 250 1385 &bencera
259 1338 307 1358 ter-
336 1324 583 1375 paucioribus
599 1324 726 1372 utitur,
745 1323 900 1360 caeteris
919 1323 1073 1372 p'aribus
1093 1325 1125 1369 ⁴*,
1151 1322 1316 1360 ostendit
1335 1323 1402 1360 du-

177 1368 212 1391 μ
252 1378 504 1427 ’ρϋείτειπ
522 1377 654 1414 Primo
679 1377 847 1425 quidem,
868 1376 957 1425 quia
976 1376 1006 1413 si
1027 1376 1136 1413 detur
1155 1376 1261 1425 quod
1280 1383 1402 1413 utrae-

337 1443 412 1479 que
431 1429 712 1479 propositiones
728 1441 773 1466 ex
788 1429 925 1478 quibus
943 1429 1173 1478 proceditur,
1190 1429 1263 1466 sint
1281 1442 1402 1478 aeque

93 1494 310 1543 ’ςιι-κκὲςηω
335 1490 462 1530 notae,
482 1483 651 1531 sequitur
668 1483 689 1504 *
707 1483 814 1531 quod
832 1483 1002 1519 velocius
1023 1482 1091 1519 erit
1109 1483 1150 1504 ⁴⁸*
1170 1495 1400 1530 cognoscere

93 1526 309 1571 &waiu-
334 1549 406 1586 per
437 1535 638 1584 pauciores
674 1534 956 1585 propositiones
991 1548 1107 1584 quam
1143 1548 1213 1584 per
1253 1537 1401 1585 plures;

96 483 106 492 ⁶
116 482 182 504 Dem.
197 488 244 504 om.
260 489 281 504 L.

97 853 106 861 ·
133 852 212 874 Etiam
248 859 286 875 ex.

96 879 291 928 grigi-,exeme-

86 1575 252 1630 wenna»
267 1600 308 1623 ae-
334 1589 426 1639 quia
441 1589 548 1627 citius
566 1589 789 1626 terminatur
805 1589 825 1610 *
845 1589 1047 1636 discursus,
1064 1589 1128 1637 qui
1149 1597 1204 1626 est
1221 1602 1291 1638 per
1308 1602 1401 1638 pau-

88 1627 308 1684 'wimo-
336 1643 458 1680 ciores
486 1642 779 1692 propositiones,
800 1654 916 1690 quam
946 1641 1011 1690 qui
1039 1650 1095 1678 est
1118 1642 1139 1663 *
1165 1654 1234 1691 per
1260 1643 1400 1691 plures.

190 1712 208 1738 γ
280 1703 284 1706 ”
336 1697 424 1733 Hoc
442 1703 570 1733 autem
589 1700 604 1722 ⁷
633 1703 689 1732 est
716 1694 911 1743 eligibilius
931 1707 999 1731 seu
1021 1694 1276 1744 appetibilius,
1297 1695 1403 1744 quod

335 1749 456 1786 homo
477 1749 584 1786 c'itius
612 1748 792 1786 addiscat.
813 1747 925 1785 Unde
954 1748 1175 1796 relinquitur
1204 1748 1309 1796 quod
1337 1748 1401 1785 de-

336 1802 560 1839 monstratio
594 1814 692 1851 quae
727 1813 772 1838 ex
803 1801 1047 1849 paucioribus
1076 1801 1401 1850 propositionibus

90 1871 309 1919 mamm
333 1855 518 1905 procedit,
540 1854 755 1892 dummodo
776 1854 848 1890 sint
867 1866 988 1903 aeque
1009 1861 1122 1890 notae
1137 1855 1167 1901 ²⁸,
1189 1854 1234 1890 sit
1253 1854 1399 1891 melior.

91 1923 103 1934 ·
123 1928 140 1946 ο
159 1913 209 1945 noia
229 1926 306 1946 recte:
387 1920 425 1955 4.
457 1907 653 1954 Secundo,
682 1907 820 1956 probat
849 1907 1028 1944 eamdem
1056 1907 1359 1955 propositionem
1383 1908 1402 1928 *

93 1949 219 1972 Μ
334 1961 597 1998 universaliter
611 1961 756 2009 absque
770 1959 964 2008 praedicta
978 1960 1250 2009 suppositione,
1264 1960 1413 1997 scilicet'

334 2014 441 2063 quod
464 2027 600 2052 omnes
619 2013 900 2063 propositiones
919 2020 1136 2061 assumptae
1162 2013 1234 2050 sint
1261 2025 1400 2062 aequa-

333 2067 416 2104 liter
442 2075 568 2104 notae.
599 2068 648 2104 Et
676 2067 725 2104 ad
753 2067 828 2103 hoc
846 2066 1092 2115 probandum
1121 2066 1278 2103 assumit
1301 2067 1400 2103 hanc

39 2152 41 2155 ,
92 2136 150 2158 un:
160 2139 262 2164 moe.
334 2120 639 2170 suppositionem
653 2121 684 2166 *,
705 2119 811 2169 quod
830 2119 959 2156 media
983 2132 1082 2168 quae
1103 2127 1189 2156 sunt
1207 2119 1319 2156 unius
1339 2132 1398 2156 or-

132 2209 138 2214 .
335 2173 432 2211 dinis
453 2173 526 2211 sint
545 2186 667 2222 aeque
687 2180 794 2219 nota,
816 2172 884 2210 sed
898 2172 1026 2210 media
1050 2185 1148 2221 quae
1167 2180 1254 2209 sunt
1272 2172 1400 2221 priora

91 2240 125 2263 u
138 2245 187 2263 non
200 2243 274 2263 mete:
285 2246 308 2262 ιν
334 2234 422 2264 sunt
435 2227 596 2264 notiora.
613 2227 700 2263 Hoc
720 2226 822 2263 enim
838 2233 988 2275 oportet
1001 2227 1021 2247 ’³
1040 2238 1122 2262 esse
1136 2225 1399 2263 universaliter

90 2266 308 2326 manaim
333 2292 483 2317 verum.
505 2280 592 2316 Hoc
611 2279 721 2327 igitur
740 2278 949 2328 supposito,
967 2278 1012 2315 sit
1027 2279 1047 2299 *
1067 2291 1145 2315 una
1165 2279 1399 2315 demonstra-

91 2324 132 2347 ω·
333 2333 398 2380 tio,
418 2333 458 2369 in
477 2345 553 2382 qua
581 2332 862 2370 demonstretur
890 2331 996 2380 quod
1017 2332 1054 2368 A
1071 2332 1118 2368 sit
1135 2332 1171 2368 in
1190 2333 1231 2368 E
1243 2344 1312 2380 per
1331 2331 1399 2367 tria

91 2399 102 2409 ·
117 2398 194 2422 codd.
207 2398 306 2424 (uam
334 2386 473 2433 media,
490 2398 589 2434 quae
603 2393 690 2422 sunt
709 2386 740 2421 B
761 2386 791 2422 C
812 2387 864 2431 D';
885 2397 984 2434 quae
1004 2384 1160 2433 quidem
1177 2384 1398 2421 concludit*

90 2425 307 2475 2³:²mffe'ffit‘
333 2451 379 2476 ex
407 2446 571 2488 quatuor
596 2438 934 2487 propositionibus,
965 2450 1062 2486 quae
1091 2445 1197 2474 sunt:
1227 2449 1338 2474 omne
1364 2439 1400 2473 B

386 2560 414 2593 α)
435 2560 466 2585 In
485 2567 599 2592 quarum
614 2559 707 2591 prima
721 2558 878 2588 etc.-BLQ
890 2564 916 2583 et
929 2567 954 2591 p.
968 2567 1004 2583 m.
1018 2559 1042 2583 T
1056 2567 1109 2583 om.
1130 2559 1174 2588 In,·
1190 2559 1199 2583 1
1214 2566 1267 2583 om.
1283 2558 1313 2583 In
1333 2565 1398 2590 qua-

332 2604 401 2625 rum,
416 2600 441 2620 et
459 2595 552 2620 deinde
571 2602 630 2619 cum
650 2594 674 2619 O
693 2602 746 2619 om.
758 2594 821 2619 hoc:
838 2594 898 2619 hinc
917 2594 973 2619 eius
992 2594 1067 2619 lectio
1086 2599 1139 2618 est:
1159 2594 1253 2618 Prima
1267 2600 1399 2626 praesup-

326 2631 408 2664 ponit
426 2635 489 2661 etc.;
508 2630 565 2654 EL:
584 2629 718 2661 supponit.

386 2665 415 2700 β)
432 2666 504 2691 Ναηι
520 2665 666 2698 suppositio
680 2668 720 2690 est
729 2665 879 2697 propositio
892 2673 943 2690 non
954 2672 1006 2697 per
1019 2672 1047 2690 se
1061 2668 1127 2690 nota
1139 2669 1186 2690 etc.
1195 2678 1214 2684 --
1224 2664 1282 2688 Non
1296 2671 1347 2688 una
1360 2668 1400 2688 est

332 2701 408 2727 lectio
427 2701 502 2726 codd.
513 2701 564 2725 hoc
579 2701 646 2725 loco.
666 2700 754 2725 Codex
771 2702 808 2724 A:
827 2700 875 2725 sed
892 2700 1023 2732 accipitur
1037 2700 1106 2725 sicut
1123 2700 1156 2725 ab
1175 2699 1328 2724 addiscente
1342 2699 1398 2730 opi-

333 2741 412 2767 nata,·
430 2737 454 2762 si
472 2743 534 2761 vero
553 2736 693 2761 addiscens
712 2743 764 2761 non
783 2736 819 2761 sit
837 2736 952 2761 eiusdem
971 2735 1110 2767 opinionis,
1131 2735 1276 2760 necessarie
1294 2738 1399 2766 oportet

333 2772 404 2805 quod
422 2772 621 2797 demonstrator
639 2771 688 2796 hoc
700 2772 733 2796 ab
747 2778 778 2796 eo
788 2774 866 2803 petat
884 2771 933 2804 (Cf.
949 2772 1006 2795 lect.
1020 2779 1069 2800 xix,
1085 2779 1110 2795 n.
1124 2771 1167 2803 4),
1186 2773 1213 2795 et
1227 2773 1289 2795 tunc
1303 2773 1342 2794 est
1351 2777 1399 2801 pe-

334 2807 403 2832 titio.
423 2807 502 2838 Quod
520 2810 609 2832 autem
629 2812 690 2837 etc.;
710 2807 731 2831 C
750 2807 876 2831 mendose
896 2806 968 2838 legit:
988 2813 1050 2830 nam
1073 2806 1220 2838 suppositio
1244 2809 1284 2830 est
1298 2813 1400 2837 propo-

333 2842 396 2867 sitio
414 2849 466 2867 non
480 2849 533 2875 per
550 2849 578 2867 se
592 2845 656 2867 nota
670 2842 730 2874 (cet.
744 2842 818 2874 om.)‚
832 2849 900 2874 quae
911 2849 964 2867 non
983 2845 1023 2867 est
1036 2842 1146 2873 opinata
1165 2849 1182 2866 a
1202 2841 1325 2870 discente,
1345 2841 1400 2865 sive

333 2877 430 2903 haheat
447 2877 599 2903 contrarias
617 2882 680 2909 etc.;
699 2878 734 2902 B:
753 2877 800 2902 sed
817 2877 949 2909 accipitur
966 2877 1035 2902 sicut
1053 2884 1070 2901 a
1089 2877 1191 2902 dicente
1210 2876 1320 2908 opinata
1326 2884 1336 2906 ,·
1350 2883 1398 2907 pe-

334 2913 395 2938 titio
413 2915 502 2938 autem
511 2912 662 2944 propositio
677 2920 728 2937 non
739 2920 792 2944 per
809 2920 837 2937 se
856 2915 928 2941 nota,
944 2919 1011 2944 quae
1030 2919 1081 2936 non
1096 2915 1136 2937 est
1149 2912 1268 2943 opinata,
1283 2911 1338 2936 sive
1352 2911 1399 2936 ha-

335 2948 395 2973 beat
411 2948 564 2973 contrarias
583 2953 643 2977 etc.;
662 2947 902 2978 DHIKLMOQS'I':
922 2947 969 2972 sed
987 2946 1052 2980 (MQ
1069 2953 1095 2971 et
1108 2955 1134 2979 p.
1147 2955 1183 2972 m.
1198 2947 1254 2976 ST,
1273 2946 1311 2979 si)
1331 2947 1399 2971 acci-

330 2983 408 3015 pitur
427 2982 506 3015 (MQ,
529 2982 694 3015 accipiatur)
719 2983 788 3007 sicut
805 2990 823 3007 a
842 2983 958 3007 discente
982 2982 1093 3014 opinata
1118 2981 1174 3015 (H,
1198 2982 1267 3007 sicut
1289 2982 1399 3013 opinata

335 3018 500 3047 addiscenti,·
517 3017 553 3048 K,
572 3017 611 3043 sic
627 3025 646 3042 a
665 3018 729 3042 disc.
748 3025 800 3042 non
825 3017 910 3049 opin.,·
935 3018 971 3047 Q,
990 3017 1060 3042 sicut
1082 3017 1189 3042 absente
1213 3017 1298 3049 opin.,·
1317 3017 1327 3041 1
1346 3024 1398 3041 om.

334 3053 435 3085 sicut);
449 3053 546 3085 petitio
560 3056 649 3078 autem
668 3056 708 3078 est
721 3053 872 3084 propositio
886 3060 939 3077 non
959 3051 984 3086 (1
998 3057 1024 3076 et
1042 3060 1063 3076 s.
1078 3060 1113 3076 m.
1127 3052 1149 3076 D
1163 3060 1217 3077 om.
1232 3053 1295 3084 non)
1306 3059 1358 3084 per
1371 3059 1400 3076 se

336 3091 408 3117 nota,
419 3095 487 3121 quae
499 3095 550 3112 non
566 3091 606 3113 est
618 3088 729 3120 opinata
741 3095 759 3112 a
774 3088 889 3112 discente
902 3088 957 3120 (H2
972 3087 1122 3112 addiscenti
1128 3087 1147 3120 ),
1161 3087 1216 3112 sive
1230 3087 1326 3112 habeat
1338 3094 1399 3112 con-

336 3123 438 3148 trarias
455 3123 591 3156 opiniones
608 3123 663 3148 sive
676 3130 738 3148 non.
759 3123 838 3153 Quod
851 3126 939 3147 autem
952 3127 1000 3148 etc.
1020 3122 1098 3147 Piana
1112 3122 1236 3155 denique:
1257 3130 1319 3146 nam
1337 3130 1399 3153 sup-

331 3159 432 3191 positio
450 3162 490 3184 est
502 3158 653 3190 propositio
672 3165 724 3183 non
740 3165 792 3190 per
810 3165 838 3183 se
856 3161 927 3188 nota,
947 3158 994 3183 sed
1011 3157 1142 3189 accipitur
1162 3158 1231 3182 sicut
1248 3164 1266 3181 a
1285 3157 1400 3182 discente

335 3194 461 3226 opinata,·
474 3193 574 3226 positio
592 3196 682 3218 autem
701 3196 741 3218 est
754 3193 906 3225 propositio
919 3200 986 3225 quae
998 3200 1050 3217 non
1070 3195 1110 3217 est
1122 3193 1233 3224 opinata
1246 3199 1264 3216 a
1276 3193 1399 3221 discente,

335 3230 391 3255 sive
409 3229 505 3254 habeat
522 3228 673 3254 contrarias
698 3228 834 3260 opiniones
861 3228 917 3253 sive
935 3235 997 3253 non.
1024 3228 1102 3258 Quod
1120 3231 1208 3252 autem
1227 3232 1275 3251 etc.
1294 3227 1399 3251 Pianam

335 3265 473 3290 lectionem
497 3265 647 3289 auctoritate
665 3264 740 3288 codd.
758 3262 874 3288 nonnihil
897 3263 1098 3288 immutavimus.
1108 3263 1173 3287 -Cf.
1189 3263 1230 3287 cit.
1246 3263 1302 3286 lect.
1316 3270 1357 3286 xix
1375 3267 1400 3286 et

335 3300 393 3325 lect.
407 3307 433 3330 v,
447 3308 490 3324 nn.
505 3298 530 3330 6,
562 3316 570 3323 .

388 3335 496 3369 7)'Hoc
513 3307 602 3359 au'iem
621 3334 740 3359 etc.-1ta
759 3333 869 3366 legim'us
893 3341 953 3358 cum
971 3337 1040 3358 textu
1065 3340 1158 3365 graeco
1183 3337 1208 3357 et
1232 3337 1319 3356 nostra
1342 3339 1400 3356 ver-

336 3371 418 3396 sione.
432 3385 451 3390 -
460 3371 495 3395 P:
510 3370 559 3395 hoc
577 3369 660 3394 enim:
673 3370 720 3394 sed
734 3365 764 3393 τὸ
779 3369 848 3394 enim
863 3369 951 3394 nullus
970 3376 1000 3393 ex
1019 3369 1114 3393 nostris
1129 3368 1203 3392 codd.
1216 3367 1301 3391 habet.
1316 3366 1402 3396 BlOQ

336 3411 362 3431 et
381 3414 406 3431 s.
425 3414 460 3430 m.
474 3406 510 3430 D:
528 3405 563 3430 Et
580 3405 628 3430 hoc
640 3407 679 3429 est
685 3411 694 3433 ;
708 3405 745 3429 H:
760 3404 819 3429 Hoc
834 3404 914 3429 etiam
929 3404 1016 3428 est.—1
1030 3411 1083 3428 om.
1097 3410 1143 3427 seu
1158 3402 1400 3434 appetibilius.—·H1

336 3449 388 3466 non
406 3446 487 3466 recte:
499 3440 624 3465 addiscit.

390 3476 415 3509 δ)
430 3477 504 3506 Quae
517 3479 578 3501 sunt
591 3475 616 3499 Z
626 3475 662 3500 H.
675 3475 726 3499 -Α
740 3478 766 3499 et
779 3482 802 3499 s.
815 3482 851 3499 m.
864 3475 887 3498 1:
901 3480 969 3506 quae
981 3477 1045 3498 sunt
1059 3474 1082 3498 C
1093 3473 1179 3503 3513:
1192 3479 1260 3505 quae
1273 3475 1336 3497 sunt
1349 3478 1401 3496 sex

337 3513 378 3542 H,-
392 3512 486 3537 CKLM
499 3516 524 3536 et
533 3519 559 3544 p.
570 3518 605 3535 m.
619 3511 656 3535 D:
667 3513 805 3542 quaesunt
819 3509 897 3539 ZH,·
909 3509 931 3534 D
946 3517 967 3534 s.
980 3516 1024 3533 m.:
1040 3515 1107 3541 quae
1121 3509 1254 3533 suntZet
1266 3507 1293 3538 1;
1308 3508 1329 3532 E
1344 3514 1399 3531 om.

336 3547 414 3578 211,-
432 3547 470 3571 H:
489 3553 557 3579 quae
569 3549 633 3571 sunt
650 3549 677 3570 et
689 3545 730 3576 H;
743 3545 781 3575 Q:
800 3551 868 3578 quae
886 3547 948 3570 sunt
961 3547 1016 3569 tres
1030 3547 1056 3569 et
1075 3543 1116 3574 H;
1130 3543 1172 3568 ST
1191 3547 1216 3568 et
1235 3543 1275 3567 ed.
1289 3550 1319 3567 a:
1334 3549 1401 3574 quae

336 3585 399 3608 sunt
413 3586 467 3608 tres
481 3582 623 3614 H.—Ergo
642 3581 726 3612 codd„
743 3588 796 3606 exc.
810 3580 859 3605 AO
879 3585 904 3605 et
922 3587 944 3605 ε.
959 3587 994 3604 m.
1011 3579 1055 3610 DI,
1070 3579 1213 3604 secundum
1225 3577 1341 3603 medium
1354 3585 1400 3602 no-

2443 260 2518 297 299

1457 328 1509 358 est
1531 323 1586 366 A;
1614 335 1725 360 omne
1758 324 1791 360 C
1816 330 1870 361 est
1894 326 1951 367 B,·
1979 336 2090 361 omne
2117 327 2155 362 D
2183 332 2237 362 est
2267 327 2315 371 C,·
2347 339 2458 364 omne
2483 329 2523 364 E

1457 380 1511 411 est
1522 377 1571 412 D.
1593 376 1676 412 Alia
1691 389 1784 413 vero
1804 377 2077 414 demonstratio
2098 378 2155 426 sit,
2172 391 2269 427 quae
2286 380 2486 417 concludat
2499 382 2519 402 '⁵'

1457 428 1636 465 eamdem
1666 430 1963 477 conclusionem,
1993 430 2132 467 scilicet
2154 433 2191 467 A
2213 444 2291 468 esse
2318 433 2355 468 in
2383 434 2429 478 E,
2450 446 2518 482 per

1457 480 1534 517 duo
1564 481 1702 529 media,
1725 494 1822 531 quae
1851 490 1937 519 sunt
1964 484 1994 526 Z
2024 484 2060 519 H
2090 481 2113 520 ὃ.
2136 484 2206 520 His
2233 484 2359 533 itaque
2381 487 2400 504 *
2429 498 2517 534 sup-

1455 533 1598 581 positis,
1619 535 1862 572 manifestum
1892 543 1947 572 est
1975 536 2079 584 quod
2099 538 2131 582 ”,
2153 549 2199 573 ex
2227 549 2304 585 quo
2329 538 2424 574 ordo
2454 551 2517 574 co-

1456 586 1631 633 gnitionis
1662 588 1972 637 proportionatur
2005 589 2128 626 ordini
2165 589 2400 638 mediorum,
2430 591 2518 639 quia

1455 639 1583 687 priora
1611 647 1698 677 sunt
1724 641 1889 688 notiora,
1924 649 1966 685 ut
1994 641 2137 678 dictum
2167 650 2236 689 est,
2275 655 2429 680 necesse
2463 651 2519 680 est

1457 693 1562 740 quod
1590 693 1794 741 aequaliter
1831 694 1876 730 sit
1908 702 1998 731 nota
2025 695 2121 731 haec
2147 695 2378 744 propositio,
2408 708 2520 733 omne

1455 746 1494 781 D
1521 751 1575 782 est
1599 746 1652 792 A,
1682 746 1720 782 in
1746 746 1870 795 prima
1905 746 2226 784 demonstratione
2254 748 2292 796 ²¹²,
2323 756 2379 795 et,
2409 761 2520 785 omne

1455 799 1495 833 E
1515 804 1569 834 est
1588 799 1641 844 A,
1662 798 1700 835 in
1724 799 1891 836 secunda
1911 800 1947 845 *,
1974 800 2062 847 quia
2088 800 2290 849 utrobique
2318 801 2517 839 inveniun-

1456 858 1516 887 tur
1531 850 1608 887 duo
1628 851 1767 888 media.
1789 852 1866 888 Sed
1886 852 2128 889 manifestum
2145 861 2200 890 est
2219 854 2323 902 quod
2337 854 2376 891 in
2394 854 2519 903 prima

1457 903 1780 940 demonstratione
1807 905 1904 940 haec
1930 905 2156 953 propositio,
2182 918 2293 943 omne
2319 908 2358 943 D
2385 913 2439 944 est
2463 908 2517 954 A,

1455 956 1560 1004 prior
1581 957 1600 977 '¹‘
1620 963 1655 992 et
1683 956 1809 993 notior
1828 964 1884 993 est
1911 969 2027 1005 quarn
2052 958 2147 994 haec
2166 959 2386 1007 propositio,
2408 972 2519 997 omne

1455 1009 1495 1044 E
1518 1014 1571 1044 est
1605 1009 1661 1053 A,·
1695 1009 1784 1057 quia
1819 1010 1915 1045 haec
1951 1010 2119 1047 secunda
2157 1011 2436 1050 demonstratur
2473 1026 2518 1049 ex

1455 1060 1571 1109 priori
1599 1061 1638 1097 in
1664 1061 1789 1109 prima
1818 1061 2160 1110 demonstratione,
2192 1071 2227 1100 et
2261 1077 2305 1101 ex
2333 1065 2390 1101 his
2419 1078 2518 1114 quae

1457 1125 1572 1160 supra
1600 1112 1698 1149 dicta
1726 1121 1827 1160 sunt,
1849 1122 2005 1162 apparet
2033 1116 2137 1163 quod
2161 1116 2199 1152 id
2226 1129 2295 1165 per
2322 1118 2427 1166 quod
2456 1119 2519 1155 de-

1457 1172 1689 1202 monstratur
1717 1166 1880 1214 aliquid,
1911 1174 1967 1203 est
1999 1168 2211 1204 credibilius
2246 1177 2282 1205 et
2308 1170 2433 1207 notius
2471 1183 2517 1207 eo

1457 1217 1563 1266 quod
1589 1230 1658 1266 per
1680 1218 1806 1267 ipsum
1834 1218 2124 1257 demonstratur.
2146 1222 2247 1268 Ergo
2269 1222 2487 1272 relinquitur
2507 1229 2519 1244 ³

1458 1270 1563 1318 quod
1600 1271 1695 1307 haec
1730 1271 1963 1320 propositio,
1997 1285 2108 1309 omne
2138 1275 2178 1310 E
2211 1280 2263 1310 est
2294 1276 2352 1321 A,
2386 1288 2518 1313 secun-

1458 1323 1550 1360 dum
1590 1323 1695 1372 quod
1735 1325 1971 1362 concluditur
2006 1338 2076 1374 per
2117 1327 2325 1363 secundam
2361 1327 2519 1365 demon-

1457 1376 1700 1425 strationem,
1739 1377 1785 1414 sit
1820 1378 1946 1414 notior
1978 1390 2092 1426 quam
2130 1379 2265 1416 eadem
2292 1381 2518 1429 propositio,

1457 1429 1669 1466 secundum
1711 1430 1816 1479 quod
1858 1431 2094 1468 concluditur
2133 1444 2202 1481 per
2242 1432 2410 1481 priorem
2458 1434 2520 1470 de-

1457 1483 1792 1530 monstrationem,
1827 1496 1924 1532 quae
1953 1485 2130 1521 utebatur
2164 1485 2335 1533 pluribus
2372 1486 2518 1523 mediis.

1458 1535 1694 1584 Relinquitur
1713 1549 1801 1584 ergo
1822 1537 1927 1586 quod
1947 1537 2218 1574 demonstratio
2239 1551 2336 1587 quae
2364 1551 2408 1575 ex
2427 1551 2519 1588 pau-

1457 1588 1621 1625 cioribus
1647 1589 1830 1638 procedit,
1853 1598 1907 1626 est
1928 1590 2057 1639 'potior
2086 1603 2131 1627 ea
2159 1603 2256 1640 quae
2283 1591 2456 1640 procedit
2475 1604 2520 1628 ex

1455 1641 1637 1690 pluribus.

1514 1695 1545 1731 5.
1575 1694 1730 1731 Maiore
1762 1694 1871 1742 igitur
1898 1695 2156 1743 propositione
2184 1696 2356 1744 probata,
2376 1697 2518 1734 Aristo-

1456 1748 1547 1783 teles
1558 1747 1578 1768 *
1589 1747 1746 1784 assumit
1761 1747 1866 1796 quod
1885 1748 2113 1785 affirmativa
2132 1748 2403 1786 demonstratio
2418 1750 2458 1771 θ’*
2473 1762 2518 1786 ex

1454 1800 1698 1849 paucioribus
1725 1800 1897 1849 procedit
1916 1813 2032 1849 quam
2052 1801 2242 1849 negativa:
2262 1814 2341 1838 non
2360 1802 2516 1851 quidem

1456 1865 1501 1889 ex
1528 1853 1772 1902 paucioribus
1800 1853 1980 1901 terminis,
2010 1855 2072 1890 vel
2101 1866 2145 1890 ex
2167 1854 2409 1903 paucioribus
2427 1868 2515 1904 pro-

1453 1906 1705 1954 positionibus
1738 1906 1950 1943 secundum
1987 1907 2203 1954 materiam,
2238 1904 2326 1956 quia
2357 1915 2515 1957 utraque

1456 1959 1726 1996 demonstratio
1751 1967 1829 1996 tarn
1858 1959 2085 1996 affirmativa
2113 1972 2230 2008 quam
2259 1961 2433 2008 negativa
2452 1961 2515 1998 de-

1454 2020 1640 2049 monstrat
1666 2025 1736 2061 per
1758 2019 1832 2049 tres
1851 2012 2034 2049 terminos
2050 2021 2085 2049 et
2105 2013 2199 2049 duas
2218 2014 2513 2062 propositiones;

1455 2065 1522 2102 sed
1551 2065 1823 2102 demonstratio
1856 2065 2031 2113 negativa
2058 2065 2072 2091 ζ
2100 2065 2233 2102 dicitur
2266 2079 2310 2102 ex
2343 2067 2514 2115 pluribus

1453 2118 1662 2167 procedere
1697 2117 1908 2155 secundum
1940 2118 2245 2167 propositionum
2283 2120 2512 2168 qualitatem.

1454 2172 1558 2208 Nam
1574 2171 1846 2208 demonstratio
1864 2171 2092 2208 affirmativa
2106 2171 2240 2220 accipit
2259 2173 2383 2209 solum
2400 2185 2465 2209 ens
2479 2173 2512 2218 ³⁵,

1453 2224 1550 2261 idest
1575 2224 1747 2273 procedit
1775 2236 1820 2260 ex
1849 2224 1937 2260 solis
1957 2224 1976 2244 *
2000 2224 2323 2273 propositionibus
2351 2226 2515 2262 affirma-
2542 2243 2551 2251 ·

1452 2277 1553 2314 tivis:
1585 2276 1856 2314 demonstratio
1885 2289 1978 2313 vero
2007 2277 2182 2324 negativa
2214 2278 2348 2326 accipit
2375 2290 2452 2314 esse
2480 2285 2516 2314 et
2542 2295 2551 2315 1

1453 2342 1527 2366 non
1548 2342 1640 2376 esse,
1661 2329 1758 2366 idest
1781 2329 1938 2366 assumit
1958 2330 2225 2367 affirmativam
2246 2338 2282 2367 et
2300 2330 2515 2378 negativam

1453 2383 1576 2419 simul.
1594 2384 1695 2430 Ergo
1717 2382 1863 2430 dignior
1879 2389 1934 2418 est
1952 2382 2179 2419 affirmativa
2193 2395 2310 2431 quam
2330 2383 2514 2431 negativa.

1507 2437 1542 2472 6.
1575 2435 1793 2472 Secundam
1818 2435 2003 2472 rationem
2022 2436 2130 2484 ponit
2147 2435 2215 2472 ibi:
2236 2436 2407 2484 Amplius
2426 2448 2516 2484 quo-

1453 2559 1551 2582 minant
1563 2558 1606 2586 H,·
1620 2558 1733 2590 primum
1748 2557 1863 2582 medium
1878 2557 1995 2582 CDKLM
2014 2562 2107 2582 vocant
2123 2557 2152 2586 Z,
2170 2557 2240 2589 quod
2259 2557 2285 2581 in
2298 2557 2373 2582 codd.
2390 2565 2468 2590 saepe
2487 2565 2517 2582 ex

1454 2594 1511 2617 solo
1530 2598 1649 2618 contextu
1669 2593 1831 2625 distinguitur
1845 2601 1859 2617 a
1873 2593 1955 2625 signo,
1971 2600 2024 2625 quo
2045 2592 2164 2616 scribitur
2182 2595 2243 2622 tres,
2261 2598 2337 2624 prout
2357 2593 2452 2617 habent
2470 2593 2516 2618 Po

1454 2628 1521 2659 QST
1535 2634 1569 2658 et,
1582 2633 1612 2653 ut
1624 2629 1733 2657 videtur,
1748 2636 1774 2660 p.
1789 2635 1824 2652 m.
1840 2628 1858 2652 1.
1873 2627 2037 2660 Quapropter
2051 2628 2195 2658 lectionem,
2209 2635 2277 2660 quae
2289 2631 2352 2652 sunt
2366 2628 2391 2651 Z
2399 2628 2434 2658 H,
2450 2636 2517 2660 quae

1454 2669 1494 2688 est
1512 2664 1587 2688 lectio
1605 2668 1690 2688 textus
1709 2663 1801 2695 graeci,
1821 2668 1846 2687 et
1860 2671 1927 2695 quae
1946 2668 1990 2687 aut
2005 2663 2121 2695 explicite
2139 2663 2214 2694 datur
2228 2668 2271 2687 aut
2290 2668 2410 2695 corrupte
2422 2664 2516 2688 indica-

1453 2704 1495 2723 tur
1514 2707 1528 2723 a
1552 2699 1642 2729 codd.‚
1662 2698 1831 2730 praetulimus
1850 2698 1956 2729 Pianae,
1976 2705 2044 2730 quae
2067 2701 2130 2723 sunt
2154 2701 2207 2723 tres
2227 2698 2405 2730 B.—-Insuper
2425 2698 2515 2723 Piana:

1454 2738 1508 2759 tres
1526 2734 1557 2764 B,
1573 2734 1614 2758 vel
1632 2738 1686 2759 tres
1706 2733 1917 2765 propositiones.-
1939 2741 2006 2765 quae
2024 2733 2104 2758 verba
2122 2734 2276 2758 unanimiter
2294 2734 2375 2758 omitt.
2395 2741 2410 2758 a
2428 2734 2515 2764 codd„

1453 2777 1539 2802 neque
1563 2770 1681 2794 videntur
1700 2769 1726 2793 in
1745 2777 1836 2793 eorum
1864 2769 1972 2793 lectione
2000 2769 2157 2799 necessaria,
2177 2770 2236 2801 quia
2261 2769 2333 2794 facile
2360 2768 2515 2801 subintelligi

1452 2809 1571 2838 possunt.
1873 2811 1877 2815 ·

1506 2839 1529 2873 ε)
1550 2840 1766 2865 Demonstratur.
1786 2840 1860 2872 Ergo
1875 2839 2033 2871 relinquitur
2051 2839 2130 2871 quod.
2142 2852 2162 2858 —-
2175 2839 2257 2864 Codd.
2270 2853 2289 2857 -
2303 2839 2335 2863 P:
2350 2839 2515 2863 demonstra-

1454 2879 1513 2905 tur,
1533 2876 1693 2907 relinquitur
1711 2875 1790 2907 quod.
1803 2887 1822 2894 -
1836 2875 1917 2906 Supra
1936 2875 2020 2903 etiam,
2040 2874 2083 2898 ubi
2096 2875 2115 2898 P
2130 2873 2218 2898 habet:
2238 2881 2314 2899 omne
2329 2874 2356 2898 E
2371 2877 2410 2898 est
2427 2875 2460 2898 A.
2480 2874 2516 2898 Et

1453 2911 1516 2943 quia
1534 2911 1598 2935 haec
1616 2910 1743 2939 secunda,
1764 2910 1886 2942 legimus,
1907 2917 1983 2934 omne
2002 2910 2029 2934 E
2044 2912 2084 2933 est
2100 2910 2123 2933 A
2128 2916 2138 2938 ,⁴
2156 2910 2219 2941 quia
2237 2909 2300 2934 haec
2318 2914 2366 2933 etc.
2391 2909 2515 2938 Quamvis

1455 2951 1540 2971 autem
1553 2946 1615 2970 haec
1629 2946 1742 2970 secunda
1755 2945 1830 2970 lectio
1844 2952 1964 2977 expresse
1978 2945 2090 2969 tradatur
2104 2952 2119 2968 a
2133 2945 2195 2968 solis
2210 2945 2283 2969 codd.
2298 2944 2344 2968 ΒΟ
2358 2948 2383 2967 et
2397 2952 2418 2968 s.
2434 2952 2469 2968 m.
2483 2944 2515 2974 D,

1454 2989 1511 3006 eam
1526 2986 1612 3005 tamen
1627 2981 1747 3005 videntur
1762 2987 1908 3012 supponere
1922 2980 2013 3012 reliqui
2033 2980 2115 3010 codd.,
2131 2980 2193 3004 dum
2207 2979 2271 3004 infra
2284 2979 2379 3011 legunt,
2393 2978 2459 3003 sicut
2477 2978 2515 3003 di-

1454 3016 1545 3046 ximus,
1567 3017 1641 3048 Ergo
1660 3016 1827 3047 relinquitur.
1842 3015 1893 3039 Sed
1907 3020 1932 3039 et
1945 3015 2001 3047 ipsa
2015 3014 2208 3046 argumentatio,
2228 3022 2306 3046 quarn
2319 3014 2458 3046 Angelicus
2473 3021 2515 3038 ex-

1454 3051 1540 3084 ponit,
1560 3051 1697 3075 lectionem
1716 3059 1730 3075 a
1750 3051 1824 3075 nobis
1844 3051 1990 3082 adoptatam
2009 3050 2123 3082 requirit.
2142 3050 2208 3074 Nam
2226 3049 2324 3082 primo,
2344 3056 2374 3073 ex
2392 3057 2424 3073 eo
2443 3049 2514 3081 quod

1454 3087 1521 3111 ordo
1536 3086 1695 3119 cognitionis
1709 3086 1936 3118 proportionatur
1954 3085 2044 3110 ordini
2059 3085 2218 3114 mediorum,
2233 3084 2351 3109 statuitur
2370 3084 2440 3116 quod
2455 3089 2516 3108 sunt

1455 3121 1594 3154 aequaliter
1613 3126 1689 3145 notae
1713 3121 1771 3145 illae
1790 3121 1855 3145 duae
1880 3121 2083 3152 propositiones,
2103 3127 2209 3152 nempe,
2228 3126 2305 3144 omne
2324 3119 2351 3143 D
2369 3122 2408 3143 est
2426 3120 2450 3143 A
2469 3117 2516 3152 (in

1454 3157 1537 3189 prima
1556 3155 1802 3190 demonstratione),
1816 3161 1849 3186 et,
1863 3163 1940 3180 omne
1954 3156 1980 3180 E
1991 3158 2030 3180 est
2042 3156 2065 3179 A
2081 3154 2124 3188 (in
2139 3155 2252 3179 secunda
2265 3153 2514 3188 demonstratione);

1455 3191 1515 3223 quia
1543 3196 1568 3216 et
1595 3191 1620 3215 in
1648 3191 1731 3223 prima
1758 3196 1783 3215 et
1806 3191 1832 3215 in
1855 3191 1934 3215 altera
1965 3190 2184 3215 demonstratione
2213 3194 2274 3214 sunt
2296 3189 2437 3221 aequaliter
2463 3189 2515 3213 duo

1455 3226 1542 3251 media
1561 3231 1680 3258 respectu
1704 3225 1839 3258 utriusque
1862 3225 2052 3258 propositionis.
2071 3225 2128 3249 Hoc
2150 3225 2251 3257 posito,
2271 3224 2444 3249 subsumitur:
2464 3224 2515 3248 Sed

1454 3261 1480 3285 in
1505 3261 1587 3293 prima
1612 3261 1830 3285 demonstratione
1848 3261 1912 3285 istae
1930 3261 1997 3285 duae
2019 3260 2224 3292 propositiones,
2243 3266 2319 3284 omne
2342 3259 2370 3283 D
2391 3262 2430 3283 est
2447 3260 2471 3283 A
2490 3264 2517 3284 et

1454 3303 1531 3321 omne
1556 3296 1582 3320 E
1604 3298 1643 3320 est
1666 3296 1707 3325 A,
1730 3295 1763 3320 ita
1788 3303 1817 3319 se
1840 3294 1947 3325 habent,
1966 3300 1995 3320 ut
2013 3296 2094 3327 prima
2118 3295 2151 3319 sit
2174 3294 2258 3319 notior
2282 3302 2360 3326 quam
2384 3294 2514 3325 secunda;

1455 3331 1526 3356 cuius
1546 3330 1609 3355 ratio
1629 3335 1676 3361 est,
1695 3330 1758 3362 quia
1775 3330 1839 3355 haec
1862 3330 1979 3355 secunda
1997 3331 2196 3355 demonstratur
2214 3337 2251 3354 ex
2264 3329 2363 3361 priori.
2381 3329 2516 3354 Manifeste

1454 3366 1530 3398 igitur
1548 3365 1663 3398 sequitur
1683 3365 1828 3395 conclusio,
1852 3372 1958 3398 nempe:
1979 3366 2053 3399 Ergo
2072 3365 2231 3397 relinquitur
2248 3364 2319 3397 quod
2337 3364 2401 3389 haec
2414 3371 2515 3396 propo-

1453 3401 1515 3426 sitio
1530 3406 1578 3425 etc.

1507 3435 1533 3470 ζ)
1550 3435 1604 3460 Sed
1622 3435 1813 3460 demonstratio
1836 3435 1962 3468 negativa
1987 3435 2086 3460 dicitur
2100 3448 2120 3453 -
2136 3435 2181 3459 Pl:
2201 3434 2392 3459 demonstratio
2417 3433 2516 3459 dicitur

1455 3475 1502 3496 etc.
1527 3471 1608 3495 Codd.
1632 3470 1864 3500 BCEKLMOQST
1886 3475 1912 3494 et
1928 3478 1952 3502 p.
1972 3478 2007 3494 m.
2031 3470 2068 3494 D:
2082 3470 2232 3502 propositio
2260 3469 2385 3502 negativa
2409 3469 2515 3494 dicitur.

1455 3507 1513 3531 Non
1525 3505 1675 3538 propositio
1688 3510 1727 3530 est
1742 3505 1880 3536 legendum
1895 3505 1941 3529 sed
1956 3505 2162 3530 demonstratio:
2175 3509 2287 3529 attamen
2301 3512 2353 3529 non
2366 3504 2516 3537 simpliciter

1456 3541 1661 3570 demonstratio,
1682 3541 1728 3566 sed
1748 3540 1938 3566 demonstratio
1962 3540 2087 3573 negativa
2105 3545 2145 3565 est
2162 3547 2223 3565 vera
2242 3540 2331 3570 lectio,
2350 3544 2380 3564 ut
2397 3544 2468 3572 patet
2485 3547 2515 3564 ex

1455 3581 1582 3602 contextu.

2548 385 2557 393 '
2572 390 2623 406 Λετε
2634 385 2757 407 concludit.

2545 522 2555 551 ''-
2568 527 2740 544 Ammites-r:

2544 548 2578 567 tta
2588 555 2596 571 ,·
2611 554 2636 569 ει
2651 550 2743 574 autem,-

2545 579 2563 598 Q
2577 579 2624 595 om.

2544 601 2552 609 ⁸
2565 599 2634 626 Quod
2648 607 2675 622 ex
2688 601 2756 623 codd.

2546 757 2555 765 ·
2562 756 2650 778 Codd.·
2658 764 2678 779 p:
2687 758 2757 780 etiam

2546 783 2697 830 sstademonst.
2703 785 2757 812 pri-

2545 835 2556 846 ·
2571 842 2598 857 1-1:
2613 836 2638 857 in
2656 842 2702 858 sec.
2716 836 2756 858 de-

2545 863 2724 884 monstratione.

2545 967 2554 976 ''
2566 973 2650 988 usust:
2666 969 2703 988 est
2711 973 2757 994 po-

2546 993 2600 1040 ggr,
2617 997 2638 1015 et
2653 993 2694 1015 inf.
2709 999 2756 1015 om.

2544 1762 2554 1771 '
2567 1761 2666 1783 Aristot.
2685 1768 2733 1784 om.

2545 1787 2614 1808 codd.

2544 1814 2562 1823 ‘¹
2570 1820 2585 1834 1:
2590 1815 2757 1841 propositi0‚et

2544 1839 2575 1861 id.
2588 1846 2603 1861 κ
2613 1857 2618 1867 ,
2641 1845 2756 1868 expuncto

2544 1866 2720 1889 demonstratio.

2641 2072 2656 2100 ζ

2544 2184 2552 2191 ·
2559 2190 2627 2205 Ani-uo
2638 2188 2660 2206 et
2667 2191 2687 2206 s.
2695 2191 2726 2207 m.
2735 2193 2753 2208 s:

2540 2216 2601 2231 esse.

2574 2248 2588 2262 Η
2598 2249 2603 2263 :
2626 2242 2700 2263 solum
2725 2248 2755 2264 ex

2538 2274 2636 2302 propp.;
2643 2275 2651 2290 1
2658 2275 2706 2290 om.
2714 2275 2754 2291 so-

2550 2304 2580 2319 ιε-
