2548 4192
223 294 327 320 ccclv

832 531 1478 596 DISSERTATIO
1543 534 1806 596 XXIX.

221 692 461 731 Adversus
481 689 600 729 Petri
620 688 784 736 Zornii,
804 687 1166 738 Hamburgensis
1192 688 1478 737 heterodoxi,
1504 701 1791 740 programma
1814 691 1868 731 de
1894 691 2026 732 varia
2049 692 2200 733 sancti
2218 691 2423 734 Thomae

302 760 544 811 Aquinatis
568 760 751 800 fortuna
769 759 815 799 in
841 759 1014 799 scholis
1037 758 1390 807 Pontificiorum‚
1409 760 1679 810 praesertim
1699 760 1949 802 Gallorum:
1969 763 2147 813 aliaque
2167 767 2424 804 commenta

303 837 348 874 et
377 832 562 873 dicteria
589 831 751 872 Adami
779 829 1114 879 Tribbechovii‚
1147 831 1418 870 heterodoxi
1446 830 1807 873 Saxo-Gothani.

619 1207 829 1244 CAPUT
867 1207 895 1243 I.

221 1310 336 1336 Panium
355 1310 439 1336 studio
458 1311 483 1336 in
502 1318 551 1335 suo
569 1315 761 1344 programmate
780 1310 879 1335 laborat
896 1310 1015 1335 Zornius.
1039 1310 1112 1334 Bona
1131 1317 1161 1335 ac
1183 1309 1292 1343 propitia

291 1352 380 1371 sancto
399 1346 518 1371 Thomae
535 1346 665 1379 Aquinati,
685 1347 747 1371 dum
767 1345 876 1377 viveret,
896 1345 979 1370 arrisit
997 1353 1045 1378 pro
1064 1345 1162 1370 meritis
1181 1345 1291 1370 fortuna.

291 1382 397 1407 Sinistra
416 1383 486 1407 nulla
510 1390 603 1415 passus
628 1387 668 1407 est
686 1382 791 1406 Parisiis
813 1381 950 1406 occasione
974 1388 1099 1406 censurae
1127 1389 1142 1406 a
1160 1381 1292 1414 stephano

290 1417 415 1451 Tempier
432 1418 562 1451 Episcopo
581 1418 656 1443 latae.

470 1547 483 1557 ,
553 1518 609 1548 etri
624 1517 732 1548 Zornii
755 1516 1017 1556 Hamburgmsis,
1033 1516 1217 1551 heterodoxi
1234 1515 1291 1546 ho-

493 1563 497 1573 ‘
536 1562 658 1599 -minis,
669 1571 886 1603 programma
910 1561 1021 1591 incidit
1043 1560 1076 1591 in
1099 1571 1225 1597 manus,
1243 1560 1290 1590 in-

552 1607 706 1647 scriptum
728 1607 780 1636 De
803 1607 897 1637 varia
912 1605 1056 1646 fortuna
1080 1606 1186 1636 sancti
1209 1605 1290 1635 7720-

442 1729 449 1734 ,
469 1715 476 1721 .,
504 1715 507 1722 ι
549 1697 742 1736 praesertim
769 1695 957 1732 Gallorum,
983 1695 1072 1736 quod
1096 1694 1199 1734 prima
1221 1694 1289 1725 vice

444 1735 452 1743 .
474 1740 507 1789 ᾗ
533 1755 537 1762 1
553 1740 717 1771 Rostochii
728 1750 813 1770 anno
830 1740 911 1781 ¹706
923 1739 1046 1770 editum
1062 1746 1118 1776 est,
1130 1745 1200 1769 tum
1210 1738 1290 1770 inter

454 1801 458 1804 -
519 1770 540 1807 (ἲ
553 1785 695 1815 eiusdem
706 1784 866 1825 scriptoris
880 1783 1044 1825 Opuscula
1062 1793 1158 1815 sacra
1174 1783 1288 1814 tornol

216 1830 315 1862 semel
331 1837 362 1861 et
376 1829 491 1860 iterum
507 1839 655 1860 recusum
671 1829 863 1860 Altonoviae
879 1836 910 1859 et
920 1828 1082 1868 Flesburgi
1093 1838 1178 1858 anno
1195 1829 1288 1870 1743.

215 1876 266 1906 Ad
290 1875 429 1905 muneris
453 1874 516 1904 mei
546 1881 664 1914 partes,
690 1874 746 1915 qui
769 1873 1053 1904 Admonitionibus
1081 1873 1115 1903 in
1146 1872 1289 1903 eiusdem

215 1920 362 1950 Thomae
379 1919 485 1959 Opera
501 1929 536 1949 ac
552 1918 730 1949 doctrinam
749 1918 888 1949 Venetae
903 1917 1140 1948 Bettinellianae
1157 1917 1288 1948 editioni

215 1964 398 2001 inserendis,
410 1963 459 1993 vel
475 1963 561 1994 hisce
571 1963 850 1994 Dissertationibus
867 1962 1036 1993 seiunctim
1052 1961 1153 2000 editis,
1165 1962 1288 2003 quales-

213 2019 351 2049 cumque
384 2008 507 2038 labores
531 2008 679 2045 confero,
704 2007 842 2037 maxime
865 2014 1004 2047 spectare
1028 2006 1156 2045 censui,
1177 2013 1213 2037 ut
1235 2016 1288 2037 va·

215 2053 294 2084 riam
316 2053 396 2083 hanc
418 2053 566 2083 Doctoris
592 2051 735 2092 Angelici
758 2051 919 2084 fortunam
946 2052 985 2082 ab
1011 2051 1142 2082 homine
1165 2050 1288 2082 hetero-

214 2099 298 2128 doxo
315 2104 489 2128 enarratam
505 2097 685 2137 diligentius
698 2096 916 2136 expenderem.
934 2096 1010 2136 Legi
1020 2096 1179 2127 libellum:
1190 2106 1288 2136 quern

214 2143 238 2173 si
259 2142 366 2172 dixero
381 2141 569 2181 indigestam
586 2141 817 2182 confusamque
834 2140 1049 2181 scriptionem,
1067 2141 1136 2171 crisi
1153 2150 1288 2172 vacuam

213 2194 244 2218 et
258 2186 409 2227 ineptam,
426 2196 564 2226 suaeque
581 2193 682 2217 sectae
697 2185 896 2226 praeiudiciis
911 2185 1287 2226 plenam,lucidissimam

212 2231 374 2262 veritatem
402 2230 582 2271 proferam,
611 2230 830 2271 moderatique
854 2230 953 2260 animi
975 2229 1092 2261 limites
1122 2240 1162 2260 ne
1185 2230 1287 2261 latum

212 2276 342 2317 quidem
366 2285 508 2315 unguem
532 2275 691 2306 excedam.

281 2320 379 2357 Quod
403 2319 552 2360 equidem
577 2319 782 2350 notissimum
805 2326 842 2350 ut
864 2318 919 2349 fiat
942 2325 1220 2360 compertumque,
1239 2320 1285 2350 in-

214 2371 339 2404 tegrum
350 2374 566 2406 programma
585 2375 621 2395 ac
639 2364 778 2403 singulas
789 2370 892 2404 partes
903 2363 970 2394 eius
987 2364 1026 2393 ad
1043 2374 1186 2402 examen,
1197 2365 1287 2405 quod

213 2409 352 2450 partium
377 2409 482 2439 studio
507 2418 637 2449 prorsus
661 2409 824 2439 eliminato
843 2408 1079 2439 instituendum
1103 2415 1164 2446 est,
1189 2409 1285 2440 advo-

214 2463 282 2484 care
299 2453 406 2484 liceat:
431 2467 444 2481 a
456 2453 611 2490 Quamvis
633 2453 800 2493 scriptores
816 2451 922 2494 (initio
938 2453 1035 2483 libelli
1050 2453 1167 2495 inquit)
1185 2454 1284 2484 modo

215 2511 230 2526 ιι
254 2497 392 2534 adducti,
419 2497 611 2528 Guillelmus
633 2498 673 2528 de
701 2498 812 2535 Tocco,
831 2497 1024 2528 Bernardus
1042 2497 1209 2536 Guidonis,
1226 2499 1284 2529 Ni-

215 2555 230 2570 »
253 2542 364 2573 colaus
392 2543 539 2572 Trivetus
567 2540 667 2582 (quos
691 2547 811 2573 veteres
834 2542 1006 2573 dumtaxat
1029 2552 1101 2573 cum
1125 2543 1284 2583 aliquibus

215 2599 230 2615 »
253 2586 480 2617 recentioribus
504 2586 652 2628 laudat),
676 2586 715 2616 de
738 2586 868 2617 Thoma
901 2586 1002 2616 multa
1030 2587 1283 2625 observaverint;

215 2644 230 2659 »
252 2631 374 2671 primus
399 2637 505 2661 tamen
529 2631 672 2671 scriptor,
697 2630 752 2671 qui
776 2631 827 2661 hic
850 2637 1018 2671 utramque
1042 2631 1143 2661 facere
1167 2631 1284 2671 poterit

214 2688 230 2704 ›
252 2675 400 2716 paginam
424 2682 455 2706 et
478 2674 529 2705 cui
553 2685 619 2706 non
643 2685 744 2716 pauca
767 2685 826 2705 nos
846 2675 958 2705 debere
981 2675 1059 2714 grati
1083 2675 1281 2716 profitemur,

214 2732 228 2748 ιο
252 2727 298 2750 est
321 2720 431 2750 Petrus
455 2719 494 2750 de
517 2720 598 2750 Alva
621 2726 652 2750 et
674 2721 828 2760 Astorga,
853 2719 1073 2750 celeberrimus
1101 2729 1138 2750 ex
1161 2719 1282 2751 Ordine

213 2777 228 2792 ›
251 2765 415 2795 Minorum
439 2763 581 2804 scriptor.
596 2777 610 2791 »
638 2764 814 2805 Utramque
838 2773 912 2803 ergo
937 2763 1086 2803 paginam
1105 2774 1281 2805 program-

211 2811 306 2840 matis
335 2808 447 2839 efficiet
475 2809 584 2839 Petrus
616 2808 654 2839 de
678 2809 759 2839 Alva
789 2815 819 2839 et
842 2806 999 2848 Astorga?
1022 2808 1137 2839 Virum
1165 2818 1281 2849 nempe

209 2854 360 2893 intellige,
385 2853 440 2894 qui
465 2853 572 2884 medio
597 2853 723 2883 saeculo
743 2853 947 2893 praecedente
962 2852 1081 2893 elapso,
1102 2852 1209 2883 animo
1227 2863 1280 2893 pa-

208 2898 273 2928 lam
297 2898 421 2928 infenso
447 2897 479 2927 in
504 2897 708 2938 Aquinatem,
729 2897 860 2938 scripsit.
885 2896 1032 2937 Optimas
1052 2896 1174 2927 criticae
1197 2897 1280 2937 leges

208 2942 306 2973 violat
329 2942 475 2979 Zornius,
496 2952 577 2983 quae
596 2942 717 2979 iubent,
733 2941 930 2983 synchronos
947 2951 1163 2982 supparesque
1180 2941 1279 2980 factis,

209 2997 290 3028 quae
315 2993 493 3024 narrantur,
519 2986 732 3017 consulendos
756 2996 822 3017 esse
846 2986 1031 3026 scriptores:
1057 2996 1161 3026 neque
1183 2985 1279 3016 fidem

209 3032 258 3062 vel
282 3031 358 3071 ipsis
382 3031 601 3071 praestandam
626 3031 739 3062 clausis
763 3030 874 3067 oculis,
899 3041 965 3061 non
989 3036 1079 3060 antea
1099 3030 1278 3082 diligentius

209 3075 370 3126 perpensis
395 3085 507 3106 eorum
531 3075 725 3126 conditione,
742 3085 777 3106 ac
801 3075 921 3115 peritia,
941 3081 972 3105 et
994 3074 1111 3112 studio,
1131 3081 1163 3105 et
1181 3075 1278 3106 animi

209 3110 378 3150 affecnbus.
404 3120 470 3150 Has
495 3129 554 3159 ego
578 3119 661 3159 leges
685 3120 752 3150 iure
776 3119 971 3150 strictissimo
996 3119 1162 3149 servandas
1199 3119 1278 3151 mihi

208 3164 354 3204 impono,
376 3174 588 3204 programma
612 3164 719 3195 Zornii
743 3164 930 3204 expendenti
954 3170 985 3194 et
1008 3163 1171 3194 refellenti.

276 3209 393 3239 Iustam
425 3215 454 3238 et
485 3209 633 3246 obviam,
664 3219 746 3249 quae
777 3215 885 3239 contra
913 3209 1042 3238 Petrum
1072 3208 1110 3238 de
1134 3208 1214 3238 Alva
1247 3214 1279 3239 et

207 3255 362 3292 Astorga‚
387 3259 550 3293 tamquam
579 3253 694 3283 ducem
723 3254 980 3294 Programmatis
1003 3252 1181 3290 delectum,
1209 3251 1276 3283 fieri

208 3297 335 3338 querela
358 3304 492 3337 poterat,
511 3297 589 3327 vidit
612 3297 824 3328 heterodoxus
839 3304 964 3334 auctor,
980 3296 1116 3338 satisque
1133 3296 1276 3338 querenti

208 3342 323 3382 cuique
355 3341 454 3371 facere
483 3341 606 3372 studet:
634 3354 648 3369 ‹
668 3341 759 3372 Dicet
791 3341 903 3382 aliquis
928 3339 1105 3383 (inquiens)
1130 3351 1203 3372 curn
1228 3341 1274 3372 Io.

210 3399 224 3414 ν
247 3386 373 3416 Andrea
396 3385 558 3416 Schmidio
583 3386 615 3416 in
638 3387 864 3426 prolusionum
889 3387 1118 3417 Marianarum
1144 3386 1273 3426 prima,

209 3443 223 3457 ›
247 3430 352 3460 stud10
378 3430 515 3470 partium
538 3429 692 3461 infectum
717 3441 829 3471 parum
854 3430 956 3461 favere
980 3428 1128 3473 (Petrum
1151 3427 1273 3471 illum).

210 3487 224 3501 »
247 3474 292 3505 Sit
315 3474 356 3504 ita
381 3474 468 3512 licet;
493 3481 599 3505 tamen
623 3475 723 3506 multa
747 3475 902 3516 praeclara
926 3474 1112 3511 observavit,
1132 3474 1171 3504 ad
1194 3474 1274 3504 veri-

210 3530 223 3544 »
247 3518 316 3548 tatis
345 3518 467 3549 lancem
496 3519 666 3558 exigenda,
698 3519 764 3550 sine
789 3519 852 3550 ulla
876 3519 973 3559 gratia
1001 3519 1033 3549 in
1057 3519 1220 3550 Thomam
1245 3524 1275 3549 et

209 3573 223 3588 ›
247 3562 333 3592 odio.
348 3575 361 3589 w
389 3562 545 3602 Equidem
564 3573 625 3593 non
643 3574 761 3604 pauca,
779 3563 810 3594 in
827 3574 886 3594 suo
902 3570 1135 3603 programmate
1155 3562 1274 3594 trascri-

208 3612 272 3645 pta,
296 3615 330 3635 se
352 3606 465 3636 debere
488 3607 579 3637 Petro
605 3607 660 3644 illi,
683 3613 801 3648 gratus
820 3608 993 3649 profitetur
1015 3607 1160 3638 Zornius.
1186 3607 1273 3637 Num

208 3649 318 3679 eadem
342 3650 384 3679 ad
407 3651 550 3681 veritatis
573 3651 696 3681 lancem
717 3653 862 3692 exegerit
888 3661 964 3682 mox
987 3650 1152 3682 constabit.
1183 3650 1275 3681 Absit

1346 1215 1432 1244 sane,
1457 1212 1493 1236 ut
1515 1216 1572 1246 par
1591 1212 1647 1244 est,
1667 1206 1700 1236 in
1716 1206 1801 1237 varia
1815 1206 1963 1238 Thomae
1979 1207 2110 1239 fortuna
2125 1209 2309 1249 enarranda,
2324 1210 2424 1250 gratia

1347 1259 1493 1291 quaeque
1523 1260 1596 1290 erga
1624 1251 1750 1302 ipsum:
1783 1251 1864 1283 absit
1893 1259 1925 1283 et
1947 1252 2070 1283 odium.
2103 1255 2156 1284 An
2178 1263 2255 1284 vero
2282 1265 2423 1286 vacuum

1347 1293 1507 1325 affectibus
1530 1295 1659 1335 gesserit
1682 1295 1828 1326 animum
1851 1297 1985 1337 scriptor
2007 1297 2270 1338 Hamburgensis,
2290 1299 2346 1340 qui
2364 1299 2423 1330 Pe-

1346 1345 1432 1369 trum
1456 1339 1494 1369 de
1517 1339 1599 1370 Alva
1622 1340 1708 1380 legit,
1724 1341 1868 1372 lustravit
1893 1341 2104 1383 corrasitque;
2123 1342 2315 1382 scriptorum
2330 1353 2420 1382 vero,

1346 1383 1402 1423 qui
1421 1383 1620 1424 apologetica
1636 1384 1750 1425 scripta
1769 1385 1945 1424 ediderunt,
1961 1386 2108 1418 meminit
2127 1385 2295 1427 nuspiam?
2314 1387 2423 1428 Opera

1346 1434 1453 1458 tamen
1466 1438 1524 1468 pro
1535 1428 1695 1469 Aquinate
1711 1430 1906 1470 prostabant,
1926 1441 1944 1461 a
1963 1431 2131 1462 Francisco
2148 1431 2291 1463 Ianssens
2308 1433 2422 1473 Elinga

1346 1481 1431 1502 anno
1456 1472 1540 1512 1664
1563 1479 1594 1504 et
1622 1474 1702 1504 1665
1728 1474 1866 1514 vulgata,
1884 1485 1902 1506 a
1917 1475 2056 1506 Martino
2080 1476 2232 1517 Harneyo
2252 1483 2283 1508 et
2302 1477 2421 1508 Ioanne

1346 1515 1474 1546 Casalas
1493 1516 1612 1547 eodem
1636 1527 1722 1548 anno
1751 1519 1845 1558 1664,
1860 1530 1879 1550 a
1894 1519 2063 1551 Vincentio
2079 1520 2185 1551 Baron
2209 1530 2294 1551 anno
2324 1522 2420 1561 1666,

1345 1570 1364 1590 a
1387 1560 1563 1600 Seraphino
1586 1561 1771 1593 Piccinardo
1795 1573 1880 1594 anno
1915 1564 2016 1602 1683,
2040 1565 2079 1595 ab
2103 1564 2171 1596 aliis
2200 1565 2306 1597 etiam.
2339 1565 2421 1603 Quis

1345 1603 1439 1635 fuerit
1461 1605 1571 1636 Petrus
1595 1605 1635 1636 de
1657 1606 1754 1645 Alva,
1779 1607 1857 1648 quid
1879 1607 1914 1638 in
1936 1608 2044 1648 ipsum
2067 1609 2278 1649 praestiterint
2299 1610 2420 1641 laudati

1344 1649 1559 1690 apologistae,
1591 1649 1748 1681 iudicium
1776 1651 1854 1682 ferat
1883 1651 2059 1684 Casimirus
2091 1653 2262 1692 Oudinus,
2286 1654 2423 1686 minime

1344 1693 1443 1732 bono,
1468 1694 1523 1725 sed
1546 1694 1659 1736 iniquo
1684 1702 1886 1736 comparatus
1905 1696 2015 1727 animo
2038 1697 2072 1727 in
2095 1697 2300 1738 Aquinatem.
2325 1698 2423 1731 Plura

1344 1737 1438 1769 habet
1467 1738 1520 1769 ille
1551 1739 1585 1769 in
1615 1739 1841 1771 Dissertatione
1869 1740 1908 1771 de
1937 1741 2059 1782 scriptis
2083 1741 2226 1773 eiusdem
2249 1742 2420 1774 Doctoris:

1343 1792 1442 1813 unam
1464 1783 1515 1814 vel
1545 1783 1674 1815 alteram
1707 1784 2016 1816 animadversionem
2045 1786 2190 1818 subiicio.
2224 1787 2328 1818 Verba
2351 1787 2420 1819 eius

1344 1834 1418 1858 sunt
1441 1827 1542 1868 capite
1565 1836 1621 1859 xx:
1646 1829 1699 1860 Ita
1722 1829 1848 1870 quidem
1872 1830 1989 1861 Petrus
2006 1830 2047 1861 de
2063 1831 2147 1862 Alva
2163 1831 2208 1862 ad
2225 1832 2420 1863 aemulatio-

1344 1881 1415 1902 nem
1431 1878 1462 1903 et
1477 1872 1630 1903 invidiam
1640 1878 1752 1904 sancto
1767 1874 1907 1905 Thomae
1921 1875 2167 1906 conciliandam.
2184 1875 2226 1906 Et
2235 1876 2336 1916 capite
2345 1883 2418 1908 xxv:

1342 1916 1462 1948 Probat
1484 1917 1595 1948 thesim
1619 1927 1712 1949 suam
1737 1918 1959 1950 modicissimis
1977 1920 2181 1958 coniecturis,
2202 1920 2345 1952 litterato
2363 1921 2419 1952 ho-

1343 1962 1429 1992 mine
1459 1962 1636 2003 indignis.
1665 1962 1776 1993 Utitur
1801 1968 1976 2004 praeterea
2001 1965 2162 2005 negativis
2191 1966 2419 2009 argumentis,

1343 2006 1424 2037 nihil
1435 2008 1565 2037 omnino
1581 2007 1861 2039 concludentibus.
1877 2009 2014 2049 itemque
2028 2017 2104 2039 mss.
2115 2008 2276 2040 codicibus
2289 2019 2417 2051 anony-

1343 2051 1413 2088 mis,
1425 2060 1505 2091 quos
1514 2061 1625 2082 omnes
1633 2052 1812 2093 originalia
1829 2053 1968 2084 novitius
1983 2053 2126 2093 appellat
2143 2062 2279 2094 semper.
2297 2054 2420 2086 Vidisse

1342 2105 1393 2126 me
1407 2096 1566 2126 hominem
1583 2096 1690 2127 recolo
1708 2096 1784 2127 olim
1800 2096 1877 2127 dum
1893 2098 2002 2128 iunior
2022 2107 2134 2135 essem,
2147 2099 2268 2129 ,varias
2281 2108 2418 2139 percur-

1342 2145 1464 2171 rentem
1477 2141 1690 2178 bibliothecas,
1701 2141 1759 2172 sed
1756 2140 1992 2182 festinanter...
2005 2141 2098 2172 Unde
2107 2142 2188 2172 nihil
2197 2142 2276 2173 mihi
2285 2144 2417 2182 mirum,

1341 2184 1427 2226 quod
1449 2190 1514 2216 tam
1538 2185 1696 2216 modicam
1721 2195 1763 2216 ex
1781 2190 1827 2216 tot
1841 2186 1920 2217 locis
1938 2187 2089 2227 inspectis
2103 2186 2315 2218 eruditionem
2333 2187 2416 2219 hau-

1340 2230 1429 2260 serit.
1452 2229 1555 2260 Hunc
1577 2231 1682 2261 virum
1707 2231 1841 2272 egregie
1863 2230 2026 2262 dedolavit
2046 2231 2244 2262 Franciscus
2261 2231 2419 2264 Ianssens

1345 2273 1478 2305 Ordinis
1485 2274 1636 2315 fratrum
1652 2274 1953 2306 Praedicatorum...
1970 2275 2060 2306 Idem
2071 2277 2238 2318 praestitit
2251 2275 2306 2317 fr.
2321 2277 2415 2307 Mar-

1341 2319 1428 2349 tinus
1450 2318 1635 2360 Harnerus
1658 2329 1700 2350 ex
1723 2319 1831 2350 eodem
1859 2319 1992 2351 Ordine.
2025 2322 2070 2351 At
2091 2319 2225 2351 Oudino
2255 2319 2353 2352 fidem
2375 2330 2418 2352 ne

1340 2362 1499 2401 adhibeas,
1523 2373 1580 2404 per
1602 2373 1655 2394 me
1670 2363 1758 2395 licet:
1778 2363 1972 2395 lucidissime
1992 2374 2131 2406 namque
2150 2364 2270 2405 patebit
2287 2365 2414 2404 veritas,

1339 2407 1522 2448 purioribus
1546 2407 1728 2439 collustrata
1751 2408 1854 2439 radiis.

1406 2453 1444 2483 11.
1469 2452 1562 2493 Opus
1586 2452 1694 2493 ipsum
1717 2452 1898 2494 auspicatur
1919 2452 2056 2484 Zornius
2079 2463 2099 2484 a
2121 2453 2206 2484 bona
2227 2459 2259 2485 et
2276 2453 2416 2495 propitia

1338 2507 1420 2538 quae
1443 2497 1592 2528 Thomae
1620 2497 1737 2528 viventi
1766 2497 1868 2528 arrisit
1890 2497 2038 2528 fortuna:
2066 2510 2081 2526 α
2099 2498 2244 2532 Thomas
2268 2497 2414 2540 (inquit)

1341 2554 1355 2569 »
1378 2541 1486 2583 quoad
1510 2541 1600 2579 vixit,
1626 2548 1710 2573 extra
1734 2551 1866 2573 omnem
1890 2542 2096 2573 dubitationis
2118 2542 2231 2581 aleam,
2251 2542 2416 2583 puriorem

1340 2598 1354 2612 2
1377 2586 1416 2616 de
1440 2585 1534 2617 sacris
1553 2586 1646 2617 rebus
1670 2596 1801 2618 sensum
1823 2586 1951 2618 habuit:
1976 2587 2032 2617 sed
2055 2587 2142 2618 idem
2164 2593 2239 2627 post
2261 2593 2412 2626 mortem,

1340 2643 1354 2657 »
1377 2640 1459 2671 quae
1483 2630 1516 2660 in
1539 2641 1661 2661 annum
1691 2640 1774 2672 ¹274
1796 2630 1942 2662 incidisse
1966 2631 2090 2670 dicitur,
2114 2641 2191 2662 suos
2215 2641 2325 2662 manes
2357 2631 2411 2662 de-
2433 2636 2435 2638 '

1339 2686 1354 2701 »
1376 2684 1469 2705 mum
1493 2681 1523 2705 et
1538 2674 1662 2705 sinistra
1681 2685 1793 2715 passus
1810 2681 1856 2706 est
1874 2674 1947 2706 fata.
1961 2687 1976 2702 ν
1995 2675 2083 2706 Mors
2098 2675 2246 2706 Thomae
2262 2675 2414 2707 incidisse

1335 2718 1465 2756 dicitur,
1490 2718 1605 2760 inquit,
1625 2720 1658 2749 in
1677 2728 1800 2750 annum
1820 2724 1910 2758 1274.
1930 2713 2154 2750 Emortualem
2170 2719 2327 2770 epocham
2346 2729 2413 2750 cer-

1334 2762 1500 2800 tissimam,
1517 2773 1616 2804 quam
1635 2772 1731 2794 nemo
1748 2773 1832 2793 unus
1851 2763 1977 2794 vocavit
1991 2763 2026 2793 in
2040 2762 2187 2801 dubium,
2203 2762 2262 2793 sibi
2277 2763 2412 2796 minime

1335 2814 1532 2847 compertam
1555 2807 1652 2838 fuisse
1675 2806 1792 2838 indicat
1807 2807 1953 2838 Zornius.
1971 2807 2097 2839 Inscitia
2113 2814 2170 2845 est,
2181 2807 2272 2838 cuius
2291 2808 2412 2848 pudeat

1334 2851 1518 2889 hominem,
1543 2851 1598 2892 qui
1623 2851 1662 2882 de
1685 2851 1770 2881 varia
1792 2851 1960 2893 Aquinatis
1994 2851 2122 2883 fortuna
2150 2851 2300 2892 singulari
2333 2861 2410 2893 pro-

1333 2902 1507 2935 grammate
1532 2895 1612 2947 agit.
1646 2895 1771 2926 Laudes
1803 2896 1941 2936 excipio,
1965 2896 2056 2937 queis
2083 2897 2222 2936 purior,
2247 2905 2347 2937 quem
2368 2896 2410 2928 de

1333 2939 1428 2971 rebus
1450 2941 1554 2971 sacris
1576 2939 1720 2970 Thomas
1735 2940 1855 2978 habuit,
1875 2950 1990 2971 sensus
2013 2940 2201 2971 celebratur:
2218 2947 2249 2971 at
2265 2940 2406 2972 hominis

1332 2983 1516 3015 heterodoxi
1540 2984 1746 3025 praeconium
1771 2994 1845 3015 cum
1869 2991 2054 3025 suspectum
2077 2995 2144 3016 esse
2170 2991 2276 3026 queat,
2289 2985 2406 3025 purio-

1332 3038 1399 3059 rem
1423 3038 1551 3060 sensum
1577 3029 1609 3059 in
1633 3029 1729 3060 rebus
1751 3030 1864 3066 sacris,
1886 3029 2039 3060 benevole
2057 3027 2169 3067 lector,
2186 3029 2325 3070 intellige
2344 3028 2404 3061 Ca-

1331 3072 1476 3112 tholicae,
1502 3073 1715 3113 Apostolicae,
1741 3073 1905 3105 Romanae
1924 3073 2082 3104 Ecclesiae
2097 3083 2223 3114 semper
2241 3078 2272 3104 et
2285 3073 2406 3115 ubique

1330 3117 1364 3148 in
1387 3117 1547 3158 Operibus
1571 3117 1638 3148 eius
1662 3117 1797 3148 omnino
1822 3127 2012 3148 consonum.

1397 3162 1488 3192 Hanc
1511 3171 1587 3192 vero
1615 3162 1718 3192 bonae
1741 3162 1889 3203 Thomae
1912 3162 2080 3203 Aquinatis
2108 3161 2253 3193 fortunae
2282 3168 2404 3203 partem

1329 3205 1401 3247 quis
1417 3215 1484 3237 non
1507 3205 1611 3237 videat
1633 3205 1771 3237 nimium
1794 3206 1899 3237 ieiune
1915 3216 1933 3236 a
1948 3206 2068 3237 Zornio
2092 3204 2290 3247 expositam?
2313 3207 2403 3238 Non-

1329 3249 1418 3281 nulla
1440 3250 1568 3291 profero
1597 3250 1768 3281 certissima
1797 3251 2009 3289 documenta,
2039 3260 2122 3292 quae
2151 3250 2311 3282 doctrinae
2334 3249 2404 3282 eius

1329 3294 1552 3335 praestantiam
1575 3301 1606 3325 et
1629 3294 1798 3335 puritatem
1822 3294 2024 3335 patefaciunt.
2049 3295 2140 3326 Hanc
2164 3301 2296 3326 noverat
2315 3294 2401 3326 Cen-

1328 3338 1471 3370 cellarius
1494 3338 1690 3377 Parisiensis,
1715 3339 1770 3380 qui
1794 3349 1879 3370 anno
1909 3340 1990 3370 1256
2014 3339 2160 3378 ineunte,
2183 3338 2402 3380 nequidquam

1329 3382 1467 3414 factiosis
1495 3383 1687 3424 quibusdam
1713 3383 1910 3415 Academicis
1938 3383 2207 3424 repugnantibus,
2239 3383 2400 3414 licentiam

1328 3427 1475 3458 Thomae
1498 3428 1713 3466 baccalaureo,
1738 3434 1774 3459 ut
1797 3428 1938 3466 aiebant,
1963 3427 2118 3459 concessit
2143 3426 2400 3458 Commentarios

1327 3471 1360 3502 in
1385 3472 1559 3503 Sententias
1583 3472 1665 3503 Petri
1689 3472 1861 3503 Lombardi
1885 3472 2016 3503 nomine
2033 3482 2104 3509 suo,
2121 3480 2244 3512 proque
2259 3470 2399 3509 magistri

1328 3526 1480 3554 munere,
1505 3526 1611 3547 coram
1636 3516 1805 3558 palamque
1828 3516 1970 3547 tradendi
1994 3516 2027 3547 in
2051 3514 2227 3557 Gymnasio
2251 3513 2398 3546 Saniaco-

1327 3561 1418 3592 baeo.
1443 3561 1512 3592 Hac
1531 3561 1570 3592 de
1586 3571 1619 3591 re
1637 3561 1749 3592 certior
1771 3560 1872 3592 factus
1895 3560 2072 3592 Alexander
2088 3559 2130 3590 tv
2145 3558 2298 3590 Summus
2314 3558 2398 3589 Pon-

1327 3604 1413 3642 tifex,
1437 3605 1553 3636 litteras
1576 3605 1616 3635 ad
1640 3605 1873 3636 Cancellarium
1896 3604 2019 3645 scripsit
2041 3603 2155 3634 eodem
2179 3612 2263 3633 anno
2283 3613 2303 3632 v
2326 3603 2400 3634 idus

1327 3649 1447 3687 martii,
1473 3649 1588 3690 quibus
1604 3649 1790 3680 delectabile
1813 3648 1871 3679 sibi
1895 3648 1991 3679 fuisse
2014 3647 2126 3678 auditu
2144 3653 2289 3678 testatur:
2313 3647 2401 3688 quod
