2788 4204
1088 290 1198 326 CAP.
1229 290 1353 336 XXII,
1384 289 1536 326 LECT.
1567 289 1712 325 XXXV

2418 288 2490 324 283

307 371 537 423 procedatur
564 371 602 407 in
630 368 850 407 huiusmodi
871 380 945 416 per
966 380 1006 404 se
1028 368 1372 417 praedicationibus
1426 368 1533 415 tur*;
1551 375 1587 404 et
1606 366 1659 403 sic
1679 379 1757 403 non
1778 366 1953 403 omnium
1975 367 2043 404 erit
2067 366 2351 412 demonstratio,
2365 377 2495 402 secun-

309 424 466 463 secundi
494 424 620 470 modi,
651 421 840 471 oportebit
868 421 973 470 quod
1001 421 1131 457 omnia
1158 421 1374 469 praedicata

168 492 183 509 κ
309 491 378 528 per
397 477 572 514 ordinem
593 482 747 524 accepta
776 474 887 511 insint
904 474 1029 523 primo
1051 474 1220 511 subiecto
1237 480 1262 521 κ,
1282 482 1374 522 puta

310 543 485 577 numer0‚
507 529 614 578 quasi
631 527 849 577 praedicata
869 527 916 564 de
937 539 1002 564 eo:
1019 527 1107 576 quia
1122 527 1152 564 si
1172 527 1295 576 impar
1303 539 1376 575 per

310 597 350 622 se
371 583 611 632 praedicatur
635 581 682 618 de
702 593 877 626 numer0‚
899 588 1049 629 oportet
1067 580 1172 629 quod
1192 580 1375 629 quidquid

306 649 379 687 per
395 648 436 673 se
453 635 693 684 praedicatur
712 634 760 670 de
784 633 931 682 impari,
954 634 1067 670 etiam
1081 646 1154 682 per
1171 645 1211 670 se
1229 633 1376 682 praedi-

313 697 419 727 cetur
447 689 493 725 de
522 699 696 724 numero.
722 687 771 723 Et
794 686 931 723 iterum
951 695 1102 735 oportet
1121 687 1225 735 quod
1245 699 1378 723 nume-

313 755 377 779 rus
406 741 584 778 omnibus
612 741 682 777 illis
710 740 815 786 insit3
846 740 935 789 quia
963 741 992 777 si
1016 753 1199 777 numerus
1227 740 1380 789 ponitur

313 795 352 832 in
381 794 602 832 definitione
631 793 798 842 imparis,
835 801 984 842 oportet
1012 794 1117 843 quod
1150 801 1314 842 ponatur
1342 793 1380 829 in

316 848 537 886 definitione
566 848 740 884 omnium
762 860 909 894 eorum,
931 859 1028 896 quae
1059 847 1290 884 definiuntur
1313 859 1381 894 per

72 917 85 928 υ
98 922 233 938 imum:
251 921 289 936 w
316 901 450 950 impar.
472 902 521 937 Et
539 901 590 937 ita
609 901 778 949 sequitur
795 902 816 922 *
841 901 946 949 quod
970 907 1104 937 mutuo
1126 900 1197 937 sibi
1216 899 1381 936 invicem

74 944 166 972 ‘'m''
316 955 439 991 insint.
461 955 564 1002 Ergo
590 962 700 991 erunt
720 954 979 991 convertibilia
999 961 1035 990 et
1054 966 1132 990 non
1156 966 1196 990 se
1216 953 1382 989 invicem

318 1008 552 1052 excedentia‚·
575 1007 629 1044 sic
649 1008 750 1044 enirn
769 1007 946 1056 propriae
965 1007 1162 1055 passiones
1183 1018 1222 1042 se
1242 1006 1385 1042 habent

76 1074 290 1101 nummisma.
318 1061 368 1098 ad
405 1073 474 1097 sua
506 1060 686 1097 subiecta.
724 1060 836 1097 Unde
875 1060 904 1097 si
942 1060 1055 1096 etiam
1083 1060 1103 1080 '⁸
1132 1059 1204 1095 sint
1240 1058 1385 1095 infinita

312 1125 387 1162 per
412 1126 452 1150 se
482 1113 699 1162 praedicata
732 1113 944 1150 secundum
972 1109 1075 1149 hunc‘
1103 1111 1277 1158 modum,
1307 1123 1385 1147 non

320 1167 389 1203 erit
416 1167 466 1204 ad
498 1166 750 1214 propositum,
785 1179 862 1215 quo
891 1165 1024 1214 aliquis
1056 1165 1215 1202 intendit
1241 1175 1386 1213 ponere

77 1230 88 1242 ·
106 1229 148 1252 Vel
164 1236 192 1252 ex
213 1228 292 1255 σωκ.»
319 1219 466 1256 infinita
483 1219 523 1255 in
541 1219 766 1268 praedicatis
786 1232 884 1266 esse,
904 1220 967 1256 vel
986 1220 1006 1239 '⁹
1025 1218 1064 1255 in
1083 1230 1236 1255 sursum
1263 1217 1326 1254 vel
1349 1216 1388 1252 in

76 1262 128 1280 ω’
137 1261 174 1278 “’“
321 1273 514 1310 deorsum.

403 1326 438 1362 8.
460 1325 610 1362 Deinde
631 1338 719 1362 cum
740 1325 844 1362 dicit:
864 1326 1000 1373 Neque
1014 1325 1125 1361 etiam
1145 1335 1390 1372 quaecunque

73 1387 258 1445 mnenon&
318 1384 518 1428 §sspt‘ete.,
537 1379 677 1427 probat
693 1379 714 1400 *
730 1378 971 1427 propositum
991 1378 1030 1415 in
1048 1377 1174 1426 primo
1195 1377 1314 1414 modo
1336 1376 1389 1413 di-

321 1485 361 1522 in
390 1497 436 1521 eo
465 1485 567 1533 quod
592 1485 683 1533 quid
713 1490 785 1530 est,
819 1485 916 1522 idest
943 1485 1051 1534 quasi
1078 1484 1202 1534 posita
1230 1484 1268 1520 in
1297 1483 1389 1520 defi-

322 1537 465 1575 nitione
493 1537 662 1584 subiecti,
691 1550 770 1582 non
797 1546 959 1587 possunt
995 1551 1078 1575 esse
1111 1537 1267 1583 infinita,
1303 1537 1391 1585 quia

147 1590 150 1595 '
177 1599 197 1627 λ
322 1603 402 1628 non
435 1590 668 1639 contingeret
706 1591 864 1628 definire
897 1590 929 1638 λ,
965 1598 1006 1628 ut
1040 1603 1154 1640 supra
1185 1591 1391 1640 probatum

81 1658 295 1693 ·u3‚pmoea.,
325 1652 381 1682 est
394 1645 427 1680 ¹.
449 1645 507 1680 Ex
521 1645 597 1681 hoc
616 1657 706 1692 ergo
737 1645 927 1682 concludit
959 1645 1065 1694 quod
1085 1645 1115 1681 si
1135 1645 1276 1692 omnia,
1293 1656 1391 1693 quae

81 1693 162 1717 Μ’*
195 1693 198 1696 ⁴
323 1697 592 1747 praedicantur
618 1698 657 1735 in
686 1698 1088 1745 demonstrationibus,
1112 1710 1186 1746 per
1211 1710 1251 1735 se
1282 1711 1390 1747 prae-

327 1750 514 1798 dicantur,
537 1758 572 1787 et
599 1750 638 1787 in
664 1751 890 1799 praedicatis
911 1763 985 1800 per
1010 1764 1050 1788 se
1077 1764 1156 1788 non
1178 1759 1233 1788 est
1259 1765 1392 1801 proce-

327 1805 416 1842 dere
445 1803 484 1840 in
517 1803 708 1841 infinitum
741 1804 779 1841 in
814 1817 983 1852 sursum,
1014 1818 1169 1842 necesse
1205 1813 1260 1842 est
1288 1809 1392 1855 quod

321 1857 543 1908 praedicata
569 1857 608 1894 in
638 1857 1024 1895 demonstrationibus
1048 1866 1145 1895 stent
1163 1858 1202 1896 in
1227 1873 1403 1898 sursum.-

0 1928 2 1930 ’
55 1954 58 1955 ⁷
83 1927 165 1949 *nn-r:
179 1926 300 1954 mutar.
326 1911 377 1949 Et
395 1924 440 1949 ex
458 1911 535 1947 hoc
554 1910 667 1948 etiam
687 1911 887 1960 sequitur*
903 1912 1008 1960 quod
1027 1919 1124 1949 stent
1138 1912 1176 1949 in
1198 1912 1390 1960 deorsum,

327 1964 416 2014 quia
445 1978 490 2002 ex
519 1976 746 2014 quacunque
774 1972 880 2013 parte
907 1973 1073 2014 ponatur
1099 1966 1301 2014 infinitum,
1325 1968 1393 2004 tol-

58 2013 64 2019 ’
85 2031 99 2044 ’·
111 2030 169 2054 ιοο.
179 2030 219 2054 eit.
324 2018 413 2056 litur
431 2018 586 2055 scientia
601 2024 638 2054 et
657 2017 840 2065 definitio,
861 2026 903 2055 ut
917 2031 962 2055 ex
983 2031 1097 2068 supra
1113 2019 1132 2040 *
1153 2020 1259 2057 dictis
1278 2029 1390 2070 patet.

382 2083 418 2120 9.
440 2071 589 2108 Deinde
610 2083 698 2107 cum
719 2071 823 2108 dicit:
852 2072 895 2108 Si
911 2078 1036 2109 autem
1055 2073 1109 2109 sic
1127 2079 1181 2110 est
1200 2081 1281 2121 etc.,
1304 2087 1393 2111 con-

329 2125 445 2162 cludit
472 2137 518 2162 ex
535 2124 754 2174 praemissis
773 2125 879 2174 quod
907 2125 937 2162 si
966 2133 1022 2162 est
1040 2133 1156 2163 status
1184 2127 1222 2164 in
1242 2140 1394 2165 sursum

87 2195 134 2218 u:
148 2195 271 2223 mec-ant.
331 2185 367 2216 et
385 2179 579 2224 deorsum,
601 2178 706 2227 quod
725 2178 852 2217 media
871 2191 950 2215 non
974 2179 1154 2227 contingit
1169 2181 1189 2202 ²¹³
1210 2193 1291 2218 esse
1311 2182 1395 2219 infi-

88 2239 248 2275 ·1.e‘a.mu‚
256 2252 302 2274 m,
329 2231 418 2270 nita.
432 2231 580 2280 Supra*
595 2231 698 2268 enim
717 2231 881 2269 ostendit
895 2232 999 2280 quod
1015 2233 1190 2270 extremis
1211 2234 1395 2272 existenti-

89 2279 157 2303 Ἥ·
330 2286 403 2323 bus
423 2284 692 2331 determinatis,
713 2285 840 2322 media
859 2298 938 2322 non
955 2295 1116 2335 possunt
1135 2299 1217 2324 esse
1237 2288 1394 2326 infinita.

391 2350 449 2376 10.
470 2338 619 2375 Deinde
641 2350 728 2375 cum
750 2338 854 2375 dicit:
875 2339 918 2375 Si
932 2351 1023 2376 vero
1042 2341 1114 2377 hoc
1132 2347 1187 2377 est
1203 2349 1285 2388 ete.,
1308 2354 1396 2379 con-

91 2409 306 2439 amen-naama.
333 2392 447 2430 cludit
481 2402 484 2406 ’
514 2392 669 2429 ulterius
698 2392 803 2440 quod
831 2392 869 2429 in
899 2392 1285 2432 demonstrationibus
1318 2408 1397 2432 non

91 2440 304 2490 wantum„
331 2445 550 2497 proceditur
564 2445 585 2466 *
604 2446 643 2482 in
670 2445 879 2483 infinitum:
906 2454 941 2483 et
970 2447 1057 2484 dicit
1076 2448 1180 2496 quod
1200 2448 1230 2485 si
1248 2449 1396 2497 praedi—

84 2490 310 2540 W‘l‘x'zoaass
333 2508 393 2538 cta
420 2507 508 2537 sunt
533 2511 646 2546 vera,
676 2512 832 2536 necesse
868 2507 923 2536 est
951 2513 1033 2537 esse
1066 2501 1191 2550 aliqua
1226 2502 1351 2551 prima
1377 2503 1398 2523 ’²

331 2554 516 2604 principia
531 2553 911 2601 demonstrationum,
928 2566 1026 2603 quae
1040 2567 1119 2592 non
1135 2555 1396 2592 demonstran-

387 2727 412 2761 κ)
431 2728 484 2752 Per
503 2727 624 2752 ordinem
646 2731 755 2760 accepta
780 2727 863 2753 insint
881 2733 929 2754 etc.
943 2742 962 2748 ·-
975 2730 1039 2755 Cod.
1053 2730 1078 2755 1:
1098 2737 1151 2763 per
1169 2737 1197 2756 se
1219 2734 1343 2763 acceptas
1361 2731 1397 2755 A:

327 2763 420 2797 primo
437 2763 553 2788 subiecto
572 2762 668 2793 insint,·
687 2763 726 2787 O:
747 2763 829 2789 insint
841 2765 934 2796 primo
951 2765 1142 2791 subiectis.-A
1161 2767 1218 2791 loco
1232 2766 1308 2799 quasi
1316 2773 1398 2798 prae-

333 2798 435 2827 dicata,
455 2798 544 2828 habet,
564 2798 636 2830 quod
648 2798 827 2830 praedicatur
832 2806 842 2828 ,·
860 2799 897 2824 0:
917 2800 985 2825 idest
998 2801 1172 2833 praedicata;
1191 2802 1200 2826 1
1219 2810 1273 2826 om.
1286 2802 1399 2834 quasioe

332 2834 402 2858 IOS:
421 2834 483 2866 quia
501 2834 600 2859 scilicet
617 2834 642 2859 si
659 2834 762 2866 impar,-
780 2834 806 2859 in
819 2835 841 2859 D
861 2835 927 2860 inter
943 2836 1006 2869 quia
1018 2841 1044 2861 et
1056 2836 1080 2861 si
1093 2837 1246 2870 expungitur
1257 2837 1315 2867 hiis,
1327 2837 1398 2870 quod

332 2869 434 2894 videtur
451 2876 510 2894 esse
528 2869 659 2902 corruptio
677 2871 725 2895 τοῦ
737 2870 850 2899 scilicet5
862 2871 936 2896 INO:
952 2871 1040 2903 impar
1049 2872 1227 2904 praedicatur
1241 2873 1274 2897 de
1287 2880 1398 2897 numero

328 2911 382 2936 per
398 2911 440 2934 se,·
453 2904 500 2928 LT
514 2912 567 2929 om.
577 2912 630 2936 per
647 2912 690 2934 se;
709 2904 733 2929 1:
752 2906 815 2937 quia
834 2906 929 2931 iterum
945 2910 1050 2939 oportet
1063 2908 1136 2940 quod
1153 2908 1283 2940 quidquid
1288 2915 1298 2937 ,·
1316 2908 1398 2932 Codd.

334 2939 402 2972 (exc.
416 2935 473 2974 0):
493 2940 622 2972 quidquid
634 2947 688 2972 per
705 2948 733 2966 se
747 2941 938 2972 praedicatur:
958 2950 1036 2974 quam
1056 2943 1193 2967 lectionem
1209 2944 1398 2976 adoptavimus.

333 2974 354 2999 P
369 2982 422 2999 om.
432 2981 484 3006 per
497 2975 592 2999 se.-G
611 2980 638 2999 et
651 2975 677 3005 Q
689 2976 831 3008 peculiares
850 2975 946 3001 habent
965 2977 1088 3002 lectiones
1107 2986 1160 3002 non
1179 2979 1345 3011 adoptandas.
1361 2979 1398 3003 G:

333 3009 411 3042 quas-i
423 3009 584 3041 praedicata
602 3010 636 3035 de
653 3017 699 3035 eo:
712 3018 768 3043 par
786 3011 885 3036 scilicet
903 3015 930 3037 et
948 3012 1036 3044 impar
1048 3020 1101 3045 per
1119 3021 1147 3038 se
1156 3014 1352 3045 praedicantur
1366 3014 1399 3039 de

334 3051 454 3070 numero.
474 3045 510 3069 Et
527 3045 624 3070 iterum
645 3049 749 3078 oportet
767 3047 838 3079 quod
856 3054 1027 3079 quaecunque
1039 3055 1093 3080 per
1110 3056 1138 3074 se
1151 3050 1349 3080 praedicantur
1367 3050 1400 3074 de

334 3080 440 3112 impari,
455 3080 535 3104 etiam
555 3080 588 3105 de
605 3087 633 3106 se
646 3081 840 3113 praedicentur
859 3082 891 3107 de
910 3090 1028 3108 numero.
1047 3084 1084 3108 Et
1098 3084 1194 3109 iterum
1213 3089 1319 3116 oportet
1338 3090 1385 3110 etc.
1391 3093 1398 3116 3

335 3114 373 3145 Q:
392 3118 502 3147 accepta
516 3114 580 3140 insit
587 3122 640 3147 per
653 3123 682 3141 se
696 3117 811 3141 secundo
825 3117 912 3146 modo,
926 3121 998 3150 puta
1012 3119 1114 3144 medio.-
1127 3119 1200 3152 quod
1213 3120 1286 3145 dicat
1300 3121 1362 3153 quia
1376 3120 1401 3145 si

335 3151 423 3183 impar
436 3150 615 3182 praedicatur
632 3151 666 3176 de
683 3159 802 3180 numero,
821 3155 926 3184 oportet
944 3157 993 3178 etc.

387 3184 416 3218 λ)
430 3186 491 3210 Non
506 3186 672 3219 contingeret
686 3187 833 3219 definire.-
842 3188 874 3211 P:
889 3194 941 3212 non
953 3189 1087 3222 contingit
1100 3189 1205 3223 infinita
1217 3190 1335 3224 desinire.
1348 3191 1399 3215 Sed

335 3221 409 3246 codd.
424 3228 518 3246 omnes
535 3221 658 3246 omittunt
676 3222 795 3254 infinita,
815 3227 841 3247 et
859 3220 924 3255 (exc.
936 3223 992 3256 DE)
1013 3225 1102 3257 legunt
1119 3226 1298 3258 contingeret;
1315 3231 1399 3251 textus

334 3256 421 3286 An'st„
441 3252 500 3280 οὗδὲ
515 3253 564 3290 γὰρ
580 3252 610 3281 ἂν
628 3254 666 3288 ε’ίη
682 3254 825 3290 ὁρίσασθαι.
844 3258 926 3283 Codd.
941 3259 1016 3284 lectio
1031 3265 1071 3284 est
1083 3260 1258 3293 praeferenda,
1274 3266 1329 3285 tum
1340 3261 1400 3294 quia

335 3291 476 3316 conformis
495 3291 582 3322 textui,
600 3296 656 3316 tum
675 3292 736 3324 quia
754 3300 848 3317 sensus
867 3300 925 3318 eam
944 3294 1063 3327 requirit:
1083 3303 1143 3319 nam
1162 3296 1253 3320 dicitur
1271 3297 1342 3328 quod
1361 3304 1399 3327 ea,

335 3335 403 3359 quae
421 3327 598 3359 praedicantur
611 3334 664 3359 per
681 3334 710 3352 se
727 3328 812 3360 primo
829 3328 916 3359 modo,
931 3336 984 3353 non
1002 3335 1114 3362 possunt
1132 3338 1192 3355 esse
1210 3330 1320 3361 infinita,
1340 3331 1401 3364 quia

323 1431 432 1469 cendi
445 1443 519 1480 per
544 1443 600 1468 se:
621 1438 656 1467 et
685 1431 772 1468 dicit
791 1432 896 1480 quod
915 1432 986 1478 illa,
1008 1444 1104 1480 quae
1124 1430 1395 1479 praedicantur

1429 421 1521 458 dum
1550 420 1654 468 quod
1684 420 1838 469 quidam
1870 420 2008 466 dicunt,
2035 428 2077 457 ut
2105 421 2142 456 in
2171 419 2354 469 principio
2383 418 2495 454 huius

1429 474 1512 510 libri
1532 474 1675 510 dictum
1697 481 1751 510 est
1767 473 1798 509 ³¹².
1820 474 1868 510 Et
1888 474 1992 522 quod
2020 475 2095 510 hoc
2123 481 2302 522 sequatur
2320 471 2494 531 ostendii.

1429 527 1559 564 Posito
1576 527 1678 563 enim
1698 526 1803 575 quod
1823 526 1895 563 sint
1915 527 2040 576 aliqua
2054 527 2238 576 principia
2262 526 2496 563 demonstra-

1430 581 1590 626 tionum,
1611 593 1766 616 necesse
1791 587 1846 616 est
1866 582 1884 599 ⁴*
1906 581 2010 629 quod
2030 581 2090 617 illa
2118 581 2190 617 sint
2222 580 2497 616 indemonstra-

1431 634 1539 679 bilia;
1561 634 1649 682 quia
1678 646 1766 670 eum
1795 634 1921 670 omnis
1950 634 2222 671 demonstratio
2252 634 2298 670 sit
2326 645 2371 669 ex
2397 633 2497 681 prio-

1433 688 1548 734 ribus,
1569 694 1611 723 ut
1630 699 1745 736 supra
1759 687 1779 707 ³¹²
1798 687 1970 724 habitum
1991 695 2056 734 est,
2079 687 2108 723 si
2127 687 2312 736 principia
2340 687 2499 723 demon-

1434 749 1638 778 strarentur
1660 747 1690 787 μ,
1721 748 1941 788 sequeretur
1969 741 2073 789 quod
2103 741 2242 790 aliquid
2272 747 2369 777 esset
2395 740 2499 789 prius

1433 794 1625 843 principiis
1642 795 1680 834 ²²:
1703 793 1807 842 quod
1828 801 1883 830 est
1903 802 2033 830 contra
2053 794 2238 831 rationem
2257 794 2429 843 principii
2443 794 2497 829 **.
2527 801 2536 811 ’

1435 849 1484 884 Et
1511 847 1572 893 ita,
1589 847 1619 883 si
1639 859 1718 883 non
1743 854 1830 883 sunt
1862 847 1992 883 omnia
2017 847 2336 894 demonstrabilia,
2367 859 2500 896 seque-

1435 909 1496 937 tur
1513 901 1534 921 *
1561 900 1666 948 quod
1686 912 1764 936 non
1782 900 1992 948 procedant
2018 900 2359 938 demonstrationes
2380 900 2418 937 in
2446 900 2501 936 in-

1436 954 1598 990 finitum.
1630 953 1772 989 Omnia
1800 960 1927 989 autem
1955 954 2147 1001 praedicta
2172 956 2191 976 ‘¹‘
2220 961 2503 1003 consequuntur

1439 1019 1484 1043 ex
1511 1007 1586 1043 hoc
1606 1006 1710 1054 quod
1740 1012 1936 1042 ostensum
1958 1015 2023 1053 est,
2050 1007 2154 1055 quod
2180 1020 2258 1044 non
2285 1007 2503 1057 proceditur

1438 1060 1477 1096 in
1504 1059 1695 1096 infinitum
1715 1059 1752 1095 in
1773 1059 1924 1096 mediis:
1947 1060 2035 1107 quia
2054 1061 2143 1097 nihil
2165 1069 2219 1097 est
2238 1061 2338 1099 aliud
2357 1074 2502 1111 ponere

1439 1125 1576 1149 verum
1615 1125 1696 1148 esse
1735 1112 1992 1162 quodcunque
2030 1114 2331 1162 praedictorum,
2366 1115 2504 1152 scilicet

1439 1166 1502 1202 vel
1523 1165 1628 1214 quod
1649 1165 1990 1203 demonstrationes
2009 1168 2217 1215 procedant
2236 1168 2274 1204 in
2301 1169 2503 1214 infinitum,

1440 1219 1502 1255 vel
1537 1218 1642 1267 quod
1680 1219 1810 1255 omnia
1847 1220 1919 1256 sint
1956 1220 2282 1268 demonstrabilia,
2311 1223 2372 1258 vel
2401 1221 2505 1270 quod

1442 1273 1544 1309 nulla
1568 1272 1641 1309 sint
1669 1272 2037 1310 demonstrationum
2065 1274 2263 1323 principia,
2294 1288 2409 1324 quam
2437 1287 2505 1323 po-

1443 1338 1533 1362 nere
1554 1332 1566 1346 *
1594 1326 1739 1362 nullum
1760 1326 1923 1375 spatium
1946 1339 2027 1363 esse
2056 1327 2321 1365 immediatum
2351 1335 2387 1364 et
2413 1328 2506 1365 indi-

1442 1379 1608 1426 visibile;
1629 1379 1725 1416 idest
1742 1392 1886 1429 ponere
1916 1380 2013 1417 duos
2042 1381 2225 1418 terminos
2245 1382 2314 1418 sibi
2342 1382 2507 1418 invicem

1444 1445 1522 1469 non
1543 1433 1747 1470 cohaerere
1776 1433 1814 1470 in
1843 1434 1967 1482 aliqua
1994 1435 2253 1483 propositione
2283 1436 2510 1472 affirmativa

1443 1488 1506 1524 vel
1535 1487 1729 1535 negativa,
1768 1487 1838 1523 nisi
1865 1499 1935 1535 per
1962 1488 2145 1525 medium.
2181 1489 2220 1525 Si
2250 1489 2351 1525 enim
2385 1489 2510 1539 aliqua

1444 1540 1655 1589 propositio
1685 1540 1731 1577 sit
1757 1540 1989 1587 immediata,
2016 1542 2184 1590 sequitur
2212 1542 2316 1591 quod
2345 1542 2391 1579 sit
2408 1543 2428 1564 '¹‘
2455 1544 2509 1580 in-

1447 1593 1768 1639 demonstrabilis;
1809 1593 1897 1642 quia
1927 1607 2014 1631 cum
2044 1596 2184 1644 aliquid
2213 1596 2509 1644 demonstratur,

1447 1655 1598 1696 oportet
1616 1660 1767 1685 sumere
1786 1647 1992 1684 terminum
2017 1649 2257 1696 immittendo,
2278 1650 2385 1696 idest,
2406 1651 2510 1700 quod

1447 1701 1492 1738 sit
1511 1701 1637 1738 infra*
1656 1701 1917 1750 praedicatum
1943 1709 1978 1738 et
1993 1702 2225 1749 subiectum;
2251 1703 2297 1741 de
2319 1716 2396 1752 quo
2416 1705 2509 1741 scili-

1448 1762 1506 1791 cet
1532 1767 1602 1803 per
1627 1754 1733 1804 prius
1760 1754 1998 1803 praedicetur
2025 1756 2284 1803 praedicatum
2312 1770 2429 1805 quam
2463 1759 2517 1795 de-

1447 1808 1635 1854 subiecto,
1655 1809 1718 1844 vel
1747 1821 1768 1844 a
1797 1821 1873 1856 quo
1902 1809 2006 1857 prius
2039 1818 2293 1847 removeatur.
2326 1812 2416 1848 Non
2445 1825 2509 1848 au-

1446 1869 1524 1898 tem
1544 1862 1581 1898 in
1602 1861 1987 1899 demonstrationibus
2016 1863 2195 1912 accipitur
2214 1864 2234 1885 '¹‘
2261 1864 2432 1902 medium
2452 1878 2510 1902 as-

1445 1915 1626 1951 sumendo
1657 1915 1885 1952 extrinsecus
1905 1916 1942 1951 ²¹⁸:
1972 1916 2047 1953 hoc
2064 1917 2165 1953 enim
2187 1925 2284 1954 esset
2316 1930 2509 1956 assumere

1446 1974 1669 2006 extraneum
1685 1969 1860 2015 medium,
1882 1976 1918 2005 et
1936 1981 2014 2006 non
2027 1972 2240 2019 proprium,
2261 1971 2365 2020 quod
2381 1973 2400 1993 ’¹‘
2422 1985 2510 2009 con-

1447 2022 1552 2069 tingit
1571 2022 1609 2058 in
1623 2022 1643 2043 *
1661 2021 1827 2069 litigiosis
1857 2029 1893 2058 et
1917 2021 2117 2060 dialecticis
2146 2025 2369 2072 syllogismis
2385 2027 2439 2063 ³⁵²⁸.
2472 2026 2510 2062 Si

1449 2087 1538 2123 ergo
1569 2075 1912 2112 demonstrationes
1933 2076 2143 2125 contingit*
2158 2078 2197 2116 in
2215 2078 2405 2115 infinitum
2423 2092 2510 2128 pro—

1450 2129 1602 2175 cedere,
1633 2129 1836 2178 sequitur*
1856 2129 1961 2178 quod
1990 2130 2062 2167 sint
2090 2131 2217 2168 media
2244 2132 2389 2169 infinita
2417 2133 2512 2170 inter

1450 2183 1547 2220 duos
1566 2182 1748 2219 terminos
1763 2184 1792 2220 *.
1816 2183 1893 2220 Sed
1920 2184 1995 2219 hoc
2020 2191 2076 2220 est
2093 2184 2338 2233 impossibile,
2355 2186 2385 2222 si
2403 2199 2511 2235 prae-

1451 2236 1656 2273 dicationes
1685 2235 1852 2272 steterint
1878 2236 1916 2273 in
1945 2249 2096 2273 sursum
2122 2245 2157 2274 et
2177 2238 2368 2285 deorsum,
2389 2247 2431 2276 ut
2451 2253 2511 2276 su-

1449 2302 1518 2338 pra
1529 2290 1549 2311 *
1563 2290 1768 2338 probatum
1785 2297 1849 2326 est.
1868 2291 1916 2326 Et
1931 2290 2035 2338 quod
2050 2298 2147 2327 stent
2160 2293 2459 2340 praedicationes
2474 2293 2512 2329 in

1451 2355 1602 2379 sursum
1632 2350 1668 2378 et
1688 2343 1879 2387 deorsum,
1895 2343 1999 2392 prius
2028 2345 2264 2382 ostendimus
2292 2346 2423 2394 logice,
2445 2347 2514 2383 et*

1449 2403 1583 2445 postea
1603 2396 1798 2444 analytice,
1818 2404 1859 2433 ut
1879 2396 2092 2445 expositum
2114 2406 2179 2435 est.
2201 2400 2274 2435 Per
2287 2400 2386 2436 hanc
2405 2399 2514 2447 igitur

1452 2449 1737 2486 conclusionem
1770 2450 1904 2486 ultimo
1934 2450 2127 2488 inductam
2156 2452 2369 2489 manifestat
2395 2453 2514 2489 inten-

1451 2503 1595 2540 tionem
1623 2503 1737 2539 totius
1764 2503 1926 2552 capituli,
1948 2511 1984 2540 et
2003 2516 2120 2552 quare
2141 2506 2330 2554 quaelibet
2343 2503 2357 2529 ξ
2375 2519 2514 2555 propo-

1449 2556 1533 2593 sitio
1562 2556 1608 2593 sit
1634 2556 1798 2593 inducta.

1453 2731 1517 2756 Cod.
1532 2732 1554 2756 D
1569 2731 1647 2757 habet
1665 2733 1812 2766 contingit;
1826 2733 1862 2758 E:
1880 2734 2076 2767 contingunt.—
2088 2733 2154 2758 Infra
2167 2734 2224 2758 cod.
2239 2733 2278 2758 O:
2299 2734 2334 2758 Et
2347 2741 2384 2758 ex
2397 2734 2446 2759 hoc
2454 2742 2516 2759 con-

1452 2766 1544 2792 cludit.
1559 2782 1578 2786 —
1592 2768 1628 2792 A:
1648 2769 1718 2800 quod
1736 2769 1760 2794 si
1778 2769 1867 2794 omnia
1881 2770 2041 2801 praedicata
2061 2769 2086 2793 in
2107 2774 2154 2793 etc.
2170 2783 2188 2787 —-
2202 2769 2399 2794 Praedicantur
2422 2769 2518 2794 habent

1453 2803 1535 2827 semel
1555 2808 1581 2827 et
1598 2803 1638 2828 bis
1657 2804 1744 2834 codd„
1764 2805 1822 2829 loco
1842 2806 1888 2829 τοῦ
1902 2808 2042 2836 ponuntur
2061 2805 2088 2829 P.
2364 2820 2377 2831 ι.

1507 2838 1534 2871 μ)
1556 2839 1587 2863 Si
1600 2839 1736 2871 principia
1755 2840 2012 2866 demonstrarentur.
2027 2853 2047 2860 —-
2062 2840 2108 2864 Est
2126 2840 2202 2864 lectio
2221 2840 2303 2869 codd.y
2317 2847 2370 2864 exc.
2384 2840 2515 2871 ADHQT,

1453 2874 1498 2905 qui
1516 2873 1611 2899 habent
1629 2875 1853 2900 demonstrentur.
1868 2876 2004 2900 Praeterea
2018 2876 2092 2900 codd.
2108 2874 2172 2907 (exc.
2187 2876 2260 2908 HN):
2274 2878 2440 2907 sequeretur5
2455 2876 2516 2900 HN:

1452 2909 1580 2940 sequitur.
1601 2910 1635 2934 P:
1655 2911 1881 2940 demonstrantur,
1900 2914 2032 2943 sequetur.
2375 2919 2389 2936 ,-

1507 2945 1530 2977 ν)
1553 2945 1638 2975 Quam
1654 2953 1763 2977 ponere.
1779 2959 1798 2965 —-
1816 2947 1897 2971 Codd.
1916 2946 2209 2971 ACDEGIKLMORST
2227 2945 2320 2970 iterum
2340 2946 2428 2977 legunt
2450 2945 2516 2970 nihil

1453 2982 1493 3004 est
1510 2979 1598 3010 aliud,
1615 2986 1674 3005 ante
1693 2981 1772 3006 verba
1791 2989 1869 3013 quam
1884 2988 1994 3013 ponere.
2013 2981 2046 3005 Et
2063 2981 2128 3006 hanc
2147 2982 2283 3006 lectionem
2302 2980 2420 3005 exhibent
2438 2981 2515 3005 etiam

1453 3014 1516 3044 HQ:
1536 3023 1596 3040 nam
1615 3016 1651 3040 H:
1676 3017 1743 3041 nihil
1764 3017 1840 3041 aliud
1863 3020 1902 3041 est
1915 3024 2018 3048 ponere
2036 3024 2114 3048 quam
2129 3023 2244 3048 ponere,·
2264 3016 2301 3046 Q:
2316 3016 2459 3048 principia,
2475 3016 2516 3040 vel

1453 3050 1523 3074 enim
1547 3054 1587 3075 est
1611 3051 1687 3076 aliud
1706 3059 1808 3083 ponere
1832 3053 1941 3077 nullum.
1957 3065 1976 3069 —
1995 3052 2061 3076 Infm
2078 3059 2140 3076 vero
2159 3050 2181 3076 B
2200 3057 2224 3076 et
2243 3060 2264 3076 s.
2284 3059 2319 3075 m.
2337 3052 2360 3075 D
2379 3051 2515 3075 lectionem

1453 3085 1550 3110 habent
1568 3086 1697 3111 diversam
1716 3095 1730 3111 a
1749 3088 1857 3112 lectione
1875 3088 1896 3112 P
1917 3092 1942 3112 et
1960 3088 2069 3111 aliorum
2085 3087 2168 3111 codd.:
2181 3088 2215 3111 B:
2235 3087 2300 3111 duos
2320 3086 2447 3111 terminos
2465 3086 2516 3110 sibi

1454 3120 1564 3145 invicem
1579 3129 1631 3146 non
1642 3122 1783 3147 cohaerere
1787 3130 1796 3153 ;
1810 3122 1833 3147 D
1848 3131 1869 3146 s.
1884 3131 1933 3147 rn.:
1948 3123 2014 3147 duos
2027 3122 2153 3147 terminos
2167 3129 2219 3146 non
2234 3122 2285 3146 sibi
2298 3122 2407 3146 invicem
2421 3121 2515 3146 cohae-

1454 3162 1527 3185 rere;
1546 3157 1579 3180 P:
1598 3157 1650 3181 sibi
1668 3157 1778 3182 invicem
1801 3158 1950 3182 cohaerere.
1969 3158 2155 3189 Adoptavimus
2179 3158 2314 3181 lectionem
2333 3157 2390 3181 cod.
2403 3157 2436 3186 B,
2455 3157 2517 3188 quia

1455 3191 1586 3216 evidenter
1598 3193 1736 3224 requiritur
1749 3200 1764 3217 a
1782 3200 1862 3217 sensu
1881 3197 2022 3217 contextus.
2035 3207 2055 3211 -
2071 3193 2134 3217 Cod.
2148 3193 2170 3216 E
2183 3200 2237 3217 om.
2252 3200 2311 3216 cum
2326 3192 2345 3216 P
2364 3192 2515 3224 particulam

1454 3227 1599 3257 negativam
1618 3234 1685 3256 non,
1705 3232 1731 3252 at
1748 3228 1842 3252 omittit
1860 3229 1936 3252 etiam
1952 3225 1982 3252 τὸ
1998 3228 2050 3253 nisi
2062 3233 2120 3252 ante
2135 3235 2186 3259 per
2202 3228 2324 3256 medium,
2340 3232 2365 3251 et
2380 3227 2438 3251 ideo
2451 3227 2516 3252 redit

1454 3262 1540 3292 quoad
1559 3269 1667 3286 sensum
1685 3263 1718 3287 ad
1737 3263 1872 3288 lectionem
1892 3264 1948 3287 cod.
1962 3264 1982 3287 B
2001 3268 2026 3287 et
2045 3271 2067 3287 s.
2080 3271 2116 3288 m.
2129 3263 2161 3287 D.

1509 3295 1532 3329 ξ)
1555 3297 1691 3326 Quaelibet
1699 3298 1859 3329 propositio.
1869 3312 1888 3316 -
1897 3299 1941 3322 AB
1960 3306 2013 3322 om.
2023 3305 2113 3330 prop.;
2127 3298 2194 3322 HKS
2209 3302 2234 3322 et
2246 3306 2272 3329 p.
2283 3306 2317 3322 m.
2331 3298 2366 3322 D:
2385 3296 2516 3330 quaelibet

1449 3332 1589 3362 probatio;
1608 3340 1693 3357 aman.
1713 3333 1733 3356 C
1749 3334 1870 3364 expungit
1893 3333 2024 3362 inductio,
2044 3338 2070 3358 et
2088 3333 2170 3365 pergit
2183 3333 2346 3365 propositio;
2364 3333 2426 3357 item
2444 3332 2454 3356 1
2473 3339 2515 3356 ex—

335 3369 413 3387 seous
432 3362 565 3387 tolleretur
582 3362 689 3388 scientia
703 3367 728 3387 et
741 3363 867 3396 definitio,
882 3369 959 3396 prout
972 3364 1050 3389 etiam
1064 3365 1090 3390 in
1103 3364 1155 3390 fine
1169 3374 1241 3391 num.
1255 3366 1400 3391 habetur.-
1454 3368 1544 3400 pungit
1557 3367 1707 3399 propositio
1724 3375 1738 3392 s
1756 3373 1782 3392 et
1798 3369 1964 3401 prosequitur
1977 3368 2111 3400 probatio.
2121 3369 2183 3392 -B:
2202 3368 2256 3393 sint
2275 3368 2393 3393 inducta.
2432 3387 2437 3389 >

1080 3487 1773 3541 *mg—„—

2523 384 2531 392 ·
2549 382 2632 408 Codd.,
2644 389 2694 404 exc.
2705 390 2737 404 ΗΝ

2524 416 2556 434 Q:
2572 409 2736 431 demonstren-

2523 438 2577 461 tur,·
2591 442 2621 456 uu
2630 443 2635 456 π
2644 436 2738 457 demon-

2523 464 2668 484 strarentur.

2526 491 2532 497 ¹
2544 489 2607 509 Lect.
2618 495 2649 510 vu
2661 492 2682 510 et
2691 495 2738 510 viu.

2526 591 2534 597 '
2549 589 2624 611 Codd.
2637 601 2646 605 -
2657 596 2682 611 P:
2703 592 2740 611 est

2525 622 2621 637 necesse
2632 622 2686 637 esse
2699 616 2738 644 qd.

2525 700 2536 710 ⁸
2551 699 2614 720 Lect.
2625 705 2655 720 tv.

2624 736 2643 761 μ-

2527 805 2663 848 ”“ἐέ’ἷὲἓῐ.
2675 832 2696 847 v.

2530 912 2537 919 ⁶
2549 917 2611 931 amr
2620 913 2641 931 et
2649 916 2689 931 κς.
2698 915 2740 930 m.-

2528 944 2541 958 r·
2553 944 2558 958 :
2586 938 2724 964 sequeretur
2733 943 2743 962 ;

2529 970 2574 984 uo:
2589 963 2704 990 sequitur.

2529 991 2538 1002 “
2553 990 2681 1011 Codd.—p:
2698 995 2743 1010 au—

2530 1019 2574 1037 tem
2609 1015 2746 1037 huiusmodi

2526 1042 2613 1071 praed.

2538 1548 2624 1570 ·c0dd.
2632 1550 2688 1575 (exc.
2699 1550 2749 1574 aql:

2538 1575 2591 1596 erit.

2537 1712 2549 1723 ¹*
2563 1711 2627 1733 Intra
2637 1712 2647 1734 ?

2537 1876 2588 1896 ··0:
2604 1876 2741 1897 assumitur.

2537 1930 2547 1941 ⁴
2563 1929 2599 1951 Cf.
2610 1930 2660 1951 lect.
2672 1937 2710 1951 xv.

2537 1983 2549 1993 ³¹
2563 1989 2583 2003 1:
2599 1983 2664 2010 quia,

2537 2035 2548 2046 ⁴¹
2562 2034 2587 2056 In
2603 2041 2650 2056 om.
2661 2041 2675 2056 1.

2538 2062 2560 2072 ⁸*
2574 2061 2610 2083 Cf.
2627 2063 2678 2083 lect.
2692 2067 2752 2088 xxn,

2538 2098 2561 2113 n.
2572 2098 2583 2112 2
2601 2095 2622 2113 et
2636 2096 2684 2114 not.
2696 2098 2715 2115 ε.

2538 2123 2548 2134 ¹*
2562 2129 2587 2143 n:
2603 2125 2724 2150 contgunt.

2530 2150 2548 2179 γ’
2555 2155 2710 2171 ABCDELMNST:
2720 2156 2754 2171 se—

2539 2178 2641 2224 ssim.
2658 2208 2705 2224 om.
2715 2208 2738 2224 0.

2544 2306 2551 2312 ¹
2564 2304 2627 2324 Lect.
2638 2309 2711 2324 xxxu.

2541 2355 2548 2362 '
2563 2352 2595 2374 Et
2610 2359 2658 2374 om.
2669 2359 2692 2374 o.
