<?xml version="1.0" encoding="UTF-8"?>
<!DOCTYPE html PUBLIC "-//W3C//DTD XHTML 1.0 Transitional//EN"
    "http://www.w3.org/TR/xhtml1/DTD/xhtml1-transitional.dtd">
<html xmlns="http://www.w3.org/1999/xhtml" xml:lang="en" lang="en">
 <head>
  <title>
</title>
<meta http-equiv="Content-Type" content="text/html;charset=utf-8" />
  <meta name='ocr-system' content='tesseract 3.04.00' />
  <meta name='ocr-capabilities' content='ocr_page ocr_carea ocr_par ocr_line ocrx_word'/>
</head>
<body>
  <div class='ocr_page' id='page_1' title='image "./operaomniaiussui01thom/operaomniaiussui01thom_0451.png"; bbox 0 0 2788 4204; ppageno 0'>
   <div class='ocr_carea' id='block_1_1' title="bbox 0 3039 49 4204">
    <p class='ocr_par' dir='ltr' id='par_1_1' title="bbox 0 3039 49 4204">
     <span class='ocr_line' id='line_1_1' title="bbox 0 3039 49 4204; baseline 0 0"><span class='ocrx_word' id='word_1_1' title='bbox 0 3039 49 4204; x_wconf 95' lang='lat' dir='ltr'> </span> 
     </span>
    </p>
   </div>
   <div class='ocr_carea' id='block_1_2' title="bbox 43 1056 254 1103">
    <p class='ocr_par' dir='ltr' id='par_1_2' title="bbox 43 1056 254 1103">
     <span class='ocr_line' id='line_1_2' title="bbox 43 1056 254 1103; baseline -0.005 -6"><span class='ocrx_word' id='word_1_2' title='bbox 43 1076 54 1086; x_wconf 76' lang='grc'><strong>”</strong></span> <span class='ocrx_word' id='word_1_3' title='bbox 63 1075 149 1103; x_wconf 78' lang='lat' dir='ltr'>Propp.</span> <span class='ocrx_word' id='word_1_4' title='bbox 164 1056 254 1103; x_wconf 69' lang='lat' dir='ltr'>simpli·</span> 
     </span>
    </p>
   </div>
   <div class='ocr_carea' id='block_1_3' title="bbox 43 1132 254 1161">
    <p class='ocr_par' dir='ltr' id='par_1_3' title="bbox 43 1132 254 1161">
     <span class='ocr_line' id='line_1_3' title="bbox 43 1132 254 1161; baseline -0.014 -5"><span class='ocrx_word' id='word_1_5' title='bbox 43 1132 254 1161; x_wconf 59' lang='lat' dir='ltr'>&#39;Propninfinima</span> 
     </span>
    </p>
   </div>
   <div class='ocr_carea' id='block_1_4' title="bbox 41 1237 254 1266">
    <p class='ocr_par' dir='ltr' id='par_1_4' title="bbox 41 1237 254 1266">
     <span class='ocr_line' id='line_1_4' title="bbox 41 1237 254 1266; baseline -0.005 -6"><span class='ocrx_word' id='word_1_6' title='bbox 41 1238 54 1251; x_wconf 64' lang='lat'><strong><em>³</em></strong></span> <span class='ocrx_word' id='word_1_7' title='bbox 63 1237 150 1266; x_wconf 81' lang='lat' dir='ltr'>Propp.</span> <span class='ocrx_word' id='word_1_8' title='bbox 159 1237 254 1266; x_wconf 80' lang='lat' dir='ltr'>privati-</span> 
     </span>
    </p>
   </div>
   <div class='ocr_carea' id='block_1_5' title="bbox 43 1270 92 1287">
    <p class='ocr_par' dir='ltr' id='par_1_5' title="bbox 43 1270 92 1287">
     <span class='ocr_line' id='line_1_5' title="bbox 43 1270 92 1287; baseline 0 0"><span class='ocrx_word' id='word_1_9' title='bbox 43 1270 92 1287; x_wconf 63' lang='lat'>&#39;20-</span> 
     </span>
    </p>
   </div>
   <div class='ocr_carea' id='block_1_6' title="bbox 44 1557 256 1582">
    <p class='ocr_par' dir='ltr' id='par_1_6' title="bbox 44 1557 256 1582">
     <span class='ocr_line' id='line_1_6' title="bbox 44 1557 256 1582; baseline -0.005 -4"><span class='ocrx_word' id='word_1_10' title='bbox 44 1557 100 1578; x_wconf 62' lang='lat' dir='ltr'>&#39;flc-</span> <span class='ocrx_word' id='word_1_11' title='bbox 110 1566 121 1572; x_wconf 94' lang='lat'><em>—</em></span> <span class='ocrx_word' id='word_1_12' title='bbox 137 1561 159 1578; x_wconf 72' lang='lat' dir='ltr'>r.</span> <span class='ocrx_word' id='word_1_13' title='bbox 168 1563 175 1577; x_wconf 77' lang='grc' dir='ltr'><strong><em>ι</em></strong></span> <span class='ocrx_word' id='word_1_14' title='bbox 189 1557 256 1582; x_wconf 68' lang='lat' dir='ltr'>emt,</span> 
     </span>
    </p>
   </div>
   <div class='ocr_carea' id='block_1_7' title="bbox 1153 292 1590 340">
    <p class='ocr_par' dir='ltr' id='par_1_7' title="bbox 1153 292 1590 340">
     <span class='ocr_line' id='line_1_7' title="bbox 1153 292 1590 340; baseline -0.005 -10"><span class='ocrx_word' id='word_1_15' title='bbox 1153 294 1264 330; x_wconf 84' lang='lat' dir='ltr'>CAP.</span> <span class='ocrx_word' id='word_1_16' title='bbox 1296 294 1346 340; x_wconf 81' lang='lat' dir='ltr'>x,</span> <span class='ocrx_word' id='word_1_17' title='bbox 1377 292 1528 328; x_wconf 88' lang='lat' dir='ltr'>LECT.</span> <span class='ocrx_word' id='word_1_18' title='bbox 1559 293 1590 328; x_wconf 92' lang='lat'>11</span> 
     </span>
    </p>
   </div>
   <div class='ocr_carea' id='block_1_8' title="bbox 273 374 1348 903">
    <p class='ocr_par' dir='ltr' id='par_1_8' title="bbox 273 374 1348 903">
     <span class='ocr_line' id='line_1_8' title="bbox 273 374 1344 423; baseline -0.006 -9"><span class='ocrx_word' id='word_1_19' title='bbox 273 379 381 423; x_wconf 89' lang='lat' dir='ltr'>haec,</span> <span class='ocrx_word' id='word_1_20' title='bbox 402 378 514 414; x_wconf 86' lang='lat' dir='ltr'>homo</span> <span class='ocrx_word' id='word_1_21' title='bbox 534 383 588 413; x_wconf 85' lang='lat' dir='ltr'>est</span> <span class='ocrx_word' id='word_1_22' title='bbox 606 376 772 420; x_wconf 84' lang='lat' dir='ltr'>iniustus,</span> <span class='ocrx_word' id='word_1_23' title='bbox 795 374 828 410; x_wconf 93' lang='lat' dir='ltr'>ei</span> <span class='ocrx_word' id='word_1_24' title='bbox 848 386 946 422; x_wconf 90' lang='lat' dir='ltr'>quae</span> <span class='ocrx_word' id='word_1_25' title='bbox 967 381 1034 420; x_wconf 90' lang='lat' dir='ltr'>est,</span> <span class='ocrx_word' id='word_1_26' title='bbox 1054 374 1166 409; x_wconf 91' lang='lat' dir='ltr'>homo</span> <span class='ocrx_word' id='word_1_27' title='bbox 1196 384 1270 408; x_wconf 87' lang='lat' dir='ltr'>non</span> <span class='ocrx_word' id='word_1_28' title='bbox 1291 377 1344 408; x_wconf 84' lang='lat' dir='ltr'>est</span> 
     </span>
     <span class='ocr_line' id='line_1_9' title="bbox 275 425 1340 477; baseline -0.007 -9"><span class='ocrx_word' id='word_1_29' title='bbox 275 431 402 468; x_wconf 84' lang='lat' dir='ltr'>iustus.</span> <span class='ocrx_word' id='word_1_30' title='bbox 428 430 617 477; x_wconf 87' lang='lat' dir='ltr'>Negativa</span> <span class='ocrx_word' id='word_1_31' title='bbox 637 440 730 465; x_wconf 91' lang='lat' dir='ltr'>vero</span> <span class='ocrx_word' id='word_1_32' title='bbox 754 426 1021 472; x_wconf 87' lang='lat' dir='ltr'>affirmativae,</span> <span class='ocrx_word' id='word_1_33' title='bbox 1044 426 1183 462; x_wconf 87' lang='lat' dir='ltr'>scilicet</span> <span class='ocrx_word' id='word_1_34' title='bbox 1206 426 1300 462; x_wconf 89' lang='lat' dir='ltr'>haec</span> <span class='ocrx_word' id='word_1_35' title='bbox 1315 425 1340 472; x_wconf 70' lang='grc' dir='ltr'>ζ,</span> 
     </span>
     <span class='ocr_line' id='line_1_10' title="bbox 275 479 1342 528; baseline -0.007 -7"><span class='ocrx_word' id='word_1_36' title='bbox 275 484 387 521; x_wconf 91' lang='lat' dir='ltr'>homo</span> <span class='ocrx_word' id='word_1_37' title='bbox 409 495 483 520; x_wconf 89' lang='lat' dir='ltr'>non</span> <span class='ocrx_word' id='word_1_38' title='bbox 503 488 558 519; x_wconf 85' lang='lat' dir='ltr'>est</span> <span class='ocrx_word' id='word_1_39' title='bbox 570 482 736 527; x_wconf 83' lang='lat' dir='ltr'>iniustus,</span> <span class='ocrx_word' id='word_1_40' title='bbox 749 480 783 517; x_wconf 89' lang='lat' dir='ltr'>ei</span> <span class='ocrx_word' id='word_1_41' title='bbox 798 492 895 528; x_wconf 90' lang='lat' dir='ltr'>quae</span> <span class='ocrx_word' id='word_1_42' title='bbox 916 487 983 526; x_wconf 89' lang='lat' dir='ltr'>est,</span> <span class='ocrx_word' id='word_1_43' title='bbox 994 481 1106 516; x_wconf 86' lang='lat' dir='ltr'>homo</span> <span class='ocrx_word' id='word_1_44' title='bbox 1122 485 1175 515; x_wconf 84' lang='lat' dir='ltr'>est</span> <span class='ocrx_word' id='word_1_45' title='bbox 1189 479 1342 514; x_wconf 78' lang='lat' dir='ltr'>iustus.-</span> 
     </span>
     <span class='ocr_line' id='line_1_11' title="bbox 275 531 1345 584; baseline -0.006 -11"><span class='ocrx_word' id='word_1_46' title='bbox 275 536 509 584; x_wconf 85' lang='lat' dir='ltr'>Disponatur</span> <span class='ocrx_word' id='word_1_47' title='bbox 519 547 609 583; x_wconf 91' lang='lat' dir='ltr'>ergo</span> <span class='ocrx_word' id='word_1_48' title='bbox 626 535 664 571; x_wconf 92' lang='lat' dir='ltr'>in</span> <span class='ocrx_word' id='word_1_49' title='bbox 674 535 807 582; x_wconf 89' lang='lat' dir='ltr'>figura.</span> <span class='ocrx_word' id='word_1_50' title='bbox 823 534 872 569; x_wconf 94' lang='lat' dir='ltr'>Et</span> <span class='ocrx_word' id='word_1_51' title='bbox 888 533 926 570; x_wconf 93' lang='lat' dir='ltr'>in</span> <span class='ocrx_word' id='word_1_52' title='bbox 940 534 1064 582; x_wconf 87' lang='lat' dir='ltr'>prima</span> <span class='ocrx_word' id='word_1_53' title='bbox 1074 532 1231 581; x_wconf 91' lang='lat' dir='ltr'>quidem</span> <span class='ocrx_word' id='word_1_54' title='bbox 1246 531 1345 567; x_wconf 89' lang='lat' dir='ltr'>linea</span> 
     </span>
     <span class='ocr_line' id='line_1_12' title="bbox 275 585 1343 638; baseline -0.006 -12"><span class='ocrx_word' id='word_1_55' title='bbox 275 596 467 638; x_wconf 91' lang='lat' dir='ltr'>ponantur</span> <span class='ocrx_word' id='word_1_56' title='bbox 504 588 608 635; x_wconf 90' lang='lat' dir='ltr'>illae,</span> <span class='ocrx_word' id='word_1_57' title='bbox 639 599 737 636; x_wconf 90' lang='lat' dir='ltr'>quae</span> <span class='ocrx_word' id='word_1_58' title='bbox 766 593 853 622; x_wconf 89' lang='lat' dir='ltr'>sunt</span> <span class='ocrx_word' id='word_1_59' title='bbox 882 586 928 623; x_wconf 93' lang='lat' dir='ltr'>de</span> <span class='ocrx_word' id='word_1_60' title='bbox 958 586 1065 623; x_wconf 92' lang='lat' dir='ltr'>finito</span> <span class='ocrx_word' id='word_1_61' title='bbox 1103 585 1343 634; x_wconf 88' lang='lat' dir='ltr'>praedicato,</span> 
     </span>
     <span class='ocr_line' id='line_1_13' title="bbox 277 639 1347 686; baseline -0.004 -8"><span class='ocrx_word' id='word_1_62' title='bbox 277 641 416 678; x_wconf 90' lang='lat' dir='ltr'>scilicet</span> <span class='ocrx_word' id='word_1_63' title='bbox 439 643 551 679; x_wconf 88' lang='lat' dir='ltr'>homo</span> <span class='ocrx_word' id='word_1_64' title='bbox 579 646 634 677; x_wconf 83' lang='lat' dir='ltr'>est</span> <span class='ocrx_word' id='word_1_65' title='bbox 660 641 792 686; x_wconf 79' lang='lat' dir='ltr'>iustus,</span> <span class='ocrx_word' id='word_1_66' title='bbox 818 640 931 677; x_wconf 88' lang='lat' dir='ltr'>homo</span> <span class='ocrx_word' id='word_1_67' title='bbox 961 652 1034 677; x_wconf 88' lang='lat' dir='ltr'>non</span> <span class='ocrx_word' id='word_1_68' title='bbox 1065 645 1117 676; x_wconf 83' lang='lat' dir='ltr'>est</span> <span class='ocrx_word' id='word_1_69' title='bbox 1146 639 1270 675; x_wconf 76' lang='lat' dir='ltr'>iustus.</span> <span class='ocrx_word' id='word_1_70' title='bbox 1304 640 1347 675; x_wconf 93' lang='lat' dir='ltr'>In</span> 
     </span>
     <span class='ocr_line' id='line_1_14' title="bbox 278 692 1344 741; baseline -0.004 -9"><span class='ocrx_word' id='word_1_71' title='bbox 278 695 447 732; x_wconf 90' lang='lat' dir='ltr'>secunda</span> <span class='ocrx_word' id='word_1_72' title='bbox 475 702 603 732; x_wconf 89' lang='lat' dir='ltr'>autem</span> <span class='ocrx_word' id='word_1_73' title='bbox 631 693 742 741; x_wconf 89' lang='lat' dir='ltr'>linea,</span> <span class='ocrx_word' id='word_1_74' title='bbox 764 694 939 740; x_wconf 87' lang='lat' dir='ltr'>negativa</span> <span class='ocrx_word' id='word_1_75' title='bbox 959 693 1006 730; x_wconf 89' lang='lat' dir='ltr'>de</span> <span class='ocrx_word' id='word_1_76' title='bbox 1026 693 1173 730; x_wconf 90' lang='lat' dir='ltr'>infinito</span> <span class='ocrx_word' id='word_1_77' title='bbox 1197 692 1344 741; x_wconf 88' lang='lat' dir='ltr'>praedi-</span> 
     </span>
     <span class='ocr_line' id='line_1_15' title="bbox 279 745 1344 785; baseline -0.001 -1"><span class='ocrx_word' id='word_1_78' title='bbox 279 755 363 785; x_wconf 88' lang='lat' dir='ltr'>cato</span> <span class='ocrx_word' id='word_1_79' title='bbox 389 748 460 784; x_wconf 92' lang='lat' dir='ltr'>sub</span> <span class='ocrx_word' id='word_1_80' title='bbox 481 747 709 784; x_wconf 86' lang='lat' dir='ltr'>affirmativa</span> <span class='ocrx_word' id='word_1_81' title='bbox 739 747 785 784; x_wconf 91' lang='lat' dir='ltr'>de</span> <span class='ocrx_word' id='word_1_82' title='bbox 814 745 922 783; x_wconf 90' lang='lat' dir='ltr'>finito</span> <span class='ocrx_word' id='word_1_83' title='bbox 952 754 989 783; x_wconf 92' lang='lat' dir='ltr'>et</span> <span class='ocrx_word' id='word_1_84' title='bbox 1023 746 1251 783; x_wconf 87' lang='lat' dir='ltr'>affirmativa</span> <span class='ocrx_word' id='word_1_85' title='bbox 1275 747 1344 783; x_wconf 91' lang='lat' dir='ltr'>sub</span> 
     </span>
     <span class='ocr_line' id='line_1_16' title="bbox 279 800 1345 849; baseline -0.002 -11"><span class='ocrx_word' id='word_1_86' title='bbox 279 801 465 849; x_wconf 88' lang='lat' dir='ltr'>negativa.</span> <span class='ocrx_word' id='word_1_87' title='bbox 497 802 539 837; x_wconf 90' lang='lat' dir='ltr'>In</span> <span class='ocrx_word' id='word_1_88' title='bbox 567 801 674 837; x_wconf 88' lang='lat' dir='ltr'>tertia</span> <span class='ocrx_word' id='word_1_89' title='bbox 702 813 808 847; x_wconf 90' lang='lat' dir='ltr'>ver0,</span> <span class='ocrx_word' id='word_1_90' title='bbox 839 800 1015 848; x_wconf 89' lang='lat' dir='ltr'>negativa</span> <span class='ocrx_word' id='word_1_91' title='bbox 1041 806 1055 823; x_wconf 78' lang='lat'>&#39;²</span> <span class='ocrx_word' id='word_1_92' title='bbox 1076 800 1123 836; x_wconf 90' lang='lat' dir='ltr'>de</span> <span class='ocrx_word' id='word_1_93' title='bbox 1156 800 1345 849; x_wconf 89' lang='lat' dir='ltr'>privativo</span> 
     </span>
     <span class='ocr_line' id='line_1_17' title="bbox 278 853 1348 903; baseline 0.001 -13"><span class='ocrx_word' id='word_1_94' title='bbox 278 854 496 903; x_wconf 90' lang='lat' dir='ltr'>praedicato</span> <span class='ocrx_word' id='word_1_95' title='bbox 533 854 702 892; x_wconf 88' lang='lat' dir='ltr'>similiter</span> <span class='ocrx_word' id='word_1_96' title='bbox 734 854 805 890; x_wconf 92' lang='lat' dir='ltr'>sub</span> <span class='ocrx_word' id='word_1_97' title='bbox 838 854 1067 891; x_wconf 86' lang='lat' dir='ltr'>affirmativa</span> <span class='ocrx_word' id='word_1_98' title='bbox 1096 853 1143 891; x_wconf 88' lang='lat' dir='ltr'>de</span> <span class='ocrx_word' id='word_1_99' title='bbox 1171 854 1278 891; x_wconf 91' lang='lat' dir='ltr'>finito</span> <span class='ocrx_word' id='word_1_100' title='bbox 1311 862 1348 890; x_wconf 92' lang='lat' dir='ltr'>et</span> 
     </span>
    </p>
   </div>
   <div class='ocr_carea' id='block_1_9' title="bbox 280 907 1348 1009">
    <p class='ocr_par' dir='ltr' id='par_1_9' title="bbox 280 907 1348 1009">
     <span class='ocr_line' id='line_1_18' title="bbox 280 907 1348 957; baseline 0.001 -13"><span class='ocrx_word' id='word_1_101' title='bbox 280 907 508 945; x_wconf 88' lang='lat' dir='ltr'>affirmativa</span> <span class='ocrx_word' id='word_1_102' title='bbox 540 909 611 945; x_wconf 89' lang='lat' dir='ltr'>sub</span> <span class='ocrx_word' id='word_1_103' title='bbox 645 908 841 957; x_wconf 89' lang='lat' dir='ltr'>negativa:</span> <span class='ocrx_word' id='word_1_104' title='bbox 869 915 912 944; x_wconf 92' lang='lat' dir='ltr'>ut</span> <span class='ocrx_word' id='word_1_105' title='bbox 937 915 1040 956; x_wconf 86' lang='lat' dir='ltr'>patet</span> <span class='ocrx_word' id='word_1_106' title='bbox 1068 907 1106 944; x_wconf 92' lang='lat' dir='ltr'>in</span> <span class='ocrx_word' id='word_1_107' title='bbox 1139 908 1348 957; x_wconf 91' lang='lat' dir='ltr'>subscripta</span> 
     </span>
     <span class='ocr_line' id='line_1_19' title="bbox 280 961 413 1009; baseline 0 -11"><span class='ocrx_word' id='word_1_108' title='bbox 280 961 413 1009; x_wconf 89' lang='lat' dir='ltr'>figura.</span> 
     </span>
    </p>
   </div>
   <div class='ocr_carea' id='block_1_10' title="bbox 334 1063 1208 1103">
    <p class='ocr_par' dir='ltr' id='par_1_10' title="bbox 334 1063 1208 1103">
     <span class='ocr_line' id='line_1_20' title="bbox 334 1063 1208 1103; baseline -0.001 0"><span class='ocrx_word' id='word_1_109' title='bbox 334 1067 466 1103; x_wconf 91' lang='lat' dir='ltr'><em>Homo</em></span> <span class='ocrx_word' id='word_1_110' title='bbox 492 1072 547 1103; x_wconf 82' lang='lat' dir='ltr'>est</span> <span class='ocrx_word' id='word_1_111' title='bbox 572 1067 687 1103; x_wconf 84' lang='lat' dir='ltr'>iustus</span> <span class='ocrx_word' id='word_1_112' title='bbox 706 1063 734 1099; x_wconf 67' lang='grc' dir='ltr'>Ξ</span> <span class='ocrx_word' id='word_1_113' title='bbox 752 1067 884 1103; x_wconf 92' lang='lat' dir='ltr'><em>Homo</em></span> <span class='ocrx_word' id='word_1_114' title='bbox 908 1078 982 1103; x_wconf 91' lang='lat' dir='ltr'>non</span> <span class='ocrx_word' id='word_1_115' title='bbox 1003 1071 1057 1102; x_wconf 84' lang='lat' dir='ltr'>est</span> <span class='ocrx_word' id='word_1_116' title='bbox 1083 1066 1208 1102; x_wconf 83' lang='lat' dir='ltr'>iustus.</span> 
     </span>
    </p>
   </div>
   <div class='ocr_carea' id='block_1_11' title="bbox 283 1117 1349 1210">
    <p class='ocr_par' dir='ltr' id='par_1_11' title="bbox 283 1117 1349 1210">
     <span class='ocr_line' id='line_1_21' title="bbox 334 1117 1349 1157; baseline -0.001 -1"><span class='ocrx_word' id='word_1_117' title='bbox 334 1121 466 1156; x_wconf 91' lang='lat' dir='ltr'><em>Homo</em></span> <span class='ocrx_word' id='word_1_118' title='bbox 501 1131 575 1156; x_wconf 89' lang='lat' dir='ltr'>non</span> <span class='ocrx_word' id='word_1_119' title='bbox 611 1125 666 1156; x_wconf 84' lang='lat' dir='ltr'>est</span> <span class='ocrx_word' id='word_1_120' title='bbox 702 1132 776 1156; x_wconf 88' lang='lat' dir='ltr'>non</span> <span class='ocrx_word' id='word_1_121' title='bbox 812 1121 927 1156; x_wconf 80' lang='lat' dir='ltr'>iustus</span> <span class='ocrx_word' id='word_1_122' title='bbox 961 1117 988 1154; x_wconf 60' lang='lat' dir='ltr'>i</span> <span class='ocrx_word' id='word_1_123' title='bbox 1018 1120 1149 1157; x_wconf 91' lang='lat' dir='ltr'><em>Homo</em></span> <span class='ocrx_word' id='word_1_124' title='bbox 1183 1124 1236 1156; x_wconf 85' lang='lat' dir='ltr'>est</span> <span class='ocrx_word' id='word_1_125' title='bbox 1275 1130 1349 1156; x_wconf 90' lang='lat' dir='ltr'>non</span> 
     </span>
     <span class='ocr_line' id='line_1_22' title="bbox 283 1174 408 1210; baseline 0 0"><span class='ocrx_word' id='word_1_126' title='bbox 283 1174 408 1210; x_wconf 83' lang='lat' dir='ltr'>iustus.</span> 
     </span>
    </p>
   </div>
   <div class='ocr_carea' id='block_1_12' title="bbox 334 1225 1322 1264">
    <p class='ocr_par' dir='ltr' id='par_1_12' title="bbox 334 1225 1322 1264">
     <span class='ocr_line' id='line_1_23' title="bbox 334 1225 1322 1264; baseline 0.001 -2"><span class='ocrx_word' id='word_1_127' title='bbox 334 1227 466 1263; x_wconf 91' lang='lat' dir='ltr'><em>Homo</em></span> <span class='ocrx_word' id='word_1_128' title='bbox 495 1238 569 1262; x_wconf 88' lang='lat' dir='ltr'>non</span> <span class='ocrx_word' id='word_1_129' title='bbox 599 1231 654 1263; x_wconf 88' lang='lat' dir='ltr'>est</span> <span class='ocrx_word' id='word_1_130' title='bbox 679 1226 835 1263; x_wconf 83' lang='lat' dir='ltr'>iniustus</span> <span class='ocrx_word' id='word_1_131' title='bbox 862 1225 889 1261; x_wconf 66' lang='grc' dir='ltr'>Ξ</span> <span class='ocrx_word' id='word_1_132' title='bbox 916 1227 1047 1263; x_wconf 91' lang='lat' dir='ltr'><em>Homo</em></span> <span class='ocrx_word' id='word_1_133' title='bbox 1076 1233 1130 1264; x_wconf 85' lang='lat' dir='ltr'>est</span> <span class='ocrx_word' id='word_1_134' title='bbox 1156 1227 1322 1263; x_wconf 83' lang='lat' dir='ltr'>iniustus.</span> 
     </span>
    </p>
   </div>
   <div class='ocr_carea' id='block_1_13' title="bbox 337 1329 1351 1379">
    <p class='ocr_par' dir='ltr' id='par_1_13' title="bbox 337 1329 1351 1379">
     <span class='ocr_line' id='line_1_24' title="bbox 337 1329 1351 1379; baseline 0 -13"><span class='ocrx_word' id='word_1_135' title='bbox 337 1330 400 1367; x_wconf 92' lang='lat' dir='ltr'>Sic</span> <span class='ocrx_word' id='word_1_136' title='bbox 428 1341 518 1378; x_wconf 87' lang='lat' dir='ltr'>ergo</span> <span class='ocrx_word' id='word_1_137' title='bbox 549 1330 665 1376; x_wconf 87' lang='lat' dir='ltr'>duae,</span> <span class='ocrx_word' id='word_1_138' title='bbox 697 1330 837 1367; x_wconf 92' lang='lat' dir='ltr'>scilicet</span> <span class='ocrx_word' id='word_1_139' title='bbox 866 1343 963 1379; x_wconf 91' lang='lat' dir='ltr'>quae</span> <span class='ocrx_word' id='word_1_140' title='bbox 1002 1338 1088 1367; x_wconf 91' lang='lat' dir='ltr'>sunt</span> <span class='ocrx_word' id='word_1_141' title='bbox 1121 1329 1169 1367; x_wconf 92' lang='lat' dir='ltr'>de</span> <span class='ocrx_word' id='word_1_142' title='bbox 1203 1330 1351 1367; x_wconf 90' lang='lat' dir='ltr'>infinito</span> 
     </span>
    </p>
   </div>
   <div class='ocr_carea' id='block_1_14' title="bbox 231 1383 1352 1433">
    <p class='ocr_par' dir='ltr' id='par_1_14' title="bbox 231 1383 1352 1433">
     <span class='ocr_line' id='line_1_25' title="bbox 231 1383 1352 1433; baseline 0.001 -13"><span class='ocrx_word' id='word_1_143' title='bbox 231 1427 242 1429; x_wconf 30' lang='grc' dir='ltr'><strong><em>ἦ</em></strong></span> <span class='ocrx_word' id='word_1_144' title='bbox 274 1383 512 1433; x_wconf 79' lang='lat' dir='ltr'>praedicato,</span> <span class='ocrx_word' id='word_1_145' title='bbox 542 1396 583 1420; x_wconf 89' lang='lat' dir='ltr'>se</span> <span class='ocrx_word' id='word_1_146' title='bbox 610 1384 753 1420; x_wconf 88' lang='lat' dir='ltr'>habent</span> <span class='ocrx_word' id='word_1_147' title='bbox 779 1383 829 1421; x_wconf 92' lang='lat' dir='ltr'>ad</span> <span class='ocrx_word' id='word_1_148' title='bbox 857 1384 1152 1421; x_wconf 89' lang='lat' dir='ltr'>affirmationem</span> <span class='ocrx_word' id='word_1_149' title='bbox 1181 1392 1219 1421; x_wconf 91' lang='lat' dir='ltr'>et</span> <span class='ocrx_word' id='word_1_150' title='bbox 1240 1396 1352 1432; x_wconf 86' lang='lat' dir='ltr'>nega-</span> 
     </span>
    </p>
   </div>
   <div class='ocr_carea' id='block_1_15' title="bbox 44 1581 183 1604">
    <p class='ocr_par' dir='ltr' id='par_1_15' title="bbox 44 1581 183 1604">
     <span class='ocr_line' id='line_1_26' title="bbox 44 1581 183 1604; baseline 0 0"><span class='ocrx_word' id='word_1_151' title='bbox 44 1581 183 1604; x_wconf 58' lang='lat' dir='ltr'>adtende.</span> 
     </span>
    </p>
   </div>
   <div class='ocr_carea' id='block_1_16' title="bbox 45 1710 184 1752">
    <p class='ocr_par' dir='ltr' id='par_1_16' title="bbox 45 1710 184 1752">
     <span class='ocr_line' id='line_1_27' title="bbox 45 1710 184 1752; baseline 0 -9"><span class='ocrx_word' id='word_1_152' title='bbox 45 1710 184 1752; x_wconf 62' lang='lat' dir='ltr'>mnne.</span> 
     </span>
    </p>
   </div>
   <div class='ocr_carea' id='block_1_17' title="bbox 54 2418 266 2478">
    <p class='ocr_par' dir='ltr' id='par_1_17' title="bbox 54 2418 266 2478">
     <span class='ocr_line' id='line_1_28' title="bbox 56 2418 266 2442; baseline -0.01 0"><span class='ocrx_word' id='word_1_153' title='bbox 56 2419 66 2430; x_wconf 80' lang='lat'>&#39;</span> <span class='ocrx_word' id='word_1_154' title='bbox 74 2418 132 2442; x_wconf 67' lang='lat' dir='ltr'>boc.</span> <span class='ocrx_word' id='word_1_155' title='bbox 143 2418 182 2441; x_wconf 86' lang='lat' dir='ltr'>cit.</span> <span class='ocrx_word' id='word_1_156' title='bbox 191 2419 216 2440; x_wconf 85' lang='lat' dir='ltr'>in</span> <span class='ocrx_word' id='word_1_157' title='bbox 226 2424 266 2440; x_wconf 77' lang='lat' dir='ltr'>su-</span> 
     </span>
     <span class='ocr_line' id='line_1_29' title="bbox 54 2449 266 2478; baseline -0.005 -6"><span class='ocrx_word' id='word_1_158' title='bbox 54 2449 139 2478; x_wconf 64' lang='lat' dir='ltr'>poeiori</span> <span class='ocrx_word' id='word_1_159' title='bbox 163 2452 219 2471; x_wconf 83' lang='lat' dir='ltr'>nota</span> <span class='ocrx_word' id='word_1_160' title='bbox 247 2455 266 2471; x_wconf 85' lang='grc' dir='ltr'><strong><em>ε.</em></strong></span> 
     </span>
    </p>
   </div>
   <div class='ocr_carea' id='block_1_18' title="bbox 282 1436 1363 2727">
    <p class='ocr_par' dir='ltr' id='par_1_18' title="bbox 282 1436 1356 1864">
     <span class='ocr_line' id='line_1_30' title="bbox 282 1436 1352 1487; baseline 0.001 -13"><span class='ocrx_word' id='word_1_161' title='bbox 282 1437 428 1475; x_wconf 88' lang='lat' dir='ltr'>tionem</span> <span class='ocrx_word' id='word_1_162' title='bbox 457 1436 504 1474; x_wconf 89' lang='lat' dir='ltr'>de</span> <span class='ocrx_word' id='word_1_163' title='bbox 528 1437 636 1475; x_wconf 89' lang='lat' dir='ltr'>finito</span> <span class='ocrx_word' id='word_1_164' title='bbox 657 1437 886 1486; x_wconf 87' lang='lat' dir='ltr'>praedicato,</span> <span class='ocrx_word' id='word_1_165' title='bbox 907 1439 1003 1476; x_wconf 92' lang='lat' dir='ltr'>sicut</span> <span class='ocrx_word' id='word_1_166' title='bbox 1028 1438 1273 1487; x_wconf 83' lang='lat' dir='ltr'>privationes,</span> <span class='ocrx_word' id='word_1_167' title='bbox 1298 1438 1352 1475; x_wconf 92' lang='lat' dir='ltr'>id-</span> 
     </span>
     <span class='ocr_line' id='line_1_31' title="bbox 284 1490 1350 1541; baseline 0 -12"><span class='ocrx_word' id='word_1_168' title='bbox 284 1498 341 1529; x_wconf 91' lang='lat' dir='ltr'>est</span> <span class='ocrx_word' id='word_1_169' title='bbox 363 1490 459 1527; x_wconf 91' lang='lat' dir='ltr'>sicut</span> <span class='ocrx_word' id='word_1_170' title='bbox 476 1490 561 1529; x_wconf 91' lang='lat' dir='ltr'>illae</span> <span class='ocrx_word' id='word_1_171' title='bbox 591 1503 689 1540; x_wconf 88' lang='lat' dir='ltr'>quae</span> <span class='ocrx_word' id='word_1_172' title='bbox 714 1499 802 1528; x_wconf 90' lang='lat' dir='ltr'>sunt</span> <span class='ocrx_word' id='word_1_173' title='bbox 827 1491 874 1529; x_wconf 92' lang='lat' dir='ltr'>de</span> <span class='ocrx_word' id='word_1_174' title='bbox 903 1493 1092 1541; x_wconf 90' lang='lat' dir='ltr'>privativo</span> <span class='ocrx_word' id='word_1_175' title='bbox 1119 1492 1350 1541; x_wconf 88' lang='lat' dir='ltr'>praedicato.</span> 
     </span>
     <span class='ocr_line' id='line_1_32' title="bbox 285 1543 1351 1594; baseline -0.001 -10"><span class='ocrx_word' id='word_1_176' title='bbox 285 1544 363 1584; x_wconf 90' lang='lat' dir='ltr'>Sed</span> <span class='ocrx_word' id='word_1_177' title='bbox 398 1543 496 1581; x_wconf 86' lang='lat' dir='ltr'>duae</span> <span class='ocrx_word' id='word_1_178' title='bbox 525 1544 619 1581; x_wconf 88' lang='lat' dir='ltr'>aliae</span> <span class='ocrx_word' id='word_1_179' title='bbox 648 1557 746 1594; x_wconf 92' lang='lat' dir='ltr'>quae</span> <span class='ocrx_word' id='word_1_180' title='bbox 775 1554 862 1582; x_wconf 92' lang='lat' dir='ltr'>sunt</span> <span class='ocrx_word' id='word_1_181' title='bbox 882 1545 964 1584; x_wconf 75' lang='lat' dir='ltr'>de*</span> <span class='ocrx_word' id='word_1_182' title='bbox 984 1546 1130 1583; x_wconf 90' lang='lat' dir='ltr'>infinito</span> <span class='ocrx_word' id='word_1_183' title='bbox 1160 1547 1351 1593; x_wconf 91' lang='lat' dir='ltr'>subiecto,</span> 
     </span>
     <span class='ocr_line' id='line_1_33' title="bbox 284 1598 1356 1646; baseline 0.002 -11"><span class='ocrx_word' id='word_1_184' title='bbox 284 1598 425 1636; x_wconf 88' lang='lat' dir='ltr'>scilicet</span> <span class='ocrx_word' id='word_1_185' title='bbox 458 1611 533 1635; x_wconf 87' lang='lat' dir='ltr'>non</span> <span class='ocrx_word' id='word_1_186' title='bbox 561 1599 673 1636; x_wconf 82' lang='lat' dir='ltr'>homo</span> <span class='ocrx_word' id='word_1_187' title='bbox 702 1604 757 1635; x_wconf 83' lang='lat' dir='ltr'>est</span> <span class='ocrx_word' id='word_1_188' title='bbox 783 1599 915 1646; x_wconf 78' lang='lat' dir='ltr'>iustus,</span> <span class='ocrx_word' id='word_1_189' title='bbox 947 1612 1022 1637; x_wconf 91' lang='lat' dir='ltr'>non</span> <span class='ocrx_word' id='word_1_190' title='bbox 1055 1600 1168 1636; x_wconf 84' lang='lat' dir='ltr'>homo</span> <span class='ocrx_word' id='word_1_191' title='bbox 1197 1613 1271 1637; x_wconf 92' lang='lat' dir='ltr'>non</span> <span class='ocrx_word' id='word_1_192' title='bbox 1301 1606 1356 1637; x_wconf 84' lang='lat' dir='ltr'>est</span> 
     </span>
     <span class='ocr_line' id='line_1_34' title="bbox 284 1651 1353 1702; baseline 0.002 -12"><span class='ocrx_word' id='word_1_193' title='bbox 284 1653 416 1698; x_wconf 71' lang='lat' dir='ltr'>iustus,</span> <span class='ocrx_word' id='word_1_194' title='bbox 437 1651 680 1691; x_wconf 89' lang='lat' dir='ltr'>manifestum</span> <span class='ocrx_word' id='word_1_195' title='bbox 705 1660 761 1689; x_wconf 91' lang='lat' dir='ltr'>est</span> <span class='ocrx_word' id='word_1_196' title='bbox 780 1653 885 1702; x_wconf 91' lang='lat' dir='ltr'>quod</span> <span class='ocrx_word' id='word_1_197' title='bbox 899 1654 919 1675; x_wconf 80' lang='grc'>*</span> <span class='ocrx_word' id='word_1_198' title='bbox 933 1666 1012 1690; x_wconf 92' lang='lat' dir='ltr'>non</span> <span class='ocrx_word' id='word_1_199' title='bbox 1030 1654 1172 1690; x_wconf 90' lang='lat' dir='ltr'>habent</span> <span class='ocrx_word' id='word_1_200' title='bbox 1190 1654 1353 1692; x_wconf 85' lang='lat' dir='ltr'>similem</span> 
     </span>
     <span class='ocr_line' id='line_1_35' title="bbox 286 1706 1353 1757; baseline 0 -12"><span class='ocrx_word' id='word_1_201' title='bbox 286 1706 611 1755; x_wconf 85' lang='lat' dir='ltr'><strong>consequentiam.</strong></span> <span class='ocrx_word' id='word_1_202' title='bbox 641 1708 690 1743; x_wconf 90' lang='lat' dir='ltr'>Et</span> <span class='ocrx_word' id='word_1_203' title='bbox 726 1707 801 1744; x_wconf 90' lang='lat' dir='ltr'>hoc</span> <span class='ocrx_word' id='word_1_204' title='bbox 838 1707 957 1744; x_wconf 91' lang='lat' dir='ltr'>modo</span> <span class='ocrx_word' id='word_1_205' title='bbox 1002 1709 1176 1757; x_wconf 89' lang='lat' dir='ltr'>exposuit</span> <span class='ocrx_word' id='word_1_206' title='bbox 1203 1708 1353 1745; x_wconf 90' lang='lat' dir='ltr'>Hermi-</span> 
     </span>
     <span class='ocr_line' id='line_1_36' title="bbox 286 1756 1353 1808; baseline 0 -10"><span class='ocrx_word' id='word_1_207' title='bbox 286 1772 358 1798; x_wconf 89' lang='lat' dir='ltr'>nus</span> <span class='ocrx_word' id='word_1_208' title='bbox 377 1756 390 1780; x_wconf 86' lang='lat'><em>⁰</em></span> <span class='ocrx_word' id='word_1_209' title='bbox 408 1759 484 1796; x_wconf 91' lang='lat' dir='ltr'>hoc</span> <span class='ocrx_word' id='word_1_210' title='bbox 512 1761 616 1808; x_wconf 92' lang='lat' dir='ltr'>quod</span> <span class='ocrx_word' id='word_1_211' title='bbox 646 1760 797 1808; x_wconf 89' lang='lat' dir='ltr'>dicitur,</span> <span class='ocrx_word' id='word_1_212' title='bbox 829 1762 941 1798; x_wconf 88' lang='lat' dir='ltr'>Duae</span> <span class='ocrx_word' id='word_1_213' title='bbox 967 1773 1075 1808; x_wconf 79' lang='grc' dir='ltr'><strong><em>νενο,</em></strong></span> <span class='ocrx_word' id='word_1_214' title='bbox 1100 1763 1269 1808; x_wconf 81' lang='lat' dir='ltr'>minime,</span> <span class='ocrx_word' id='word_1_215' title='bbox 1297 1775 1353 1799; x_wconf 91' lang='lat' dir='ltr'>re-</span> 
     </span>
     <span class='ocr_line' id='line_1_37' title="bbox 286 1814 1352 1864; baseline 0.002 -13"><span class='ocrx_word' id='word_1_216' title='bbox 286 1814 411 1853; x_wconf 86' lang='lat' dir='ltr'>ferens</span> <span class='ocrx_word' id='word_1_217' title='bbox 434 1814 510 1850; x_wconf 90' lang='lat' dir='ltr'>hoc</span> <span class='ocrx_word' id='word_1_218' title='bbox 533 1814 582 1851; x_wconf 91' lang='lat' dir='ltr'>ad</span> <span class='ocrx_word' id='word_1_219' title='bbox 601 1815 682 1852; x_wconf 90' lang='lat' dir='ltr'>illas</span> <span class='ocrx_word' id='word_1_220' title='bbox 710 1827 808 1864; x_wconf 88' lang='lat' dir='ltr'>quae</span> <span class='ocrx_word' id='word_1_221' title='bbox 828 1823 915 1853; x_wconf 90' lang='lat' dir='ltr'>sunt</span> <span class='ocrx_word' id='word_1_222' title='bbox 934 1815 982 1852; x_wconf 91' lang='lat' dir='ltr'>de</span> <span class='ocrx_word' id='word_1_223' title='bbox 1001 1815 1149 1853; x_wconf 92' lang='lat' dir='ltr'>infinito</span> <span class='ocrx_word' id='word_1_224' title='bbox 1170 1817 1352 1854; x_wconf 87' lang='lat' dir='ltr'>subiecto.</span> 
     </span>
    </p>

    <p class='ocr_par' dir='ltr' id='par_1_19' title="bbox 286 1868 1359 2404">
     <span class='ocr_line' id='line_1_38' title="bbox 341 1868 1353 1908; baseline 0.004 -4"><span class='ocrx_word' id='word_1_225' title='bbox 341 1868 419 1905; x_wconf 90' lang='lat' dir='ltr'>Sed</span> <span class='ocrx_word' id='word_1_226' title='bbox 446 1868 523 1904; x_wconf 89' lang='lat' dir='ltr'>hoc</span> <span class='ocrx_word' id='word_1_227' title='bbox 558 1868 755 1906; x_wconf 90' lang='lat' dir='ltr'>manifeste</span> <span class='ocrx_word' id='word_1_228' title='bbox 794 1876 850 1905; x_wconf 92' lang='lat' dir='ltr'>est</span> <span class='ocrx_word' id='word_1_229' title='bbox 884 1875 1015 1906; x_wconf 91' lang='lat' dir='ltr'>contra</span> <span class='ocrx_word' id='word_1_230' title='bbox 1048 1869 1220 1908; x_wconf 87' lang='lat' dir='ltr'><strong>litteram.</strong></span> <span class='ocrx_word' id='word_1_231' title='bbox 1250 1871 1353 1907; x_wconf 92' lang='lat' dir='ltr'>Nam</span> 
     </span>
     <span class='ocr_line' id='line_1_39' title="bbox 288 1922 1355 1971; baseline 0.002 -11"><span class='ocrx_word' id='word_1_232' title='bbox 288 1935 376 1960; x_wconf 88' lang='lat' dir='ltr'>cum</span> <span class='ocrx_word' id='word_1_233' title='bbox 395 1923 653 1971; x_wconf 88' lang='lat' dir='ltr'>praemisisset</span> <span class='ocrx_word' id='word_1_234' title='bbox 670 1929 835 1971; x_wconf 90' lang='lat' dir='ltr'>quatuor</span> <span class='ocrx_word' id='word_1_235' title='bbox 854 1922 1149 1970; x_wconf 89' lang='lat' dir='ltr'>enunciationes,</span> <span class='ocrx_word' id='word_1_236' title='bbox 1172 1925 1267 1962; x_wconf 90' lang='lat' dir='ltr'>duas</span> <span class='ocrx_word' id='word_1_237' title='bbox 1286 1925 1355 1962; x_wconf 92' lang='lat' dir='ltr'>sci-</span> 
     </span>
     <span class='ocr_line' id='line_1_40' title="bbox 286 1976 1356 2026; baseline 0.003 -13"><span class='ocrx_word' id='word_1_238' title='bbox 286 1976 373 2014; x_wconf 91' lang='lat' dir='ltr'>licet</span> <span class='ocrx_word' id='word_1_239' title='bbox 392 1976 439 2014; x_wconf 94' lang='lat' dir='ltr'>de</span> <span class='ocrx_word' id='word_1_240' title='bbox 467 1976 576 2013; x_wconf 91' lang='lat' dir='ltr'>finito</span> <span class='ocrx_word' id='word_1_241' title='bbox 600 1976 818 2026; x_wconf 93' lang='lat' dir='ltr'>praedicato</span> <span class='ocrx_word' id='word_1_242' title='bbox 844 1983 880 2012; x_wconf 91' lang='lat' dir='ltr'>et</span> <span class='ocrx_word' id='word_1_243' title='bbox 900 1977 994 2014; x_wconf 90' lang='lat' dir='ltr'>duas</span> <span class='ocrx_word' id='word_1_244' title='bbox 1020 1977 1067 2014; x_wconf 89' lang='lat' dir='ltr'>de</span> <span class='ocrx_word' id='word_1_245' title='bbox 1087 1977 1247 2026; x_wconf 89' lang='lat' dir='ltr'>infinito,</span> <span class='ocrx_word' id='word_1_246' title='bbox 1268 1979 1356 2016; x_wconf 91' lang='lat' dir='ltr'>sub-</span> 
     </span>
     <span class='ocr_line' id='line_1_41' title="bbox 286 2029 1357 2081; baseline 0.003 -15"><span class='ocrx_word' id='word_1_247' title='bbox 286 2029 405 2078; x_wconf 88' lang='lat' dir='ltr'>iungit</span> <span class='ocrx_word' id='word_1_248' title='bbox 433 2030 539 2078; x_wconf 90' lang='lat' dir='ltr'>quasi</span> <span class='ocrx_word' id='word_1_249' title='bbox 567 2029 648 2067; x_wconf 89' lang='lat' dir='ltr'>illas</span> <span class='ocrx_word' id='word_1_250' title='bbox 677 2029 936 2077; x_wconf 87' lang='lat' dir='ltr'>subdividens,</span> <span class='ocrx_word' id='word_1_251' title='bbox 957 2042 1119 2079; x_wconf 85' lang='lat' dir='ltr'>quarum</span> <span class='ocrx_word' id='word_1_252' title='bbox 1148 2033 1246 2070; x_wconf 86' lang='lat' dir='ltr'>duae</span> <span class='ocrx_word' id='word_1_253' title='bbox 1278 2033 1357 2081; x_wconf 87' lang='lat' dir='ltr'>qui-</span> 
     </span>
     <span class='ocr_line' id='line_1_42' title="bbox 287 2084 1359 2136; baseline 0.002 -14"><span class='ocrx_word' id='word_1_254' title='bbox 287 2085 372 2123; x_wconf 87' lang='lat' dir='ltr'>dem</span> <span class='ocrx_word' id='word_1_255' title='bbox 401 2090 470 2120; x_wconf 92' lang='lat' dir='ltr'>etc.</span> <span class='ocrx_word' id='word_1_256' title='bbox 491 2085 604 2122; x_wconf 86' lang='lat' dir='ltr'>Duae</span> <span class='ocrx_word' id='word_1_257' title='bbox 629 2097 737 2131; x_wconf 79' lang='lat' dir='ltr'>vero,</span> <span class='ocrx_word' id='word_1_258' title='bbox 764 2084 937 2130; x_wconf 84' lang='lat' dir='ltr'>minime‚·</span> <span class='ocrx_word' id='word_1_259' title='bbox 965 2087 1032 2123; x_wconf 92' lang='lat' dir='ltr'>ubi</span> <span class='ocrx_word' id='word_1_260' title='bbox 1070 2086 1180 2124; x_wconf 86' lang='lat' dir='ltr'>datur</span> <span class='ocrx_word' id='word_1_261' title='bbox 1207 2087 1359 2136; x_wconf 88' lang='lat' dir='ltr'>intelligi</span> 
     </span>
     <span class='ocr_line' id='line_1_43' title="bbox 289 2138 1359 2189; baseline 0.003 -13"><span class='ocrx_word' id='word_1_262' title='bbox 289 2139 394 2189; x_wconf 94' lang='lat' dir='ltr'>quod</span> <span class='ocrx_word' id='word_1_263' title='bbox 409 2146 592 2187; x_wconf 90' lang='lat' dir='ltr'>utraeque</span> <span class='ocrx_word' id='word_1_264' title='bbox 603 2138 702 2177; x_wconf 90' lang='lat' dir='ltr'>duae</span> <span class='ocrx_word' id='word_1_265' title='bbox 713 2139 963 2187; x_wconf 84' lang='lat' dir='ltr'>intelligantur</span> <span class='ocrx_word' id='word_1_266' title='bbox 977 2141 1015 2178; x_wconf 91' lang='lat' dir='ltr'>in</span> <span class='ocrx_word' id='word_1_267' title='bbox 1029 2141 1257 2189; x_wconf 88' lang='lat' dir='ltr'>praemissis.</span> <span class='ocrx_word' id='word_1_268' title='bbox 1271 2143 1359 2179; x_wconf 90' lang='lat' dir='ltr'>Illae</span> 
     </span>
     <span class='ocr_line' id='line_1_44' title="bbox 290 2192 1358 2242; baseline 0.003 -12"><span class='ocrx_word' id='word_1_269' title='bbox 290 2200 419 2231; x_wconf 90' lang='lat' dir='ltr'>autem</span> <span class='ocrx_word' id='word_1_270' title='bbox 448 2205 547 2242; x_wconf 90' lang='lat' dir='ltr'>quae</span> <span class='ocrx_word' id='word_1_271' title='bbox 575 2200 663 2230; x_wconf 91' lang='lat' dir='ltr'>sunt</span> <span class='ocrx_word' id='word_1_272' title='bbox 691 2193 739 2230; x_wconf 91' lang='lat' dir='ltr'>de</span> <span class='ocrx_word' id='word_1_273' title='bbox 767 2192 914 2231; x_wconf 90' lang='lat' dir='ltr'>infinito</span> <span class='ocrx_word' id='word_1_274' title='bbox 935 2195 1105 2232; x_wconf 90' lang='lat' dir='ltr'>subiecto</span> <span class='ocrx_word' id='word_1_275' title='bbox 1134 2208 1213 2233; x_wconf 92' lang='lat' dir='ltr'>non</span> <span class='ocrx_word' id='word_1_276' title='bbox 1242 2195 1358 2233; x_wconf 91' lang='lat' dir='ltr'>inclu-</span> 
     </span>
     <span class='ocr_line' id='line_1_45' title="bbox 291 2247 1357 2298; baseline 0 -12"><span class='ocrx_word' id='word_1_277' title='bbox 291 2248 432 2286; x_wconf 91' lang='lat' dir='ltr'>duntur</span> <span class='ocrx_word' id='word_1_278' title='bbox 458 2247 497 2284; x_wconf 93' lang='lat' dir='ltr'>in</span> <span class='ocrx_word' id='word_1_279' title='bbox 524 2247 755 2295; x_wconf 89' lang='lat' dir='ltr'>praemissis,</span> <span class='ocrx_word' id='word_1_280' title='bbox 782 2247 850 2284; x_wconf 88' lang='lat' dir='ltr'>sed</span> <span class='ocrx_word' id='word_1_281' title='bbox 879 2248 926 2285; x_wconf 90' lang='lat' dir='ltr'>de</span> <span class='ocrx_word' id='word_1_282' title='bbox 954 2249 1012 2286; x_wconf 91' lang='lat' dir='ltr'>his</span> <span class='ocrx_word' id='word_1_283' title='bbox 1040 2258 1174 2298; x_wconf 88' lang='lat' dir='ltr'>postea</span> <span class='ocrx_word' id='word_1_284' title='bbox 1203 2249 1357 2290; x_wconf 90' lang='lat' dir='ltr'>dicetur.</span> 
     </span>
     <span class='ocr_line' id='line_1_46' title="bbox 291 2301 1359 2350; baseline 0.001 -10"><span class='ocrx_word' id='word_1_285' title='bbox 291 2302 404 2340; x_wconf 88' lang='lat' dir='ltr'>Unde</span> <span class='ocrx_word' id='word_1_286' title='bbox 432 2302 677 2339; x_wconf 80' lang='lat' dir='ltr'>manifestum</span> <span class='ocrx_word' id='word_1_287' title='bbox 706 2309 762 2338; x_wconf 89' lang='lat' dir='ltr'>est</span> <span class='ocrx_word' id='word_1_288' title='bbox 787 2301 892 2350; x_wconf 92' lang='lat' dir='ltr'>quod</span> <span class='ocrx_word' id='word_1_289' title='bbox 921 2302 969 2340; x_wconf 90' lang='lat' dir='ltr'>de</span> <span class='ocrx_word' id='word_1_290' title='bbox 999 2304 1052 2340; x_wconf 92' lang='lat' dir='ltr'>eis</span> <span class='ocrx_word' id='word_1_291' title='bbox 1078 2317 1180 2342; x_wconf 90' lang='lat' dir='ltr'>nunc</span> <span class='ocrx_word' id='word_1_292' title='bbox 1207 2316 1286 2342; x_wconf 92' lang='lat' dir='ltr'>non</span> <span class='ocrx_word' id='word_1_293' title='bbox 1306 2305 1359 2341; x_wconf 91' lang='lat' dir='ltr'>lo-</span> 
     </span>
     <span class='ocr_line' id='line_1_47' title="bbox 293 2355 430 2404; baseline -0.007 -12"><span class='ocrx_word' id='word_1_294' title='bbox 293 2355 430 2404; x_wconf 89' lang='lat' dir='ltr'>quitur.</span> 
     </span>
    </p>

    <p class='ocr_par' dir='ltr' id='par_1_20' title="bbox 293 2407 1363 2727">
     <span class='ocr_line' id='line_1_48' title="bbox 349 2407 1359 2461; baseline 0.004 -17"><span class='ocrx_word' id='word_1_295' title='bbox 349 2408 384 2444; x_wconf 91' lang='lat'>8.</span> <span class='ocrx_word' id='word_1_296' title='bbox 405 2409 455 2444; x_wconf 92' lang='lat' dir='ltr'>Et</span> <span class='ocrx_word' id='word_1_297' title='bbox 473 2408 573 2454; x_wconf 90' lang='lat' dir='ltr'>ideo,</span> <span class='ocrx_word' id='word_1_298' title='bbox 589 2415 631 2444; x_wconf 92' lang='lat' dir='ltr'>ut</span> <span class='ocrx_word' id='word_1_299' title='bbox 648 2407 879 2445; x_wconf 91' lang='lat' dir='ltr'>Ammonius</span> <span class='ocrx_word' id='word_1_300' title='bbox 900 2409 987 2446; x_wconf 90' lang='lat' dir='ltr'>dicit</span> <span class='ocrx_word' id='word_1_301' title='bbox 1001 2411 1032 2457; x_wconf 70' lang='lat'>³¹³,</span> <span class='ocrx_word' id='word_1_302' title='bbox 1045 2411 1104 2447; x_wconf 90' lang='lat' dir='ltr'>alii</span> <span class='ocrx_word' id='word_1_303' title='bbox 1124 2411 1229 2448; x_wconf 90' lang='lat' dir='ltr'>aliter</span> <span class='ocrx_word' id='word_1_304' title='bbox 1245 2423 1359 2461; x_wconf 87' lang='lat' dir='ltr'>expo-</span> 
     </span>
     <span class='ocr_line' id='line_1_49' title="bbox 295 2461 1360 2515; baseline 0.004 -17"><span class='ocrx_word' id='word_1_305' title='bbox 295 2469 464 2507; x_wconf 90' lang='lat' dir='ltr'>suerunt,</span> <span class='ocrx_word' id='word_1_306' title='bbox 481 2462 647 2499; x_wconf 90' lang='lat' dir='ltr'>dicentes</span> <span class='ocrx_word' id='word_1_307' title='bbox 669 2461 775 2510; x_wconf 92' lang='lat' dir='ltr'>quod</span> <span class='ocrx_word' id='word_1_308' title='bbox 793 2461 1072 2510; x_wconf 85' lang='lat' dir='ltr'>praedictarum</span> <span class='ocrx_word' id='word_1_309' title='bbox 1095 2473 1259 2514; x_wconf 87' lang='lat' dir='ltr'>quatuor</span> <span class='ocrx_word' id='word_1_310' title='bbox 1273 2478 1360 2515; x_wconf 90' lang='lat' dir='ltr'>pro-</span> 
     </span>
     <span class='ocr_line' id='line_1_50' title="bbox 293 2514 1360 2565; baseline 0.002 -12"><span class='ocrx_word' id='word_1_311' title='bbox 293 2515 529 2565; x_wconf 89' lang='lat' dir='ltr'>positionum</span> <span class='ocrx_word' id='word_1_312' title='bbox 558 2515 674 2562; x_wconf 90' lang='lat' dir='ltr'>duae,</span> <span class='ocrx_word' id='word_1_313' title='bbox 711 2514 850 2552; x_wconf 86' lang='lat' dir='ltr'>scilicet</span> <span class='ocrx_word' id='word_1_314' title='bbox 884 2528 982 2564; x_wconf 89' lang='lat' dir='ltr'>quae</span> <span class='ocrx_word' id='word_1_315' title='bbox 1015 2526 1102 2555; x_wconf 92' lang='lat' dir='ltr'>sunt</span> <span class='ocrx_word' id='word_1_316' title='bbox 1136 2519 1184 2555; x_wconf 93' lang='lat' dir='ltr'>de</span> <span class='ocrx_word' id='word_1_317' title='bbox 1212 2519 1360 2556; x_wconf 90' lang='lat' dir='ltr'>infinito</span> 
     </span>
     <span class='ocr_line' id='line_1_51' title="bbox 294 2569 1362 2620; baseline 0.002 -13"><span class='ocrx_word' id='word_1_318' title='bbox 294 2569 525 2620; x_wconf 85' lang='lat' dir='ltr'>praedicato,</span> <span class='ocrx_word' id='word_1_319' title='bbox 546 2570 599 2607; x_wconf 91' lang='lat' dir='ltr'>sic</span> <span class='ocrx_word' id='word_1_320' title='bbox 618 2582 659 2607; x_wconf 91' lang='lat' dir='ltr'>se</span> <span class='ocrx_word' id='word_1_321' title='bbox 678 2569 820 2606; x_wconf 88' lang='lat' dir='ltr'>habent</span> <span class='ocrx_word' id='word_1_322' title='bbox 839 2569 888 2606; x_wconf 90' lang='lat' dir='ltr'>ad</span> <span class='ocrx_word' id='word_1_323' title='bbox 911 2571 1206 2609; x_wconf 88' lang='lat' dir='ltr'>affirmationem</span> <span class='ocrx_word' id='word_1_324' title='bbox 1236 2580 1272 2609; x_wconf 93' lang='lat' dir='ltr'>et</span> <span class='ocrx_word' id='word_1_325' title='bbox 1297 2585 1362 2609; x_wconf 90' lang='lat' dir='ltr'>ne-</span> 
     </span>
     <span class='ocr_line' id='line_1_52' title="bbox 295 2623 1363 2672; baseline 0.003 -12"><span class='ocrx_word' id='word_1_326' title='bbox 295 2623 508 2672; x_wconf 89' lang='lat' dir='ltr'>gationem,</span> <span class='ocrx_word' id='word_1_327' title='bbox 537 2623 635 2661; x_wconf 92' lang='lat' dir='ltr'>idest</span> <span class='ocrx_word' id='word_1_328' title='bbox 666 2623 715 2660; x_wconf 91' lang='lat' dir='ltr'>ad</span> <span class='ocrx_word' id='word_1_329' title='bbox 744 2623 866 2672; x_wconf 90' lang='lat' dir='ltr'>ipsam</span> <span class='ocrx_word' id='word_1_330' title='bbox 901 2624 1069 2672; x_wconf 91' lang='lat' dir='ltr'>speciem</span> <span class='ocrx_word' id='word_1_331' title='bbox 1101 2626 1363 2663; x_wconf 87' lang='lat' dir='ltr'>affirmationis</span> 
     </span>
     <span class='ocr_line' id='line_1_53' title="bbox 297 2677 1363 2727; baseline 0.002 -13"><span class='ocrx_word' id='word_1_332' title='bbox 297 2684 334 2715; x_wconf 88' lang='lat' dir='ltr'>et</span> <span class='ocrx_word' id='word_1_333' title='bbox 347 2677 568 2726; x_wconf 89' lang='lat' dir='ltr'>negationis,</span> <span class='ocrx_word' id='word_1_334' title='bbox 584 2685 626 2714; x_wconf 93' lang='lat' dir='ltr'>ut</span> <span class='ocrx_word' id='word_1_335' title='bbox 639 2677 883 2726; x_wconf 87' lang='lat' dir='ltr'>privationes,</span> <span class='ocrx_word' id='word_1_336' title='bbox 895 2678 992 2715; x_wconf 91' lang='lat' dir='ltr'>idest</span> <span class='ocrx_word' id='word_1_337' title='bbox 1005 2686 1046 2715; x_wconf 93' lang='lat' dir='ltr'>ut</span> <span class='ocrx_word' id='word_1_338' title='bbox 1056 2679 1295 2727; x_wconf 74' lang='lat' dir='ltr'>*privativae</span> <span class='ocrx_word' id='word_1_339' title='bbox 1311 2680 1363 2716; x_wconf 87' lang='lat' dir='ltr'>af-</span> 
     </span>
    </p>
   </div>
   <div class='ocr_carea' id='block_1_19' title="bbox 258 2730 1362 2784">
    <p class='ocr_par' dir='ltr' id='par_1_21' title="bbox 258 2730 1362 2784">
     <span class='ocr_line' id='line_1_54' title="bbox 258 2730 1362 2784; baseline 0.003 -17"><span class='ocrx_word' id='word_1_340' title='bbox 258 2752 270 2784; x_wconf 65' lang='lat'><em>3</em></span> <span class='ocrx_word' id='word_1_341' title='bbox 296 2730 532 2768; x_wconf 84' lang='lat' dir='ltr'>firmationes</span> <span class='ocrx_word' id='word_1_342' title='bbox 547 2744 616 2768; x_wconf 92' lang='lat' dir='ltr'>seu</span> <span class='ocrx_word' id='word_1_343' title='bbox 630 2730 849 2778; x_wconf 88' lang='lat' dir='ltr'>negationes</span> <span class='ocrx_word' id='word_1_344' title='bbox 862 2731 891 2766; x_wconf 88' lang='grc'>*.</span> <span class='ocrx_word' id='word_1_345' title='bbox 905 2732 1011 2768; x_wconf 91' lang='lat' dir='ltr'>Haec</span> <span class='ocrx_word' id='word_1_346' title='bbox 1031 2732 1133 2769; x_wconf 89' lang='lat' dir='ltr'>enim</span> <span class='ocrx_word' id='word_1_347' title='bbox 1149 2733 1362 2780; x_wconf 89' lang='lat' dir='ltr'>affirmatio,</span> 
     </span>
    </p>
   </div>
   <div class='ocr_carea' id='block_1_20' title="bbox 297 2784 1364 2887">
    <p class='ocr_par' dir='ltr' id='par_1_22' title="bbox 297 2784 1364 2887">
     <span class='ocr_line' id='line_1_55' title="bbox 297 2784 1362 2834; baseline 0.002 -13"><span class='ocrx_word' id='word_1_348' title='bbox 297 2785 410 2822; x_wconf 84' lang='lat' dir='ltr'>homo</span> <span class='ocrx_word' id='word_1_349' title='bbox 430 2790 484 2821; x_wconf 81' lang='lat' dir='ltr'>est</span> <span class='ocrx_word' id='word_1_350' title='bbox 501 2797 575 2822; x_wconf 87' lang='lat' dir='ltr'>non</span> <span class='ocrx_word' id='word_1_351' title='bbox 591 2785 707 2821; x_wconf 83' lang='lat' dir='ltr'>iustus</span> <span class='ocrx_word' id='word_1_352' title='bbox 715 2791 735 2830; x_wconf 82' lang='lat'>¹,</span> <span class='ocrx_word' id='word_1_353' title='bbox 751 2796 830 2820; x_wconf 89' lang='lat' dir='ltr'>non</span> <span class='ocrx_word' id='word_1_354' title='bbox 846 2791 902 2821; x_wconf 89' lang='lat' dir='ltr'>est</span> <span class='ocrx_word' id='word_1_355' title='bbox 916 2784 1133 2834; x_wconf 89' lang='lat' dir='ltr'>simpliciter</span> <span class='ocrx_word' id='word_1_356' title='bbox 1148 2786 1362 2833; x_wconf 85' lang='lat' dir='ltr'>affirmatio,</span> 
     </span>
     <span class='ocr_line' id='line_1_56' title="bbox 299 2837 1364 2887; baseline 0.002 -13"><span class='ocrx_word' id='word_1_357' title='bbox 299 2837 368 2875; x_wconf 92' lang='lat' dir='ltr'>sed</span> <span class='ocrx_word' id='word_1_358' title='bbox 386 2838 600 2875; x_wconf 89' lang='lat' dir='ltr'>secundum</span> <span class='ocrx_word' id='word_1_359' title='bbox 615 2837 719 2887; x_wconf 92' lang='lat' dir='ltr'>quid,</span> <span class='ocrx_word' id='word_1_360' title='bbox 740 2837 847 2886; x_wconf 88' lang='lat' dir='ltr'>quasi</span> <span class='ocrx_word' id='word_1_361' title='bbox 873 2839 1086 2875; x_wconf 91' lang='lat' dir='ltr'>secundum</span> <span class='ocrx_word' id='word_1_362' title='bbox 1109 2839 1364 2887; x_wconf 90' lang='lat' dir='ltr'>privationem</span> 
     </span>
    </p>
   </div>
   <div class='ocr_carea' id='block_1_21' title="bbox 354 2967 1367 3004">
    <p class='ocr_par' dir='ltr' id='par_1_23' title="bbox 354 2967 1367 3004">
     <span class='ocr_line' id='line_1_57' title="bbox 354 2967 1367 3004; baseline 0.005 -12"><span class='ocrx_word' id='word_1_363' title='bbox 354 2968 379 3002; x_wconf 80' lang='grc' dir='ltr'>ζ)</span> <span class='ocrx_word' id='word_1_364' title='bbox 403 2968 537 3001; x_wconf 75' lang='lat' dir='ltr'>Negativa</span> <span class='ocrx_word' id='word_1_365' title='bbox 556 2975 618 2993; x_wconf 79' lang='lat' dir='ltr'>vero</span> <span class='ocrx_word' id='word_1_366' title='bbox 636 2967 824 3001; x_wconf 77' lang='lat' dir='ltr'>affirmativae,</span> <span class='ocrx_word' id='word_1_367' title='bbox 843 2969 942 2993; x_wconf 79' lang='lat' dir='ltr'>scilicet</span> <span class='ocrx_word' id='word_1_368' title='bbox 962 2969 1026 2994; x_wconf 83' lang='lat' dir='ltr'>haec</span> <span class='ocrx_word' id='word_1_369' title='bbox 1041 2972 1276 2996; x_wconf 87' lang='lat' dir='ltr'>etc.-lmmediate</span> <span class='ocrx_word' id='word_1_370' title='bbox 1295 2972 1367 3004; x_wconf 83' lang='lat' dir='ltr'>prius</span> 
     </span>
    </p>
   </div>
   <div class='ocr_carea' id='block_1_22' title="bbox 302 2999 1377 3038">
    <p class='ocr_par' dir='ltr' id='par_1_24' title="bbox 302 2999 1377 3038">
     <span class='ocr_line' id='line_1_58' title="bbox 302 2999 1377 3038; baseline 0.003 -9"><span class='ocrx_word' id='word_1_371' title='bbox 302 3004 398 3029; x_wconf 79' lang='lat' dir='ltr'>dictum</span> <span class='ocrx_word' id='word_1_372' title='bbox 417 3008 457 3028; x_wconf 87' lang='lat' dir='ltr'>est</span> <span class='ocrx_word' id='word_1_373' title='bbox 475 3003 546 3036; x_wconf 88' lang='lat' dir='ltr'>quod</span> <span class='ocrx_word' id='word_1_374' title='bbox 565 3002 715 3028; x_wconf 80' lang='lat' dir='ltr'>affirmativa</span> <span class='ocrx_word' id='word_1_375' title='bbox 729 3003 762 3027; x_wconf 93' lang='lat' dir='ltr'>de</span> <span class='ocrx_word' id='word_1_376' title='bbox 776 3004 921 3036; x_wconf 86' lang='lat' dir='ltr'>praedicato</span> <span class='ocrx_word' id='word_1_377' title='bbox 935 3004 1059 3036; x_wconf 88' lang='lat' dir='ltr'>privativo</span> <span class='ocrx_word' id='word_1_378' title='bbox 1073 3007 1214 3038; x_wconf 85' lang='lat' dir='ltr'>respondet</span> <span class='ocrx_word' id='word_1_379' title='bbox 1223 2999 1377 3032; x_wconf 55' lang='lat' dir='ltr'>secundum‘</span> 
     </span>
    </p>
   </div>
   <div class='ocr_carea' id='block_1_23' title="bbox 302 3037 1375 3671">
    <p class='ocr_par' dir='ltr' id='par_1_25' title="bbox 302 3037 1371 3354">
     <span class='ocr_line' id='line_1_59' title="bbox 302 3037 1368 3075; baseline 0.003 -11"><span class='ocrx_word' id='word_1_380' title='bbox 302 3038 516 3072; x_wconf 81' lang='lat' dir='ltr'>consequentiam</span> <span class='ocrx_word' id='word_1_381' title='bbox 543 3038 675 3070; x_wconf 80' lang='lat' dir='ltr'>negativae</span> <span class='ocrx_word' id='word_1_382' title='bbox 703 3038 735 3062; x_wconf 91' lang='lat' dir='ltr'>de</span> <span class='ocrx_word' id='word_1_383' title='bbox 753 3037 825 3063; x_wconf 86' lang='lat' dir='ltr'>finito</span> <span class='ocrx_word' id='word_1_384' title='bbox 849 3039 1003 3071; x_wconf 85' lang='lat' dir='ltr'>praedicato.</span> <span class='ocrx_word' id='word_1_385' title='bbox 1027 3040 1075 3065; x_wconf 90' lang='lat' dir='ltr'>Hic</span> <span class='ocrx_word' id='word_1_386' title='bbox 1098 3049 1160 3073; x_wconf 85' lang='lat' dir='ltr'>ergo</span> <span class='ocrx_word' id='word_1_387' title='bbox 1189 3042 1279 3066; x_wconf 89' lang='lat' dir='ltr'>dicitur</span> <span class='ocrx_word' id='word_1_388' title='bbox 1298 3043 1368 3075; x_wconf 90' lang='lat' dir='ltr'>quod</span> 
     </span>
     <span class='ocr_line' id='line_1_60' title="bbox 303 3073 1369 3107; baseline 0.004 -8"><span class='ocrx_word' id='word_1_389' title='bbox 303 3074 421 3106; x_wconf 83' lang='lat' dir='ltr'>negativa</span> <span class='ocrx_word' id='word_1_390' title='bbox 435 3073 558 3106; x_wconf 82' lang='lat' dir='ltr'>privativa</span> <span class='ocrx_word' id='word_1_391' title='bbox 576 3074 715 3106; x_wconf 81' lang='lat' dir='ltr'>respondet</span> <span class='ocrx_word' id='word_1_392' title='bbox 733 3074 876 3098; x_wconf 89' lang='lat' dir='ltr'>secundum</span> <span class='ocrx_word' id='word_1_393' title='bbox 895 3075 1107 3107; x_wconf 86' lang='lat' dir='ltr'>consequentiam</span> <span class='ocrx_word' id='word_1_394' title='bbox 1123 3075 1287 3102; x_wconf 84' lang='lat' dir='ltr'>affirmativae</span> <span class='ocrx_word' id='word_1_395' title='bbox 1306 3078 1369 3102; x_wconf 84' lang='lat' dir='ltr'>sim·</span> 
     </span>
     <span class='ocr_line' id='line_1_61' title="bbox 303 3108 1368 3146; baseline 0.004 -12"><span class='ocrx_word' id='word_1_396' title='bbox 303 3108 375 3143; x_wconf 84' lang='lat' dir='ltr'>plici3</span> <span class='ocrx_word' id='word_1_397' title='bbox 391 3116 494 3141; x_wconf 86' lang='lat' dir='ltr'>nempe,</span> <span class='ocrx_word' id='word_1_398' title='bbox 506 3108 584 3133; x_wconf 84' lang='lat' dir='ltr'>homo</span> <span class='ocrx_word' id='word_1_399' title='bbox 594 3116 646 3133; x_wconf 86' lang='lat' dir='ltr'>non</span> <span class='ocrx_word' id='word_1_400' title='bbox 656 3111 697 3134; x_wconf 81' lang='lat' dir='ltr'>est</span> <span class='ocrx_word' id='word_1_401' title='bbox 710 3108 831 3138; x_wconf 79' lang='lat' dir='ltr'>iniustus,</span> <span class='ocrx_word' id='word_1_402' title='bbox 846 3110 986 3142; x_wconf 87' lang='lat' dir='ltr'>respondet</span> <span class='ocrx_word' id='word_1_403' title='bbox 999 3111 1142 3136; x_wconf 86' lang='lat' dir='ltr'>secundum</span> <span class='ocrx_word' id='word_1_404' title='bbox 1157 3113 1368 3146; x_wconf 81' lang='lat' dir='ltr'>consequentiam</span> 
     </span>
     <span class='ocr_line' id='line_1_62' title="bbox 304 3143 1370 3181; baseline 0.003 -11"><span class='ocrx_word' id='word_1_405' title='bbox 304 3144 491 3178; x_wconf 84' lang='lat' dir='ltr'>propositioni,</span> <span class='ocrx_word' id='word_1_406' title='bbox 515 3143 593 3168; x_wconf 86' lang='lat' dir='ltr'>homo</span> <span class='ocrx_word' id='word_1_407' title='bbox 611 3147 651 3168; x_wconf 81' lang='lat' dir='ltr'>est</span> <span class='ocrx_word' id='word_1_408' title='bbox 673 3143 766 3169; x_wconf 77' lang='lat' dir='ltr'>iustus.</span> <span class='ocrx_word' id='word_1_409' title='bbox 785 3144 845 3169; x_wconf 86' lang='lat' dir='ltr'>Ideo</span> <span class='ocrx_word' id='word_1_410' title='bbox 863 3145 1014 3177; x_wconf 78' lang='lat' dir='ltr'>corrigenda</span> <span class='ocrx_word' id='word_1_411' title='bbox 1032 3151 1072 3171; x_wconf 89' lang='lat' dir='ltr'>est</span> <span class='ocrx_word' id='word_1_412' title='bbox 1094 3147 1169 3171; x_wconf 90' lang='lat' dir='ltr'>lectio</span> <span class='ocrx_word' id='word_1_413' title='bbox 1193 3148 1282 3178; x_wconf 83' lang='lat' dir='ltr'>Piana,</span> <span class='ocrx_word' id='word_1_414' title='bbox 1302 3156 1370 3181; x_wconf 86' lang='lat' dir='ltr'>quae</span> 
     </span>
     <span class='ocr_line' id='line_1_63' title="bbox 303 3178 1370 3216; baseline 0.003 -11"><span class='ocrx_word' id='word_1_415' title='bbox 303 3179 393 3205; x_wconf 85' lang='lat' dir='ltr'>habet:</span> <span class='ocrx_word' id='word_1_416' title='bbox 412 3178 553 3212; x_wconf 76' lang='lat' dir='ltr'>negativae</span> <span class='ocrx_word' id='word_1_417' title='bbox 569 3186 631 3203; x_wconf 79' lang='lat' dir='ltr'>vero</span> <span class='ocrx_word' id='word_1_418' title='bbox 644 3179 805 3211; x_wconf 74' lang='lat' dir='ltr'>privativae,</span> <span class='ocrx_word' id='word_1_419' title='bbox 820 3180 926 3209; x_wconf 80' lang='lat' dir='ltr'>scilicet,</span> <span class='ocrx_word' id='word_1_420' title='bbox 941 3180 1020 3206; x_wconf 85' lang='lat' dir='ltr'>homo</span> <span class='ocrx_word' id='word_1_421' title='bbox 1034 3189 1085 3206; x_wconf 83' lang='lat' dir='ltr'>non</span> <span class='ocrx_word' id='word_1_422' title='bbox 1104 3186 1144 3207; x_wconf 80' lang='lat' dir='ltr'>est</span> <span class='ocrx_word' id='word_1_423' title='bbox 1158 3182 1249 3212; x_wconf 83' lang='lat' dir='ltr'>iustus,</span> <span class='ocrx_word' id='word_1_424' title='bbox 1265 3183 1289 3208; x_wconf 88' lang='lat' dir='ltr'>ei</span> <span class='ocrx_word' id='word_1_425' title='bbox 1303 3190 1370 3216; x_wconf 84' lang='lat' dir='ltr'>quae</span> 
     </span>
     <span class='ocr_line' id='line_1_64' title="bbox 305 3214 1371 3251; baseline 0.002 -10"><span class='ocrx_word' id='word_1_426' title='bbox 305 3219 352 3244; x_wconf 78' lang='lat' dir='ltr'>est,</span> <span class='ocrx_word' id='word_1_427' title='bbox 371 3214 449 3239; x_wconf 84' lang='lat' dir='ltr'>homo</span> <span class='ocrx_word' id='word_1_428' title='bbox 468 3217 507 3239; x_wconf 81' lang='lat' dir='ltr'>est</span> <span class='ocrx_word' id='word_1_429' title='bbox 519 3214 731 3239; x_wconf 77' lang='lat' dir='ltr'>iustus.—Godd.</span> <span class='ocrx_word' id='word_1_430' title='bbox 749 3214 830 3239; x_wconf 86' lang='lat' dir='ltr'><strong>ABC:</strong></span> <span class='ocrx_word' id='word_1_431' title='bbox 850 3216 976 3248; x_wconf 78' lang='lat' dir='ltr'>negativa</span> <span class='ocrx_word' id='word_1_432' title='bbox 994 3223 1057 3242; x_wconf 78' lang='lat' dir='ltr'>vero</span> <span class='ocrx_word' id='word_1_433' title='bbox 1075 3217 1371 3251; x_wconf 79' lang='lat' dir='ltr'>affirmativae&#39;scilicet</span> 
     </span>
     <span class='ocr_line' id='line_1_65' title="bbox 305 3249 1369 3283; baseline 0.002 -7"><span class='ocrx_word' id='word_1_434' title='bbox 305 3251 370 3276; x_wconf 82' lang='lat' dir='ltr'>haec</span> <span class='ocrx_word' id='word_1_435' title='bbox 384 3249 420 3283; x_wconf 90' lang='grc' dir='ltr'>(Β</span> <span class='ocrx_word' id='word_1_436' title='bbox 434 3249 527 3273; x_wconf 90' lang='lat' dir='ltr'>omittit</span> <span class='ocrx_word' id='word_1_437' title='bbox 545 3249 629 3282; x_wconf 83' lang='lat' dir='ltr'>haec).</span> <span class='ocrx_word' id='word_1_438' title='bbox 648 3249 680 3274; x_wconf 88' lang='lat' dir='ltr'>Et</span> <span class='ocrx_word' id='word_1_439' title='bbox 693 3249 738 3274; x_wconf 88' lang='lat' dir='ltr'>AB</span> <span class='ocrx_word' id='word_1_440' title='bbox 757 3250 905 3282; x_wconf 84' lang='lat' dir='ltr'>exemplum</span> <span class='ocrx_word' id='word_1_441' title='bbox 923 3250 1020 3276; x_wconf 84' lang='lat' dir='ltr'>habent</span> <span class='ocrx_word' id='word_1_442' title='bbox 1042 3251 1092 3276; x_wconf 91' lang='lat' dir='ltr'>hoc</span> <span class='ocrx_word' id='word_1_443' title='bbox 1114 3253 1206 3277; x_wconf 81' lang='lat' dir='ltr'>modo:</span> <span class='ocrx_word' id='word_1_444' title='bbox 1220 3253 1299 3278; x_wconf 83' lang='lat' dir='ltr'>homo</span> <span class='ocrx_word' id='word_1_445' title='bbox 1318 3260 1369 3278; x_wconf 77' lang='lat' dir='ltr'>non</span> 
     </span>
     <span class='ocr_line' id='line_1_66' title="bbox 305 3284 1370 3316; baseline 0.002 -5"><span class='ocrx_word' id='word_1_446' title='bbox 305 3289 346 3311; x_wconf 80' lang='lat' dir='ltr'>est</span> <span class='ocrx_word' id='word_1_447' title='bbox 364 3285 456 3313; x_wconf 83' lang='lat' dir='ltr'>iustus,</span> <span class='ocrx_word' id='word_1_448' title='bbox 476 3284 501 3309; x_wconf 85' lang='lat' dir='ltr'>ei</span> <span class='ocrx_word' id='word_1_449' title='bbox 519 3291 586 3316; x_wconf 79' lang='lat' dir='ltr'>quae</span> <span class='ocrx_word' id='word_1_450' title='bbox 604 3287 656 3313; x_wconf 83' lang='lat' dir='ltr'>est,</span> <span class='ocrx_word' id='word_1_451' title='bbox 675 3284 753 3309; x_wconf 86' lang='lat' dir='ltr'>homo</span> <span class='ocrx_word' id='word_1_452' title='bbox 776 3288 815 3309; x_wconf 77' lang='lat' dir='ltr'>est</span> <span class='ocrx_word' id='word_1_453' title='bbox 833 3285 942 3311; x_wconf 57' lang='grc' dir='ltr'><strong><em>ἔπτυε.-</em></strong></span> <span class='ocrx_word' id='word_1_454' title='bbox 953 3286 1011 3311; x_wconf 88' lang='lat' dir='ltr'>CD:</span> <span class='ocrx_word' id='word_1_455' title='bbox 1029 3287 1107 3312; x_wconf 85' lang='lat' dir='ltr'>homo</span> <span class='ocrx_word' id='word_1_456' title='bbox 1126 3295 1177 3313; x_wconf 83' lang='lat' dir='ltr'>non</span> <span class='ocrx_word' id='word_1_457' title='bbox 1191 3291 1231 3312; x_wconf 81' lang='lat' dir='ltr'>est</span> <span class='ocrx_word' id='word_1_458' title='bbox 1249 3289 1370 3316; x_wconf 81' lang='lat' dir='ltr'>iniustus,</span> 
     </span>
     <span class='ocr_line' id='line_1_67' title="bbox 305 3319 745 3354; baseline -0.005 -8"><span class='ocrx_word' id='word_1_459' title='bbox 305 3322 330 3346; x_wconf 84' lang='lat' dir='ltr'>ei</span> <span class='ocrx_word' id='word_1_460' title='bbox 348 3327 415 3354; x_wconf 81' lang='lat' dir='ltr'>quae</span> <span class='ocrx_word' id='word_1_461' title='bbox 433 3323 480 3348; x_wconf 76' lang='lat' dir='ltr'>est,</span> <span class='ocrx_word' id='word_1_462' title='bbox 499 3319 577 3344; x_wconf 89' lang='lat' dir='ltr'>homo</span> <span class='ocrx_word' id='word_1_463' title='bbox 596 3322 635 3344; x_wconf 85' lang='lat' dir='ltr'>est</span> <span class='ocrx_word' id='word_1_464' title='bbox 654 3319 745 3344; x_wconf 79' lang='lat' dir='ltr'>iustus.</span> 
     </span>
    </p>

    <p class='ocr_par' dir='ltr' id='par_1_26' title="bbox 307 3354 1375 3671">
     <span class='ocr_line' id='line_1_68' title="bbox 359 3354 1371 3390; baseline 0.004 -11"><span class='ocrx_word' id='word_1_465' title='bbox 359 3355 387 3390; x_wconf 88' lang='grc' dir='ltr'>η)</span> <span class='ocrx_word' id='word_1_466' title='bbox 408 3355 437 3380; x_wconf 89' lang='lat' dir='ltr'>In</span> <span class='ocrx_word' id='word_1_467' title='bbox 458 3354 539 3379; x_wconf 83' lang='lat' dir='ltr'>tertia</span> <span class='ocrx_word' id='word_1_468' title='bbox 553 3361 623 3383; x_wconf 82' lang='lat' dir='ltr'>vero,</span> <span class='ocrx_word' id='word_1_469' title='bbox 639 3355 765 3387; x_wconf 82' lang='lat' dir='ltr'>negativa</span> <span class='ocrx_word' id='word_1_470' title='bbox 783 3361 831 3380; x_wconf 86' lang='lat' dir='ltr'>etc.</span> <span class='ocrx_word' id='word_1_471' title='bbox 846 3356 916 3381; x_wconf 87' lang='lat' dir='ltr'>Haec</span> <span class='ocrx_word' id='word_1_472' title='bbox 930 3356 1017 3381; x_wconf 80' lang='lat' dir='ltr'>omnia</span> <span class='ocrx_word' id='word_1_473' title='bbox 1030 3364 1115 3389; x_wconf 90' lang='lat' dir='ltr'>usque</span> <span class='ocrx_word' id='word_1_474' title='bbox 1129 3358 1161 3382; x_wconf 82' lang='lat' dir='ltr'>ad</span> <span class='ocrx_word' id='word_1_475' title='bbox 1174 3358 1222 3382; x_wconf 81' lang='lat' dir='ltr'>sub</span> <span class='ocrx_word' id='word_1_476' title='bbox 1237 3359 1371 3390; x_wconf 81' lang='lat' dir='ltr'>negativa,</span> 
     </span>
     <span class='ocr_line' id='line_1_69' title="bbox 307 3389 1371 3425; baseline 0 -8"><span class='ocrx_word' id='word_1_477' title='bbox 307 3397 333 3417; x_wconf 90' lang='lat' dir='ltr'>et</span> <span class='ocrx_word' id='word_1_478' title='bbox 351 3395 539 3423; x_wconf 88' lang='lat' dir='ltr'>consequenter</span> <span class='ocrx_word' id='word_1_479' title='bbox 557 3389 583 3414; x_wconf 92' lang='lat' dir='ltr'>in</span> <span class='ocrx_word' id='word_1_480' title='bbox 602 3389 684 3421; x_wconf 80' lang='lat' dir='ltr'>figura</span> <span class='ocrx_word' id='word_1_481' title='bbox 707 3390 824 3423; x_wconf 76' lang='lat' dir='ltr'>apposita</span> <span class='ocrx_word' id='word_1_482' title='bbox 843 3392 1049 3425; x_wconf 85' lang='lat' dir='ltr'>propositiones,</span> <span class='ocrx_word' id='word_1_483' title='bbox 1073 3393 1150 3417; x_wconf 84' lang='lat' dir='ltr'>homo</span> <span class='ocrx_word' id='word_1_484' title='bbox 1176 3400 1226 3417; x_wconf 85' lang='lat' dir='ltr'>non</span> <span class='ocrx_word' id='word_1_485' title='bbox 1246 3397 1286 3418; x_wconf 82' lang='lat' dir='ltr'>est</span> <span class='ocrx_word' id='word_1_486' title='bbox 1304 3393 1371 3417; x_wconf 81' lang='lat' dir='ltr'>iniu-</span> 
     </span>
     <span class='ocr_line' id='line_1_70' title="bbox 307 3425 1372 3457; baseline -0.001 -4"><span class='ocrx_word' id='word_1_487' title='bbox 307 3430 371 3455; x_wconf 74' lang='lat' dir='ltr'>stus,</span> <span class='ocrx_word' id='word_1_488' title='bbox 391 3427 469 3451; x_wconf 90' lang='lat' dir='ltr'>homo</span> <span class='ocrx_word' id='word_1_489' title='bbox 488 3428 527 3450; x_wconf 83' lang='lat' dir='ltr'>est</span> <span class='ocrx_word' id='word_1_490' title='bbox 542 3425 663 3454; x_wconf 81' lang='lat' dir='ltr'>iniustus,</span> <span class='ocrx_word' id='word_1_491' title='bbox 683 3425 858 3451; x_wconf 84' lang='lat' dir='ltr'>desiderantur</span> <span class='ocrx_word' id='word_1_492' title='bbox 876 3427 901 3451; x_wconf 91' lang='lat' dir='ltr'>in</span> <span class='ocrx_word' id='word_1_493' title='bbox 915 3427 971 3451; x_wconf 88' lang='lat' dir='ltr'>cod.</span> <span class='ocrx_word' id='word_1_494' title='bbox 987 3427 1022 3456; x_wconf 97' lang='lat' dir='ltr'>D,</span> <span class='ocrx_word' id='word_1_495' title='bbox 1042 3427 1120 3452; x_wconf 84' lang='lat' dir='ltr'>Piana</span> <span class='ocrx_word' id='word_1_496' title='bbox 1138 3433 1163 3451; x_wconf 93' lang='lat' dir='ltr'>et</span> <span class='ocrx_word' id='word_1_497' title='bbox 1181 3428 1285 3452; x_wconf 87' lang='lat' dir='ltr'>Venetis</span> <span class='ocrx_word' id='word_1_498' title='bbox 1305 3429 1372 3457; x_wconf 91' lang='lat' dir='ltr'>edd.;</span> 
     </span>
     <span class='ocr_line' id='line_1_71' title="bbox 308 3461 1374 3495; baseline -0.001 -7"><span class='ocrx_word' id='word_1_499' title='bbox 308 3463 355 3488; x_wconf 81' lang='lat' dir='ltr'>sed</span> <span class='ocrx_word' id='word_1_500' title='bbox 380 3470 410 3487; x_wconf 84' lang='lat' dir='ltr'>ea</span> <span class='ocrx_word' id='word_1_501' title='bbox 432 3462 589 3487; x_wconf 83' lang='lat' dir='ltr'>restituimus</span> <span class='ocrx_word' id='word_1_502' title='bbox 613 3468 643 3485; x_wconf 88' lang='lat' dir='ltr'>ex</span> <span class='ocrx_word' id='word_1_503' title='bbox 667 3461 743 3485; x_wconf 86' lang='lat' dir='ltr'>codd.</span> <span class='ocrx_word' id='word_1_504' title='bbox 761 3461 858 3486; x_wconf 86' lang='lat' dir='ltr'>ABCE.</span> <span class='ocrx_word' id='word_1_505' title='bbox 889 3461 1022 3486; x_wconf 81' lang='lat' dir='ltr'>Manifeste</span> <span class='ocrx_word' id='word_1_506' title='bbox 1044 3462 1112 3486; x_wconf 87' lang='lat' dir='ltr'>enim</span> <span class='ocrx_word' id='word_1_507' title='bbox 1137 3463 1227 3487; x_wconf 85' lang='lat' dir='ltr'>eadem</span> <span class='ocrx_word' id='word_1_508' title='bbox 1252 3463 1374 3495; x_wconf 88' lang='lat' dir='ltr'>supponit</span> 
     </span>
     <span class='ocr_line' id='line_1_72' title="bbox 309 3496 1373 3531; baseline -0.001 -8"><span class='ocrx_word' id='word_1_509' title='bbox 309 3505 432 3531; x_wconf 81' lang='lat' dir='ltr'>expressa</span> <span class='ocrx_word' id='word_1_510' title='bbox 449 3506 471 3523; x_wconf 88' lang='lat' dir='ltr'>s.</span> <span class='ocrx_word' id='word_1_511' title='bbox 486 3497 602 3522; x_wconf 81' lang='lat' dir='ltr'>Thomas</span> <span class='ocrx_word' id='word_1_512' title='bbox 621 3496 647 3520; x_wconf 89' lang='lat' dir='ltr'>in</span> <span class='ocrx_word' id='word_1_513' title='bbox 666 3496 696 3520; x_wconf 82' lang='lat' dir='ltr'>iis</span> <span class='ocrx_word' id='word_1_514' title='bbox 715 3503 782 3528; x_wconf 85' lang='lat' dir='ltr'>quae</span> <span class='ocrx_word' id='word_1_515' title='bbox 801 3497 935 3521; x_wconf 85' lang='lat' dir='ltr'>concludit:</span> <span class='ocrx_word' id='word_1_516' title='bbox 956 3497 1001 3521; x_wconf 77' lang='lat' dir='ltr'>SIc</span> <span class='ocrx_word' id='word_1_517' title='bbox 1024 3504 1089 3530; x_wconf 81' lang='lat' dir='ltr'>ergo</span> <span class='ocrx_word' id='word_1_518' title='bbox 1108 3497 1189 3526; x_wconf 81' lang='lat' dir='ltr'>duae,</span> <span class='ocrx_word' id='word_1_519' title='bbox 1208 3498 1307 3522; x_wconf 80' lang='lat' dir='ltr'>scilicet</span> <span class='ocrx_word' id='word_1_520' title='bbox 1326 3504 1373 3522; x_wconf 90' lang='lat' dir='ltr'>etc.</span> 
     </span>
     <span class='ocr_line' id='line_1_73' title="bbox 310 3531 1373 3565; baseline -0.001 -7"><span class='ocrx_word' id='word_1_521' title='bbox 310 3533 392 3558; x_wconf 88' lang='lat' dir='ltr'>Codd.</span> <span class='ocrx_word' id='word_1_522' title='bbox 407 3531 454 3558; x_wconf 89' lang='lat' dir='ltr'>AB</span> <span class='ocrx_word' id='word_1_523' title='bbox 473 3532 569 3558; x_wconf 83' lang='lat' dir='ltr'>habent</span> <span class='ocrx_word' id='word_1_524' title='bbox 582 3539 649 3564; x_wconf 90' lang='lat' dir='ltr'>quae</span> <span class='ocrx_word' id='word_1_525' title='bbox 667 3531 813 3555; x_wconf 84' lang='lat' dir='ltr'>addidimus</span> <span class='ocrx_word' id='word_1_526' title='bbox 827 3539 857 3556; x_wconf 85' lang='lat' dir='ltr'>ex</span> <span class='ocrx_word' id='word_1_527' title='bbox 876 3531 930 3556; x_wconf 86' lang='lat' dir='ltr'>aliis</span> <span class='ocrx_word' id='word_1_528' title='bbox 945 3532 1027 3561; x_wconf 65' lang='lat' dir='ltr'>codd„</span> <span class='ocrx_word' id='word_1_529' title='bbox 1047 3537 1148 3564; x_wconf 79' lang='lat' dir='ltr'>praeter</span> <span class='ocrx_word' id='word_1_530' title='bbox 1161 3531 1277 3564; x_wconf 83' lang='lat' dir='ltr'>figuram,</span> <span class='ocrx_word' id='word_1_531' title='bbox 1294 3541 1373 3565; x_wconf 87' lang='lat' dir='ltr'>quam</span> 
     </span>
     <span class='ocr_line' id='line_1_74' title="bbox 310 3566 1373 3601; baseline -0.001 -8"><span class='ocrx_word' id='word_1_532' title='bbox 310 3576 363 3593; x_wconf 90' lang='lat' dir='ltr'>non</span> <span class='ocrx_word' id='word_1_533' title='bbox 377 3569 463 3593; x_wconf 84' lang='lat' dir='ltr'>solum</span> <span class='ocrx_word' id='word_1_534' title='bbox 477 3576 507 3593; x_wconf 85' lang='lat' dir='ltr'>ex</span> <span class='ocrx_word' id='word_1_535' title='bbox 521 3573 600 3601; x_wconf 87' lang='lat' dir='ltr'>parte,</span> <span class='ocrx_word' id='word_1_536' title='bbox 610 3572 639 3592; x_wconf 92' lang='lat' dir='ltr'>ut</span> <span class='ocrx_word' id='word_1_537' title='bbox 653 3566 738 3596; x_wconf 68' lang='lat' dir='ltr'>Pinna,</span> <span class='ocrx_word' id='word_1_538' title='bbox 751 3567 798 3591; x_wconf 90' lang='lat' dir='ltr'>sed</span> <span class='ocrx_word' id='word_1_539' title='bbox 813 3567 937 3598; x_wconf 80' lang='lat' dir='ltr'>integram</span> <span class='ocrx_word' id='word_1_540' title='bbox 951 3567 1080 3597; x_wconf 81' lang='lat' dir='ltr'>omittunt,</span> <span class='ocrx_word' id='word_1_541' title='bbox 1095 3567 1154 3592; x_wconf 90' lang='lat' dir='ltr'>licet</span> <span class='ocrx_word' id='word_1_542' title='bbox 1172 3575 1229 3592; x_wconf 85' lang='lat' dir='ltr'>eam</span> <span class='ocrx_word' id='word_1_543' title='bbox 1244 3575 1303 3592; x_wconf 89' lang='lat' dir='ltr'>cum</span> <span class='ocrx_word' id='word_1_544' title='bbox 1318 3568 1373 3592; x_wconf 84' lang='lat' dir='ltr'>aliis</span> 
     </span>
     <span class='ocr_line' id='line_1_75' title="bbox 311 3601 1375 3636; baseline -0.001 -8"><span class='ocrx_word' id='word_1_545' title='bbox 311 3603 386 3628; x_wconf 88' lang='lat' dir='ltr'>codd.</span> <span class='ocrx_word' id='word_1_546' title='bbox 405 3603 568 3636; x_wconf 80' lang='lat' dir='ltr'>promittant:</span> <span class='ocrx_word' id='word_1_547' title='bbox 589 3606 618 3627; x_wconf 84' lang='lat' dir='ltr'>ut</span> <span class='ocrx_word' id='word_1_548' title='bbox 637 3605 714 3634; x_wconf 78' lang='lat' dir='ltr'>patet</span> <span class='ocrx_word' id='word_1_549' title='bbox 737 3601 763 3627; x_wconf 83' lang='lat' dir='ltr'>in</span> <span class='ocrx_word' id='word_1_550' title='bbox 782 3602 931 3634; x_wconf 79' lang='lat' dir='ltr'>subscripta</span> <span class='ocrx_word' id='word_1_551' title='bbox 947 3602 1052 3635; x_wconf 83' lang='lat' dir='ltr'>figura.</span> <span class='ocrx_word' id='word_1_552' title='bbox 1066 3616 1086 3621; x_wconf 94' lang='lat'>-</span> <span class='ocrx_word' id='word_1_553' title='bbox 1102 3603 1130 3627; x_wconf 90' lang='lat' dir='ltr'>In</span> <span class='ocrx_word' id='word_1_554' title='bbox 1149 3602 1205 3627; x_wconf 89' lang='lat' dir='ltr'>cod.</span> <span class='ocrx_word' id='word_1_555' title='bbox 1225 3602 1246 3626; x_wconf 93' lang='lat' dir='ltr'>C</span> <span class='ocrx_word' id='word_1_556' title='bbox 1265 3603 1375 3634; x_wconf 87' lang='lat' dir='ltr'>ipsamet</span> 
     </span>
     <span class='ocr_line' id='line_1_76' title="bbox 311 3637 1374 3671; baseline -0.002 -7"><span class='ocrx_word' id='word_1_557' title='bbox 311 3637 394 3671; x_wconf 75' lang='lat' dir='ltr'>figura</span> <span class='ocrx_word' id='word_1_558' title='bbox 412 3638 565 3664; x_wconf 82' lang='lat' dir='ltr'>describitur</span> <span class='ocrx_word' id='word_1_559' title='bbox 583 3638 608 3662; x_wconf 90' lang='lat' dir='ltr'>in</span> <span class='ocrx_word' id='word_1_560' title='bbox 628 3637 744 3669; x_wconf 85' lang='lat' dir='ltr'>margine</span> <span class='ocrx_word' id='word_1_561' title='bbox 762 3637 888 3667; x_wconf 86' lang='lat' dir='ltr'>inferiori,</span> <span class='ocrx_word' id='word_1_562' title='bbox 913 3643 938 3662; x_wconf 87' lang='lat' dir='ltr'>et</span> <span class='ocrx_word' id='word_1_563' title='bbox 956 3637 1022 3662; x_wconf 90' lang='lat' dir='ltr'>inter</span> <span class='ocrx_word' id='word_1_564' title='bbox 1044 3645 1123 3662; x_wconf 90' lang='lat' dir='ltr'>unam</span> <span class='ocrx_word' id='word_1_565' title='bbox 1142 3642 1167 3662; x_wconf 93' lang='lat' dir='ltr'>et</span> <span class='ocrx_word' id='word_1_566' title='bbox 1186 3638 1291 3662; x_wconf 83' lang='lat' dir='ltr'>alteram</span> <span class='ocrx_word' id='word_1_567' title='bbox 1315 3646 1374 3670; x_wconf 89' lang='lat' dir='ltr'>pro-</span> 
     </span>
    </p>
   </div>
   <div class='ocr_carea' id='block_1_24' title="bbox 454 3691 789 3724">
    <p class='ocr_par' dir='ltr' id='par_1_27' title="bbox 454 3691 789 3724">
     <span class='ocr_line' id='line_1_77' title="bbox 454 3691 789 3724; baseline -0.009 -7"><span class='ocrx_word' id='word_1_568' title='bbox 454 3692 523 3724; x_wconf 85' lang='lat' dir='ltr'>Opp.</span> <span class='ocrx_word' id='word_1_569' title='bbox 543 3692 572 3716; x_wconf 92' lang='lat' dir='ltr'>D.</span> <span class='ocrx_word' id='word_1_570' title='bbox 588 3692 701 3715; x_wconf 58' lang='lat' dir='ltr'>Tunius</span> <span class='ocrx_word' id='word_1_571' title='bbox 720 3691 752 3715; x_wconf 90' lang='grc' dir='ltr'>Τ.</span> <span class='ocrx_word' id='word_1_572' title='bbox 772 3692 789 3714; x_wconf 90' lang='grc' dir='ltr'>Ι.</span> 
     </span>
    </p>
   </div>
   <div class='ocr_carea' id='block_1_25' title="bbox 2411 297 2453 331">
    <p class='ocr_par' dir='ltr' id='par_1_28' title="bbox 2411 297 2453 331">
     <span class='ocr_line' id='line_1_78' title="bbox 2411 297 2453 331; baseline 0 0"><span class='ocrx_word' id='word_1_573' title='bbox 2411 297 2453 331; x_wconf 92' lang='lat'>81</span> 
     </span>
    </p>
   </div>
   <div class='ocr_carea' id='block_1_26' title="bbox 1398 373 2467 909">
    <p class='ocr_par' dir='ltr' id='par_1_29' title="bbox 1398 373 2467 909">
     <span class='ocr_line' id='line_1_79' title="bbox 1398 373 2460 419; baseline 0.003 -10"><span class='ocrx_word' id='word_1_574' title='bbox 1398 373 1619 419; x_wconf 76' lang='lat' dir='ltr'>affirmatio3</span> <span class='ocrx_word' id='word_1_575' title='bbox 1648 373 1743 410; x_wconf 88' lang='lat' dir='ltr'>sicut</span> <span class='ocrx_word' id='word_1_576' title='bbox 1770 375 1889 411; x_wconf 89' lang='lat' dir='ltr'>homo</span> <span class='ocrx_word' id='word_1_577' title='bbox 1927 383 2101 413; x_wconf 87' lang='lat' dir='ltr'>mortuus</span> <span class='ocrx_word' id='word_1_578' title='bbox 2135 388 2213 412; x_wconf 92' lang='lat' dir='ltr'>non</span> <span class='ocrx_word' id='word_1_579' title='bbox 2251 384 2306 412; x_wconf 90' lang='lat' dir='ltr'>est</span> <span class='ocrx_word' id='word_1_580' title='bbox 2342 377 2460 412; x_wconf 91' lang='lat' dir='ltr'>homo</span> 
     </span>
     <span class='ocr_line' id='line_1_80' title="bbox 1398 426 2461 478; baseline 0.006 -16"><span class='ocrx_word' id='word_1_581' title='bbox 1398 426 1631 474; x_wconf 91' lang='lat' dir='ltr'>simpliciter,</span> <span class='ocrx_word' id='word_1_582' title='bbox 1661 427 1729 464; x_wconf 91' lang='lat' dir='ltr'>sed</span> <span class='ocrx_word' id='word_1_583' title='bbox 1758 428 1970 466; x_wconf 88' lang='lat' dir='ltr'>secundum</span> <span class='ocrx_word' id='word_1_584' title='bbox 1998 428 2270 478; x_wconf 81' lang='lat' dir='ltr'>privationem3</span> <span class='ocrx_word' id='word_1_585' title='bbox 2296 437 2332 465; x_wconf 92' lang='lat' dir='ltr'>et</span> <span class='ocrx_word' id='word_1_586' title='bbox 2359 430 2461 468; x_wconf 90' lang='lat' dir='ltr'>idem</span> 
     </span>
     <span class='ocr_line' id='line_1_81' title="bbox 1399 479 2462 531; baseline 0.004 -16"><span class='ocrx_word' id='word_1_587' title='bbox 1399 479 1604 516; x_wconf 89' lang='lat' dir='ltr'>dicendum</span> <span class='ocrx_word' id='word_1_588' title='bbox 1634 488 1690 517; x_wconf 91' lang='lat' dir='ltr'>est</span> <span class='ocrx_word' id='word_1_589' title='bbox 1718 481 1766 518; x_wconf 94' lang='lat' dir='ltr'>de</span> <span class='ocrx_word' id='word_1_590' title='bbox 1794 482 1989 530; x_wconf 89' lang='lat' dir='ltr'>negativa,</span> <span class='ocrx_word' id='word_1_591' title='bbox 2020 495 2117 531; x_wconf 89' lang='lat' dir='ltr'>quae</span> <span class='ocrx_word' id='word_1_592' title='bbox 2151 490 2206 519; x_wconf 92' lang='lat' dir='ltr'>est</span> <span class='ocrx_word' id='word_1_593' title='bbox 2239 483 2286 520; x_wconf 92' lang='lat' dir='ltr'>de</span> <span class='ocrx_word' id='word_1_594' title='bbox 2314 483 2462 520; x_wconf 90' lang='lat' dir='ltr'>infinito</span> 
     </span>
     <span class='ocr_line' id='line_1_82' title="bbox 1398 533 2462 585; baseline 0.004 -16"><span class='ocrx_word' id='word_1_595' title='bbox 1398 533 1627 581; x_wconf 74' lang='lat' dir='ltr'>praedicato,</span> <span class='ocrx_word' id='word_1_596' title='bbox 1649 535 1759 571; x_wconf 88' lang='lat' dir='ltr'>Duae</span> <span class='ocrx_word' id='word_1_597' title='bbox 1778 547 1889 582; x_wconf 92' lang='lat' dir='ltr'>vero,</span> <span class='ocrx_word' id='word_1_598' title='bbox 1911 548 2009 585; x_wconf 88' lang='lat' dir='ltr'>quae</span> <span class='ocrx_word' id='word_1_599' title='bbox 2038 545 2124 573; x_wconf 90' lang='lat' dir='ltr'>sunt</span> <span class='ocrx_word' id='word_1_600' title='bbox 2153 536 2199 573; x_wconf 93' lang='lat' dir='ltr'>de</span> <span class='ocrx_word' id='word_1_601' title='bbox 2219 536 2326 573; x_wconf 89' lang='lat' dir='ltr'>finito</span> <span class='ocrx_word' id='word_1_602' title='bbox 2355 549 2462 585; x_wconf 88' lang='lat' dir='ltr'>prae-</span> 
     </span>
     <span class='ocr_line' id='line_1_83' title="bbox 1401 587 2464 637; baseline 0.005 -15"><span class='ocrx_word' id='word_1_603' title='bbox 1401 587 1545 634; x_wconf 83' lang='lat' dir='ltr'>dicato,</span> <span class='ocrx_word' id='word_1_604' title='bbox 1575 599 1654 624; x_wconf 90' lang='lat' dir='ltr'>non</span> <span class='ocrx_word' id='word_1_605' title='bbox 1682 601 1723 624; x_wconf 92' lang='lat' dir='ltr'>se</span> <span class='ocrx_word' id='word_1_606' title='bbox 1750 589 1892 626; x_wconf 88' lang='lat' dir='ltr'>habent</span> <span class='ocrx_word' id='word_1_607' title='bbox 1920 589 1968 626; x_wconf 89' lang='lat' dir='ltr'>ad</span> <span class='ocrx_word' id='word_1_608' title='bbox 1996 589 2163 637; x_wconf 90' lang='lat' dir='ltr'>speciem</span> <span class='ocrx_word' id='word_1_609' title='bbox 2203 590 2464 627; x_wconf 83' lang='lat' dir='ltr'>affirmationis</span> 
     </span>
     <span class='ocr_line' id='line_1_84' title="bbox 1401 641 2463 693; baseline 0.005 -17"><span class='ocrx_word' id='word_1_610' title='bbox 1401 648 1437 676; x_wconf 92' lang='lat' dir='ltr'>et</span> <span class='ocrx_word' id='word_1_611' title='bbox 1464 641 1673 687; x_wconf 89' lang='lat' dir='ltr'>negationis</span> <span class='ocrx_word' id='word_1_612' title='bbox 1700 642 1911 680; x_wconf 91' lang='lat' dir='ltr'>secundum</span> <span class='ocrx_word' id='word_1_613' title='bbox 1937 642 2203 692; x_wconf 87' lang='lat' dir='ltr'>privationem,</span> <span class='ocrx_word' id='word_1_614' title='bbox 2226 644 2294 681; x_wconf 91' lang='lat' dir='ltr'>sed</span> <span class='ocrx_word' id='word_1_615' title='bbox 2322 644 2463 693; x_wconf 91' lang='lat' dir='ltr'>simpli-</span> 
     </span>
     <span class='ocr_line' id='line_1_85' title="bbox 1402 694 2465 747; baseline 0.004 -17"><span class='ocrx_word' id='word_1_616' title='bbox 1402 694 1501 730; x_wconf 90' lang='lat' dir='ltr'>citer.</span> <span class='ocrx_word' id='word_1_617' title='bbox 1524 695 1630 730; x_wconf 90' lang='lat' dir='ltr'>Haec</span> <span class='ocrx_word' id='word_1_618' title='bbox 1659 696 1772 742; x_wconf 92' lang='lat' dir='ltr'>enim,</span> <span class='ocrx_word' id='word_1_619' title='bbox 1793 697 1905 733; x_wconf 86' lang='lat' dir='ltr'>homo</span> <span class='ocrx_word' id='word_1_620' title='bbox 1933 703 1988 734; x_wconf 84' lang='lat' dir='ltr'>est</span> <span class='ocrx_word' id='word_1_621' title='bbox 2013 696 2138 744; x_wconf 82' lang='lat' dir='ltr'>iustus,</span> <span class='ocrx_word' id='word_1_622' title='bbox 2165 706 2221 735; x_wconf 88' lang='lat' dir='ltr'>est</span> <span class='ocrx_word' id='word_1_623' title='bbox 2248 698 2465 747; x_wconf 91' lang='lat' dir='ltr'>simpliciter</span> 
     </span>
     <span class='ocr_line' id='line_1_86' title="bbox 1402 747 2463 798; baseline 0.005 -15"><span class='ocrx_word' id='word_1_624' title='bbox 1402 747 1640 793; x_wconf 85' lang='lat' dir='ltr'>affirmativa,</span> <span class='ocrx_word' id='word_1_625' title='bbox 1662 755 1699 784; x_wconf 91' lang='lat' dir='ltr'>et</span> <span class='ocrx_word' id='word_1_626' title='bbox 1717 749 1823 796; x_wconf 87' lang='lat' dir='ltr'>haec,</span> <span class='ocrx_word' id='word_1_627' title='bbox 1843 751 1955 787; x_wconf 89' lang='lat' dir='ltr'>homo</span> <span class='ocrx_word' id='word_1_628' title='bbox 1975 760 2049 787; x_wconf 91' lang='lat' dir='ltr'>non</span> <span class='ocrx_word' id='word_1_629' title='bbox 2069 757 2124 787; x_wconf 79' lang='lat' dir='ltr'>est</span> <span class='ocrx_word' id='word_1_630' title='bbox 2149 752 2275 798; x_wconf 81' lang='lat' dir='ltr'>iustus,</span> <span class='ocrx_word' id='word_1_631' title='bbox 2297 759 2354 789; x_wconf 89' lang='lat' dir='ltr'>est</span> <span class='ocrx_word' id='word_1_632' title='bbox 2376 752 2463 788; x_wconf 85' lang='lat' dir='ltr'>sim·</span> 
     </span>
     <span class='ocr_line' id='line_1_87' title="bbox 1400 800 2467 848; baseline 0.006 -13"><span class='ocrx_word' id='word_1_633' title='bbox 1400 800 1544 848; x_wconf 89' lang='lat' dir='ltr'>pliciter</span> <span class='ocrx_word' id='word_1_634' title='bbox 1577 800 1761 847; x_wconf 88' lang='lat' dir='ltr'>negativa.</span> <span class='ocrx_word' id='word_1_635' title='bbox 1782 822 1806 829; x_wconf 94' lang='lat'>-</span> <span class='ocrx_word' id='word_1_636' title='bbox 1827 803 1904 839; x_wconf 91' lang='lat' dir='ltr'>Sed</span> <span class='ocrx_word' id='word_1_637' title='bbox 1932 815 2002 840; x_wconf 89' lang='lat' dir='ltr'>nec</span> <span class='ocrx_word' id='word_1_638' title='bbox 2038 804 2099 840; x_wconf 92' lang='lat' dir='ltr'>hic</span> <span class='ocrx_word' id='word_1_639' title='bbox 2127 817 2260 842; x_wconf 90' lang='lat' dir='ltr'>sensus</span> <span class='ocrx_word' id='word_1_640' title='bbox 2289 805 2467 843; x_wconf 88' lang='lat' dir='ltr'>convenit</span> 
     </span>
     <span class='ocr_line' id='line_1_88' title="bbox 1401 853 2467 909; baseline 0.008 -21"><span class='ocrx_word' id='word_1_641' title='bbox 1401 853 1529 890; x_wconf 91' lang='lat' dir='ltr'>verbis</span> <span class='ocrx_word' id='word_1_642' title='bbox 1557 853 1777 891; x_wconf 85' lang='lat' dir='ltr'>Aristotelis.</span> <span class='ocrx_word' id='word_1_643' title='bbox 1805 855 1904 892; x_wconf 91' lang='lat' dir='ltr'>Dicit</span> <span class='ocrx_word' id='word_1_644' title='bbox 1932 857 2034 894; x_wconf 91' lang='lat' dir='ltr'>enim</span> <span class='ocrx_word' id='word_1_645' title='bbox 2067 858 2179 894; x_wconf 88' lang='lat' dir='ltr'>infra:</span> <span class='ocrx_word' id='word_1_646' title='bbox 2205 860 2317 896; x_wconf 89' lang='lat' dir='ltr'>Haec</span> <span class='ocrx_word' id='word_1_647' title='bbox 2351 860 2467 909; x_wconf 84' lang='lat' dir='ltr'>igitur</span> 
     </span>
    </p>
   </div>
   <div class='ocr_carea' id='block_1_27' title="bbox 1402 907 2471 959">
    <p class='ocr_par' dir='ltr' id='par_1_30' title="bbox 1402 907 2471 959">
     <span class='ocr_line' id='line_1_89' title="bbox 1402 907 2471 959; baseline 0.007 -18"><span class='ocrx_word' id='word_1_648' title='bbox 1402 907 1717 955; x_wconf 84' lang='lat' dir='ltr'>quemadmodum</span> <span class='ocrx_word' id='word_1_649' title='bbox 1732 907 1769 943; x_wconf 89' lang='lat' dir='ltr'>in</span> <span class='ocrx_word' id='word_1_650' title='bbox 1789 909 2032 947; x_wconf 82' lang='lat' dir='ltr'>Resolutoriis</span> <span class='ocrx_word' id='word_1_651' title='bbox 2045 911 2065 931; x_wconf 58' lang='lat' dir='ltr'>e</span> <span class='ocrx_word' id='word_1_652' title='bbox 2079 912 2215 948; x_wconf 81' lang='lat' dir='ltr'>dictum</span> <span class='ocrx_word' id='word_1_653' title='bbox 2235 919 2298 959; x_wconf 83' lang='lat' dir='ltr'>est,</span> <span class='ocrx_word' id='word_1_654' title='bbox 2313 913 2366 950; x_wconf 83' lang='lat' dir='ltr'>sic</span> <span class='ocrx_word' id='word_1_655' title='bbox 2383 918 2471 950; x_wconf 83' lang='lat' dir='ltr'>sunt</span> 
     </span>
    </p>
   </div>
   <div class='ocr_carea' id='block_1_28' title="bbox 1404 959 2484 2886">
    <p class='ocr_par' dir='ltr' id='par_1_31' title="bbox 1404 959 2469 1222">
     <span class='ocr_line' id='line_1_90' title="bbox 1404 959 2466 1016; baseline 0.01 -22"><span class='ocrx_word' id='word_1_656' title='bbox 1404 960 1597 1008; x_wconf 84' lang='lat' dir='ltr'>disposita;</span> <span class='ocrx_word' id='word_1_657' title='bbox 1616 960 1682 995; x_wconf 90' lang='lat' dir='ltr'>ubi</span> <span class='ocrx_word' id='word_1_658' title='bbox 1702 959 1791 996; x_wconf 90' lang='lat' dir='ltr'>nihil</span> <span class='ocrx_word' id='word_1_659' title='bbox 1811 961 2002 999; x_wconf 88' lang='lat' dir='ltr'>invenitur</span> <span class='ocrx_word' id='word_1_660' title='bbox 2021 964 2069 1000; x_wconf 90' lang='lat' dir='ltr'>ad</span> <span class='ocrx_word' id='word_1_661' title='bbox 2088 965 2189 1001; x_wconf 92' lang='lat' dir='ltr'>hunc</span> <span class='ocrx_word' id='word_1_662' title='bbox 2209 979 2363 1003; x_wconf 89' lang='lat' dir='ltr'>sensum</span> <span class='ocrx_word' id='word_1_663' title='bbox 2382 980 2466 1016; x_wconf 91' lang='lat' dir='ltr'>per-</span> 
     </span>
     <span class='ocr_line' id='line_1_91' title="bbox 1404 1013 2468 1068; baseline 0.01 -21"><span class='ocrx_word' id='word_1_664' title='bbox 1404 1013 1538 1049; x_wconf 90' lang='lat' dir='ltr'>tinens.</span> <span class='ocrx_word' id='word_1_665' title='bbox 1568 1013 1618 1048; x_wconf 91' lang='lat' dir='ltr'>Et</span> <span class='ocrx_word' id='word_1_666' title='bbox 1645 1013 1732 1049; x_wconf 92' lang='lat' dir='ltr'>ideo</span> <span class='ocrx_word' id='word_1_667' title='bbox 1761 1015 1991 1052; x_wconf 89' lang='lat' dir='ltr'>Ammonius</span> <span class='ocrx_word' id='word_1_668' title='bbox 2018 1029 2063 1052; x_wconf 86' lang='lat' dir='ltr'>ex</span> <span class='ocrx_word' id='word_1_669' title='bbox 2092 1018 2164 1064; x_wconf 92' lang='lat' dir='ltr'>his,</span> <span class='ocrx_word' id='word_1_670' title='bbox 2200 1032 2297 1068; x_wconf 92' lang='lat' dir='ltr'>quae</span> <span class='ocrx_word' id='word_1_671' title='bbox 2328 1021 2365 1057; x_wconf 90' lang='lat' dir='ltr'>in</span> <span class='ocrx_word' id='word_1_672' title='bbox 2391 1021 2468 1058; x_wconf 90' lang='lat' dir='ltr'>fine</span> 
     </span>
     <span class='ocr_line' id='line_1_92' title="bbox 1405 1065 2468 1124; baseline 0.01 -23"><span class='ocrx_word' id='word_1_673' title='bbox 1405 1067 1420 1101; x_wconf 93' lang='grc' dir='ltr'>Ι</span> <span class='ocrx_word' id='word_1_674' title='bbox 1448 1066 1627 1102; x_wconf 86' lang='lat' dir='ltr'>Priorum</span> <span class='ocrx_word' id='word_1_675' title='bbox 1655 1066 1675 1086; x_wconf 79' lang='grc'><strong>*</strong></span> <span class='ocrx_word' id='word_1_676' title='bbox 1703 1065 1878 1103; x_wconf 90' lang='lat' dir='ltr'>dicuntur</span> <span class='ocrx_word' id='word_1_677' title='bbox 1911 1067 1958 1104; x_wconf 90' lang='lat' dir='ltr'>de</span> <span class='ocrx_word' id='word_1_678' title='bbox 1997 1071 2335 1120; x_wconf 91' lang='lat' dir='ltr'>propositionibus,</span> <span class='ocrx_word' id='word_1_679' title='bbox 2371 1087 2468 1124; x_wconf 92' lang='lat' dir='ltr'>quae</span> 
     </span>
     <span class='ocr_line' id='line_1_93' title="bbox 1406 1118 2469 1176; baseline 0.01 -22"><span class='ocrx_word' id='word_1_680' title='bbox 1406 1125 1494 1154; x_wconf 91' lang='lat' dir='ltr'>sunt</span> <span class='ocrx_word' id='word_1_681' title='bbox 1522 1118 1569 1155; x_wconf 90' lang='lat' dir='ltr'>de</span> <span class='ocrx_word' id='word_1_682' title='bbox 1604 1118 1711 1154; x_wconf 89' lang='lat' dir='ltr'>finito</span> <span class='ocrx_word' id='word_1_683' title='bbox 1744 1120 1807 1155; x_wconf 94' lang='lat' dir='ltr'>vel</span> <span class='ocrx_word' id='word_1_684' title='bbox 1835 1119 1983 1157; x_wconf 89' lang='lat' dir='ltr'>infinito</span> <span class='ocrx_word' id='word_1_685' title='bbox 2017 1124 2079 1158; x_wconf 92' lang='lat' dir='ltr'>vel</span> <span class='ocrx_word' id='word_1_686' title='bbox 2106 1124 2294 1172; x_wconf 89' lang='lat' dir='ltr'>privativo</span> <span class='ocrx_word' id='word_1_687' title='bbox 2322 1128 2469 1176; x_wconf 89' lang='lat' dir='ltr'>praedi-</span> 
     </span>
     <span class='ocr_line' id='line_1_94' title="bbox 1407 1171 2013 1222; baseline 0.007 -15"><span class='ocrx_word' id='word_1_688' title='bbox 1407 1178 1509 1217; x_wconf 91' lang='lat' dir='ltr'>cato,</span> <span class='ocrx_word' id='word_1_689' title='bbox 1539 1171 1656 1207; x_wconf 91' lang='lat' dir='ltr'>alium</span> <span class='ocrx_word' id='word_1_690' title='bbox 1685 1183 1840 1208; x_wconf 90' lang='lat' dir='ltr'>sensum</span> <span class='ocrx_word' id='word_1_691' title='bbox 1869 1173 2013 1222; x_wconf 88' lang='lat' dir='ltr'>accipit.</span> 
     </span>
    </p>

    <p class='ocr_par' dir='ltr' id='par_1_32' title="bbox 1407 1224 2474 1744">
     <span class='ocr_line' id='line_1_95' title="bbox 1461 1224 2468 1283; baseline 0.013 -24"><span class='ocrx_word' id='word_1_692' title='bbox 1461 1236 1497 1271; x_wconf 88' lang='lat'>9.</span> <span class='ocrx_word' id='word_1_693' title='bbox 1510 1224 1572 1261; x_wconf 93' lang='lat' dir='ltr'>Ad</span> <span class='ocrx_word' id='word_1_694' title='bbox 1583 1224 1688 1260; x_wconf 84' lang='lat' dir='ltr'>cuius</span> <span class='ocrx_word' id='word_1_695' title='bbox 1705 1225 1936 1263; x_wconf 87' lang='lat' dir='ltr'>evidentiam</span> <span class='ocrx_word' id='word_1_696' title='bbox 1947 1228 2266 1269; x_wconf 87' lang='lat' dir='ltr'>considerandum</span> <span class='ocrx_word' id='word_1_697' title='bbox 2283 1241 2338 1270; x_wconf 89' lang='lat' dir='ltr'>est</span> <span class='ocrx_word' id='word_1_698' title='bbox 2352 1235 2468 1283; x_wconf 88' lang='lat' dir='ltr'>quod,</span> 
     </span>
     <span class='ocr_line' id='line_1_96' title="bbox 1408 1277 2471 1330; baseline 0.012 -18"><span class='ocrx_word' id='word_1_699' title='bbox 1408 1277 1502 1314; x_wconf 89' lang='lat' dir='ltr'>sicut</span> <span class='ocrx_word' id='word_1_700' title='bbox 1521 1277 1602 1326; x_wconf 93' lang='lat' dir='ltr'>ipse</span> <span class='ocrx_word' id='word_1_701' title='bbox 1631 1277 1729 1325; x_wconf 90' lang='lat' dir='ltr'>dicit,</span> <span class='ocrx_word' id='word_1_702' title='bbox 1751 1279 1963 1316; x_wconf 84' lang='lat' dir='ltr'>enunciatio</span> <span class='ocrx_word' id='word_1_703' title='bbox 1986 1281 2110 1330; x_wconf 88' lang='lat' dir='ltr'>aliqua</span> <span class='ocrx_word' id='word_1_704' title='bbox 2129 1283 2265 1322; x_wconf 89' lang='lat' dir='ltr'>virtute</span> <span class='ocrx_word' id='word_1_705' title='bbox 2294 1299 2333 1323; x_wconf 90' lang='lat' dir='ltr'>se</span> <span class='ocrx_word' id='word_1_706' title='bbox 2357 1289 2471 1325; x_wconf 89' lang='lat' dir='ltr'>habet</span> 
     </span>
     <span class='ocr_line' id='line_1_97' title="bbox 1408 1330 2470 1383; baseline 0.012 -17"><span class='ocrx_word' id='word_1_707' title='bbox 1408 1330 1457 1367; x_wconf 90' lang='lat' dir='ltr'>ad</span> <span class='ocrx_word' id='word_1_708' title='bbox 1484 1331 1588 1378; x_wconf 93' lang='lat' dir='ltr'>illud,</span> <span class='ocrx_word' id='word_1_709' title='bbox 1609 1330 1657 1367; x_wconf 92' lang='lat' dir='ltr'>de</span> <span class='ocrx_word' id='word_1_710' title='bbox 1686 1344 1763 1380; x_wconf 90' lang='lat' dir='ltr'>quo</span> <span class='ocrx_word' id='word_1_711' title='bbox 1792 1339 1914 1369; x_wconf 90' lang='lat' dir='ltr'>totum</span> <span class='ocrx_word' id='word_1_712' title='bbox 1943 1333 1982 1370; x_wconf 94' lang='lat' dir='ltr'>id</span> <span class='ocrx_word' id='word_1_713' title='bbox 2010 1335 2115 1383; x_wconf 92' lang='lat' dir='ltr'>quod</span> <span class='ocrx_word' id='word_1_714' title='bbox 2142 1336 2180 1374; x_wconf 89' lang='lat' dir='ltr'>in</span> <span class='ocrx_word' id='word_1_715' title='bbox 2209 1340 2470 1378; x_wconf 91' lang='lat' dir='ltr'>enunciatione</span> 
     </span>
     <span class='ocr_line' id='line_1_98' title="bbox 1408 1384 2470 1436; baseline 0.011 -16"><span class='ocrx_word' id='word_1_716' title='bbox 1408 1384 1637 1432; x_wconf 86' lang='lat' dir='ltr'>significatur</span> <span class='ocrx_word' id='word_1_717' title='bbox 1651 1397 1742 1422; x_wconf 90' lang='lat' dir='ltr'>vere</span> <span class='ocrx_word' id='word_1_718' title='bbox 1756 1386 1965 1434; x_wconf 87' lang='lat' dir='ltr'>praedicari</span> <span class='ocrx_word' id='word_1_719' title='bbox 1978 1395 2119 1436; x_wconf 90' lang='lat' dir='ltr'>potest:</span> <span class='ocrx_word' id='word_1_720' title='bbox 2136 1391 2231 1428; x_wconf 91' lang='lat' dir='ltr'>sieut</span> <span class='ocrx_word' id='word_1_721' title='bbox 2244 1393 2339 1429; x_wconf 87' lang='lat' dir='ltr'>haec</span> <span class='ocrx_word' id='word_1_722' title='bbox 2354 1406 2470 1431; x_wconf 91' lang='lat' dir='ltr'>enun-</span> 
     </span>
     <span class='ocr_line' id='line_1_99' title="bbox 1409 1438 2469 1495; baseline 0.01 -21"><span class='ocrx_word' id='word_1_723' title='bbox 1409 1438 1530 1486; x_wconf 90' lang='lat' dir='ltr'>ciatio,</span> <span class='ocrx_word' id='word_1_724' title='bbox 1560 1440 1672 1476; x_wconf 86' lang='lat' dir='ltr'>homo</span> <span class='ocrx_word' id='word_1_725' title='bbox 1701 1445 1756 1476; x_wconf 88' lang='lat' dir='ltr'>est</span> <span class='ocrx_word' id='word_1_726' title='bbox 1782 1440 1913 1486; x_wconf 82' lang='lat' dir='ltr'>iustus,</span> <span class='ocrx_word' id='word_1_727' title='bbox 1943 1453 1983 1477; x_wconf 91' lang='lat' dir='ltr'>se</span> <span class='ocrx_word' id='word_1_728' title='bbox 2012 1442 2126 1479; x_wconf 90' lang='lat' dir='ltr'>habet</span> <span class='ocrx_word' id='word_1_729' title='bbox 2154 1444 2203 1481; x_wconf 90' lang='lat' dir='ltr'>ad</span> <span class='ocrx_word' id='word_1_730' title='bbox 2232 1446 2361 1483; x_wconf 92' lang='lat' dir='ltr'>omnia</span> <span class='ocrx_word' id='word_1_731' title='bbox 2388 1447 2469 1495; x_wconf 90' lang='lat' dir='ltr'>illa,</span> 
     </span>
     <span class='ocr_line' id='line_1_100' title="bbox 1409 1491 2474 1548; baseline 0.009 -20"><span class='ocrx_word' id='word_1_732' title='bbox 1409 1491 1456 1528; x_wconf 91' lang='lat' dir='ltr'>de</span> <span class='ocrx_word' id='word_1_733' title='bbox 1485 1504 1651 1541; x_wconf 91' lang='lat' dir='ltr'>quorum</span> <span class='ocrx_word' id='word_1_734' title='bbox 1684 1493 1853 1542; x_wconf 91' lang='lat' dir='ltr'>quolibet</span> <span class='ocrx_word' id='word_1_735' title='bbox 1879 1506 1970 1531; x_wconf 91' lang='lat' dir='ltr'>vere</span> <span class='ocrx_word' id='word_1_736' title='bbox 1998 1495 2018 1515; x_wconf 77' lang='lat'>&#39;¹‘</span> <span class='ocrx_word' id='word_1_737' title='bbox 2035 1503 2161 1544; x_wconf 89' lang='lat' dir='ltr'>potest</span> <span class='ocrx_word' id='word_1_738' title='bbox 2189 1492 2265 1535; x_wconf 72' lang='lat' dir='ltr'>diciv</span> <span class='ocrx_word' id='word_1_739' title='bbox 2289 1500 2395 1548; x_wconf 92' lang='lat' dir='ltr'>quod</span> <span class='ocrx_word' id='word_1_740' title='bbox 2421 1508 2474 1538; x_wconf 85' lang='lat' dir='ltr'>est</span> 
     </span>
     <span class='ocr_line' id='line_1_101' title="bbox 1407 1546 2471 1600; baseline 0.01 -19"><span class='ocrx_word' id='word_1_741' title='bbox 1407 1546 1520 1582; x_wconf 85' lang='lat' dir='ltr'>homo</span> <span class='ocrx_word' id='word_1_742' title='bbox 1549 1546 1687 1589; x_wconf 84' lang='lat' dir='ltr'>iustus,·</span> <span class='ocrx_word' id='word_1_743' title='bbox 1716 1553 1752 1582; x_wconf 88' lang='lat' dir='ltr'>et</span> <span class='ocrx_word' id='word_1_744' title='bbox 1779 1547 1947 1584; x_wconf 90' lang='lat' dir='ltr'>similiter</span> <span class='ocrx_word' id='word_1_745' title='bbox 1973 1548 2069 1585; x_wconf 90' lang='lat' dir='ltr'>haec</span> <span class='ocrx_word' id='word_1_746' title='bbox 2098 1552 2330 1600; x_wconf 91' lang='lat' dir='ltr'>enunciatio,</span> <span class='ocrx_word' id='word_1_747' title='bbox 2359 1555 2471 1592; x_wconf 83' lang='lat' dir='ltr'>homo</span> 
     </span>
     <span class='ocr_line' id='line_1_102' title="bbox 1409 1600 2471 1656; baseline 0.01 -21"><span class='ocrx_word' id='word_1_748' title='bbox 1409 1611 1483 1636; x_wconf 90' lang='lat' dir='ltr'>non</span> <span class='ocrx_word' id='word_1_749' title='bbox 1513 1605 1567 1636; x_wconf 83' lang='lat' dir='ltr'>est</span> <span class='ocrx_word' id='word_1_750' title='bbox 1584 1600 1710 1646; x_wconf 84' lang='lat' dir='ltr'>iustus,</span> <span class='ocrx_word' id='word_1_751' title='bbox 1731 1613 1771 1637; x_wconf 91' lang='lat' dir='ltr'>se</span> <span class='ocrx_word' id='word_1_752' title='bbox 1791 1601 1906 1637; x_wconf 92' lang='lat' dir='ltr'>habet</span> <span class='ocrx_word' id='word_1_753' title='bbox 1925 1601 1974 1638; x_wconf 86' lang='lat' dir='ltr'>ad</span> <span class='ocrx_word' id='word_1_754' title='bbox 1993 1603 2123 1640; x_wconf 90' lang='lat' dir='ltr'>omnia</span> <span class='ocrx_word' id='word_1_755' title='bbox 2142 1604 2215 1652; x_wconf 89' lang='lat' dir='ltr'>illa,</span> <span class='ocrx_word' id='word_1_756' title='bbox 2237 1606 2284 1643; x_wconf 93' lang='lat' dir='ltr'>de</span> <span class='ocrx_word' id='word_1_757' title='bbox 2305 1619 2471 1656; x_wconf 91' lang='lat' dir='ltr'>quorum</span> 
     </span>
     <span class='ocr_line' id='line_1_103' title="bbox 1409 1653 2472 1705; baseline 0.009 -16"><span class='ocrx_word' id='word_1_758' title='bbox 1409 1653 1579 1702; x_wconf 90' lang='lat' dir='ltr'>quolibet</span> <span class='ocrx_word' id='word_1_759' title='bbox 1616 1665 1706 1690; x_wconf 91' lang='lat' dir='ltr'>vere</span> <span class='ocrx_word' id='word_1_760' title='bbox 1742 1653 1815 1691; x_wconf 89' lang='lat' dir='ltr'>dici</span> <span class='ocrx_word' id='word_1_761' title='bbox 1849 1662 1974 1703; x_wconf 91' lang='lat' dir='ltr'>potest</span> <span class='ocrx_word' id='word_1_762' title='bbox 2015 1657 2120 1705; x_wconf 90' lang='lat' dir='ltr'>quod</span> <span class='ocrx_word' id='word_1_763' title='bbox 2157 1671 2232 1695; x_wconf 91' lang='lat' dir='ltr'>non</span> <span class='ocrx_word' id='word_1_764' title='bbox 2276 1666 2331 1697; x_wconf 85' lang='lat' dir='ltr'>est</span> <span class='ocrx_word' id='word_1_765' title='bbox 2359 1662 2472 1699; x_wconf 86' lang='lat' dir='ltr'>homo</span> 
     </span>
     <span class='ocr_line' id='line_1_104' title="bbox 1409 1707 1535 1744; baseline 0.016 -2"><span class='ocrx_word' id='word_1_766' title='bbox 1409 1707 1535 1744; x_wconf 85' lang='lat' dir='ltr'>iustus.</span> 
     </span>
    </p>

    <p class='ocr_par' dir='ltr' id='par_1_33' title="bbox 1409 1760 2480 2458">
     <span class='ocr_line' id='line_1_105' title="bbox 1463 1760 2473 1814; baseline 0.009 -18"><span class='ocrx_word' id='word_1_767' title='bbox 1463 1760 1684 1798; x_wconf 90' lang='lat' dir='ltr'>Secundum</span> <span class='ocrx_word' id='word_1_768' title='bbox 1714 1773 1802 1809; x_wconf 87' lang='lat' dir='ltr'>ergo</span> <span class='ocrx_word' id='word_1_769' title='bbox 1830 1761 1932 1798; x_wconf 92' lang='lat' dir='ltr'>hunc</span> <span class='ocrx_word' id='word_1_770' title='bbox 1960 1763 2121 1801; x_wconf 89' lang='lat' dir='ltr'>modum</span> <span class='ocrx_word' id='word_1_771' title='bbox 2140 1765 2333 1814; x_wconf 91' lang='lat' dir='ltr'>loquendi,</span> <span class='ocrx_word' id='word_1_772' title='bbox 2354 1768 2473 1805; x_wconf 88' lang='lat' dir='ltr'>mani-</span> 
     </span>
     <span class='ocr_line' id='line_1_106' title="bbox 1409 1814 2475 1868; baseline 0.008 -18"><span class='ocrx_word' id='word_1_773' title='bbox 1409 1814 1548 1851; x_wconf 87' lang='lat' dir='ltr'>festum</span> <span class='ocrx_word' id='word_1_774' title='bbox 1577 1822 1632 1851; x_wconf 92' lang='lat' dir='ltr'>est</span> <span class='ocrx_word' id='word_1_775' title='bbox 1660 1815 1765 1863; x_wconf 91' lang='lat' dir='ltr'>quod</span> <span class='ocrx_word' id='word_1_776' title='bbox 1798 1814 1957 1864; x_wconf 87' lang='lat' dir='ltr'>simplex</span> <span class='ocrx_word' id='word_1_777' title='bbox 1985 1818 2160 1865; x_wconf 88' lang='lat' dir='ltr'>negativa</span> <span class='ocrx_word' id='word_1_778' title='bbox 2193 1820 2232 1856; x_wconf 90' lang='lat' dir='ltr'>in</span> <span class='ocrx_word' id='word_1_779' title='bbox 2262 1821 2348 1868; x_wconf 90' lang='lat' dir='ltr'>plus</span> <span class='ocrx_word' id='word_1_780' title='bbox 2371 1822 2391 1842; x_wconf 83' lang='grc'><strong><em>*</em></strong></span> <span class='ocrx_word' id='word_1_781' title='bbox 2420 1830 2475 1859; x_wconf 93' lang='lat' dir='ltr'>est</span> 
     </span>
     <span class='ocr_line' id='line_1_107' title="bbox 1410 1868 2472 1923; baseline 0.008 -19"><span class='ocrx_word' id='word_1_782' title='bbox 1410 1880 1526 1916; x_wconf 92' lang='lat' dir='ltr'>quam</span> <span class='ocrx_word' id='word_1_783' title='bbox 1555 1868 1782 1905; x_wconf 84' lang='lat' dir='ltr'>affirmativa</span> <span class='ocrx_word' id='word_1_784' title='bbox 1809 1868 1972 1917; x_wconf 89' lang='lat' dir='ltr'>infinita,</span> <span class='ocrx_word' id='word_1_785' title='bbox 2002 1882 2099 1919; x_wconf 92' lang='lat' dir='ltr'>quae</span> <span class='ocrx_word' id='word_1_786' title='bbox 2130 1872 2162 1908; x_wconf 92' lang='lat' dir='ltr'>ei</span> <span class='ocrx_word' id='word_1_787' title='bbox 2192 1875 2472 1923; x_wconf 89' lang='lat' dir='ltr'>correspondet.</span> 
     </span>
     <span class='ocr_line' id='line_1_108' title="bbox 1410 1921 2476 1976; baseline 0.008 -19"><span class='ocrx_word' id='word_1_788' title='bbox 1410 1922 1531 1969; x_wconf 89' lang='lat' dir='ltr'>Nam,</span> <span class='ocrx_word' id='word_1_789' title='bbox 1553 1921 1659 1970; x_wconf 92' lang='lat' dir='ltr'>quod</span> <span class='ocrx_word' id='word_1_790' title='bbox 1677 1921 1724 1958; x_wconf 90' lang='lat' dir='ltr'>sit</span> <span class='ocrx_word' id='word_1_791' title='bbox 1741 1923 1853 1959; x_wconf 84' lang='lat' dir='ltr'>homo</span> <span class='ocrx_word' id='word_1_792' title='bbox 1875 1935 1949 1959; x_wconf 91' lang='lat' dir='ltr'>non</span> <span class='ocrx_word' id='word_1_793' title='bbox 1974 1924 2106 1971; x_wconf 83' lang='lat' dir='ltr'>iustus,</span> <span class='ocrx_word' id='word_1_794' title='bbox 2131 1938 2222 1963; x_wconf 91' lang='lat' dir='ltr'>vere</span> <span class='ocrx_word' id='word_1_795' title='bbox 2250 1935 2375 1976; x_wconf 89' lang='lat' dir='ltr'>potest</span> <span class='ocrx_word' id='word_1_796' title='bbox 2403 1929 2476 1966; x_wconf 88' lang='lat' dir='ltr'>dici</span> 
     </span>
     <span class='ocr_line' id='line_1_109' title="bbox 1412 1975 2477 2025; baseline 0.007 -12"><span class='ocrx_word' id='word_1_797' title='bbox 1412 1975 1459 2013; x_wconf 90' lang='lat' dir='ltr'>de</span> <span class='ocrx_word' id='word_1_798' title='bbox 1474 1975 1494 1996; x_wconf 77' lang='grc'><em>*</em></span> <span class='ocrx_word' id='word_1_799' title='bbox 1508 1976 1677 2024; x_wconf 91' lang='lat' dir='ltr'>quolibet</span> <span class='ocrx_word' id='word_1_800' title='bbox 1703 1976 1871 2024; x_wconf 89' lang='lat' dir='ltr'>homine,</span> <span class='ocrx_word' id='word_1_801' title='bbox 1901 1977 1965 2025; x_wconf 90' lang='lat' dir='ltr'>qui</span> <span class='ocrx_word' id='word_1_802' title='bbox 1993 1990 2072 2015; x_wconf 91' lang='lat' dir='ltr'>non</span> <span class='ocrx_word' id='word_1_803' title='bbox 2090 1979 2204 2017; x_wconf 89' lang='lat' dir='ltr'>habet</span> <span class='ocrx_word' id='word_1_804' title='bbox 2222 1981 2394 2019; x_wconf 88' lang='lat' dir='ltr'>habiturn</span> <span class='ocrx_word' id='word_1_805' title='bbox 2422 1983 2477 2020; x_wconf 90' lang='lat' dir='ltr'>iu-</span> 
     </span>
     <span class='ocr_line' id='line_1_110' title="bbox 1413 2029 2478 2084; baseline 0.008 -18"><span class='ocrx_word' id='word_1_806' title='bbox 1413 2029 1549 2076; x_wconf 90' lang='lat' dir='ltr'>stitiae;</span> <span class='ocrx_word' id='word_1_807' title='bbox 1580 2030 1648 2067; x_wconf 91' lang='lat' dir='ltr'>sed</span> <span class='ocrx_word' id='word_1_808' title='bbox 1676 2030 1781 2079; x_wconf 95' lang='lat' dir='ltr'>quod</span> <span class='ocrx_word' id='word_1_809' title='bbox 1809 2042 1883 2067; x_wconf 90' lang='lat' dir='ltr'>non</span> <span class='ocrx_word' id='word_1_810' title='bbox 1906 2031 1955 2067; x_wconf 79' lang='lat' dir='ltr'>sit</span> <span class='ocrx_word' id='word_1_811' title='bbox 1979 2032 2090 2069; x_wconf 88' lang='lat' dir='ltr'>homo</span> <span class='ocrx_word' id='word_1_812' title='bbox 2111 2033 2242 2081; x_wconf 82' lang='lat' dir='ltr'>iustus,</span> <span class='ocrx_word' id='word_1_813' title='bbox 2262 2043 2387 2084; x_wconf 90' lang='lat' dir='ltr'>potest</span> <span class='ocrx_word' id='word_1_814' title='bbox 2406 2036 2478 2074; x_wconf 92' lang='lat' dir='ltr'>dici</span> 
     </span>
     <span class='ocr_line' id='line_1_111' title="bbox 1414 2084 2479 2127; baseline 0.007 -7"><span class='ocrx_word' id='word_1_815' title='bbox 1414 2097 1493 2121; x_wconf 92' lang='lat' dir='ltr'>non</span> <span class='ocrx_word' id='word_1_816' title='bbox 1521 2085 1646 2120; x_wconf 91' lang='lat' dir='ltr'>solum</span> <span class='ocrx_word' id='word_1_817' title='bbox 1676 2084 1722 2120; x_wconf 93' lang='lat' dir='ltr'>de</span> <span class='ocrx_word' id='word_1_818' title='bbox 1751 2084 1908 2121; x_wconf 87' lang='lat' dir='ltr'>homine</span> <span class='ocrx_word' id='word_1_819' title='bbox 1936 2097 2014 2122; x_wconf 91' lang='lat' dir='ltr'>non</span> <span class='ocrx_word' id='word_1_820' title='bbox 2042 2086 2205 2124; x_wconf 87' lang='lat' dir='ltr'>habente</span> <span class='ocrx_word' id='word_1_821' title='bbox 2233 2089 2405 2126; x_wconf 90' lang='lat' dir='ltr'>habitum</span> <span class='ocrx_word' id='word_1_822' title='bbox 2425 2090 2479 2127; x_wconf 91' lang='lat' dir='ltr'>iu-</span> 
     </span>
     <span class='ocr_line' id='line_1_112' title="bbox 1415 2138 2478 2188; baseline 0.005 -12"><span class='ocrx_word' id='word_1_823' title='bbox 1415 2139 1544 2186; x_wconf 90' lang='lat' dir='ltr'>stitiae,</span> <span class='ocrx_word' id='word_1_824' title='bbox 1566 2139 1634 2176; x_wconf 92' lang='lat' dir='ltr'>sed</span> <span class='ocrx_word' id='word_1_825' title='bbox 1650 2138 1763 2175; x_wconf 87' lang='lat' dir='ltr'>etiam</span> <span class='ocrx_word' id='word_1_826' title='bbox 1784 2138 1830 2175; x_wconf 91' lang='lat' dir='ltr'>de</span> <span class='ocrx_word' id='word_1_827' title='bbox 1851 2150 1897 2174; x_wconf 94' lang='lat' dir='ltr'>eo</span> <span class='ocrx_word' id='word_1_828' title='bbox 1918 2139 1982 2188; x_wconf 92' lang='lat' dir='ltr'>qui</span> <span class='ocrx_word' id='word_1_829' title='bbox 2001 2141 2150 2188; x_wconf 91' lang='lat' dir='ltr'>penitus</span> <span class='ocrx_word' id='word_1_830' title='bbox 2169 2155 2247 2179; x_wconf 90' lang='lat' dir='ltr'>non</span> <span class='ocrx_word' id='word_1_831' title='bbox 2268 2151 2323 2180; x_wconf 90' lang='lat' dir='ltr'>est</span> <span class='ocrx_word' id='word_1_832' title='bbox 2341 2144 2478 2181; x_wconf 87' lang='lat' dir='ltr'>homo:</span> 
     </span>
     <span class='ocr_line' id='line_1_113' title="bbox 1414 2193 2480 2243; baseline 0.004 -13"><span class='ocrx_word' id='word_1_833' title='bbox 1414 2194 1509 2230; x_wconf 88' lang='lat' dir='ltr'>haec</span> <span class='ocrx_word' id='word_1_834' title='bbox 1538 2193 1639 2229; x_wconf 92' lang='lat' dir='ltr'>enim</span> <span class='ocrx_word' id='word_1_835' title='bbox 1669 2200 1724 2229; x_wconf 89' lang='lat' dir='ltr'>est</span> <span class='ocrx_word' id='word_1_836' title='bbox 1746 2205 1854 2239; x_wconf 90' lang='lat' dir='ltr'>vera,</span> <span class='ocrx_word' id='word_1_837' title='bbox 1881 2193 2026 2243; x_wconf 82' lang='lat' dir='ltr'>lignum</span> <span class='ocrx_word' id='word_1_838' title='bbox 2052 2207 2126 2232; x_wconf 89' lang='lat' dir='ltr'>non</span> <span class='ocrx_word' id='word_1_839' title='bbox 2146 2202 2200 2232; x_wconf 80' lang='lat' dir='ltr'>est</span> <span class='ocrx_word' id='word_1_840' title='bbox 2215 2197 2328 2233; x_wconf 84' lang='lat' dir='ltr'>homo</span> <span class='ocrx_word' id='word_1_841' title='bbox 2347 2198 2480 2242; x_wconf 83' lang='lat' dir='ltr'>iustus;</span> 
     </span>
     <span class='ocr_line' id='line_1_114' title="bbox 1414 2246 2480 2299; baseline 0.005 -15"><span class='ocrx_word' id='word_1_842' title='bbox 1414 2254 1543 2284; x_wconf 89' lang='lat' dir='ltr'>tamen</span> <span class='ocrx_word' id='word_1_843' title='bbox 1571 2247 1666 2283; x_wconf 88' lang='lat' dir='ltr'>haec</span> <span class='ocrx_word' id='word_1_844' title='bbox 1695 2254 1750 2283; x_wconf 91' lang='lat' dir='ltr'>est</span> <span class='ocrx_word' id='word_1_845' title='bbox 1777 2246 1888 2293; x_wconf 90' lang='lat' dir='ltr'>falsa,</span> <span class='ocrx_word' id='word_1_846' title='bbox 1917 2247 2063 2297; x_wconf 82' lang='lat' dir='ltr'>lignum</span> <span class='ocrx_word' id='word_1_847' title='bbox 2097 2255 2151 2286; x_wconf 82' lang='lat' dir='ltr'>est</span> <span class='ocrx_word' id='word_1_848' title='bbox 2179 2251 2291 2288; x_wconf 85' lang='lat' dir='ltr'>homo</span> <span class='ocrx_word' id='word_1_849' title='bbox 2321 2264 2395 2288; x_wconf 88' lang='lat' dir='ltr'>non</span> <span class='ocrx_word' id='word_1_850' title='bbox 2426 2252 2480 2299; x_wconf 72' lang='lat' dir='ltr'>iu-</span> 
     </span>
     <span class='ocr_line' id='line_1_115' title="bbox 1414 2299 2480 2354; baseline 0.006 -18"><span class='ocrx_word' id='word_1_851' title='bbox 1414 2307 1501 2349; x_wconf 65' lang='lat' dir='ltr'>stus.</span> <span class='ocrx_word' id='word_1_852' title='bbox 1523 2301 1572 2337; x_wconf 92' lang='lat' dir='ltr'>Et</span> <span class='ocrx_word' id='word_1_853' title='bbox 1599 2300 1650 2337; x_wconf 90' lang='lat' dir='ltr'>ita</span> <span class='ocrx_word' id='word_1_854' title='bbox 1673 2299 1847 2348; x_wconf 86' lang='lat' dir='ltr'>negativa</span> <span class='ocrx_word' id='word_1_855' title='bbox 1872 2300 2030 2349; x_wconf 86' lang='lat' dir='ltr'>simplex</span> <span class='ocrx_word' id='word_1_856' title='bbox 2051 2310 2106 2339; x_wconf 92' lang='lat' dir='ltr'>est</span> <span class='ocrx_word' id='word_1_857' title='bbox 2124 2303 2162 2340; x_wconf 91' lang='lat' dir='ltr'>in</span> <span class='ocrx_word' id='word_1_858' title='bbox 2179 2305 2266 2353; x_wconf 91' lang='lat' dir='ltr'>plus</span> <span class='ocrx_word' id='word_1_859' title='bbox 2285 2317 2401 2354; x_wconf 89' lang='lat' dir='ltr'>quam</span> <span class='ocrx_word' id='word_1_860' title='bbox 2428 2306 2480 2342; x_wconf 86' lang='lat' dir='ltr'>af-</span> 
     </span>
     <span class='ocr_line' id='line_1_116' title="bbox 1415 2353 2480 2407; baseline 0.005 -16"><span class='ocrx_word' id='word_1_861' title='bbox 1415 2354 1606 2392; x_wconf 89' lang='lat' dir='ltr'>firmativa</span> <span class='ocrx_word' id='word_1_862' title='bbox 1633 2353 1797 2399; x_wconf 85' lang='lat' dir='ltr'>infinita;</span> <span class='ocrx_word' id='word_1_863' title='bbox 1826 2353 1921 2390; x_wconf 89' lang='lat' dir='ltr'>sicut</span> <span class='ocrx_word' id='word_1_864' title='bbox 1950 2355 2062 2392; x_wconf 91' lang='lat' dir='ltr'>etiam</span> <span class='ocrx_word' id='word_1_865' title='bbox 2091 2357 2231 2394; x_wconf 89' lang='lat' dir='ltr'>animal</span> <span class='ocrx_word' id='word_1_866' title='bbox 2261 2366 2316 2395; x_wconf 89' lang='lat' dir='ltr'>est</span> <span class='ocrx_word' id='word_1_867' title='bbox 2338 2358 2376 2395; x_wconf 92' lang='lat' dir='ltr'>in</span> <span class='ocrx_word' id='word_1_868' title='bbox 2395 2360 2480 2407; x_wconf 91' lang='lat' dir='ltr'>plus</span> 
     </span>
     <span class='ocr_line' id='line_1_117' title="bbox 1415 2406 2373 2458; baseline 0.003 -13"><span class='ocrx_word' id='word_1_869' title='bbox 1415 2420 1532 2458; x_wconf 90' lang='lat' dir='ltr'>quarn</span> <span class='ocrx_word' id='word_1_870' title='bbox 1559 2408 1691 2454; x_wconf 91' lang='lat' dir='ltr'>homo,</span> <span class='ocrx_word' id='word_1_871' title='bbox 1721 2406 1810 2456; x_wconf 88' lang='lat' dir='ltr'>quia</span> <span class='ocrx_word' id='word_1_872' title='bbox 1838 2407 1884 2444; x_wconf 93' lang='lat' dir='ltr'>de</span> <span class='ocrx_word' id='word_1_873' title='bbox 1912 2409 2083 2456; x_wconf 85' lang='lat' dir='ltr'>pluribus</span> <span class='ocrx_word' id='word_1_874' title='bbox 2110 2410 2328 2448; x_wconf 89' lang='lat' dir='ltr'>verificatur</span> <span class='ocrx_word' id='word_1_875' title='bbox 2343 2412 2373 2448; x_wconf 87' lang='lat'>*.</span> 
     </span>
    </p>

    <p class='ocr_par' dir='ltr' id='par_1_34' title="bbox 1415 2461 2484 2886">
     <span class='ocr_line' id='line_1_118' title="bbox 1471 2461 2482 2513; baseline 0.003 -14"><span class='ocrx_word' id='word_1_876' title='bbox 1471 2461 1591 2499; x_wconf 90' lang='lat' dir='ltr'>Simili</span> <span class='ocrx_word' id='word_1_877' title='bbox 1620 2461 1733 2498; x_wconf 87' lang='lat' dir='ltr'>etiarn</span> <span class='ocrx_word' id='word_1_878' title='bbox 1767 2461 1927 2508; x_wconf 88' lang='lat' dir='ltr'>ratione,</span> <span class='ocrx_word' id='word_1_879' title='bbox 1957 2463 2134 2510; x_wconf 88' lang='lat' dir='ltr'>negativa</span> <span class='ocrx_word' id='word_1_880' title='bbox 2162 2464 2322 2513; x_wconf 85' lang='lat' dir='ltr'>simplex</span> <span class='ocrx_word' id='word_1_881' title='bbox 2356 2472 2411 2502; x_wconf 91' lang='lat' dir='ltr'>est</span> <span class='ocrx_word' id='word_1_882' title='bbox 2443 2466 2482 2502; x_wconf 90' lang='lat' dir='ltr'>in</span> 
     </span>
     <span class='ocr_line' id='line_1_119' title="bbox 1415 2515 2483 2567; baseline 0.004 -15"><span class='ocrx_word' id='word_1_883' title='bbox 1415 2517 1501 2565; x_wconf 92' lang='lat' dir='ltr'>plus</span> <span class='ocrx_word' id='word_1_884' title='bbox 1529 2527 1646 2564; x_wconf 90' lang='lat' dir='ltr'>quam</span> <span class='ocrx_word' id='word_1_885' title='bbox 1667 2515 1894 2552; x_wconf 88' lang='lat' dir='ltr'>affirmativa</span> <span class='ocrx_word' id='word_1_886' title='bbox 1912 2515 2115 2564; x_wconf 89' lang='lat' dir='ltr'>privativa:</span> <span class='ocrx_word' id='word_1_887' title='bbox 2136 2517 2224 2566; x_wconf 87' lang='lat' dir='ltr'>quia</span> <span class='ocrx_word' id='word_1_888' title='bbox 2244 2518 2291 2554; x_wconf 93' lang='lat' dir='ltr'>de</span> <span class='ocrx_word' id='word_1_889' title='bbox 2312 2531 2358 2555; x_wconf 92' lang='lat' dir='ltr'>eo</span> <span class='ocrx_word' id='word_1_890' title='bbox 2378 2519 2483 2567; x_wconf 90' lang='lat' dir='ltr'>quod</span> 
     </span>
     <span class='ocr_line' id='line_1_120' title="bbox 1418 2569 2483 2619; baseline 0.002 -12"><span class='ocrx_word' id='word_1_891' title='bbox 1418 2583 1492 2607; x_wconf 89' lang='lat' dir='ltr'>non</span> <span class='ocrx_word' id='word_1_892' title='bbox 1522 2575 1576 2606; x_wconf 86' lang='lat' dir='ltr'>est</span> <span class='ocrx_word' id='word_1_893' title='bbox 1600 2570 1712 2605; x_wconf 89' lang='lat' dir='ltr'>homo</span> <span class='ocrx_word' id='word_1_894' title='bbox 1741 2581 1820 2605; x_wconf 93' lang='lat' dir='ltr'>non</span> <span class='ocrx_word' id='word_1_895' title='bbox 1846 2576 1971 2617; x_wconf 89' lang='lat' dir='ltr'>potest</span> <span class='ocrx_word' id='word_1_896' title='bbox 1999 2569 2072 2606; x_wconf 91' lang='lat' dir='ltr'>dici</span> <span class='ocrx_word' id='word_1_897' title='bbox 2097 2571 2202 2619; x_wconf 93' lang='lat' dir='ltr'>quod</span> <span class='ocrx_word' id='word_1_898' title='bbox 2230 2571 2276 2608; x_wconf 89' lang='lat' dir='ltr'>sit</span> <span class='ocrx_word' id='word_1_899' title='bbox 2297 2573 2409 2609; x_wconf 83' lang='lat' dir='ltr'>homo</span> <span class='ocrx_word' id='word_1_900' title='bbox 2429 2572 2483 2608; x_wconf 87' lang='lat' dir='ltr'>in-</span> 
     </span>
     <span class='ocr_line' id='line_1_121' title="bbox 1419 2622 2482 2674; baseline 0.002 -14"><span class='ocrx_word' id='word_1_901' title='bbox 1419 2625 1544 2660; x_wconf 83' lang='lat' dir='ltr'>iustus.</span> <span class='ocrx_word' id='word_1_902' title='bbox 1560 2644 1585 2650; x_wconf 99' lang='lat'><em>-</em></span> <span class='ocrx_word' id='word_1_903' title='bbox 1607 2622 1684 2659; x_wconf 91' lang='lat' dir='ltr'>Sed</span> <span class='ocrx_word' id='word_1_904' title='bbox 1712 2622 1939 2660; x_wconf 83' lang='lat' dir='ltr'>affirmativa</span> <span class='ocrx_word' id='word_1_905' title='bbox 1967 2622 2113 2660; x_wconf 85' lang='lat' dir='ltr'>infinita</span> <span class='ocrx_word' id='word_1_906' title='bbox 2133 2633 2188 2661; x_wconf 93' lang='lat' dir='ltr'>est</span> <span class='ocrx_word' id='word_1_907' title='bbox 2206 2625 2244 2661; x_wconf 89' lang='lat' dir='ltr'>in</span> <span class='ocrx_word' id='word_1_908' title='bbox 2263 2626 2347 2673; x_wconf 92' lang='lat' dir='ltr'>plus</span> <span class='ocrx_word' id='word_1_909' title='bbox 2367 2638 2482 2674; x_wconf 90' lang='lat' dir='ltr'>quam</span> 
     </span>
     <span class='ocr_line' id='line_1_122' title="bbox 1420 2675 2482 2727; baseline 0.001 -13"><span class='ocrx_word' id='word_1_910' title='bbox 1420 2676 1648 2714; x_wconf 87' lang='lat' dir='ltr'>affirmativa</span> <span class='ocrx_word' id='word_1_911' title='bbox 1674 2675 1879 2723; x_wconf 88' lang='lat' dir='ltr'>privativa:</span> <span class='ocrx_word' id='word_1_912' title='bbox 1907 2683 2032 2725; x_wconf 88' lang='lat' dir='ltr'>potest</span> <span class='ocrx_word' id='word_1_913' title='bbox 2061 2677 2162 2714; x_wconf 91' lang='lat' dir='ltr'>enim</span> <span class='ocrx_word' id='word_1_914' title='bbox 2191 2677 2263 2714; x_wconf 91' lang='lat' dir='ltr'>dici</span> <span class='ocrx_word' id='word_1_915' title='bbox 2292 2678 2339 2715; x_wconf 93' lang='lat' dir='ltr'>de</span> <span class='ocrx_word' id='word_1_916' title='bbox 2363 2691 2482 2727; x_wconf 91' lang='lat' dir='ltr'>puero</span> 
     </span>
     <span class='ocr_line' id='line_1_123' title="bbox 1422 2729 2483 2778; baseline 0 -10"><span class='ocrx_word' id='word_1_917' title='bbox 1422 2738 1457 2768; x_wconf 92' lang='lat' dir='ltr'>et</span> <span class='ocrx_word' id='word_1_918' title='bbox 1486 2730 1532 2766; x_wconf 91' lang='lat' dir='ltr'>de</span> <span class='ocrx_word' id='word_1_919' title='bbox 1562 2741 1807 2778; x_wconf 90' lang='lat' dir='ltr'>quocumque</span> <span class='ocrx_word' id='word_1_920' title='bbox 1838 2729 1994 2766; x_wconf 90' lang='lat' dir='ltr'>homine</span> <span class='ocrx_word' id='word_1_921' title='bbox 2027 2731 2200 2767; x_wconf 89' lang='lat' dir='ltr'>nondum</span> <span class='ocrx_word' id='word_1_922' title='bbox 2229 2732 2390 2768; x_wconf 89' lang='lat' dir='ltr'>habente</span> <span class='ocrx_word' id='word_1_923' title='bbox 2419 2732 2483 2768; x_wconf 91' lang='lat' dir='ltr'>ha-</span> 
     </span>
     <span class='ocr_line' id='line_1_124' title="bbox 1420 2782 2483 2832; baseline 0 -11"><span class='ocrx_word' id='word_1_924' title='bbox 1420 2784 1541 2821; x_wconf 86' lang='lat' dir='ltr'>bitum</span> <span class='ocrx_word' id='word_1_925' title='bbox 1569 2782 1716 2820; x_wconf 89' lang='lat' dir='ltr'>virtutis</span> <span class='ocrx_word' id='word_1_926' title='bbox 1744 2790 1809 2819; x_wconf 91' lang='lat' dir='ltr'>aut</span> <span class='ocrx_word' id='word_1_927' title='bbox 1831 2783 1911 2820; x_wconf 91' lang='lat' dir='ltr'>vitii</span> <span class='ocrx_word' id='word_1_928' title='bbox 1935 2784 2040 2832; x_wconf 93' lang='lat' dir='ltr'>quod</span> <span class='ocrx_word' id='word_1_929' title='bbox 2068 2784 2114 2821; x_wconf 90' lang='lat' dir='ltr'>sit</span> <span class='ocrx_word' id='word_1_930' title='bbox 2131 2786 2243 2821; x_wconf 88' lang='lat' dir='ltr'>homo</span> <span class='ocrx_word' id='word_1_931' title='bbox 2263 2798 2336 2821; x_wconf 91' lang='lat' dir='ltr'>non</span> <span class='ocrx_word' id='word_1_932' title='bbox 2358 2785 2483 2830; x_wconf 80' lang='lat' dir='ltr'>iustus,</span> 
     </span>
     <span class='ocr_line' id='line_1_125' title="bbox 1421 2836 2484 2886; baseline 0 -11"><span class='ocrx_word' id='word_1_933' title='bbox 1421 2850 1499 2875; x_wconf 92' lang='lat' dir='ltr'>non</span> <span class='ocrx_word' id='word_1_934' title='bbox 1518 2845 1648 2874; x_wconf 88' lang='lat' dir='ltr'>tamen</span> <span class='ocrx_word' id='word_1_935' title='bbox 1667 2836 1714 2873; x_wconf 92' lang='lat' dir='ltr'>de</span> <span class='ocrx_word' id='word_1_936' title='bbox 1735 2836 1860 2885; x_wconf 87' lang='lat' dir='ltr'>aliquo</span> <span class='ocrx_word' id='word_1_937' title='bbox 1883 2849 2017 2874; x_wconf 91' lang='lat' dir='ltr'>eorum</span> <span class='ocrx_word' id='word_1_938' title='bbox 2036 2850 2126 2874; x_wconf 91' lang='lat' dir='ltr'>vere</span> <span class='ocrx_word' id='word_1_939' title='bbox 2143 2838 2214 2874; x_wconf 92' lang='lat' dir='ltr'>dici</span> <span class='ocrx_word' id='word_1_940' title='bbox 2229 2845 2352 2886; x_wconf 89' lang='lat' dir='ltr'>potest</span> <span class='ocrx_word' id='word_1_941' title='bbox 2381 2838 2484 2886; x_wconf 92' lang='lat' dir='ltr'>quod</span> 
     </span>
    </p>
   </div>
   <div class='ocr_carea' id='block_1_29' title="bbox 1421 2970 2490 3670">
    <p class='ocr_par' dir='ltr' id='par_1_35' title="bbox 1421 2970 2485 3036">
     <span class='ocr_line' id='line_1_126' title="bbox 1421 2970 2485 3004; baseline -0.002 -8"><span class='ocrx_word' id='word_1_942' title='bbox 1421 2972 1578 3004; x_wconf 86' lang='lat' dir='ltr'>positionem</span> <span class='ocrx_word' id='word_1_943' title='bbox 1610 2976 1776 3003; x_wconf 90' lang='lat' dir='ltr'>apponuntur</span> <span class='ocrx_word' id='word_1_944' title='bbox 1808 2971 1951 2995; x_wconf 85' lang='lat' dir='ltr'>notationes</span> <span class='ocrx_word' id='word_1_945' title='bbox 1982 2970 2056 3000; x_wconf 88' lang='lat' dir='ltr'>illae,</span> <span class='ocrx_word' id='word_1_946' title='bbox 2090 2978 2155 3003; x_wconf 84' lang='lat' dir='ltr'>quas</span> <span class='ocrx_word' id='word_1_947' title='bbox 2184 2978 2231 2994; x_wconf 83' lang='lat' dir='ltr'>nos</span> <span class='ocrx_word' id='word_1_948' title='bbox 2259 2970 2429 3003; x_wconf 85' lang='lat' dir='ltr'>apposuimus</span> <span class='ocrx_word' id='word_1_949' title='bbox 2459 2970 2485 2994; x_wconf 93' lang='lat' dir='ltr'>in</span> 
     </span>
     <span class='ocr_line' id='line_1_127' title="bbox 1422 3015 1546 3036; baseline 0 -5"><span class='ocrx_word' id='word_1_950' title='bbox 1422 3015 1546 3036; x_wconf 71' lang='lat' dir='ltr'>margine.</span> 
     </span>
    </p>

    <p class='ocr_par' dir='ltr' id='par_1_36' title="bbox 1422 3040 2487 3355">
     <span class='ocr_line' id='line_1_128' title="bbox 1475 3040 2486 3075; baseline -0.001 -10"><span class='ocrx_word' id='word_1_951' title='bbox 1475 3041 1499 3075; x_wconf 89' lang='grc' dir='ltr'>θ)</span> <span class='ocrx_word' id='word_1_952' title='bbox 1515 3042 1668 3067; x_wconf 83' lang='lat' dir='ltr'>Herminus.</span> <span class='ocrx_word' id='word_1_953' title='bbox 1684 3041 1779 3074; x_wconf 90' lang='lat' dir='ltr'>Opinio</span> <span class='ocrx_word' id='word_1_954' title='bbox 1798 3041 1899 3066; x_wconf 86' lang='lat' dir='ltr'>recitata</span> <span class='ocrx_word' id='word_1_955' title='bbox 1918 3046 1957 3065; x_wconf 87' lang='lat' dir='ltr'>est</span> <span class='ocrx_word' id='word_1_956' title='bbox 1975 3040 2099 3069; x_wconf 88' lang='lat' dir='ltr'>Hermini,</span> <span class='ocrx_word' id='word_1_957' title='bbox 2114 3041 2149 3065; x_wconf 91' lang='lat' dir='ltr'>uti</span> <span class='ocrx_word' id='word_1_958' title='bbox 2169 3040 2245 3064; x_wconf 85' lang='lat' dir='ltr'>refert</span> <span class='ocrx_word' id='word_1_959' title='bbox 2263 3040 2384 3065; x_wconf 88' lang='lat' dir='ltr'>Boethius</span> <span class='ocrx_word' id='word_1_960' title='bbox 2402 3049 2445 3073; x_wconf 91' lang='lat' dir='ltr'>op.</span> <span class='ocrx_word' id='word_1_961' title='bbox 2461 3046 2486 3065; x_wconf 87' lang='lat' dir='ltr'>et</span> 
     </span>
     <span class='ocr_line' id='line_1_129' title="bbox 1422 3076 2485 3109; baseline -0.001 -7"><span class='ocrx_word' id='word_1_962' title='bbox 1422 3078 1470 3102; x_wconf 84' lang='lat' dir='ltr'>loc.</span> <span class='ocrx_word' id='word_1_963' title='bbox 1486 3078 1525 3102; x_wconf 88' lang='lat' dir='ltr'>cit.</span> <span class='ocrx_word' id='word_1_964' title='bbox 1541 3078 1566 3101; x_wconf 88' lang='lat' dir='ltr'>in</span> <span class='ocrx_word' id='word_1_965' title='bbox 1586 3077 1710 3109; x_wconf 89' lang='lat' dir='ltr'>superiori</span> <span class='ocrx_word' id='word_1_966' title='bbox 1730 3082 1789 3101; x_wconf 91' lang='lat' dir='ltr'>nota</span> <span class='ocrx_word' id='word_1_967' title='bbox 1803 3085 1836 3101; x_wconf 84' lang='grc' dir='ltr'><strong><em>ε.-</em></strong></span> <span class='ocrx_word' id='word_1_968' title='bbox 1843 3077 1890 3101; x_wconf 89' lang='lat' dir='ltr'>Ed.</span> <span class='ocrx_word' id='word_1_969' title='bbox 1906 3076 1983 3100; x_wconf 86' lang='lat' dir='ltr'>Piana</span> <span class='ocrx_word' id='word_1_970' title='bbox 1997 3081 2115 3108; x_wconf 88' lang='lat' dir='ltr'>corrupte</span> <span class='ocrx_word' id='word_1_971' title='bbox 2134 3076 2210 3100; x_wconf 89' lang='lat' dir='ltr'>habet</span> <span class='ocrx_word' id='word_1_972' title='bbox 2227 3076 2412 3105; x_wconf 77' lang='lat' dir='ltr'>Hormelius5-</span> <span class='ocrx_word' id='word_1_973' title='bbox 2422 3076 2485 3101; x_wconf 89' lang='lat' dir='ltr'>Cod.</span> 
     </span>
     <span class='ocr_line' id='line_1_130' title="bbox 1422 3111 2487 3145; baseline -0.001 -8"><span class='ocrx_word' id='word_1_974' title='bbox 1422 3114 1442 3137; x_wconf 88' lang='lat' dir='ltr'>B</span> <span class='ocrx_word' id='word_1_975' title='bbox 1463 3113 1548 3137; x_wconf 89' lang='lat' dir='ltr'>minus</span> <span class='ocrx_word' id='word_1_976' title='bbox 1568 3117 1687 3145; x_wconf 87' lang='lat' dir='ltr'>corrupte</span> <span class='ocrx_word' id='word_1_977' title='bbox 1706 3112 1767 3143; x_wconf 74' lang='lat' dir='ltr'>legit</span> <span class='ocrx_word' id='word_1_978' title='bbox 1790 3111 1962 3142; x_wconf 72' lang='grc' dir='ltr'><strong><em>Ηονηιεηίιιες</em></strong></span> <span class='ocrx_word' id='word_1_979' title='bbox 1979 3125 1988 3129; x_wconf 94' lang='grc'>-</span> <span class='ocrx_word' id='word_1_980' title='bbox 2004 3112 2034 3141; x_wconf 93' lang='lat' dir='ltr'>D,</span> <span class='ocrx_word' id='word_1_981' title='bbox 2050 3111 2231 3140; x_wconf 82' lang='lat' dir='ltr'>Hermenis,·-</span> <span class='ocrx_word' id='word_1_982' title='bbox 2249 3111 2282 3141; x_wconf 85' lang='lat' dir='ltr'>E,</span> <span class='ocrx_word' id='word_1_983' title='bbox 2306 3111 2454 3140; x_wconf 83' lang='lat' dir='ltr'>Ormenius;</span> <span class='ocrx_word' id='word_1_984' title='bbox 2466 3125 2487 3129; x_wconf 96' lang='lat'>—</span> 
     </span>
     <span class='ocr_line' id='line_1_131' title="bbox 1422 3146 2485 3179; baseline -0.001 -7"><span class='ocrx_word' id='word_1_985' title='bbox 1422 3148 1486 3172; x_wconf 88' lang='lat' dir='ltr'>Cod.</span> <span class='ocrx_word' id='word_1_986' title='bbox 1502 3148 1522 3172; x_wconf 96' lang='lat' dir='ltr'>C</span> <span class='ocrx_word' id='word_1_987' title='bbox 1541 3153 1610 3172; x_wconf 88' lang='lat' dir='ltr'>recte</span> <span class='ocrx_word' id='word_1_988' title='bbox 1629 3147 1690 3179; x_wconf 85' lang='lat' dir='ltr'>legit</span> <span class='ocrx_word' id='word_1_989' title='bbox 1708 3147 1963 3172; x_wconf 82' lang='lat' dir='ltr'>Herminus.—Cod.</span> <span class='ocrx_word' id='word_1_990' title='bbox 1982 3147 2005 3170; x_wconf 86' lang='lat' dir='ltr'><strong>A</strong></span> <span class='ocrx_word' id='word_1_991' title='bbox 2024 3154 2130 3171; x_wconf 87' lang='lat' dir='ltr'>erronee</span> <span class='ocrx_word' id='word_1_992' title='bbox 2148 3146 2232 3179; x_wconf 88' lang='lat' dir='ltr'>ponit,</span> <span class='ocrx_word' id='word_1_993' title='bbox 2251 3147 2421 3171; x_wconf 79' lang='lat' dir='ltr'>Ammonius:</span> <span class='ocrx_word' id='word_1_994' title='bbox 2439 3147 2485 3171; x_wconf 89' lang='lat' dir='ltr'>hu—</span> 
     </span>
     <span class='ocr_line' id='line_1_132' title="bbox 1423 3181 2486 3215; baseline -0.001 -8"><span class='ocrx_word' id='word_1_995' title='bbox 1423 3183 1463 3207; x_wconf 92' lang='lat' dir='ltr'>ius</span> <span class='ocrx_word' id='word_1_996' title='bbox 1483 3183 1551 3207; x_wconf 90' lang='lat' dir='ltr'>enim</span> <span class='ocrx_word' id='word_1_997' title='bbox 1568 3182 1713 3215; x_wconf 87' lang='lat' dir='ltr'>philosophi</span> <span class='ocrx_word' id='word_1_998' title='bbox 1729 3182 1854 3207; x_wconf 88' lang='lat' dir='ltr'>sententia</span> <span class='ocrx_word' id='word_1_999' title='bbox 1867 3181 2002 3214; x_wconf 83' lang='lat' dir='ltr'>exponitur</span> <span class='ocrx_word' id='word_1_1000' title='bbox 2020 3190 2045 3206; x_wconf 82' lang='lat'>11.</span> <span class='ocrx_word' id='word_1_1001' title='bbox 2056 3182 2153 3215; x_wconf 86' lang='lat' dir='ltr'>9.—De</span> <span class='ocrx_word' id='word_1_1002' title='bbox 2171 3181 2218 3206; x_wconf 83' lang='lat' dir='ltr'>hac</span> <span class='ocrx_word' id='word_1_1003' title='bbox 2236 3189 2298 3206; x_wconf 85' lang='lat' dir='ltr'>vero</span> <span class='ocrx_word' id='word_1_1004' title='bbox 2313 3182 2428 3206; x_wconf 88' lang='lat' dir='ltr'>Hermini</span> <span class='ocrx_word' id='word_1_1005' title='bbox 2444 3190 2486 3206; x_wconf 82' lang='lat' dir='ltr'>ex-</span> 
     </span>
     <span class='ocr_line' id='line_1_133' title="bbox 1423 3217 2486 3250; baseline -0.001 -8"><span class='ocrx_word' id='word_1_1006' title='bbox 1423 3218 1550 3250; x_wconf 85' lang='lat' dir='ltr'>positione</span> <span class='ocrx_word' id='word_1_1007' title='bbox 1565 3219 1683 3250; x_wconf 88' lang='lat' dir='ltr'>loquens,</span> <span class='ocrx_word' id='word_1_1008' title='bbox 1698 3217 1820 3242; x_wconf 85' lang='lat' dir='ltr'>Boethius</span> <span class='ocrx_word' id='word_1_1009' title='bbox 1835 3218 1882 3241; x_wconf 91' lang='lat' dir='ltr'>loc.</span> <span class='ocrx_word' id='word_1_1010' title='bbox 1893 3217 1933 3241; x_wconf 91' lang='lat' dir='ltr'>cit.</span> <span class='ocrx_word' id='word_1_1011' title='bbox 1945 3217 2071 3241; x_wconf 88' lang='lat' dir='ltr'>concludit</span> <span class='ocrx_word' id='word_1_1012' title='bbox 2085 3217 2164 3241; x_wconf 91' lang='lat' dir='ltr'>nihilo</span> <span class='ocrx_word' id='word_1_1013' title='bbox 2180 3217 2262 3249; x_wconf 84' lang='lat' dir='ltr'>magis</span> <span class='ocrx_word' id='word_1_1014' title='bbox 2276 3222 2335 3241; x_wconf 82' lang='lat' dir='ltr'>ante</span> <span class='ocrx_word' id='word_1_1015' title='bbox 2349 3217 2486 3249; x_wconf 88' lang='lat' dir='ltr'>expositio-</span> 
     </span>
     <span class='ocr_line' id='line_1_134' title="bbox 1424 3252 2486 3285; baseline -0.001 -8"><span class='ocrx_word' id='word_1_1016' title='bbox 1424 3261 1484 3277; x_wconf 89' lang='lat' dir='ltr'>nem</span> <span class='ocrx_word' id='word_1_1017' title='bbox 1494 3253 1611 3277; x_wconf 91' lang='lat' dir='ltr'>Hermini</span> <span class='ocrx_word' id='word_1_1018' title='bbox 1626 3261 1705 3285; x_wconf 89' lang='lat' dir='ltr'>quam</span> <span class='ocrx_word' id='word_1_1019' title='bbox 1720 3257 1780 3285; x_wconf 86' lang='lat' dir='ltr'>post</span> <span class='ocrx_word' id='word_1_1020' title='bbox 1794 3252 1978 3284; x_wconf 86' lang='lat' dir='ltr'>expositionem</span> <span class='ocrx_word' id='word_1_1021' title='bbox 1994 3252 2133 3276; x_wconf 88' lang='lat' dir='ltr'>obscurum</span> <span class='ocrx_word' id='word_1_1022' title='bbox 2148 3260 2215 3282; x_wconf 84' lang='lat' dir='ltr'>esse,</span> <span class='ocrx_word' id='word_1_1023' title='bbox 2227 3253 2296 3284; x_wconf 91' lang='lat' dir='ltr'>quod</span> <span class='ocrx_word' id='word_1_1024' title='bbox 2309 3252 2486 3276; x_wconf 89' lang='lat' dir='ltr'>illustrandum</span> 
     </span>
     <span class='ocr_line' id='line_1_135' title="bbox 1424 3287 2486 3320; baseline -0.001 -8"><span class='ocrx_word' id='word_1_1025' title='bbox 1424 3295 1455 3312; x_wconf 86' lang='lat' dir='ltr'>ex</span> <span class='ocrx_word' id='word_1_1026' title='bbox 1473 3288 1611 3312; x_wconf 83' lang='lat' dir='ltr'>Aristotele</span> <span class='ocrx_word' id='word_1_1027' title='bbox 1634 3288 1690 3319; x_wconf 89' lang='lat' dir='ltr'>ipse</span> <span class='ocrx_word' id='word_1_1028' title='bbox 1708 3287 1848 3311; x_wconf 86' lang='lat' dir='ltr'>Herminus</span> <span class='ocrx_word' id='word_1_1029' title='bbox 1877 3292 2061 3320; x_wconf 87' lang='lat' dir='ltr'>susceperat.-</span> <span class='ocrx_word' id='word_1_1030' title='bbox 2076 3288 2125 3318; x_wconf 92' lang='lat' dir='ltr'>Qui</span> <span class='ocrx_word' id='word_1_1031' title='bbox 2145 3288 2194 3312; x_wconf 89' lang='lat' dir='ltr'>sint</span> <span class='ocrx_word' id='word_1_1032' title='bbox 2213 3288 2256 3317; x_wconf 88' lang='lat' dir='ltr'>illi,</span> <span class='ocrx_word' id='word_1_1033' title='bbox 2281 3295 2391 3319; x_wconf 90' lang='lat' dir='ltr'>quorum</span> <span class='ocrx_word' id='word_1_1034' title='bbox 2410 3287 2486 3312; x_wconf 89' lang='lat' dir='ltr'>inter-</span> 
     </span>
     <span class='ocr_line' id='line_1_136' title="bbox 1425 3322 2234 3355; baseline -0.001 -8"><span class='ocrx_word' id='word_1_1035' title='bbox 1425 3323 1532 3355; x_wconf 88' lang='lat' dir='ltr'>pretatio</span> <span class='ocrx_word' id='word_1_1036' title='bbox 1551 3322 1685 3355; x_wconf 86' lang='lat' dir='ltr'>exponitur</span> <span class='ocrx_word' id='word_1_1037' title='bbox 1703 3322 1821 3354; x_wconf 89' lang='lat' dir='ltr'>sequenti</span> <span class='ocrx_word' id='word_1_1038' title='bbox 1840 3331 1865 3346; x_wconf 91' lang='lat' dir='ltr'>n.</span> <span class='ocrx_word' id='word_1_1039' title='bbox 1880 3330 1905 3355; x_wconf 83' lang='lat'>9,</span> <span class='ocrx_word' id='word_1_1040' title='bbox 1924 3323 2078 3347; x_wconf 82' lang='lat' dir='ltr'>Ammonius</span> <span class='ocrx_word' id='word_1_1041' title='bbox 2098 3331 2149 3347; x_wconf 93' lang='lat' dir='ltr'>non</span> <span class='ocrx_word' id='word_1_1042' title='bbox 2169 3323 2234 3347; x_wconf 89' lang='lat' dir='ltr'>dicit.</span> 
     </span>
    </p>

    <p class='ocr_par' dir='ltr' id='par_1_37' title="bbox 1425 3357 2490 3670">
     <span class='ocr_line' id='line_1_137' title="bbox 1479 3357 2487 3391; baseline -0.001 -9"><span class='ocrx_word' id='word_1_1043' title='bbox 1479 3357 1498 3391; x_wconf 88' lang='grc' dir='ltr'>ι)</span> <span class='ocrx_word' id='word_1_1044' title='bbox 1517 3358 1605 3382; x_wconf 89' lang='lat' dir='ltr'>Homo</span> <span class='ocrx_word' id='word_1_1045' title='bbox 1630 3361 1670 3382; x_wconf 81' lang='lat' dir='ltr'>est</span> <span class='ocrx_word' id='word_1_1046' title='bbox 1693 3365 1744 3382; x_wconf 86' lang='lat' dir='ltr'>non</span> <span class='ocrx_word' id='word_1_1047' title='bbox 1763 3358 1856 3382; x_wconf 84' lang='lat' dir='ltr'>iustus.</span> <span class='ocrx_word' id='word_1_1048' title='bbox 1886 3358 1920 3382; x_wconf 84' lang='lat' dir='ltr'>lta</span> <span class='ocrx_word' id='word_1_1049' title='bbox 1939 3358 1968 3381; x_wconf 88' lang='lat' dir='ltr'>P.</span> <span class='ocrx_word' id='word_1_1050' title='bbox 1988 3365 2046 3382; x_wconf 89' lang='lat' dir='ltr'>cum</span> <span class='ocrx_word' id='word_1_1051' title='bbox 2065 3358 2108 3382; x_wconf 84' lang='lat' dir='ltr'>BE</span> <span class='ocrx_word' id='word_1_1052' title='bbox 2132 3363 2157 3382; x_wconf 88' lang='lat' dir='ltr'>et</span> <span class='ocrx_word' id='word_1_1053' title='bbox 2174 3358 2295 3381; x_wconf 88' lang='lat' dir='ltr'>omnibus</span> <span class='ocrx_word' id='word_1_1054' title='bbox 2319 3358 2375 3382; x_wconf 92' lang='lat' dir='ltr'>edd.</span> <span class='ocrx_word' id='word_1_1055' title='bbox 2395 3358 2487 3382; x_wconf 82' lang='lat' dir='ltr'>Ven.--</span> 
     </span>
     <span class='ocr_line' id='line_1_138' title="bbox 1425 3392 2487 3423; baseline -0.001 -6"><span class='ocrx_word' id='word_1_1056' title='bbox 1425 3394 1447 3417; x_wconf 88' lang='lat' dir='ltr'><strong>A</strong></span> <span class='ocrx_word' id='word_1_1057' title='bbox 1463 3400 1581 3417; x_wconf 87' lang='lat' dir='ltr'>erronee:</span> <span class='ocrx_word' id='word_1_1058' title='bbox 1601 3393 1679 3417; x_wconf 84' lang='lat' dir='ltr'>homo</span> <span class='ocrx_word' id='word_1_1059' title='bbox 1698 3395 1738 3417; x_wconf 79' lang='lat' dir='ltr'>est</span> <span class='ocrx_word' id='word_1_1060' title='bbox 1757 3392 1841 3417; x_wconf 81' lang='lat' dir='ltr'>iustus</span> <span class='ocrx_word' id='word_1_1061' title='bbox 1847 3399 1856 3420; x_wconf 80' lang='lat'>,¹</span> <span class='ocrx_word' id='word_1_1062' title='bbox 1868 3406 1879 3410; x_wconf 99' lang='lat'>-</span> <span class='ocrx_word' id='word_1_1063' title='bbox 1894 3392 1927 3416; x_wconf 91' lang='lat' dir='ltr'>C:</span> <span class='ocrx_word' id='word_1_1064' title='bbox 1946 3392 2024 3417; x_wconf 89' lang='lat' dir='ltr'>homo</span> <span class='ocrx_word' id='word_1_1065' title='bbox 2038 3396 2077 3417; x_wconf 84' lang='lat' dir='ltr'>est</span> <span class='ocrx_word' id='word_1_1066' title='bbox 2093 3393 2213 3417; x_wconf 81' lang='lat' dir='ltr'>iniustus.</span> <span class='ocrx_word' id='word_1_1067' title='bbox 2228 3407 2240 3411; x_wconf 87' lang='lat'>-</span> <span class='ocrx_word' id='word_1_1068' title='bbox 2255 3392 2321 3416; x_wconf 84' lang='lat' dir='ltr'>Infra</span> <span class='ocrx_word' id='word_1_1069' title='bbox 2340 3393 2381 3416; x_wconf 84' lang='lat' dir='ltr'>ed.</span> <span class='ocrx_word' id='word_1_1070' title='bbox 2400 3392 2487 3423; x_wconf 78' lang='lat' dir='ltr'>Piana,</span> 
     </span>
     <span class='ocr_line' id='line_1_139' title="bbox 1425 3427 2487 3460; baseline 0.001 -9"><span class='ocrx_word' id='word_1_1071' title='bbox 1425 3428 1537 3452; x_wconf 84' lang='lat' dir='ltr'>Venetas</span> <span class='ocrx_word' id='word_1_1072' title='bbox 1552 3435 1665 3460; x_wconf 89' lang='lat' dir='ltr'>sequens</span> <span class='ocrx_word' id='word_1_1073' title='bbox 1680 3427 1746 3456; x_wconf 70' lang='lat' dir='ltr'>edd„</span> <span class='ocrx_word' id='word_1_1074' title='bbox 1771 3427 1877 3451; x_wconf 78' lang='lat' dir='ltr'>confuse</span> <span class='ocrx_word' id='word_1_1075' title='bbox 1896 3427 2036 3451; x_wconf 85' lang='lat' dir='ltr'>admodum</span> <span class='ocrx_word' id='word_1_1076' title='bbox 2057 3428 2174 3460; x_wconf 84' lang='lat' dir='ltr'>exprimit</span> <span class='ocrx_word' id='word_1_1077' title='bbox 2193 3433 2305 3452; x_wconf 88' lang='lat' dir='ltr'>mentem</span> <span class='ocrx_word' id='word_1_1078' title='bbox 2329 3427 2487 3458; x_wconf 86' lang='lat' dir='ltr'>s.Thomae,</span> 
     </span>
     <span class='ocr_line' id='line_1_140' title="bbox 1426 3461 2489 3495; baseline 0 -8"><span class='ocrx_word' id='word_1_1079' title='bbox 1426 3464 1548 3495; x_wconf 90' lang='lat' dir='ltr'>legendo:</span> <span class='ocrx_word' id='word_1_1080' title='bbox 1564 3471 1578 3485; x_wconf 66' lang='grc' dir='ltr'><em>α</em></span> <span class='ocrx_word' id='word_1_1081' title='bbox 1587 3463 1619 3486; x_wconf 80' lang='lat' dir='ltr'>Et</span> <span class='ocrx_word' id='word_1_1082' title='bbox 1635 3462 1703 3486; x_wconf 90' lang='lat' dir='ltr'>idem</span> <span class='ocrx_word' id='word_1_1083' title='bbox 1714 3461 1849 3486; x_wconf 88' lang='lat' dir='ltr'>dicendum</span> <span class='ocrx_word' id='word_1_1084' title='bbox 1866 3467 1905 3486; x_wconf 91' lang='lat' dir='ltr'>est</span> <span class='ocrx_word' id='word_1_1085' title='bbox 1918 3462 1950 3486; x_wconf 90' lang='lat' dir='ltr'>de</span> <span class='ocrx_word' id='word_1_1086' title='bbox 1964 3461 2112 3487; x_wconf 87' lang='lat' dir='ltr'>affirmativa</span> <span class='ocrx_word' id='word_1_1087' title='bbox 2131 3468 2156 3486; x_wconf 89' lang='lat' dir='ltr'>et</span> <span class='ocrx_word' id='word_1_1088' title='bbox 2170 3463 2202 3486; x_wconf 87' lang='lat' dir='ltr'>de</span> <span class='ocrx_word' id='word_1_1089' title='bbox 2216 3462 2339 3494; x_wconf 78' lang='lat' dir='ltr'>negativa,</span> <span class='ocrx_word' id='word_1_1090' title='bbox 2350 3471 2417 3495; x_wconf 82' lang='lat' dir='ltr'>quae</span> <span class='ocrx_word' id='word_1_1091' title='bbox 2429 3468 2489 3487; x_wconf 88' lang='lat' dir='ltr'>sunt</span> 
     </span>
     <span class='ocr_line' id='line_1_141' title="bbox 1429 3497 2489 3530; baseline 0 -8"><span class='ocrx_word' id='word_1_1092' title='bbox 1429 3509 1441 3521; x_wconf 64' lang='lat' dir='ltr'>is</span> <span class='ocrx_word' id='word_1_1093' title='bbox 1458 3498 1489 3522; x_wconf 92' lang='lat' dir='ltr'>de</span> <span class='ocrx_word' id='word_1_1094' title='bbox 1504 3497 1574 3521; x_wconf 84' lang='lat' dir='ltr'>finito</span> <span class='ocrx_word' id='word_1_1095' title='bbox 1594 3497 1746 3530; x_wconf 76' lang='lat' dir='ltr'>praedicato,</span> <span class='ocrx_word' id='word_1_1096' title='bbox 1761 3497 1831 3529; x_wconf 88' lang='lat' dir='ltr'>quod</span> <span class='ocrx_word' id='word_1_1097' title='bbox 1851 3504 1902 3521; x_wconf 91' lang='lat' dir='ltr'>non</span> <span class='ocrx_word' id='word_1_1098' title='bbox 1922 3505 1950 3521; x_wconf 85' lang='lat' dir='ltr'>se</span> <span class='ocrx_word' id='word_1_1099' title='bbox 1970 3497 2064 3522; x_wconf 87' lang='lat' dir='ltr'>habent</span> <span class='ocrx_word' id='word_1_1100' title='bbox 2082 3498 2114 3522; x_wconf 89' lang='lat' dir='ltr'>ad</span> <span class='ocrx_word' id='word_1_1101' title='bbox 2134 3498 2247 3530; x_wconf 88' lang='lat' dir='ltr'>speciem</span> <span class='ocrx_word' id='word_1_1102' title='bbox 2267 3497 2440 3522; x_wconf 84' lang='lat' dir='ltr'>affirmationis</span> <span class='ocrx_word' id='word_1_1103' title='bbox 2464 3503 2489 3522; x_wconf 92' lang='lat' dir='ltr'>et</span> 
     </span>
     <span class='ocr_line' id='line_1_142' title="bbox 1429 3532 2489 3565; baseline 0.002 -9"><span class='ocrx_word' id='word_1_1104' title='bbox 1429 3544 1442 3556; x_wconf 88' lang='lat'>›</span> <span class='ocrx_word' id='word_1_1105' title='bbox 1459 3532 1601 3564; x_wconf 81' lang='lat' dir='ltr'>negationis</span> <span class='ocrx_word' id='word_1_1106' title='bbox 1621 3532 1762 3556; x_wconf 91' lang='lat' dir='ltr'>secundum</span> <span class='ocrx_word' id='word_1_1107' title='bbox 1773 3532 1949 3564; x_wconf 83' lang='lat' dir='ltr'>privationem,</span> <span class='ocrx_word' id='word_1_1108' title='bbox 1960 3533 2006 3556; x_wconf 90' lang='lat' dir='ltr'>sed</span> <span class='ocrx_word' id='word_1_1109' title='bbox 2021 3532 2177 3564; x_wconf 87' lang='lat' dir='ltr'>simpliciter.</span> <span class='ocrx_word' id='word_1_1110' title='bbox 2190 3543 2202 3555; x_wconf 69' lang='grc' dir='ltr'>ιι</span> <span class='ocrx_word' id='word_1_1111' title='bbox 2218 3533 2412 3565; x_wconf 85' lang='lat' dir='ltr'>inintelligibilia</span> <span class='ocrx_word' id='word_1_1112' title='bbox 2425 3533 2489 3558; x_wconf 87' lang='lat' dir='ltr'>haec</span> 
     </span>
     <span class='ocr_line' id='line_1_143' title="bbox 1428 3567 2490 3601; baseline 0.001 -9"><span class='ocrx_word' id='word_1_1113' title='bbox 1428 3573 1500 3598; x_wconf 89' lang='lat' dir='ltr'>sunt,</span> <span class='ocrx_word' id='word_1_1114' title='bbox 1525 3573 1549 3592; x_wconf 86' lang='lat' dir='ltr'>et</span> <span class='ocrx_word' id='word_1_1115' title='bbox 1568 3567 1593 3591; x_wconf 86' lang='lat' dir='ltr'>in</span> <span class='ocrx_word' id='word_1_1116' title='bbox 1611 3572 1699 3600; x_wconf 78' lang='lat' dir='ltr'>aperta</span> <span class='ocrx_word' id='word_1_1117' title='bbox 1722 3567 1918 3591; x_wconf 84' lang='lat' dir='ltr'>contradictione</span> <span class='ocrx_word' id='word_1_1118' title='bbox 1943 3575 2003 3591; x_wconf 92' lang='lat' dir='ltr'>cum</span> <span class='ocrx_word' id='word_1_1119' title='bbox 2026 3572 2080 3592; x_wconf 92' lang='lat' dir='ltr'>toto</span> <span class='ocrx_word' id='word_1_1120' title='bbox 2104 3573 2221 3592; x_wconf 84' lang='lat' dir='ltr'>contextu</span> <span class='ocrx_word' id='word_1_1121' title='bbox 2244 3573 2269 3592; x_wconf 88' lang='lat' dir='ltr'>et</span> <span class='ocrx_word' id='word_1_1122' title='bbox 2289 3576 2347 3593; x_wconf 89' lang='lat' dir='ltr'>cum</span> <span class='ocrx_word' id='word_1_1123' title='bbox 2371 3569 2490 3601; x_wconf 87' lang='lat' dir='ltr'>exemplo</span> 
     </span>
     <span class='ocr_line' id='line_1_144' title="bbox 1429 3601 2490 3637; baseline 0.001 -10"><span class='ocrx_word' id='word_1_1124' title='bbox 1429 3602 1504 3637; x_wconf 83' lang='lat' dir='ltr'>(haec</span> <span class='ocrx_word' id='word_1_1125' title='bbox 1517 3603 1595 3632; x_wconf 85' lang='lat' dir='ltr'>enim,</span> <span class='ocrx_word' id='word_1_1126' title='bbox 1610 3603 1688 3627; x_wconf 87' lang='lat' dir='ltr'>homo</span> <span class='ocrx_word' id='word_1_1127' title='bbox 1703 3601 1762 3636; x_wconf 87' lang='lat' dir='ltr'>etc.)</span> <span class='ocrx_word' id='word_1_1128' title='bbox 1782 3602 1928 3626; x_wconf 86' lang='lat' dir='ltr'>immediate</span> <span class='ocrx_word' id='word_1_1129' title='bbox 1942 3602 2036 3627; x_wconf 85' lang='lat' dir='ltr'>addito.</span> <span class='ocrx_word' id='word_1_1130' title='bbox 2056 3603 2203 3627; x_wconf 86' lang='lat' dir='ltr'>Genuinum</span> <span class='ocrx_word' id='word_1_1131' title='bbox 2222 3608 2318 3628; x_wconf 88' lang='lat' dir='ltr'>textum</span> <span class='ocrx_word' id='word_1_1132' title='bbox 2333 3603 2490 3628; x_wconf 84' lang='lat' dir='ltr'>restituimus</span> 
     </span>
     <span class='ocr_line' id='line_1_145' title="bbox 1430 3636 2490 3670; baseline 0 -7"><span class='ocrx_word' id='word_1_1133' title='bbox 1430 3646 1459 3663; x_wconf 88' lang='lat' dir='ltr'>ex</span> <span class='ocrx_word' id='word_1_1134' title='bbox 1474 3638 1547 3663; x_wconf 88' lang='lat' dir='ltr'>codd.</span> <span class='ocrx_word' id='word_1_1135' title='bbox 1561 3636 1632 3662; x_wconf 85' lang='grc' dir='ltr'>ΑΒΕ</span> <span class='ocrx_word' id='word_1_1136' title='bbox 1645 3642 1671 3662; x_wconf 89' lang='lat' dir='ltr'>et</span> <span class='ocrx_word' id='word_1_1137' title='bbox 1680 3638 1709 3667; x_wconf 89' lang='lat' dir='ltr'>C,</span> <span class='ocrx_word' id='word_1_1138' title='bbox 1722 3645 1737 3662; x_wconf 84' lang='lat' dir='ltr'>a</span> <span class='ocrx_word' id='word_1_1139' title='bbox 1751 3645 1805 3670; x_wconf 91' lang='lat' dir='ltr'>quo</span> <span class='ocrx_word' id='word_1_1140' title='bbox 1818 3637 1956 3670; x_wconf 84' lang='lat' dir='ltr'>praebetur</span> <span class='ocrx_word' id='word_1_1141' title='bbox 1969 3637 1995 3662; x_wconf 86' lang='lat' dir='ltr'>in</span> <span class='ocrx_word' id='word_1_1142' title='bbox 2014 3645 2062 3662; x_wconf 82' lang='lat' dir='ltr'>sua</span> <span class='ocrx_word' id='word_1_1143' title='bbox 2075 3637 2219 3670; x_wconf 79' lang='lat' dir='ltr'>integr-itate</span> <span class='ocrx_word' id='word_1_1144' title='bbox 2234 3638 2308 3663; x_wconf 87' lang='lat' dir='ltr'>lectio</span> <span class='ocrx_word' id='word_1_1145' title='bbox 2328 3647 2348 3663; x_wconf 89' lang='grc' dir='ltr'>ε.</span> <span class='ocrx_word' id='word_1_1146' title='bbox 2363 3638 2490 3664; x_wconf 85' lang='lat' dir='ltr'>Thomae.</span> 
     </span>
    </p>
   </div>
   <div class='ocr_carea' id='block_1_30' title="bbox 2297 3692 2347 3715">
    <p class='ocr_par' dir='ltr' id='par_1_38' title="bbox 2297 3692 2347 3715">
     <span class='ocr_line' id='line_1_146' title="bbox 2297 3692 2347 3715; baseline 0 0"><span class='ocrx_word' id='word_1_1147' title='bbox 2297 3692 2347 3715; x_wconf 67' lang='grc' dir='ltr'>ιι*</span> 
     </span>
    </p>
   </div>
   <div class='ocr_carea' id='block_1_31' title="bbox 2495 907 2707 962">
    <p class='ocr_par' dir='ltr' id='par_1_39' title="bbox 2495 907 2707 962">
     <span class='ocr_line' id='line_1_147' title="bbox 2495 907 2707 935; baseline 0 -7"><span class='ocrx_word' id='word_1_1148' title='bbox 2495 910 2503 917; x_wconf 94' lang='grc'>·</span> <span class='ocrx_word' id='word_1_1149' title='bbox 2512 907 2603 935; x_wconf 84' lang='lat' dir='ltr'>Nempe</span> <span class='ocrx_word' id='word_1_1150' title='bbox 2613 908 2635 928; x_wconf 89' lang='lat' dir='ltr'>in</span> <span class='ocrx_word' id='word_1_1151' title='bbox 2643 907 2707 928; x_wconf 82' lang='lat' dir='ltr'>Ana-</span> 
     </span>
     <span class='ocr_line' id='line_1_148' title="bbox 2496 934 2707 962; baseline -0.005 -7"><span class='ocrx_word' id='word_1_1152' title='bbox 2496 934 2572 962; x_wconf 72' lang='lat' dir='ltr'>lyticis</span> <span class='ocrx_word' id='word_1_1153' title='bbox 2577 934 2707 961; x_wconf 78' lang='lat' dir='ltr'>prioribus.</span> 
     </span>
    </p>
   </div>
   <div class='ocr_carea' id='block_1_32' title="bbox 2496 1023 2646 1094">
    <p class='ocr_par' dir='ltr' id='par_1_40' title="bbox 2496 1023 2646 1094">
     <span class='ocr_line' id='line_1_149' title="bbox 2496 1023 2646 1044; baseline 0 0"><span class='ocrx_word' id='word_1_1154' title='bbox 2496 1023 2646 1044; x_wconf 84' lang='lat' dir='ltr'>Ammonius.</span> 
     </span>
     <span class='ocr_line' id='line_1_150' title="bbox 2497 1067 2626 1094; baseline -0.008 -5"><span class='ocrx_word' id='word_1_1155' title='bbox 2497 1068 2505 1077; x_wconf 83' lang='lat'>¹</span> <span class='ocrx_word' id='word_1_1156' title='bbox 2518 1068 2574 1094; x_wconf 87' lang='lat' dir='ltr'>Cap.</span> <span class='ocrx_word' id='word_1_1157' title='bbox 2586 1067 2626 1088; x_wconf 86' lang='lat' dir='ltr'>ult.</span> 
     </span>
    </p>
   </div>
   <div class='ocr_carea' id='block_1_33' title="bbox 2498 1498 2713 1579">
    <p class='ocr_par' dir='ltr' id='par_1_41' title="bbox 2498 1498 2713 1579">
     <span class='ocr_line' id='line_1_151' title="bbox 2498 1498 2713 1524; baseline 0 -5"><span class='ocrx_word' id='word_1_1158' title='bbox 2498 1500 2506 1508; x_wconf 84' lang='lat'><strong>·</strong></span> <span class='ocrx_word' id='word_1_1159' title='bbox 2517 1505 2531 1519; x_wconf 76' lang='grc' dir='ltr'><strong>Α</strong></span> <span class='ocrx_word' id='word_1_1160' title='bbox 2540 1498 2633 1524; x_wconf 82' lang='lat' dir='ltr'>omittit,</span> <span class='ocrx_word' id='word_1_1161' title='bbox 2644 1503 2713 1523; x_wconf 56' lang='lat' dir='ltr'>vern</span> 
     </span>
     <span class='ocr_line' id='line_1_152' title="bbox 2499 1525 2712 1551; baseline -0.005 -5"><span class='ocrx_word' id='word_1_1162' title='bbox 2499 1525 2539 1546; x_wconf 87' lang='lat' dir='ltr'>sed</span> <span class='ocrx_word' id='word_1_1163' title='bbox 2555 1531 2600 1546; x_wconf 90' lang='lat' dir='ltr'>non</span> <span class='ocrx_word' id='word_1_1164' title='bbox 2611 1525 2677 1551; x_wconf 81' lang='lat' dir='ltr'>bene,</span> <span class='ocrx_word' id='word_1_1165' title='bbox 2688 1528 2712 1545; x_wconf 84' lang='lat' dir='ltr'>ut</span> 
     </span>
     <span class='ocr_line' id='line_1_153' title="bbox 2499 1551 2639 1579; baseline -0.007 -6"><span class='ocrx_word' id='word_1_1166' title='bbox 2499 1555 2560 1579; x_wconf 85' lang='lat' dir='ltr'>patet</span> <span class='ocrx_word' id='word_1_1167' title='bbox 2574 1551 2639 1572; x_wconf 86' lang='lat' dir='ltr'>infra.</span> 
     </span>
    </p>
   </div>
   <div class='ocr_carea' id='block_1_34' title="bbox 2500 1822 2718 1904">
    <p class='ocr_par' dir='ltr' id='par_1_42' title="bbox 2500 1822 2718 1904">
     <span class='ocr_line' id='line_1_154' title="bbox 2500 1822 2715 1854; baseline 0.009 -11"><span class='ocrx_word' id='word_1_1168' title='bbox 2500 1822 2509 1830; x_wconf 80' lang='lat'>&#39;</span> <span class='ocrx_word' id='word_1_1169' title='bbox 2516 1822 2542 1843; x_wconf 82' lang='lat' dir='ltr'>In</span> <span class='ocrx_word' id='word_1_1170' title='bbox 2549 1822 2612 1853; x_wconf 53' lang='lat' dir='ltr'>plus!</span> <span class='ocrx_word' id='word_1_1171' title='bbox 2623 1829 2715 1854; x_wconf 81' lang='lat' dir='ltr'>nempe,</span> 
     </span>
     <span class='ocr_line' id='line_1_155' title="bbox 2502 1852 2718 1876; baseline 0.014 -7"><span class='ocrx_word' id='word_1_1172' title='bbox 2502 1852 2536 1870; x_wconf 88' lang='lat' dir='ltr'>est</span> <span class='ocrx_word' id='word_1_1173' title='bbox 2546 1855 2620 1876; x_wconf 79' lang='lat' dir='ltr'>magis</span> <span class='ocrx_word' id='word_1_1174' title='bbox 2630 1856 2718 1872; x_wconf 78' lang='lat' dir='ltr'>univer-</span> 
     </span>
     <span class='ocr_line' id='line_1_156' title="bbox 2503 1876 2701 1904; baseline 0.005 -7"><span class='ocrx_word' id='word_1_1175' title='bbox 2503 1876 2559 1897; x_wconf 83' lang='lat' dir='ltr'>salis</span> <span class='ocrx_word' id='word_1_1176' title='bbox 2573 1882 2642 1904; x_wconf 83' lang='lat' dir='ltr'>quarn</span> <span class='ocrx_word' id='word_1_1177' title='bbox 2658 1880 2701 1898; x_wconf 87' lang='lat' dir='ltr'>etc.</span> 
     </span>
    </p>
   </div>
   <div class='ocr_carea' id='block_1_35' title="bbox 2506 1988 2719 2044">
    <p class='ocr_par' dir='ltr' id='par_1_43' title="bbox 2506 1988 2719 2044">
     <span class='ocr_line' id='line_1_157' title="bbox 2506 1988 2719 2011; baseline -0.005 0"><span class='ocrx_word' id='word_1_1178' title='bbox 2506 1991 2515 1999; x_wconf 87' lang='lat'>&#39;¹</span> <span class='ocrx_word' id='word_1_1179' title='bbox 2526 1989 2601 2011; x_wconf 84' lang='lat' dir='ltr'>Codd.</span> <span class='ocrx_word' id='word_1_1180' title='bbox 2609 2000 2618 2005; x_wconf 94' lang='lat'>-</span> <span class='ocrx_word' id='word_1_1181' title='bbox 2627 1996 2656 2011; x_wconf 56' lang='lat' dir='ltr'>a:</span> <span class='ocrx_word' id='word_1_1182' title='bbox 2672 1988 2719 2010; x_wconf 70' lang='lat' dir='ltr'>dici</span> 
     </span>
     <span class='ocr_line' id='line_1_158' title="bbox 2506 2015 2614 2044; baseline -0.009 -6"><span class='ocrx_word' id='word_1_1183' title='bbox 2506 2016 2568 2044; x_wconf 79' lang='lat' dir='ltr'>quod</span> <span class='ocrx_word' id='word_1_1184' title='bbox 2577 2015 2614 2037; x_wconf 80' lang='lat' dir='ltr'>de.</span> 
     </span>
    </p>
   </div>
   <div class='ocr_carea' id='block_1_36' title="bbox 2509 2415 2722 2471">
    <p class='ocr_par' dir='ltr' id='par_1_44' title="bbox 2509 2415 2722 2471">
     <span class='ocr_line' id='line_1_159' title="bbox 2510 2415 2722 2463; baseline -0.009 -26"><span class='ocrx_word' id='word_1_1185' title='bbox 2510 2418 2518 2426; x_wconf 79' lang='lat'><em>¹</em></span> <span class='ocrx_word' id='word_1_1186' title='bbox 2534 2422 2561 2437; x_wconf 85' lang='lat' dir='ltr'>c:</span> <span class='ocrx_word' id='word_1_1187' title='bbox 2586 2415 2722 2463; x_wconf 68' lang='lat' dir='ltr'>vhertficatur</span> 
     </span>
     <span class='ocr_line' id='line_1_160' title="bbox 2509 2448 2667 2471; baseline -0.013 -7"><span class='ocrx_word' id='word_1_1188' title='bbox 2509 2449 2578 2471; x_wconf 82' lang='lat' dir='ltr'>quam</span> <span class='ocrx_word' id='word_1_1189' title='bbox 2608 2448 2667 2463; x_wconf 88' lang='lat' dir='ltr'>omo.</span> 
     </span>
    </p>
   </div>
  </div>
 </body>
</html>
