2548 4192
195 282 329 309 XXXVIII

198 355 423 410 scepimus.
458 348 854 393 Demonstrandum
877 345 988 386 enim
1014 348 1101 383 erat
1128 354 1206 381 sua
1229 353 1261 380 5.
1279 338 1495 379 Thomam
1527 334 1725 389 exegisse
1748 330 2057 373 commentaria
2080 343 2169 370 non
2192 330 2248 371 ad
2271 332 2389 373 solas

197 417 419 458 versiones
454 427 563 469 quae
596 411 730 466 vulgo
765 422 842 450 sua
884 411 1020 447 aetate
1062 403 1323 448 serebantur,
1362 398 1440 440 sed
1473 398 1529 439 ad
1563 409 1702 437 novas
1736 394 1863 435 etiam
1899 406 1952 450 ex
1981 406 2141 448 graeco
2166 392 2388 444 deductas,

199 492 358 533 easque
380 484 469 518 tum
504 476 610 515 inter
641 486 688 513 se
722 478 811 511 tum
846 481 941 509 curn
964 471 1080 507 textu
1103 477 1274 520 graeco,
1298 461 1354 502 ad
1377 460 1558 501 sanioris
1583 457 1746 498 critices
1779 456 1910 510 legeS,
1937 456 2390 509 comparatasndde

199 540 317 596 quod
341 544 545 593 quantum
579 535 724 575 intime
747 529 990 572 Aristotelis
1019 532 1206 567 mentem
1229 522 1515 579 penetraverit
1548 534 1580 561 s.
1598 520 1793 560 Thomas
1818 530 1871 557 ex
1894 516 1973 557 hac
1997 517 2190 558 instituta
2212 531 2390 574 compa-

198 603 361 644 ratione
383 599 520 654 magis
543 595 760 638 elucescit:
791 610 805 628 ‹
828 593 875 632 In
898 589 1116 630 inventiva
1144 593 1186 627 et
1211 585 1452 632 indicativa,
1476 583 1618 637 inquit
1644 579 1937 626 TholomaeuS,
1965 592 2142 620 omnem
2167 580 2390 623 hominem

197 662 517 706 transcendit...
553 657 786 698 Modernos
821 653 1019 694 doctores
1052 647 1313 690 transcendit
1344 646 1437 687 sive
1471 646 1512 685 in
1535 642 1819 699 philosophia,
1846 641 1939 682 sive
1967 641 2009 682 in
2032 642 2267 698 theologia,
2294 644 2389 685 sive

198 727 239 768 in
273 734 526 779 quacunque
559 718 748 765 materia,
773 714 1008 756 secundum
1033 722 1306 752 communem
1330 708 1523 748 omnium
1553 705 1778 747 hominurn
1801 704 2127 760 intelligentiam
2151 712 2194 746 et
2215 706 2390 761 opinio-

195 800 314 829 nem:
349 792 390 825 et
422 783 520 823 inde
553 782 593 821 in
628 779 774 820 schola
805 776 934 818 hodie
967 772 1193 815 Parisiensi
1233 770 1479 811 Communis
1498 769 1666 808 Doctor
1695 766 1934 821 appellatur
1956 773 2132 822 propter
2152 782 2278 810 suam
2302 769 2388 810 cla-

197 850 359 890 ritatem
394 844 609 885 doctrinae
633 860 646 878 »
677 841 775 895 (Ap.
800 837 968 880 Echard
1001 836 1206 889 Scriptor.
1237 832 1340 873 Ord.
1364 830 1535 878 Praed„
1572 829 1627 870 ad
1661 843 1727 870 an.
1760 840 1888 882 1274.
1914 830 2041 871 Tom.
2066 831 2105 879 I,
2140 844 2240 888 pag.
2272 834 2384 886 278,

196 911 272 952 col.
298 923 311 949 1
343 914 384 948 et
407 908 506 954 282,
532 905 609 945 col.
637 903 690 958 2).
726 900 884 955 Quoad
906 899 1149 940 versionem
1172 894 1304 936 textui
1327 892 1650 948 praefigendam
1675 904 1763 932 non
1788 898 1854 932 est
1877 892 2075 933 electioni
2099 893 2236 935 locus.
2262 895 2389 947 Quae

196 972 305 1014 enim
339 969 460 1010 fuerit
492 966 646 1014 versio,
682 978 767 1019 qua
799 976 902 1004 usus
936 967 1000 1002 est
1033 974 1065 1000 s.
1082 959 1293 1005 Thomas,
1329 956 1455 996 nobis
1490 968 1577 995 non
1621 959 1805 994 constat:
1842 954 2016 996 codices
2051 956 2185 996 nostri
2219 957 2388 998 versio—

195 1047 292 1075 nem
325 1032 480 1072 nullam
515 1029 673 1070 habent
705 1025 936 1081 praefixam
970 1020 1297 1065 commentariis.
1333 1019 1445 1059 Hinc
1478 1017 1660 1070 antiqua
1693 1016 1865 1065 versio,
1901 1031 2014 1072 quae
2047 1019 2288 1074 generatim
2324 1026 2390 1062 est

193 1096 285 1150 ipsa
317 1092 532 1135 translatio
567 1089 733 1131 Boethii
767 1094 840 1128 aut
872 1087 1036 1140 integra
1069 1090 1141 1125 aut
1173 1095 1322 1138 parum
1365 1081 1609 1127 immutata,
1644 1092 1847 1134 quaeque
1881 1079 2064 1122 habetur
2097 1081 2140 1122 in
2175 1081 2273 1123 edd.
2309 1096 2388 1124 ve-

194 1157 300 1199 netis
334 1169 442 1196 saec.
467 1154 549 1194 XV
584 1159 625 1193 et
663 1150 795 1198 1526,
831 1162 908 1190 nec
942 1161 1027 1188 non
1062 1147 1103 1187 in
1136 1145 1286 1193 Piana,
1321 1142 1467 1198 quoad
1501 1142 1636 1183 libros
1668 1142 1865 1183 Periher.
1898 1149 1941 1183 et
1972 1144 2137 1185 Poster.
2167 1145 2385 1199 analytic„

194 1226 282 1261 erat
314 1216 542 1259 retinenda.
578 1216 686 1255 Eam
719 1219 861 1253 tamen
895 1208 1238 1264 comparavimus
1272 1219 1370 1247 cum
1403 1204 1634 1260 praecitata
1667 1204 1870 1246 versione
1894 1205 2064 1247 Boethii
2091 1212 2134 1248 et
2155 1208 2386 1263 praecipue

194 1295 289 1322 cum
336 1280 470 1320 littera
502 1291 534 1318 s.
558 1277 774 1323 Thomae,
809 1279 855 1314 ut
887 1273 1036 1313 saltem
1076 1270 1313 1325 sphalmata
1355 1267 1530 1309 maioris
1570 1267 1779 1308 momenti
1824 1268 1959 1309 lector
2002 1282 2090 1310 non
2131 1270 2385 1312 offenderet.

191 1344 317 1384 Plura
351 1341 546 1394 denique,
581 1351 691 1393 quae
724 1343 814 1377 tum
847 1335 1077 1376 lectionum
1111 1332 1337 1373 varietates
1371 1337 1461 1371 tum
1495 1329 1721 1371 versiones
1756 1330 2000 1385 respiciunt,
2036 1332 2079 1372 in
2114 1333 2274 1373 nostris
2307 1347 2386 1375 an-

192 1403 480 1446 notationibus
521 1400 792 1456 reperiuntur.
816 1421 835 1428 -
861 1397 987 1437 Nunc
1030 1395 1083 1436 de
1126 1395 1194 1443 iis,
1239 1407 1350 1448 quae
1393 1393 1606 1448 pertinent
1644 1393 1701 1434 ad
1743 1393 2069 1435 Commentaria
2108 1408 2141 1436 5.
2169 1395 2386 1446 Thomae,

191 1480 326 1522 pauca
358 1471 456 1506 sunt
488 1462 678 1504 dicenda.
712 1459 966 1515 Praeprimis
999 1471 1105 1513 ergo
1140 1457 1349 1498 distribuo
1393 1468 1748 1510 unamquamque
1781 1469 1816 1497 s.
1840 1456 2040 1508 Thomae
2075 1457 2306 1500 lectionem
2342 1458 2387 1500 in

192 1529 413 1570 distinctos
455 1539 676 1573 numeros,
712 1523 836 1577 eique
864 1520 1088 1576 praemitto
1113 1519 1355 1574 synopsim,
1390 1531 1503 1573 quae
1536 1518 1669 1559 veluti
1698 1531 1788 1559 uno
1811 1518 1965 1560 intuitu
1996 1520 2199 1562 exhibeat
2226 1521 2387 1577 legenti

191 1598 280 1632 tum
310 1595 469 1631 asserta
499 1588 540 1628 in
570 1587 638 1628 illa
666 1585 857 1632 lectione,
888 1590 977 1624 tum
1007 1582 1192 1623 rationes
1226 1581 1384 1636 quibus
1406 1580 1477 1621 illa
1507 1580 1744 1622 firmantur.
1780 1581 1953 1623 Deinde
1988 1588 2114 1624 notas
2154 1584 2386 1626 nonnullas

190 1651 467 1708 apponendas
501 1650 622 1697 duxi,
658 1661 768 1703 quae
801 1645 855 1687 ad
889 1651 1073 1700 quatuor
1106 1644 1264 1685 classes
1287 1643 1432 1684 reduci
1467 1643 1701 1685 commode
1733 1651 1931 1699 possunt.
1967 1645 2094 1687 Aliae
2117 1645 2295 1700 quidem
2319 1659 2388 1688 re-

190 1715 371 1770 spiciunt
402 1713 540 1753 varias
583 1711 778 1752 codicum
815 1708 1036 1756 lectiones,
1078 1706 1131 1748 de
1171 1707 1329 1761 quibus
1375 1706 1478 1747 satis
1521 1706 1589 1747 hic
1629 1702 1769 1762 supra
1798 1706 1960 1748 dictum
2000 1714 2076 1749 est.
2118 1708 2244 1750 Aliae
2277 1722 2386 1750 vero

189 1783 287 1818 sunt
319 1782 445 1816 notae
479 1774 634 1829 quibus
667 1787 699 1814 s.
724 1772 919 1813 Thomae
952 1776 1093 1812 textus
1121 1769 1370 1818 declaratur,
1400 1769 1630 1824 praecipue
1652 1783 1730 1825 per
1751 1769 1860 1811 alios
1883 1776 2026 1812 textus
2061 1770 2197 1826 ipsius
2231 1785 2264 1812 s.
2289 1772 2386 1813 Do-

189 1839 332 1887 ctoris‚
356 1844 402 1878 ut
429 1837 488 1877 sic
513 1850 599 1877 non
630 1849 713 1891 ego
747 1849 779 1875 s.
799 1834 1025 1882 Thomam,
1050 1832 1127 1873 sed
1160 1845 1192 1873 s.
1217 1832 1411 1873 Thomas
1445 1832 1638 1887 seipsum
1673 1831 1888 1874 dilucidet.
1924 1833 2098 1874 Deinde
2120 1833 2228 1875 aliae
2253 1840 2385 1876 notae

187 1901 399 1942 adduntur
431 1900 472 1940 in
512 1899 668 1954 quibus
708 1897 984 1951 designantur
1026 1895 1230 1936 nonnulla
1272 1894 1478 1950 principia
1521 1908 1634 1950 quae
1668 1901 1899 1936 occurrunt
1932 1895 1975 1936 in
2009 1910 2043 1937 s.
2067 1896 2267 1938 Thomae
2301 1897 2384 1938 do-

187 1963 331 2012 ctrina,
368 1969 408 2003 et
430 1961 585 2016 quibus
619 1959 750 2001 imbui
780 1959 938 2000 debent
969 1958 1167 2007 lectores,
1202 1957 1502 1998 adolescentes
1536 1958 1806 2013 praesertim,
1842 1958 1877 1999 si
1913 1971 2064 2000 revera
2087 1958 2383 2015 philosophari

184 2026 345 2066 volunt.
375 2024 592 2078 Denique,
628 2022 726 2063 data
758 2021 997 2069 occasione,
1031 2020 1135 2061 alias
1165 2026 1290 2061 notas
1320 2019 1422 2061 duxi
1454 2020 1738 2075 apponendas
1772 2020 1814 2061 in
1849 2021 2009 2076 quibus
2043 2034 2161 2062 nova
2187 2022 2396 2077 philoso-.

183 2088 306 2143 phica
338 2092 569 2141 systemata
597 2098 799 2140 comparo
823 2097 919 2125 cum
941 2083 1137 2138 antiquis.
1175 2083 1280 2124 Mihi
1315 2083 1429 2124 enim
1463 2083 1606 2124 visum
1641 2090 1707 2124 est
1735 2083 1903 2124 utilitati
1938 2084 2184 2126 consultum
2219 2084 2267 2126 iri
2301 2098 2384 2127 no-

182 2150 393 2197 vitiorum,
428 2148 462 2189 si
497 2162 612 2188 nova
644 2147 798 2202 placita
830 2145 1128 2194 examinando,
1151 2146 1221 2186 vel
1246 2159 1298 2187 ea
1331 2159 1429 2187 cum
1463 2146 1651 2200 antiquis
1685 2146 1953 2187 adamussim
1976 2147 2210 2188 convenire
2233 2154 2383 2190 osten-

183 2212 339 2260 derem,
374 2211 442 2251 vel
475 2210 530 2251 ad
564 2224 614 2251 ea
647 2208 885 2257 refellenda,
921 2208 1095 2263 quando
1129 2208 1235 2249 falsa
1268 2214 1379 2258 sunt,
1410 2208 1671 2263 applicarem
1705 2209 1847 2250 solida
1879 2209 2131 2251 s.Thomae
2154 2210 2382 2266 principia,

182 2281 229 2315 ut
256 2273 422 2314 novitas
445 2273 499 2313 ab
534 2272 636 2327 ipsis
669 2272 890 2320 auferatur,
926 2277 968 2312 et
1001 2284 1118 2312 error
1149 2277 1353 2325 patescat.
1389 2271 1560 2312 Horum
1595 2284 1709 2326 quae
1743 2271 1968 2326 hucusque
2002 2272 2123 2328 attigi
2158 2273 2382 2328 specimen

184 2336 365 2377 exhibeo
399 2335 440 2375 in
474 2335 556 2375 hoc
588 2334 726 2390 primo
749 2335 905 2382 Tomo,
941 2334 1013 2388 qui
1047 2333 1089 2374 in
1123 2334 1262 2374 lucem
1296 2333 1381 2374 iam
1415 2333 1570 2389 prodit.

308 2399 532 2439 Postremo
566 2396 793 2438 dicendum
826 2409 915 2452 quo
949 2395 1099 2437 ordine
1122 2396 1292 2437 edenda
1327 2396 1625 2438 existimamus
1659 2410 1692 2438 s.
1717 2396 1918 2438 Thomae
1945 2410 2090 2452 opera.
2115 2397 2294 2453 Triplex
2317 2404 2384 2440 est

183 2459 427 2501 huiusmodi
461 2459 590 2508 ordo;
626 2458 971 2514 chronologicus,
1007 2458 1246 2514 dignitatis,
1282 2465 1325 2500 et
1357 2458 1629 2500 scientificus.
1663 2459 1835 2501 Primus
1868 2459 2062 2501 adhiberi
2098 2473 2186 2501 non
2220 2466 2378 2515 potest,

185 2523 285 2578 quia
317 2535 404 2562 non
438 2522 491 2562 de
525 2522 724 2562 omnibus
757 2521 960 2576 operibus
994 2527 1161 2562 constat
1193 2535 1283 2576 quo
1317 2528 1513 2577 tempore
1546 2522 1739 2577 praecise
1774 2536 1825 2564 ea
1859 2536 1892 2564 s,
1917 2522 2114 2564 Thomas
2150 2523 2379 2578 scripserit.

185 2584 391 2625 Ordinem
426 2583 640 2639 dignitatis
682 2583 940 2638 quibusdam
982 2583 1124 2624 visum
1158 2590 1223 2625 est
1261 2584 1385 2639 sequi
1419 2590 1643 2640 oportere,
1688 2591 1731 2626 et
1769 2585 1870 2626 ideo
1904 2599 1930 2626 a
1965 2585 2300 2627 Commentariis
2338 2586 2381 2628 in

185 2646 229 2688 S.
254 2646 512 2702 Scripturam
548 2646 877 2687 exordiendum:
912 2659 1023 2700 quae
1046 2646 1276 2688 methodus
1299 2647 1357 2688 ita
1378 2647 1595 2702 plerisque
1617 2647 1768 2696 arrisit,
1793 2654 1840 2688 ut
1861 2661 1939 2703 per
1961 2647 2261 2702 ephemerides
2284 2649 2381 2690 vul-

183 2715 330 2764 gatum
355 2708 479 2750 etiam
503 2708 557 2749 sit
589 2722 683 2749 eam
702 2722 732 2749 >a
755 2708 1020 2749 curatoribus
1054 2708 1253 2750 editionis
1286 2710 1510 2751 Leoninae
1532 2709 1665 2751 fuisse
1687 2710 1868 2751 omnino
1892 2710 2182 2751 constitutam.
2213 2711 2381 2752 Verum

183 2771 394 2825 praefatus
418 2770 526 2811 ordo
560 2784 793 2825 numquam
827 2770 928 2811 mihi
961 2771 1108 2820 arrisit,
1133 2785 1211 2813 nec
1245 2772 1384 2813 doctis
1417 2773 1520 2814 viris
1554 2773 1723 2828 placere
1751 2778 1908 2828 potest,
1934 2773 2037 2827 quia
2059 2786 2085 2814 a
2107 2773 2381 2829 praescriptis

185 2833 373 2874 methodi
401 2833 655 2874 scientificae
688 2833 879 2874 absonus
912 2846 1087 2888 prorsus
1122 2840 1197 2875 est.
1233 2835 1562 2884 Adolescentes‚
1587 2835 1661 2890 qui
1689 2835 1745 2876 ab
1779 2835 2109 2876 humanioribus
2142 2835 2290 2877 litteris
2323 2835 2380 2878 ad

185 2895 370 2935 studium
393 2895 660 2936 scientiarum
683 2901 1003 2950 promoventur,
1027 2896 1142 2937 haud
1166 2903 1278 2938 certe
1300 2911 1326 2938 a
1349 2897 1483 2939 Sacra
1499 2897 1731 2953 Scriptura,
1753 2898 1852 2939 licet
1874 2897 2074 2954 digniori,
2099 2903 2173 2939 aut
2194 2912 2221 2939 a
2244 2904 2380 2940 meta-

184 2957 370 3012 physica,
395 2958 592 3012 quamvis
625 2958 760 2998 altiori
784 2964 826 2999 et
846 2957 931 2998 fine
952 2958 1084 2999 totius
1106 2959 1320 3001 humanae
1343 2960 1656 3016 philosophiae,
1681 2960 1975 3010 exordiuntur,
2000 2959 2079 3001 sed
2102 2974 2129 3001 a
2150 2960 2311 3016 logica;
2335 2966 2380 3003 et

184 3018 455 3074 pedetentim,
479 3020 600 3074 quasi
633 3033 709 3075 per
739 3019 899 3076 gradus
933 3020 987 3061 ad
1021 3021 1171 3062 altiora
1193 3022 1443 3071 ascendunt,
1468 3029 1515 3064 ut
1535 3023 1749 3079 perceptis
1771 3029 1814 3064 et
1837 3022 2163 3078 comprehensis
2190 3023 2241 3064 iis
2265 3037 2379 3078 quae

186 3081 358 3121 rationis
390 3081 547 3122 lumine
580 3082 785 3138 cognosci
817 3089 1019 3137 possunt,
1054 3083 1153 3125 fidei
1193 3085 1442 3141 magisterio
1482 3085 1635 3127 altiora
1673 3085 1871 3134 homine,
1914 3099 2027 3140 quae
2065 3099 2222 3141 nempe
2257 3086 2381 3128 Deus

186 3142 311 3182 nobis
345 3142 385 3183 in
419 3144 620 3197 mysterio
655 3145 877 3193 revelavit,
906 3144 1139 3187 addiscant.
1175 3147 1287 3188 Hinc
1311 3148 1569 3189 Aristoteles
1603 3148 1641 3203 (I
1670 3148 1738 3203 (Β)
1762 3148 2020 3203 Metapltys„
2057 3162 2148 3203 cap.
2173 3161 2234 3198 111,
2260 3162 2299 3190 n.
2321 3148 2380 3204 4),
2431 3186 2440 3190 -

187 3217 315 3259 quem
349 3218 381 3245 5.
398 3205 589 3245 Thomas
620 3206 765 3247 laudat
797 3206 997 3260 (Comm.,
1021 3207 1091 3249 lib.
1116 3209 1153 3249 II
1177 3209 1431 3264 Metaplzys„
1456 3211 1550 3252 lect.
1574 3211 1633 3266 v),
1657 3217 1756 3252 ante
1779 3210 1979 3252 scientias
2010 3211 2191 3252 modum
2215 3210 2379 3253 sciendi

187 3267 477 3320 quaerendum
512 3280 606 3308 esse
638 3268 903 3323 praescribit,
938 3269 1205 3325 proindeque
1238 3272 1440 3328 logicam,
1475 3287 1588 3328 quae
1623 3273 1752 3315 docet
1794 3273 1975 3315 modum
2010 3273 2206 3315 omnium
2239 3273 2380 3315 scien-

186 3328 349 3377 tiarum,
373 3334 469 3369 ante
503 3342 655 3370 omnes
688 3330 885 3371 scientias
917 3331 1225 3374 addiscendam
1259 3347 1366 3376 esse.
1411 3335 1502 3376 Sed
1536 3342 1758 3391 praeterea
1789 3336 1922 3378 totius
1956 3336 2043 3378 sere
2076 3335 2379 3391 philosophiae

188 3390 469 3431 consideratio
502 3391 557 3432 ad
591 3392 673 3433 Dei
707 3393 999 3448 cognitionem
1039 3394 1275 3445 ordinatur,
1310 3396 1477 3452 hacque
1517 3399 1572 3440 de
1608 3412 1739 3440 causa
1766 3398 1991 3455 theologia
2030 3398 2234 3441 naturalis
2268 3398 2380 3440 inter

187 3451 479 3507 philosophiae
508 3460 647 3508 partes
676 3455 822 3496 ultima
851 3462 1041 3498 remanet
1073 3457 1356 3508 addiscenda,
1389 3460 1499 3501 sicut
1533 3461 1716 3516 ipsemet
1744 3475 1777 3503 s.
1801 3462 1971 3503 Doctor
2004 3461 2220 3516 sapienter
2257 3465 2380 3502 notat

187 3513 268 3553 inI
295 3514 451 3555 Contra
496 3515 664 3564 Gentes,
699 3517 802 3572 Cap.
826 3518 900 3559 IV.
941 3519 1160 3574 Denique,
1194 3520 1304 3562 sicut
1335 3521 1444 3563 fides
1479 3523 1690 3565 rationem
1723 3524 1940 3574 subaudit,
1975 3523 2178 3579 quamvis
2212 3522 2378 3564 ratione

183 3574 357 3630 dignior
388 3576 456 3625 sit,
486 3577 542 3617 ita
575 3584 617 3618 et
648 3579 868 3634 theologia
899 3593 1040 3630 sacra,
1074 3595 1186 3636 quae
1218 3584 1414 3638 procedit
1446 3597 1500 3626 ex
1538 3586 1755 3641 principiis
1778 3601 1804 3628 a
1828 3587 1928 3628 Deo
1963 3585 2274 3642 supernaturali
2307 3584 2380 3626 via
