2788 4204
324 206 392 242 132

317 295 489 337 stremo,
526 288 645 342 quod
679 301 765 328 non
799 287 967 342 attingit
1000 292 1231 333 auctorem,
1267 284 1378 325 adeo
1414 286 1669 340 scriptorum
1704 287 1962 342 depravatus
1986 293 2050 328 est
2072 287 2189 336 vitio,
2221 294 2268 328 ut
2288 289 2373 330 fere
2398 296 2510 343 quot

319 350 457 404 capita
489 356 553 391 tot
586 350 808 390 obstacula
840 349 1007 389 habeat.
1053 349 1108 387 Et
1141 347 1252 386 bene
1287 346 1463 400 quidem
1497 348 1570 388 ubi
1605 362 1693 389 non
1726 355 1826 389 sunt
1867 349 2090 390 obstacula
2129 349 2338 404 capitibus
2375 351 2507 405 plura.

318 412 446 453 Unde
479 427 505 452 a
537 412 750 466 plerisque
792 411 834 450 in
867 410 1137 475 interpretem
1172 407 1429 449 difficultatis
1468 409 1591 464 culpa
1633 411 1885 459 refunditur,
1927 411 2216 489 asserentibus
2259 412 2415 453 librum
2450 413 2505 453 ad

319 487 399 514 nos
433 480 546 514 recte
579 473 826 513 translatum
861 484 947 511 non
981 469 1280 538 pervenisse.»

444 537 512 576 Ex
558 536 734 587 Organo
777 532 1020 573 Aristotelis
1067 531 1236 571 nonnisi
1279 531 1434 572 librum
1482 533 1589 573 Peri
1625 513 1895 575 hermeneias
1932 540 1974 575 et
2007 535 2254 575 Posteriora
2291 536 2510 588 analytica

320 611 352 638 S.
370 597 562 637 Thomas
597 595 795 663 exposuit
817 594 880 647 (cs.
904 594 973 633 De
995 594 1167 640 Rubeis,
1204 593 1319 634 Diss.
1344 606 1461 642 xxm,
1487 608 1606 649 capp.
1630 608 1645 635 1
1668 602 1710 636 et
1730 597 1808 651 111),
1844 610 1931 637 non
1954 596 2227 637 versionibus
2254 597 2506 652 vulgaribus

321 673 423 699 usus
456 658 533 698 sed
566 657 747 711 propriis
782 655 846 709 (cf.
871 655 984 703 ibid.‚
1010 669 1129 709 capp.
1154 668 1168 694 1
1192 660 1234 694 et
1255 655 1305 708 11)
1341 655 1478 709 iisque
1503 670 1599 696 cum
1622 663 1740 698 textu
1762 671 1920 713 graeco
1945 658 2212 712 comparatis
2238 664 2284 698 ut
2306 659 2348 699 in
2370 660 2509 700 Prae-

307 720 480 775 fatione
512 718 698 774 generali
734 717 939 765 diximus,
982 723 1023 757 et
1056 716 1155 756 data
1196 717 1446 765 occasione,
1494 718 1898 760 demonstrabimus.
1927 743 1945 749 -
1970 720 2072 759 Non
2111 733 2198 759 uno
2242 720 2363 761 titulo
2402 722 2507 762 haec

319 782 560 822 s.Thomae
585 779 904 820 Commentaria
929 779 1055 833 (quae
1089 778 1402 819 inconsiderate
1425 779 1467 819 in
1491 779 1570 820 Ed.
1595 781 1814 821 Parmensi
1843 781 1956 821 Petri
1980 781 2242 829 Fiaccadori,
2267 783 2393 823 Tom.
2411 784 2507 831 XX,

319 843 470 892 Praefi,
516 842 711 882 dicuntur
747 841 1009 895 imperfecta)
1051 840 1277 894 scriptores
1323 840 1551 895 designant
1593 848 1634 882 et
1676 842 1858 883 codices.
1901 842 2180 883 Ptolomaeus
2219 843 2428 884 Lucensis
2466 845 2508 885 in

320 905 428 945 Hist.
452 905 613 945 Eccles.
639 903 728 957 (lib.
753 904 905 951 XXIII,
933 916 1017 957 cap.
1046 903 1125 956 xv)
1160 908 1289 942 vocat
1322 915 1391 943 ea:
1428 902 1720 944 Commentum
1740 907 1873 958 super
1903 904 2060 944 librum
2082 905 2399 953 Posteriorum,·
2429 906 2507 946 Ni-

320 967 465 1007 colaus
502 966 703 1006 Trivetus
737 965 778 1005 in
818 965 1042 1011 Chronico,
1079 964 1133 1004 ad
1167 978 1232 1004 an.
1266 975 1398 1017 1274:
1440 966 1639 1019 exposuit
1667 966 1775 1006 duos
1815 966 1947 1006 libros
1978 967 2270 1006 Posteri'oruni
2305 966 2375 1020 (In
2410 967 2510 1022 Spi-

320 1028 472 1083 cilegio
506 1029 652 1068 Lucae
686 1027 906 1074 Dacherii,
942 1027 1040 1067 Vol.
1065 1027 1139 1074 III,
1179 1040 1276 1081 pag.
1304 1025 1408 1074 250,
1451 1027 1528 1067 col.
1561 1039 1594 1067 1.
1618 1051 1636 1057 -
1662 1028 1834 1068 Parisiis
1876 1029 2028 1082 1723);
2064 1028 2420 1070 Bartholomaeus
2455 1029 2509 1070 de

320 1091 489 1144 Capua:
525 1090 668 1144 Super
699 1089 856 1129 librum
888 1088 1182 1128 Posteriormn
1216 1088 1437 1142 (Stephani
1472 1089 1661 1137 Baluzii,
1693 1090 1778 1130 Vit.
1802 1091 2015 1144 Paparum
2049 1090 2265 1131 A'venion.
2301 1091 2428 1132 Tom.
2455 1091 2505 1139 ΙΙ,

319 1153 398 1193 col.
423 1165 462 1204 9.
481 1151 686 1192 -Parisiis
728 1152 877 1203 1693);
913 1150 1157 1191 Bernardus
1193 1150 1424 1191 Guidonis:
1460 1151 1604 1205 Super
1634 1152 1765 1192 libros
1791 1152 1989 1206 primuni
2021 1154 2066 1192 et
2092 1151 2327 1193 secundum
2359 1153 2507 1193 Poste-

319 1215 484 1255 riorum
525 1214 838 1266 analyticorum
881 1212 1102 1266 (Casimiri
1137 1212 1297 1252 Oudini
1342 1212 1686 1254 Commentarius
1721 1213 1774 1254 de
1809 1213 2057 1268 Scriptorib.
2094 1214 2241 1254 eccles.
2276 1215 2404 1256 Tom.
2433 1215 2507 1263 III,

319 1277 498 1316 Dissert.
523 1276 576 1316 de
605 1275 769 1329 scriptis
803 1288 835 1315 s,
853 1274 933 1314 Th.
948 1275 1033 1328 Aq.
1059 1275 1173 1329 Ang.
1198 1275 1325 1314 Doct.
1360 1274 1589 1323 attributis,
1625 1289 1714 1330 cap.
1739 1287 1780 1324 V,
1806 1276 1884 1316 col.
1911 1286 2011 1329 274.
2030 1275 2237 1330 -Lipsiae
2278 1276 2432 1331 1722);
2466 1276 2509 1316 in

324 1338 531 1392 Catalogo
553 1351 651 1378 inss.
675 1336 869 1390 Angliae
898 1339 942 1376 et
958 1336 1197 1376 Hiberniae
1231 1335 1353 1388 (mss
1379 1336 1561 1391 Collegii
1596 1338 1862 1386 Baliolensis,
1897 1351 1995 1393 pag.
2029 1351 2042 1378 1
2060 1351 2093 1386 1,
2119 1338 2199 1378 col.
2231 1337 2286 1391 1):
2312 1338 2507 1386 Summa,

318 1400 387 1440 vel
419 1400 544 1440 etiarn
578 1399 797 1440 Sententia
830 1400 962 1451 super
991 1397 1150 1437 librum
1181 1398 1486 1438 Posteriorum.
1518 1399 1765 1440 Generatim
1787 1413 1892 1440 vero
1928 1400 2120 1440 codices:
2165 1400 2206 1439 T
2198 1400 2352 1440 homas
2378 1402 2512 1454 saper

319 1463 576 1509 Posteriora,
613 1461 692 1508 vel,
729 1460 873 1513 Super
901 1460 1149 1499 Posteriora
1183 1459 1400 1511 analytica
1433 1460 1682 1501 Aristotelis
1699 1461 1869 1516 fratris
1910 1463 1950 1502 T
1943 1462 2106 1502 hornae.

444 1523 647 1564 Extitisse
681 1535 761 1562 suo
804 1528 998 1575 tempore
1036 1521 1285 1561 innumeros
1327 1521 1453 1562 huius
1496 1522 1802 1563 Commentarii
1843 1523 1968 1564 codd.
2007 1523 2320 1577 manuscriptos
2360 1523 2511 1563 asserit

319 1586 488 1626 Echard
523 1585 778 1638 (Scriptores
811 1583 913 1623 Ord.
937 1583 1107 1631 Praed.,
1133 1583 1232 1623 Vol.
1257 1584 1292 1630 I,
1317 1582 1372 1623 ad
1405 1597 1565 1624 annum
1596 1595 1724 1638 1274,
1748 1598 1844 1640 pag.
1873 1586 1973 1633 283,
1998 1585 2076 1625 col.
2105 1585 2159 1638 2),
2184 1579 2463 1638 recensetque
2485 1597 2511 1625 a

320 1661 366 1688 se
399 1648 519 1687 visos
542 1647 583 1686 in
612 1645 881 1686 bibliothecis
905 1645 1230 1686 Parisiensibus.
1259 1645 1491 1693 Doluimus
1515 1645 1691 1700 quidem
1719 1647 1940 1701 penuriam
1965 1647 2161 1687 codicum
2185 1646 2332 1700 quoad
2355 1646 2510 1686 librum

317 1710 412 1749 Peri
446 1708 723 1756 hermeneias‚
748 1707 826 1748 sed
860 1708 1167 1748 commentaria
1200 1707 1243 1747 in
1277 1707 1522 1748 Posteriora
1555 1709 1765 1762 analytica
1788 1709 2010 1764 exegimus
2034 1708 2088 1749 ad
2111 1708 2411 1763 duodeviginti
2435 1721 2509 1749 co-

319 1771 447 1819 dices,
482 1784 593 1825 quos
628 1771 735 1810 inter
767 1769 959 1809 nonnulli
994 1776 1093 1810 sunt
1137 1769 1324 1824 optimae
1360 1775 1498 1810 notae.
1535 1770 1703 1811 Horum
1738 1771 2068 1826 descriptionem
2103 1770 2255 1811 damus
2289 1770 2409 1811 iuxta·
2439 1782 2510 1810 or-

320 1833 462 1874 dinem
497 1846 584 1887 quo
620 1846 645 1872 a
678 1831 804 1872 nobis
837 1831 1006 1871 fuerunt
1039 1831 1278 1872 examinati.

443 1895 500 1949 A)
534 1894 784 1935 Parisiensis
827 1892 998 1945 16‚154,
1024 1894 1077 1934 de
1112 1907 1200 1948 quo
1234 1893 1334 1933 vide
1368 1906 1480 1947 quae
1514 1893 1698 1934 diximus
1732 1894 1773 1934 in
1803 1893 2069 1935 Praefatione
2103 1907 2232 1948 super
2265 1894 2508 1935 Comment.

318 1959 361 1999 in
395 1958 548 1998 librum
581 1957 726 1997 Perz‘h.
763 1956 805 1996 A
839 1956 1020 1996 lectione
1053 1968 1154 2004 XLII,
1180 1956 1249 1996 lib.
1275 1955 1304 2003 I,
1330 1961 1375 1995 n⁰
1397 1957 1437 2003 3,
1462 1955 1517 1996 ad
1551 1955 1620 1996 illa
1652 1956 1803 2004 verba,
1838 1959 1882 1996 et
1909 1956 2012 2009 quia
2031 1957 2189 2010 posuit,
2215 1955 2421 2010 scriptura
2444 1961 2509 1997 est

319 2019 564 2076 neglectior.
610 2019 691 2059 Hic
725 2017 864 2058 codex
898 2018 1033 2058 multo
1067 2018 1163 2072 plus
1198 2030 1328 2072 quam
1362 2017 1515 2058 caeteri
1549 2024 1764 2058 correctus
1798 2011 1863 2058 est
1895 2031 1971 2072 per
2003 2018 2144 2072 ipsum
2186 2030 2505 2059 amanuensem.

443 2082 493 2135 Β)
520 2081 753 2122 Vaticanus
788 2082 888 2133 760,
914 2080 1070 2120 saeculi
1095 2080 1209 2121 XIV.
1239 2079 1346 2120 Foll.
1379 2081 1482 2120 1-32
1515 2080 1809 2134 complectitur
1842 2079 2057 2134 Scriptum
2090 2079 2336 2120 s.Thomae
2369 2084 2506 2120 atten-

317 2145 434 2185 tione
467 2150 508 2184 et
540 2142 759 2198 diligentia
792 2147 1023 2182 exaratum.

444 2206 495 2260 C)
523 2205 756 2245 Vaticanus
793 2206 893 2257 761,
919 2204 1075 2244 saeculi
1108 2205 1226 2244 XIV.
1261 2204 1406 2244 Habet
1439 2203 1807 2245 Commentarium
1841 2217 1874 2244 s.
1898 2203 2095 2244 Thomae
2129 2203 2171 2244 in
2200 2202 2333 2243 libros
2360 2203 2508 2243 Poste-

320 2270 483 2309 riorum
515 2268 599 2308 soll.
632 2265 749 2307 1-56.
786 2265 939 2306 Codex
973 2266 1063 2314 iste,
1099 2266 1298 2320 quamvis
1332 2266 1606 2306 amanuensis
1640 2279 1727 2307 non
1760 2266 2047 2320 infrequenter
2080 2271 2200 2314 erret,
2224 2265 2333 2306 inter
2365 2265 2508 2306 bonos

319 2336 463 2384 potest
494 2329 774 2370 adnumerari.

444 2392 502 2446 D)
538 2390 832 2431 Cordubensis
875 2392 982 2443 378,
1018 2390 1175 2431 saeculi
1212 2390 1323 2430 XIII.
1365 2390 1492 2430 Hunc
1535 2389 1729 2431 codicem
1763 2389 1817 2430 ad
1852 2403 1920 2430 me
1962 2389 2195 2430 transmisit
2233 2388 2508 2430 doctissimus

322 2456 467 2494 noster
499 2453 764 2507 Zephyrinus
809 2452 1043 2500 Gonzalez,
1089 2452 1332 2506 Episcopus
1376 2451 1683 2492 Cordubensis.
1728 2451 1801 2493 Uti
1835 2451 1988 2492 accidit
2026 2451 2360 2492 amanuensibus
2393 2449 2508 2491 haud

321 2516 423 2556 satis
457 2515 499 2555 in
532 2514 717 2555 scientiis
751 2514 915 2568 peritis,
960 2514 1140 2568 scriptor
1181 2514 1306 2554 huius
1350 2514 1510 2554 codicis
1552 2514 1594 2554 in
1635 2513 1865 2554 nonnullos
1903 2513 2058 2554 labitur
2100 2526 2282 2561 errores;
2321 2518 2508 2553 attamen

321 2578 434 2618 hunc
468 2577 661 2617 codicem
695 2575 862 2630 plurimi
896 2575 1085 2624 facimus,
1110 2581 1200 2616 tum
1235 2575 1336 2629 quia
1357 2581 1553 2622 vetustus
1576 2581 1651 2624 est,
1675 2581 1767 2616 tum
1789 2575 1891 2629 quia
1913 2588 2090 2624 errores,
2115 2588 2227 2629 quos
2250 2574 2508 2615 offendimus

321 2640 364 2680 in
389 2653 454 2687 eo,
479 2638 718 2679 materiales
740 2643 850 2686 sunt,
875 2637 1079 2691 nulloque
1112 2637 1289 2692 negotio
1314 2636 1510 2692 dignosci
1537 2643 1666 2691 atque
1689 2637 1744 2677 ad
1767 2643 1928 2678 rectum
1950 2650 2125 2677 sensum
2148 2636 2291 2677 reduci
2313 2640 2507 2690 possunt,

322 2701 508 2742 maxime
542 2700 717 2754 quando
742 2698 881 2740 codex
911 2712 1007 2739 curn
1030 2699 1122 2739 aliis
1146 2711 1249 2739 suae
1272 2698 1453 2739 familiae
1483 2699 1705 2739 confertur.
1740 2698 1967 2754 Expositio
2001 2698 2248 2739 s.Thomae
2271 2697 2370 2751 (foll.
2403 2699 2502 2738 1-61

323 2763 454 2817 recto)
490 2762 763 2818 distinguitur
795 2761 837 2801 in
871 2761 954 2801 hoc
998 2760 1146 2801 codice
1191 2773 1278 2800 non
1312 2773 1388 2814 per
1420 2759 1633 2807 lectiones,
1670 2760 1747 2800 sed
1780 2774 1856 2815 per
1887 2759 2186 2801 distinctiones.
2221 2759 2511 2800 Numerantur

324 2826 465 2866 solum
499 2824 783 2879 quadraginta
817 2822 927 2862 duae
960 2822 1249 2863 distinctiones
1282 2822 1323 2861 in
1357 2822 1494 2876 primo
1524 2822 1651 2870 libro,
1686 2822 1787 2876 quia
1819 2822 2092 2863 amanuensis
2131 2821 2212 2862 sub
2247 2835 2332 2862 una
2357 2821 2510 2862 di‘stin-

323 2888 457 2928 ctione
488 2899 533 2927 XI
566 2886 687 2941 ponit
720 2891 762 2925 et
793 2897 864 2933 ΧΠ,
901 2890 942 2924 et
974 2885 1055 2925 sub
1089 2896 1226 2924 xxvm
1259 2890 1452 2924 recenset
1484 2889 1526 2924 et
1557 2896 1675 2924 ΧΧΙΧ.

448 2948 500 3003 E)
539 2948 727 2990 Urbinas
766 2945 865 2995 215,
891 2946 1048 2986 saeculi
1085 2946 1180 2986 XV.
1211 2945 1336 2986 Folio
1376 2957 1433 2999 74
1467 2951 1582 2986 recto
1617 2945 1761 3000 incipit
1796 2945 2007 3001 expositio
2042 2945 2288 2987 s.Thomae
2321 2945 2364 2986 in
2397 2944 2509 2986 duos

324 3011 457 3051 libros
489 3010 782 3051 Posteriorum
816 3008 1142 3062 analyticorum,
1179 3007 1333 3048 desinit
1365 3007 1435 3048 fol.
1470 3018 1552 3061 147
1592 3013 1720 3049 recto.
1755 3008 1857 3048 Non
1900 3007 2118 3048 diversum
2158 3006 2212 3048 de
2245 3008 2327 3048 hoc
2360 3005 2510 3048 codice

325 3073 527 3113 iudicium
560 3071 782 3112 ferendum
816 3083 1041 3111 censemus
1075 3070 1130 3110 ab
1165 3082 1218 3110 eo
1249 3069 1368 3123 quod
1392 3069 1446 3110 de
1468 3069 1552 3110 alio
1579 3069 1788 3111 Urbinate
1817 3069 2071 3125 protulimus
2094 3070 2137 3110 in
2164 3069 2432 3110 Praefatione
2452 3067 2510 3109 ad

326 3135 481 3175 librum
513 3134 620 3174 Peri
647 3132 926 3174 hermeneias‚

452 3196 503 3251 F)
533 3194 808 3236 Monacensis
833 3195 934 3246 430,
959 3207 1069 3234 saec.
1094 3194 1209 3234 XIV.
1246 3193 1448 3235 Continet
1470 3193 1748 3234 solummodo
1774 3193 2011 3234 secundum
2040 3193 2194 3234 librum
2219 3193 2509 3257 Commentar.

328 3272 359 3299 5.
379 3259 575 3299 Thomae
609 3258 650 3298 in
684 3256 929 3298 Posteriora
960 3256 1180 3310 analytica.

452 3320 506 3374 G)
530 3319 803 3360 Monacensis
834 3330 898 3370 14,
905 3320 993 3370 246
1018 3317 1232 3372 (Biblioth.
1258 3317 1436 3372 Status),
1462 3316 1619 3358 saeculi
1643 3317 1758 3358 XIV.
1795 3317 2083 3358 Commentar.
2119 3316 2363 3358 s.Thomae
2384 3326 2512 3369 super

330 3382 512 3435 primum
554 3382 623 3422 lib.
648 3381 940 3422 Posteriorum
980 3380 1126 3435 incipit
1157 3380 1227 3420 fol.
1253 3381 1333 3431 48,
1375 3379 1530 3420 desinit
1565 3379 1634 3420 fol.
1660 3381 1741 3431 64;
1783 3378 1938 3420 deinde
1970 3379 2055 3420 foll.
2088 3389 2286 3432 117-124
2321 3376 2512 3431 sequitur

330 3443 541 3497 expositio
575 3443 816 3484 s.Thomae
838 3455 967 3497 super
1001 3441 1238 3483 secundum
1272 3441 1426 3482 librum
1449 3441 1755 3490 Posteriorum,
1776 3441 1928 3482 eadem
1950 3454 2080 3481 manu
2109 3440 2264 3495 scripta
2290 3447 2377 3494 qua
2403 3437 2511 3478 liber

330 3505 501 3558 primus.
519 3505 843 3546 -Amanuensis
876 3517 952 3559 per
984 3503 1277 3545 incredibilem
1310 3516 1486 3558 prorsus
1519 3503 1787 3544 oscitantiam
1815 3503 1911 3558 plus
1934 3515 2064 3557 quam
2088 3507 2273 3556 quatuor
2304 3499 2508 3541 lectiones
