2548 4192
190 277 295 302 LXXIV

190 345 279 374 dium
302 343 375 380 erit;
399 352 427 379 2,
444 344 555 371 Annus
575 340 691 377 aetatis,
711 349 776 379 quo
796 345 887 368 natus
912 343 985 374 erat,
1006 346 1079 366 cum
1099 335 1182 364 diem
1198 344 1248 363 su-

190 397 336 429 premum
356 385 465 416 clausit
479 385 511 414 in
530 384 684 414 coenobio
705 384 936 417 Fossaenovae;
955 381 1106 417 3‚Annus
1122 377 1249 427 Christi,

190 442 256 473 quo
272 432 304 461 in
319 431 423 461 lucem
442 430 531 459 datus
551 435 612 465 est;
623 437 655 466 4,
674 429 786 457 Annus
802 425 918 461 aetatis,
930 433 995 464 quo
1007 422 1250 452 Domimcanam

191 483 310 506 vestem
333 473 452 504 induit:
477 483 558 513 quos
577 472 618 502 ita
637 470 797 510 digessisse
812 479 847 499 ac
862 468 1021 498 ordinasse
1035 466 1112 496 mihi
1128 465 1251 495 videtur

191 519 392 560 Disquisitor,
408 523 443 547 ut
457 526 566 546 causae
580 521 740 554 susceptae
759 513 859 543 favere
878 511 1022 547 voluerit,
1038 520 1103 539 non
1118 509 1248 539 veritati.

191 563 359 594 Methodus
373 571 458 598 vero,
475 569 554 600 quae
569 570 586 589 a
601 558 781 589 certioribus
796 563 850 586 aut
864 554 1126 595 probabilioribus
1141 562 1249 602 proce-

191 608 330 638 dendum
345 604 522 646 praescribit
532 604 570 632 ad
580 603 695 632 incerta
709 601 878 640 minusque
893 605 978 635 nota,
991 598 1074 637 cogit
1089 601 1124 627 ut
1138 597 1248 626 ordine

190 651 330 692 quodam
349 649 527 689 perturbato
547 656 645 676 annos
665 644 770 675 aetatis
793 644 953 679 Thomae,
977 652 1011 671 ac
1035 651 1136 671 annos
1160 650 1247 670 aerae

190 695 370 725 christianae
392 702 464 722 cum
488 690 601 731 quibus
625 688 733 728 illigari
755 688 798 717 illi
823 687 970 722 debeant,
994 685 1222 725 perquiramus.

251 736 422 768 Contendit
431 734 619 774 Disquisitor
629 732 728 772 capite
739 742 779 768 w,
800 741 888 760 num.
898 737 931 760 2:
945 730 1018 759 Non
1034 734 1109 759 ante
1123 738 1244 758 annum

188 791 285 813 aerae
312 781 504 811 christianae
538 778 636 816 1243,
659 781 716 806 aut
744 777 836 806 etiam
867 783 949 813 1244
966 774 1035 814 figi
1058 782 1154 812 posse
1180 772 1246 821 divi¹

193 827 327 856 Tkomae
341 825 520 863 ingressum
530 822 561 851 in
571 821 831 850 Praedicatorum
846 818 1008 849 Ordinem.
1019 817 1161 847 Huiusce
1171 826 1244 845 anni

187 879 282 910 quem
310 866 514 907 inquirimus,
546 872 654 895 notam
685 864 856 904 quamdam
880 862 1012 892 afferunt
1039 861 1243 891 Ptolomaeus

186 912 334 944 Lucensis
350 918 380 941 et
394 910 581 940 Guillelmus
604 909 642 939 de
664 909 783 938 Tocco.
807 907 860 937 Ait
879 906 930 936 ille
951 906 1031 935 libro
1054 905 1138 934 XXII
1160 904 1241 934 Hist.

187 957 259 987 eccl.
276 955 374 995 capite
393 964 431 984 xx
446 954 618 990 Thomam,
634 952 843 982 Dominicana
857 957 941 980 veste
955 950 1115 987 indutum,
1132 958 1243 979 versus

185 1001 350 1031 Perusium
375 999 566 1035 venientem,
588 999 619 1027 in
649 998 762 1027 Tuscia
786 996 829 1026 ad
851 994 1008 1035 quoddam
1031 993 1243 1033 Imperatoris

186 1050 323 1076 castrum
348 1043 432 1083 quod
449 1042 696 1082 Aquapendente
720 1045 870 1076 vocatur,
895 1038 1005 1068 ibidem
1033 1037 1240 1067 Fredericum

185 1090 357 1119 invenisse:
378 1096 532 1127 eumque,
562 1086 750 1125 Imperatore
779 1083 1005 1119 dissimulante,
1034 1081 1242 1120 aReginaldo

185 1133 275 1163 fratre
299 1142 357 1162 suo
382 1138 509 1171 captum
535 1131 726 1169 missumque
744 1130 775 1158 in
799 1128 1007 1167 Campaniam
1027 1126 1070 1156 ad
1083 1126 1242 1166 quoddam

185 1182 323 1208 castrum
351 1181 494 1206 vocatum
525 1184 550 1204 s.
566 1174 707 1204 Ioannis.
733 1172 993 1213 Aquapendente‚
1013 1170 1107 1200 latine
1139 1170 1243 1200 Acula

185 1231 239 1251 seu
261 1220 400 1260 Aquula,
422 1220 494 1249 urbs
519 1225 563 1248 est
586 1217 719 1248 Tusciae
741 1217 773 1246 in
798 1216 915 1246 ditione
934 1214 1098 1244 Pontificia
1115 1214 1148 1244 in
1168 1224 1243 1254 agro

183 1266 390 1296 Urbevetano.
407 1265 496 1293 Hanc
511 1261 656 1292 Friderici
672 1260 869 1301 Imperatoris
884 1259 1001 1289 Aculae
1017 1258 1243 1289 commoratio-

184 1319 267 1346 nem,
293 1319 365 1339 cum
389 1308 530 1338 Thomas
554 1313 662 1346 captus
685 1312 741 1342 est,
765 1310 920 1334 memorat
939 1303 1034 1334 etiam
1053 1303 1243 1333 Guillelmus

183 1355 221 1384 de
236 1354 343 1383 Tocco
359 1352 458 1392 capite
472 1362 508 1389 11,
532 1360 619 1380 num.
633 1350 650 1379 8
667 1356 697 1380 et
712 1356 746 1390 9:
766 1350 941 1388 Exceptum
955 1348 1046 1378 illurn
1061 1347 1196 1387 Neapoli
1210 1347 1243 1377 in

183 1397 301 1428 Ordine
320 1396 571 1426 Praedicatorum
590 1394 695 1431 refert,
712 1394 906 1433 ductumque
926 1393 1153 1429 Terracenam,
1170 1392 1244 1422 inde

182 1442 365 1482 Anagniam
394 1440 426 1470 in
450 1439 640 1479 Campania,
665 1443 695 1468 et
711 1447 809 1478 usque
830 1438 963 1467 Romam
991 1437 1034 1467 ad
1053 1442 1242 1467 conventum

181 1491 312 1517 sanctae
322 1485 475 1515 Sabinae:
495 1484 699 1514 Theodoram
713 1489 845 1512 matrem
859 1481 891 1511 in
909 1481 1005 1511 furias
1020 1487 1138 1519 actam,
1154 1481 1243 1522 quod

181 1530 283 1560 filium
297 1528 506 1560 Dominicano
527 1527 636 1558 Ordini
651 1536 756 1557 recens
771 1525 964 1566 adscriptum
978 1525 1083 1556 videre
1098 1535 1164 1556 non
1184 1535 1243 1566 po-

182 1575 252 1612 tuit,
267 1573 420 1604 nuncium
434 1572 577 1603 direxisse
599 1572 642 1602 ad
651 1571 744 1611 filios
761 1580 846 1607 suos,
867 1571 923 1611 qui
936 1575 1031 1601 erant
1044 1580 1115 1601 cum
1131 1570 1242 1600 Fride-

181 1620 248 1649 rico
262 1618 459 1658 Imperatore
480 1618 512 1646 in
528 1621 632 1647 castro
642 1615 919 1656 Aquaependentis
934 1615 1069 1645 Tusciae
1083 1616 1244 1656 regionis:

179 1663 328 1703 ipsosque
342 1662 380 1692 de
395 1671 426 1692 re
441 1660 630 1698 admonitos,
646 1665 774 1700 accepta
796 1659 924 1690 licentia
940 1659 1153 1699 Imperatoris,
1163 1659 1242 1700 fra-

177 1713 257 1738 trem
267 1716 360 1737 suum
371 1707 461 1736 iuxta
472 1705 634 1735 cuiusdam
637 1703 746 1744 fontis
756 1705 885 1744 irrigua
893 1705 1103 1744 quiescentem
1113 1705 1242 1745 cepisse.

244 1751 317 1787 Quo
342 1759 424 1780 anno
448 1749 565 1779 Aculae
584 1755 758 1779 moraretur
777 1749 962 1788 Imperator,
982 1748 1241 1789 perquirendum.

177 1795 252 1825 Eius
277 1804 349 1834 ergo
373 1800 456 1833 gesta
485 1800 514 1824 et
543 1793 713 1823 Innocentii
739 1792 841 1833 quarti
861 1793 970 1833 paucis
989 1792 1151 1823 referenda
1170 1799 1244 1823 sunt

178 1850 213 1869 ex
237 1838 396 1869 Chronico
412 1837 557 1868 Richardi
582 1838 619 1868 de
644 1848 667 1867 s.
684 1837 845 1868 Germano
858 1860 866 1875 ‚
899 1843 930 1868 et
949 1847 985 1868 ex
1004 1837 1077 1868 Vita
1101 1837 1244 1868 eiusdem

178 1882 338 1914 Pontificis
357 1893 373 1912 a
392 1882 523 1912 Nicolao
544 1882 581 1911 de
606 1881 726 1912 Curbio
746 1881 869 1922 scripta.
896 1882 1099 1913 Innocentius
1119 1882 1161 1913 IV
1184 1882 1244 1912 ele-

179 1934 246 1958 ctus
279 1934 324 1957 est
346 1926 505 1966 Anagniae
537 1936 621 1956 anno
656 1927 735 1966 1243
768 1927 820 1956 die
853 1927 892 1957 23
918 1927 1009 1957 iunii.
1044 1927 1181 1967 Legatos
1205 1926 1244 1957 ad

180 1972 285 2012 ipsum
308 1971 402 2002 mittit
425 1971 614 2011 Imperator,
648 1971 702 2011 qui
727 1970 846 2011 Melphi
871 1971 1054 2002 morabatur
1077 1971 1109 2001 in
1133 1971 1244 2011 Regno

180 2015 399 2055 Neapolitano,
415 2025 522 2046 mense
540 2016 636 2046 iulio:
659 2016 837 2056 eodemque
857 2025 965 2046 mense
980 2016 1093 2046 civitas
1118 2015 1247 2046 Viterbii

182 2061 214 2090 in
233 2059 348 2090 Tuscia
367 2061 451 2091 venit
464 2060 507 2090 ad
525 2059 709 2090 mandatum
725 2060 898 2091 Ecclesiae.
915 2059 1092 2091 Obsidione
1112 2059 1246 2091 cinctam

181 2105 267 2135 illam
290 2105 328 2134 ab
352 2104 540 2144 Imperatore
567 2114 674 2134 mense
695 2104 880 2145 septembris
905 2105 1035 2135 adnotat
1053 2104 1245 2135 Richardus:

181 2149 213 2179 id
228 2148 345 2179 factum
364 2150 449 2179 circa
459 2148 583 2189 festum
607 2148 755 2179 Omnium
771 2149 976 2186 Sanctorum,
992 2149 1116 2180 labente
1131 2149 1247 2180 scilicet

182 2203 287 2223 mense
311 2192 447 2230 octobri,
472 2193 563 2223 refert
581 2193 730 2224 Nicolaus
750 2204 767 2224 a
787 2193 918 2224 Curbi0.
943 2194 1088 2234 Anagnia
1107 2193 1248 2224 discessit

181 2237 323 2268 Pontifex
346 2247 407 2267 xvn
438 2237 501 2268 kal.
530 2238 707 2268 novembris
737 2236 931 2280 (adnotante
954 2238 1083 2269 laudato
1111 2238 1246 2269 Nicolao

181 2282 218 2312 de
233 2281 364 2319 Curbio,
380 2281 468 2312 cuius
484 2282 645 2312 dumtaxat
658 2281 719 2313 fide
734 2283 882 2323 deinceps
898 2283 985 2313 usuri
1005 2293 1128 2321 summ,
1145 2282 1246 2314 Chro-

180 2325 251 2356 nico
271 2325 429 2356 desinente
443 2326 588 2356 Richardi
609 2327 647 2356 de
674 2337 697 2357 s.
714 2325 908 2370 Germano),
929 2327 1009 2358 idest
1030 2327 1080 2358 die
1106 2327 1142 2357 16
1158 2334 1246 2358 octo-

181 2370 262 2407 bris;
287 2376 494 2411 exceptusque
518 2371 640 2401 Romae
660 2370 718 2402 fuit
737 2382 799 2402 xvn
818 2372 883 2402 kal.
903 2371 1097 2409 decembris,
1123 2381 1179 2402 seu
1195 2372 1246 2402 die

186 2415 220 2444 15
242 2414 438 2444 Novembris.
468 2414 597 2445 Viterbii
612 2415 813 2446 obsidionem
833 2415 910 2447 ursit
929 2415 1105 2447 Fridericus
1124 2416 1248 2447 duobus

181 2458 339 2489 mensibus
358 2464 388 2489 et
406 2458 552 2490 dimidio:
566 2469 631 2500 quo
651 2467 793 2500 tempore
809 2460 847 2491 de
862 2471 938 2501 pace
954 2460 1176 2492 constituenda
1191 2471 1247 2501 per

181 2503 300 2542 legatos
320 2502 381 2542 egit
390 2503 533 2533 Pontifex
553 2513 627 2534 cum
642 2504 842 2545 Imperatore.
863 2505 925 2536 Sed
941 2506 1056 2536 iterato
1071 2505 1191 2545 legatos
1207 2505 1247 2536 ad

183 2547 289 2586 ipsum
304 2546 388 2577 misit
402 2547 444 2578 ad
457 2548 777 2588 Aquampendentem.
790 2549 925 2580 Aculam
939 2549 1061 2580 venisse
1072 2549 1248 2580 Fridericus

185 2591 335 2621 dicendus
359 2598 404 2621 est
427 2598 499 2631 post
521 2592 601 2622 duos
620 2603 742 2624 menses
756 2604 826 2624 cum
847 2594 977 2625 dimidio
997 2594 1173 2624 obsidionis
1192 2594 1248 2625 Vi-

186 2635 292 2673 terbii;
307 2645 388 2676 quae
403 2645 476 2665 cum
490 2636 638 2676 inceperit
653 2639 737 2668 circa
742 2637 869 2678 festum
888 2638 1039 2669 Omnium
1055 2638 1247 2669 Sanctorum

186 2679 259 2709 anni
274 2680 365 2719 1243,
377 2679 502 2710 nonnisi
518 2690 624 2711 mense
640 2681 781 2712 ianuario
796 2682 922 2723 incepto
939 2683 1011 2713 anni
1034 2692 1116 2723 1244
1126 2683 1249 2714 mittere

186 2724 305 2763 legatos
327 2724 367 2753 ad
390 2724 496 2764 ipsum
519 2725 718 2756 Innocentius
738 2727 843 2767 potuit
861 2727 905 2758 ad
922 2727 1249 2768 Aquampendentem.

187 2768 294 2808 Itaque
308 2768 451 2798 Thomas
470 2779 487 2798 a
507 2768 666 2808 fratribus,
683 2772 738 2811 qui
757 2777 850 2802 erant
868 2782 939 2803 cum
960 2772 1127 2803 Friderico
1146 2771 1250 2812 Impe-

188 2817 295 2842 ratore
315 2813 346 2842 in
367 2818 471 2843 castro
486 2814 771 2854 Aquaependenffs,
791 2816 859 2856 capi
874 2816 979 2856 potuit
993 2815 1121 2847 ineunte
1142 2816 1251 2847 ianua-

188 2856 234 2886 rio
250 2856 390 2886 eiusdem
408 2857 481 2887 anni
503 2867 594 2897 1244,
610 2869 644 2889 ac
660 2860 763 2899 potuit
782 2860 849 2900 ipse
868 2871 953 2891 anno
973 2860 1135 2901 superiore
1155 2867 1251 2891 extre-

189 2900 247 2930 mis
266 2900 375 2931 diebus
391 2901 506 2932 mensis
521 2902 692 2933 decembris
712 2910 831 2934 vestem
850 2904 980 2935 induere
995 2905 1250 2936 Dominicanam.

255 2945 432 2986 Utrumque
464 2956 548 2977 anno
581 2946 706 2988 incepto
736 2958 818 2988 1244
842 2949 1008 2989 contigisse
1037 2949 1062 2980 si
1093 2949 1253 2991 quispiam

190 2989 367 3027 contendat,
387 2999 559 3030 repugnare
582 3001 647 3021 non
671 2992 761 3030 licet;
781 3003 856 3023 cum
879 2994 982 3024 adhuc
1005 2994 1124 3025 Aculae
1143 2993 1252 3034 persti-

191 3032 262 3062 tisse
286 3033 509 3073 Imperatorem
532 3045 639 3066 mense
667 3036 779 3067 martio
809 3043 839 3068 et
862 3037 950 3078 aprili
974 3037 1069 3069 huius
1100 3038 1174 3069 anni
1207 3038 1253 3069 di-

192 3083 270 3106 serte
292 3077 440 3108 Nicolaus
464 3078 502 3108 de
521 3078 640 3110 Curbio
665 3087 833 3112 attestetur.
858 3082 912 3112 Ait
930 3082 1061 3123 quippe,
1081 3082 1196 3113 missos
1215 3083 1254 3113 ab

194 3120 382 3160 Imperatore
400 3122 532 3161 legatos,
552 3124 708 3163 pollicitos
728 3135 793 3156 esse
813 3125 942 3157 nomine
957 3126 1056 3166 ipsius
1071 3133 1255 3168 promptam

194 3164 404 3195 obedientiam
427 3167 458 3196 in
482 3166 533 3197 die
558 3167 684 3199 Coenae
701 3169 832 3200 Domini
855 3170 927 3200 anni
954 3180 1046 3211 1244,
1070 3181 1186 3212 nempe
1205 3171 1256 3202 die

197 3209 231 3238 31
261 3209 381 3246 martii,
410 3219 483 3240 cum
506 3220 544 3240 eo
568 3221 651 3242 anno
675 3220 818 3244 sanctum
835 3214 953 3245 Pascha
972 3214 1004 3245 in
1023 3215 1109 3246 diem
1132 3215 1256 3247 tertiam

195 3252 299 3292 aprilis
322 3253 486 3284 incideret:
511 3255 565 3285 sed
584 3257 729 3287 mandata
749 3257 909 3289 Pontificis
922 3259 962 3289 de
977 3260 1182 3291 restituendis
1195 3260 1256 3292 Ec-

195 3297 309 3327 clesiae
323 3298 418 3328 terris
431 3307 449 3328 a
463 3298 619 3330 Friderico
635 3307 825 3342 contempta,
837 3302 891 3342 qui
906 3303 1011 3334 adhuc
1020 3304 1108 3344 apud
1116 3305 1256 3346 Aquam-

189 3341 379 3380 pendentem
406 3343 605 3382 persistebat.
641 3344 766 3375 Interim
790 3346 954 3385 Pontifex,
986 3354 1093 3378 tutum
1117 3349 1257 3389 cogitans

195 3384 313 3423 locum,
338 3385 391 3416 ubi
415 3386 527 3417 fortius
551 3388 709 3419 machinas
734 3390 932 3430 Imperatoris
957 3391 1105 3430 eluderet,
1134 3393 1186 3424 die
1207 3402 1257 3424 se-

191 3429 293 3467 ptima
320 3430 400 3460 iunii
422 3431 577 3470 egreditur
600 3433 675 3463 urbe
698 3434 920 3475 profectusque
949 3442 994 3466 est
1017 3437 1060 3467 ad
1089 3436 1256 3468 Civitatem

200 3471 424 3505 Castellanam.
449 3475 590 3506 Nuncios
614 3477 653 3507 ad
671 3477 762 3508 illum
777 3478 886 3510 direxit
905 3479 1088 3520 Imperator,
1102 3482 1158 3522 qui
1171 3481 1259 3522 apud

199 3515 418 3548 Interamnum
443 3524 519 3550 tunc
537 3526 616 3551 erat.
650 3521 808 3553 Praedicta
828 3524 860 3553 in
881 3524 1007 3555 civitate
1039 3535 1113 3555 cum
1132 3526 1257 3557 dierum

205 3569 241 3598 19
264 3562 365 3599 spatio
388 3563 567 3601 perstitisset
590 3564 749 3603 Pontifex,
773 3566 929 3598 discessit:
949 3578 985 3598 ac
1009 3569 1040 3598 in
1060 3569 1112 3600 die
1124 3579 1258 3610 praece-

200 3602 293 3633 dente
315 3605 456 3644 vigiliam
481 3607 701 3647 Apostolorum
717 3610 804 3640 Petri
830 3616 859 3641 et
878 3611 989 3649 Pauli,
1013 3612 1128 3644 scilicet
1147 3614 1196 3644 die
1217 3623 1257 3656 ²7

909 254 1364 295 DISSERTATIONES
1396 252 1643 289 CRITICAE

1307 332 1385 362 iunii
1409 332 1553 362 Sutrium
1578 331 1718 366 devenit,
1744 339 1779 359 ac
1803 329 1935 359 demum
1957 328 2125 359 Civitatem
2148 327 2314 368 Vetulam;
2332 331 2379 361 in-

1308 377 1410 416 deque
1433 375 1527 405 solvit
1550 375 1691 404 ianuam.
1713 373 1799 403 Cum
1822 373 1871 402 his
1890 372 2012 412 egregie
2036 381 2225 412 consonant,
2245 385 2327 415 quae
2341 376 2381 407 de

1307 420 1435 450 Thoma
1454 428 1573 449 carcere
1588 417 1768 457 mancipato
1789 423 1892 446 narrat
1911 416 2103 447 Guillelmus
2123 418 2162 448 de
2176 419 2297 450 Tocco.
2318 420 2380 451 Re-

1307 464 1365 494 fert
1383 464 1434 493 ille
1454 472 1542 493 num.
1566 469 1599 502 9:
1621 460 1814 492 Sanctissimi
1835 460 1957 490 iuvenis
1975 468 2120 499 matrem,
2136 472 2208 492 cum
2225 473 2288 494 non
2302 474 2380 504 pos-

1305 513 1353 538 set
1376 509 1477 547 ipsum
1503 506 1655 536 inducere
1678 505 1722 535 ad
1742 505 1947 545 praedictum
1967 505 2109 536 habitum
2134 507 2378 547 deponendum,

1296 552 1419 592 fecisse
1437 552 1538 590 ipsum
1560 550 1720 580 custodire
1733 549 1791 579 sub
1806 549 1888 579 bona
1903 550 2048 579 custodia
2068 560 2169 591 usque
2182 552 2226 582 ad
2239 553 2378 584 reditum

1293 596 1455 636 filiorum.
1482 595 1637 624 Iacturam
1660 593 1849 623 nobilissimi
1873 593 2080 624 adolescentis
2099 595 2251 627 dolebant
2270 596 2378 628 fratres

1304 639 1550 669 praedicatores:
1567 644 1827 678 accesseruntque
1842 637 1886 668 ad
1899 637 2066 669 Summum
2080 639 2201 670 Christi
2217 640 2377 673 Vicarium

1303 684 1525 713 Innocentium
1550 682 1671 721 Papam
1695 687 1868 722 quartum,
1902 684 1958 723 qui
1988 688 2065 714 tunc
2093 689 2165 714 erat
2188 686 2220 715 in
2250 686 2375 717 Tuscia.

1302 730 1434 757 Annum
1455 735 1537 765 1244
1552 726 1625 756 satis
1645 733 1724 765 puto
1744 726 1919 756 indicatum
1933 737 2142 769 mensemque
2156 729 2294 768 iunium,
2310 741 2376 772 quo

1303 770 1524 800 Innocentium
1539 770 1572 800 in
1593 770 1727 801 Civitate
1743 770 1922 801 Castellana
1946 771 2138 803 diversatum
2163 784 2229 805 esse
2244 775 2308 805 iam
2323 777 2377 806 ad-

1301 815 1491 845 notavimus.
1504 814 1666 845 Mandavit
1679 814 1826 845 Pontifex
1834 815 2004 855 praedicto
2018 816 2224 857 Imperatori,
2236 821 2292 860 qui
2306 826 2377 851 erat

1301 860 1332 889 in
1357 860 1492 899 regione
1503 860 1708 899 propinquus
1729 857 1799 901 (qui
1820 869 1935 900 nempe
1954 861 2041 900 apud
2061 862 2278 894 Interamnum
2300 871 2377 895 tunc

1301 901 1378 945 erat)
1397 903 1483 943 quod
1492 903 1626 944 faceret
1651 903 1691 934 de
1709 904 1894 943 raptoribus
1919 905 2053 945 dignam
2079 907 2262 939 vindictam.
2284 909 2376 940 Iussu

1301 947 1367 977 eius
1383 947 1465 987 capti
1480 954 1555 978 sunt
1558 947 1691 988 fratres
1706 949 1846 978 Thomae
1858 950 2028 989 germani:
2043 957 2152 981 contra
2166 962 2250 992 quos
2265 963 2376 994 quere-

1299 991 1344 1021 las
1374 1001 1484 1031 urgere
1508 992 1681 1023 noluerunt
1703 992 1921 1031 Dominicani‚
1945 995 2086 1025 maxime
2112 1005 2183 1026 cum
2210 998 2378 1029 audissent

1293 1036 1497 1076 praedictum
1519 1037 1664 1067 iuvenem
1693 1042 1878 1068 constanter
1899 1043 2008 1068 tenere
2035 1039 2189 1078 habitum,
2219 1042 2314 1072 etiam
2343 1043 2376 1072 in

1300 1090 1431 1111 carcere
1445 1081 1646 1112 custoditum.
1659 1082 1755 1112 Haud
1770 1082 1863 1112 breve
1878 1089 2005 1123 tempus
2020 1090 2095 1124 post
2109 1091 2273 1124 capturam
2287 1086 2377 1117 Tho-

1300 1135 1371 1155 mae
1390 1125 1535 1165 elapsum
1554 1125 1630 1156 haec
1650 1126 1723 1156 satis
1741 1126 1902 1158 denotant.
1923 1128 2066 1158 Iamvero
2071 1128 2206 1169 fratres
2220 1130 2288 1160 eius
2301 1136 2377 1171 post

1300 1170 1454 1207 reditum,
1471 1170 1527 1210 qui
1548 1177 1622 1210 post
1643 1170 1769 1201 iunium
1791 1181 1935 1202 mensem
1959 1172 2032 1202 anni
2063 1183 2146 1213 1244
2168 1174 2307 1205 accidere
2322 1175 2376 1205 de-

1300 1214 1379 1251 buit,
1393 1215 1532 1255 gravius
1546 1216 1783 1256 impugnarunt
1801 1217 1915 1256 ipsum.
1933 1217 2046 1247 Inlatas
2062 1217 2191 1249 iniurias
2210 1226 2314 1250 narrat
2327 1219 2375 1250 hi-

1300 1258 1433 1289 storicus
1453 1269 1542 1290 num.
1574 1269 1622 1297 10,
1646 1259 1829 1300 factumque
1853 1260 1999 1292 describit
2022 1272 2111 1292 num.
2142 1274 2172 1293 11
2198 1263 2236 1293 de
2261 1264 2376 1294 lasciva

1300 1302 1406 1343 puella
1425 1303 1536 1334 titione
1556 1303 1673 1344 fugata,
1689 1314 1787 1345 quem
1801 1305 1842 1335 de
1855 1306 1982 1336 camino
1995 1313 2165 1347 acceperat
2183 1308 2376 1339 castissimus

1300 1347 1493 1378 adolescens.
1510 1348 1594 1378 Hinc
1608 1349 1821 1380 Bollandistae
1837 1349 2001 1389 colligunt,
2012 1351 2159 1391 hyemem
2175 1359 2251 1383 tunc
2267 1352 2374 1391 fuisse,

1300 1392 1445 1433 adeoque
1463 1392 1513 1422 vel
1529 1402 1650 1423 annum
1675 1403 1758 1433 1244
1781 1394 1946 1424 cadentem
1961 1395 2010 1425 vel
2029 1395 2194 1427 ineuntem
2215 1399 2309 1437 1245.
2332 1399 2377 1428 At

1300 1436 1407 1476 ipsum
1430 1436 1568 1478 denique
1577 1437 1659 1478 fere
1671 1448 1735 1478 per
1748 1438 1830 1469 duos
1848 1449 1952 1469 annos
1971 1440 2162 1471 custoditum
2187 1448 2377 1482 exceperunt

1300 1480 1503 1511 Dominicani
1526 1481 1634 1512 fratres
1653 1492 1710 1522 per
1735 1481 1904 1513 fenestram
1929 1483 2117 1515 dimissum:
2138 1486 2227 1526 quod
2253 1486 2376 1517 incom-

1299 1525 1423 1565 pletum
1438 1525 1604 1556 biennium
1619 1526 1733 1557 eodem
1748 1537 1834 1557 anno
1855 1529 1934 1567 1245
1951 1527 2082 1559 ineunte
2097 1529 2147 1560 vel
2171 1530 2281 1562 adulto
2296 1530 2376 1561 desi-

1300 1569 1356 1600 nit.
1371 1569 1544 1601 Biennium
1568 1570 1620 1601 aio
1639 1570 1883 1612 incompletum‚
1908 1573 1997 1613 quod
2011 1573 2055 1604 ita
2074 1573 2183 1605 definit
2197 1585 2290 1615 saepe
2309 1575 2377 1606 lau-

1299 1614 1391 1645 datus
1407 1615 1602 1655 Logotheta:
1612 1615 1788 1656 plusquam
1802 1626 1866 1656 per
1879 1626 2002 1647 annum
2023 1619 2145 1649 exstitit
2158 1625 2250 1650 arcte
2267 1619 2376 1650 detru-

1298 1668 1363 1690 sus.
1385 1659 1476 1696 Quae
1496 1669 1571 1690 cum
1590 1659 1632 1690 ita
1652 1660 1784 1690 demum
1804 1670 1836 1690 se
1850 1660 1997 1698 habeant,
2013 1662 2142 1702 explosa
2156 1662 2287 1694 illorum
2305 1673 2376 1694 sen-

1299 1703 1396 1734 tentia
1411 1710 1467 1742 est,
1479 1703 1534 1745 qui
1549 1704 1698 1735 Thomae
1713 1704 1890 1745 ingressum
1905 1705 1936 1735 in
1947 1705 2103 1737 Ordinem
2118 1707 2377 1739 Praedicatorum

1299 1748 1339 1778 ad
1354 1758 1475 1778 annum
1500 1749 1581 1790 1237
1604 1748 1752 1780 referunt.
1768 1749 1971 1780 Malvendam
1986 1751 2117 1782 consule
2138 1751 2171 1782 in
2186 1752 2375 1784 Annalibus.

1366 1793 1417 1823 Ad
1441 1802 1561 1823 annum
1586 1793 1728 1824 eiusdem
1750 1794 1959 1824 emortualem
1978 1805 2084 1826 sermo
2106 1796 2266 1836 procedat.
2287 1797 2377 1829 Haec

1300 1837 1394 1868 habet
1422 1837 1615 1878 Disquisitor
1643 1837 1744 1878 capite
1764 1849 1774 1868 r
1802 1838 1834 1868 in
1862 1838 2147 1880 Chronographia:
2174 1841 2270 1872 Anno
2294 1851 2379 1883 ¹²74

1300 1882 1416 1912 aetatis
1435 1882 1476 1921 54
1491 1883 1630 1912 moritur
1644 1883 1676 1913 in
1692 1884 1888 1914 monasterio
1910 1883 2150 1916 Fossae-novae
2174 1884 2309 1917 Ordinis
2325 1885 2378 1917 Ci-

1299 1927 1492 1957 sterciensis.
1517 1929 1650 1957 Annum
1674 1937 1763 1958 aerae
1792 1927 1977 1958 christianae
2000 1929 2190 1960 adnotatum
2223 1929 2380 1962 definiunt

1301 1980 1424 2008 omnes,
1450 1977 1480 2001 et
1503 1971 1625 2002 addunt
1648 1971 1817 2012 septimam
1836 1971 1921 2002 diem
1940 1972 2063 2003 martii:
2088 1973 2143 2004 sed
2162 1973 2306 2014 positum
2324 1985 2379 2005 an·

1301 2025 1381 2046 num
1400 2014 1508 2046 aetatis
1523 2015 1616 2056 prisci
1631 2025 1743 2046 omnes
1767 2015 1957 2054 inficiantur,
1973 2017 2029 2058 qui
2049 2017 2190 2049 scribunt
2203 2018 2379 2058 Thomam,

1302 2066 1337 2090 ut
1361 2069 1526 2090 summum
1550 2070 1651 2091 annos
1675 2060 1907 2101 quinquaginta
1930 2068 2059 2099 natum,
2083 2062 2147 2093 vita
2170 2063 2297 2095 mortali
2320 2063 2380 2095 mi-

1301 2103 1446 2144 gravisse.
1476 2104 1682 2135 Ptolomaeus
1713 2105 1751 2135 de
1776 2105 1863 2136 Luca
1885 2105 1968 2136 libro
1991 2106 2094 2137 XXIII
2121 2106 2240 2138 Hister.
2269 2107 2379 2140 eccles.

1302 2148 1402 2189 capite
1426 2159 1445 2178 x
1465 2148 1525 2180 ait:
1555 2148 1678 2180 Obiisse
1713 2149 1864 2180 Thomam
1895 2151 2163 2192 quinquagesimo
2192 2153 2277 2183 vitae
2301 2161 2382 2184 suae

1301 2201 1410 2224 anno:
1432 2193 1515 2224 alios
1539 2203 1614 2224 vero
1633 2193 1750 2231 dicere,
1770 2194 2022 2235 quadragesimo
2040 2201 2162 2226 octavo.
2188 2196 2223 2227 In
2242 2195 2382 2228 editione

1302 2237 1532 2268 Mediolanensi
1551 2238 1584 2268 in
1603 2238 1819 2269 Muratoriana
1834 2238 2032 2279 Scriptorum
2053 2239 2158 2270 Italiae
2173 2240 2380 2280 collectione,

1303 2282 1459 2313 mendum
1482 2282 1615 2323 irrepsit,
1632 2282 1738 2323 posito
1758 2293 1843 2313 anno
1869 2293 1914 2323 44
1936 2293 1995 2324 pro
2015 2283 2070 2323 48.
2094 2284 2240 2316 Primum
2268 2295 2382 2317 nume-

1303 2337 1395 2364 rum,
1420 2326 1607 2358 inchoatum
1635 2333 1741 2358 tamen
1770 2327 1954 2366 dumtaxat,
1982 2335 2161 2369 sequuntur
2189 2329 2380 2361 Guillelmus

1303 2370 1341 2401 de
1360 2371 1483 2409 Tocc0‚
1499 2378 1530 2402 et
1549 2381 1573 2402 s.
1585 2371 1787 2410 Antoninus;
1806 2371 1873 2402 ille:
1894 2372 1936 2403 Ut
1949 2372 2236 2414 quadragesimum
2259 2383 2379 2406 nonum

1302 2425 1424 2446 annum
1444 2425 1524 2446 suae
1547 2417 1632 2447 vitae
1644 2416 1834 2457 perficiens,
1854 2418 2124 2458 quinquagesimo
2143 2418 2309 2450 inchoaret
2325 2428 2380 2450 ae-

1302 2465 1415 2491 ternae
1427 2460 1557 2502 gloriae
1571 2460 1744 2491 iubilaeum
1751 2468 1764 2499 ;
1774 2460 1824 2492 hic
1838 2468 1930 2492 vero:
1949 2460 2150 2493 Obdormivit
2164 2463 2196 2493 in
2207 2462 2380 2495 Domino...

1302 2506 1418 2536 aetatis
1439 2514 1520 2535 suae
1549 2515 1637 2536 anno
1659 2506 1927 2546 quinquagesimo
1951 2506 2110 2537 inchoato.
2136 2506 2283 2538 Alterum
2302 2517 2382 2549 qua-

1302 2548 1444 2589 draginta
1465 2555 1495 2580 et
1514 2555 1588 2580 octo
1604 2559 1763 2580 annorum
1778 2549 1870 2580 refert
1892 2549 1985 2581 frater
2008 2550 2142 2582 Iacobus
2161 2551 2201 2582 de
2219 2551 2382 2595 Viterbio,

1302 2593 1556 2634 Augustinianus
1575 2600 1605 2624 et
1619 2593 1887 2635 Archiepiscopus
1906 2594 2153 2635 Neapolitanus,
2175 2595 2208 2626 in
2226 2596 2381 2628 Processu

1305 2637 1555 2668 canonizationis
1579 2637 1642 2668 divi
1666 2638 1814 2669 Thomae
1839 2648 1928 2670 num.
1951 2638 2008 2670 83:
2038 2639 2112 2670 Non
2138 2645 2185 2671 est
2209 2640 2383 2672 verisimile

1303 2682 1480 2713 secundum
1504 2682 1681 2713 humanum
1707 2683 1891 2723 ingenium,
1916 2683 2003 2723 quod
2020 2689 2069 2714 tot
2085 2693 2121 2714 ac
2136 2690 2223 2715 tanta
2241 2684 2382 2724 potuerit

1305 2726 1439 2757 scribere
1454 2731 1519 2757 tam
1535 2726 1624 2758 brevi
1637 2731 1790 2767 tempore,
1805 2727 1890 2758 sicut
1903 2728 1984 2758 vixit
1998 2727 2081 2758 idem
2092 2727 2212 2769 frater
2231 2729 2379 2767 nomas,

1305 2771 1361 2812 qui
1383 2772 1416 2801 in
1435 2770 1688 2812 quadragesimo
1711 2776 1824 2802 octavo
1843 2781 1930 2802 anno
1942 2771 2075 2812 finiisse
2097 2772 2218 2804 dicitur
2240 2782 2381 2805 commu-

1306 2816 1391 2846 niter
1403 2815 1472 2853 dies
1490 2824 1576 2846 suos.
1601 2815 1782 2856 Utrumque
1800 2814 1909 2846 aetatis
1928 2825 2050 2846 annum
2065 2816 2276 2848 emortualem
2299 2817 2382 2848 indi-

1306 2869 1375 2890 care
1394 2866 1530 2900 possunt
1548 2859 1651 2890 Notae
1669 2859 1748 2890 aliae
1767 2859 2024 2900 Chronologicae
2047 2861 2134 2901 apud
2156 2861 2383 2893 Ptolomaeum

1306 2903 1386 2934 libro
1411 2903 1520 2942 XXII,
1548 2903 1650 2944 capite
1672 2913 1712 2934 xx
1736 2903 1952 2945 inquientem:
1987 2903 2069 2936 Cum
2088 2910 2196 2936 autem
2221 2906 2285 2937 iam
2301 2911 2383 2938 esset

1306 2948 1466 2979 sexdecim
1477 2958 1651 2986 annorum,
1663 2948 1804 2979 habitum
1812 2947 1965 2989 fratrum
1976 2949 2243 2981 Praedicatorum
2257 2959 2382 2982 assum—

1301 2993 1370 3033 psit
1375 3000 1389 3031 ‚⁹
1403 2998 1433 3023 et
1447 2993 1480 3023 in
1496 3002 1533 3023 eo
1547 2993 1580 3023 in
1590 3002 1679 3033 pura
1694 2993 1877 3024 innocentia
1893 2993 1974 3024 vixit
1992 2994 2129 3035 triginta
2148 2994 2273 3026 duobus
2286 2996 2384 3027 annis

1309 3037 1359 3069 vel
1377 3038 1474 3068 circa.
1499 3036 1585 3068 Anni
1604 3036 1762 3068 sexdecim
1781 3043 1812 3068 et
1829 3036 1955 3077 triginta
1975 3037 2041 3068 duo
2061 3045 2136 3069 sunt
2154 3038 2228 3070 anni
2247 3039 2383 3080 quadra·

1309 3081 1395 3122 ginta
1410 3088 1504 3112 octo:
1525 3081 1580 3112 sed
1598 3081 1673 3112 anni
1692 3081 1850 3112 sexdecim
1865 3081 2031 3122 completi,
2051 3092 2087 3113 ac
2106 3082 2232 3123 triginta
2247 3083 2314 3115 duo
2333 3083 2385 3116 vel

1310 3127 1410 3163 circa,
1419 3132 1497 3166 puta
1511 3132 1572 3156 tres
1587 3135 1623 3157 ac
1638 3125 1764 3166 triginta
1777 3132 1852 3157 sunt
1871 3126 1946 3156 anni
1969 3127 2176 3167 quadraginta
2197 3137 2315 3159 novem
2333 3127 2384 3160 vel

1311 3170 1407 3201 etiam
1425 3169 1656 3211 quinquaginta
1674 3169 1824 3201 inchoati.
1849 3170 1923 3208 Qua
1944 3177 2051 3202 tamen
2069 3172 2109 3202 de
2129 3171 2384 3213 chronographia

1311 3214 1415 3245 adhuc
1429 3213 1511 3244 infra
1525 3213 1706 3245 dicendum.
1721 3213 1842 3245 Mirum
1852 3224 1927 3245 vero
1942 3214 2021 3246 illud
2035 3222 2092 3254 est,
2108 3222 2175 3247 tam
2189 3215 2384 3248 confidenter

1312 3258 1444 3290 scribere
1454 3257 1701 3299 Disquisitorem
1710 3258 1862 3299 potuisse:
1872 3259 1991 3290 Divum
2008 3260 2160 3292 Tkomam
2171 3270 2259 3292 anno
2267 3261 2384 3292 aetatis

1311 3312 1391 3334 suae
1413 3303 1680 3344 quinquagesimo
1708 3308 1825 3344 quarto
1848 3303 1931 3335 diem
1961 3304 2108 3336 ultimum
2138 3305 2253 3336 obiisse
2274 3311 2384 3337 contra

1311 3353 1455 3378 veterum
1478 3346 1627 3378 omnium
1650 3347 1842 3388 scriptorum
1865 3347 1971 3379 fidem.

1379 3391 1414 3422 ld
1437 3401 1524 3430 vero,
1548 3391 1654 3422 invitis
1678 3391 1773 3423 etiam
1793 3392 1862 3431 diis,
1883 3392 1985 3424 dicere
2005 3393 2166 3432 debuerat,
2185 3393 2275 3435 quod
2293 3393 2383 3424 Tho-

1312 3445 1399 3466 mam
1413 3445 1498 3466 anno
1513 3445 1602 3467 aerae
1616 3435 1801 3468 christianae
1821 3446 1904 3479 1274
1921 3437 1971 3468 die
1993 3448 2013 3479 7
2029 3437 2132 3469 martii
2147 3436 2317 3469 certissime
2331 3437 2384 3468 de-

1312 3480 1476 3519 functum,
1505 3486 1618 3511 natum
1641 3479 1714 3512 facit
1743 3491 1830 3512 anno
1853 3481 1994 3513 eiusdem
2018 3491 2118 3513 aerae
2152 3491 2234 3512 1220
2261 3481 2314 3512 die
2346 3482 2383 3512 16

1311 3525 1443 3565 Aprilis.
1468 3526 1647 3556 Auctorum
1671 3535 1753 3566 quos
1777 3525 1978 3557 laudavimus
2001 3526 2199 3567 synchronos
2218 3531 2250 3557 et
2267 3524 2385 3566 s'uppa-

1313 3579 1360 3599 res
1370 3591 1378 3607 ,
1398 3568 1459 3600 fide
1479 3576 1509 3600 et
1527 3569 1712 3601 auctoritate
1726 3569 1903 3609 conficitur,
1918 3570 2083 3601 Thomam
2096 3569 2129 3600 in
2143 3569 2250 3601 lucem
2263 3569 2385 3601 editum

1313 3613 1409 3644 fuisse
1439 3623 1524 3644 anno
1550 3615 1648 3653 1225,
1673 3620 1728 3645 aut
1757 3615 1857 3653 1226,
1885 3621 1941 3646 aut
1972 3613 2069 3646 etiam
2101 3623 2182 3655 ¹227
2206 3623 2386 3656 numquam
