2548 4192
178 292 283 318 CXCIV

176 359 347 390 sexdecim.
372 359 480 396 Quam
503 358 704 389 luculentum
727 368 801 399 ergo
825 358 1056 396 testimonium,
1073 358 1163 398 quod
1185 357 1247 398 pri-

178 414 250 434 mus
274 413 310 434 ac
332 403 563 434 vetustissimus
579 403 678 433 hostis
698 402 757 433 fert
772 409 880 434 contra
894 402 1106 432 novissimum
1121 401 1247 432 hostem

177 447 362 479 Launoium
379 457 437 488 pro
457 447 647 477 vindicando
667 447 819 487 Aquinati
840 447 945 486 Opere
961 445 1245 486 praestantissimo!

244 492 280 522 In
303 492 386 522 calce
409 491 599 522 Sermonum
631 491 672 521 de
694 491 822 521 Sanctis
852 490 915 520 divi
943 489 1076 520 Antonii
1099 490 1243 520 Paduani

177 536 302 576 legitur,
318 536 351 566 in
371 535 507 566 editione
531 535 570 565 ab
593 535 735 565 Antonio
759 534 856 574 Pagio
882 540 998 571 curata,
1022 539 1246 564 testamentum

176 590 202 611 s.
223 580 378 611 Ludovici
400 580 549 619 Episcopi
577 579 737 616 Tolosani,
763 578 818 619 qui
842 587 926 608 anno
956 587 1037 618 1297
1055 578 1095 607 ad
1111 577 1246 608 Caelites

178 625 322 655 evolavit.
357 624 392 654 In
415 624 513 653 hocce
536 629 748 653 monumento
772 629 838 652 tam
865 628 990 652 vetusto
1014 622 1247 662 Theologicam

179 669 209 699 d.
227 669 372 699 Thomae
395 667 563 698 Summam
585 666 705 696 laudari
734 666 802 706 ipse
830 666 945 706 Pagius
968 672 1109 696 testatur.
1142 666 1247 696 Verba

177 713 245 743 eius
269 719 342 742 sunt
365 711 404 741 ad
427 721 477 741 an.
500 720 582 751 1190
606 721 695 741 num.
719 721 751 740 11
779 710 813 740 in
837 709 952 741 Critica
971 710 1011 740 ad
1029 710 1169 741 Annales
1187 710 1246 740 Ba-

177 756 277 787 ronii:
314 769 328 783 «
342 755 403 786 Hic
427 755 527 785 obiter
553 754 706 785 lectorem
737 755 895 793 monebo,
926 764 978 784 me
1009 764 1046 784 ex
1069 764 1108 784 eo
1133 752 1245 796 (testa-

179 814 194 829 »
217 798 339 842 mento)
356 799 597 837 demonstrasse,
609 799 773 829 Summam
798 799 1033 840 Tlaeologicam,
1052 798 1142 829 cuius
1158 798 1191 828 in
1206 809 1244 829 eo

179 858 194 873 »
216 844 348 882 mentio,
371 843 548 883 genuinum
571 842 695 874 foetum
719 853 786 874 esse
809 843 956 874 Doctoris
971 843 1124 883 Angelici.
1137 855 1152 871 ι»

243 888 296 919 1v.
320 889 404 918 Tam
427 887 583 928 frequenti
606 888 734 918 testium
759 887 888 928 agmini,
908 898 974 928 quo
994 887 1154 928 proelium
1170 897 1245 927 cum

175 932 322 964 Launoio
339 932 571 970 commisimus,
581 933 736 974 accedunt
749 932 954 963 vetustissimi
974 932 1108 971 codices,
1128 931 1244 973 quibus

176 978 287 1008 eadem
309 976 441 1007 infertur
464 986 571 1017 pugna
595 977 635 1007 ad
657 977 916 1015 internecionem,
933 977 987 1007 abs
1004 976 1244 1017 diligentissimo

175 1021 320 1052 Echardo
344 1020 498 1052 recensiti.
524 1020 659 1052 Codices
680 1031 796 1061 nempe
820 1027 894 1052 sunt
912 1021 1044 1052 suismet
1067 1020 1167 1051 oculis
1192 1030 1243 1051 ac-

176 1065 369 1097 curatissime
392 1065 514 1096 lustrati
537 1065 570 1096 in
589 1065 815 1096 parisiensibus
833 1065 1042 1104 bibliothecis,
1058 1066 1244 1103 Navarraea,

175 1110 360 1147 Sorbonica,
378 1109 551 1149 Victorina,
574 1109 757 1141 Colbertina
777 1109 920 1151 aliisque,
940 1110 1011 1150 ipso
1026 1109 1244 1141 tertiodecimo

175 1154 302 1186 saeculo
315 1154 466 1192 «cadente,
490 1164 556 1195 quo
580 1154 697 1193 floruit,
722 1154 841 1192 docuit,
861 1154 983 1194 scripsit
998 1154 1141 1195 obiitque
1156 1153 1244 1184 Tho-

175 1209 254 1238 mas,
278 1208 377 1229 manu
401 1198 530 1237 exarati,
554 1198 723 1230 Summam
745 1198 848 1239 ipsam
866 1198 1098 1239 Theologicam
1114 1198 1246 1239 eiusque

175 1242 314 1284 singulas
346 1249 466 1283 partes,
491 1243 550 1274 sub
579 1242 722 1274 eiusdem
740 1242 868 1284 fratris
896 1243 1035 1274 Thomae
1056 1243 1097 1274 de
1118 1243 1245 1283 Aquino

177 1287 319 1325 nomine,
343 1294 544 1328 praestantes.
573 1287 733 1318 Plurimos
757 1287 824 1318 eius
844 1287 952 1318 aetatis
973 1287 1149 1328 similisque
1164 1286 1245 1327 opti-

174 1342 246 1363 mae
269 1337 374 1370 notae,
399 1331 506 1362 nullus
526 1331 638 1362 dubito
662 1331 740 1362 alios
764 1331 919 1362 adservari
939 1331 1063 1362 codices
1077 1332 1110 1362 in
1129 1331 1245 1371 Hispa-

175 1376 246 1415 niis,
270 1376 303 1406 in
326 1376 447 1416 Belgio,
471 1375 505 1406 in
529 1375 708 1414 Germania,
732 1376 765 1406 in
789 1375 891 1406 Italia:
916 1385 998 1416 quos
1023 1375 1118 1406 etiam
1141 1375 1174 1405 in
1197 1375 1245 1405 in-

175 1421 296 1452 dicibus
318 1420 473 1451 librorum
496 1420 787 1461 manuscriptorum
810 1419 888 1460 preli
911 1419 1065 1450 beneficio
1084 1419 1118 1450 in
1140 1419 1247 1450 lucem

175 1465 264 1496 editis
288 1471 482 1496 memoratos
509 1464 654 1504 legimus.
689 1464 748 1495 His
770 1474 846 1494 vero
870 1464 997 1495 sistema
1020 1464 1246 1494 Launoianum

173 1509 246 1551 quis
269 1520 336 1540 non
359 1509 463 1540 videat
485 1518 631 1539 eversum
654 1509 748 1549 plane
767 1506 1054 1549 profligatumque?

567 1604 759 1642 CAPUT
789 1604 856 1644 IV.

174 1702 265 1727 Petrus
285 1701 424 1734 Rogerius,
442 1705 533 1734 postea
551 1701 674 1726 Clemens
691 1700 735 1732 Vl,
755 1708 834 1734 quem
853 1700 985 1727 Launoius
1008 1700 1126 1734 imperite
1144 1699 1243 1733 putavit

245 1737 346 1762 silentio
365 1736 528 1770 praeteriisse
545 1736 731 1769 Theologicam
750 1737 901 1768 Summam,
926 1735 1095 1769 amplissimis
1114 1743 1172 1760 eam
1191 1742 1246 1760 me-

246 1777 331 1797 morat
348 1772 434 1797 verbis
453 1772 479 1796 in
497 1771 582 1805 primo
600 1772 727 1797 Sermone
746 1772 779 1797 de
794 1772 913 1797 laudibus
927 1771 1008 1797 sancti
1022 1771 1151 1796 Thomae.
1170 1771 1246 1796 Item-

246 1815 297 1841 que
315 1807 342 1832 in
360 1808 418 1840 alio,
437 1815 517 1841 quem
536 1807 629 1832 eodem
648 1807 681 1832 de
698 1812 852 1841 argumento
870 1815 1020 1833 sermonem
1038 1806 1135 1832 habuit.

317 1951 411 1991 longe
441 1949 570 1981 maioris
600 1959 698 1990 quam
728 1949 893 1980 Launoius
924 1956 1097 1990 expeteret,
1129 1959 1246 1980 monu-

175 2004 282 2029 menta
304 1995 405 2027 valeat
427 1994 508 2025 illud
530 1993 612 2024 Petri
635 1993 782 2034 Rogerii,
806 2001 916 2034 postea
940 1993 1115 2025 Clementis
1134 1993 1189 2032 VI,
1213 1993 1246 2024 in

176 2053 233 2073 sua
248 2042 288 2073 de
301 2039 450 2072 laudibus
468 2039 534 2070 divi
556 2038 695 2069 Thomae
711 2038 854 2069 oratione
873 2038 1045 2077 silentium,
1092 2038 1159 2069 uod
1175 2037 1246 2068 uni-

176 2097 251 2118 cum
273 2095 332 2126 pro
356 2094 415 2115 suo
444 2083 602 2114 sistemate
629 2083 776 2114 laudatus
800 2089 890 2123 urget
913 2083 1077 2114 Launoius
1125 2082 1247 2113 Verum

176 2137 207 2162 et
229 2131 327 2161 hocce
354 2128 455 2159 telum
483 2126 697 2158 infensissimo
726 2127 848 2158 censori
879 2127 1088 2168 eripiendum.
1118 2126 1247 2167 Rogerii

175 2175 270 2206 verba
285 2174 343 2204 sub
359 2172 471 2203 oculos
487 2181 587 2212 pon0,
598 2181 679 2212 quae
695 2181 807 2202 censor
821 2172 997 2212 desumpsit
1011 2182 1049 2202 ex
1063 2171 1171 2202 codice
1185 2181 1245 2202 ms.

176 2218 284 2250 Caroli
294 2216 432 2249 Mauritii
446 2215 575 2246 Tellerii
585 2215 824 2256 Archiepiscopi
838 2216 1014 2254 Remensis,
1034 2225 1120 2247 nunc
1134 2215 1245 2256 Regio.

176 2264 301 2294 Thema
330 2260 484 2292 sermonis
513 2266 577 2291 est:
612 2260 667 2290 Vir
689 2261 753 2290 Dei
775 2270 809 2291 es
831 2266 866 2291 tu
891 2267 949 2292 etc.
978 2260 1011 2291 in
1039 2270 1143 2301 eoque
1170 2260 1247 2291 haec

175 2308 341 2345 habentur,
365 2305 454 2347 quod
477 2304 588 2335 attinet
605 2304 646 2334 ad
664 2304 762 2335 libros
786 2305 824 2335 ab
847 2305 1008 2346 Aquinate
1027 2305 1245 2335 elucubratos:

180 2365 195 2380 «
217 2351 346 2391 Scripsit
369 2349 455 2380 enim
477 2356 544 2379 tam
566 2358 664 2389 super
687 2349 885 2387 Sententias,
915 2359 1014 2390 quam
1043 2349 1128 2380 alias
1150 2358 1246 2390 quae-

179 2409 195 2424 »
217 2397 350 2433 stiones,
374 2404 426 2424 xv1
448 2393 624 2424 volumina.
638 2406 653 2421 ι»
685 2393 760 2431 Quo
791 2393 864 2424 loco
896 2393 1076 2434 diligentius
1104 2393 1246 2424 animad-

176 2446 262 2471 verte
286 2448 458 2470 numerum
481 2438 696 2475 voluminum,
726 2447 808 2478 quae
830 2438 990 2469 sexdecim
1019 2443 1245 2469 numerantur:

178 2495 214 2516 ac
238 2483 402 2514 materiem
431 2481 571 2522 expende
595 2488 883 2523 argumentumque
911 2492 1035 2521 eorum,
1060 2492 1107 2513 res
1131 2492 1247 2522 nempe

177 2527 390 2568 theologicas,
421 2532 457 2557 ut
479 2525 585 2556 statim
607 2525 697 2557 infra.
727 2526 901 2557 Numerata
927 2527 1047 2567 quippe
1075 2526 1247 2557 universim

176 2572 360 2610 volumina,
385 2570 428 2601 sic
452 2576 591 2600 recenset
613 2569 754 2610 singula:
786 2583 802 2598 ι
815 2570 938 2601 Scilicet
965 2576 1106 2611 quatuor
1126 2572 1246 2611 scripta

180 2630 195 2645 »
218 2626 313 2657 super
331 2614 522 2647 Sententias:
546 2619 687 2654 quatuor
709 2614 808 2645 libros
830 2614 862 2644 in
884 2614 1018 2645 Summa
1037 2622 1145 2646 contra
1163 2614 1247 2646 Gen·

180 2674 195 2690 »
218 2661 287 2692 tiles
308 2658 370 2702 (ita
390 2668 506 2699 nempe
527 2658 650 2698 legebat
668 2658 701 2688 in
717 2658 824 2689 codice
843 2658 955 2690 doctor
970 2658 1150 2690 Parisiensis
1165 2659 1247 2690 Lau-

181 2719 195 2734 »
218 2703 342 2747 noius):
366 2704 567 2745 quaestiones
580 2703 632 2733 De
647 2704 802 2734 veritate:
824 2702 902 2734 item
915 2704 1116 2744 quaestiones
1124 2703 1176 2733 De
1186 2713 1247 2743 po-

181 2763 196 2778 »
218 2750 337 2781 tentia:
359 2748 436 2779 item
459 2747 660 2788 quaestiones
678 2747 729 2778 De
743 2748 873 2778 anima:
891 2747 969 2778 item
982 2748 1183 2788 quaestiones
1197 2747 1248 2778 De

179 2807 196 2823 2
219 2793 408 2825 virtutibus:
430 2792 507 2823 item
530 2792 731 2832 quaestiones
753 2791 806 2822 De
823 2791 928 2822 malo:
951 2791 1029 2822 item
1046 2792 1248 2832 quaestiones

180 2851 195 2866 ›
217 2839 268 2869 De
285 2836 507 2879 spiritualibus
530 2837 708 2867 creaturis:
731 2835 809 2866 item
828 2835 974 2867 undecim
993 2835 1183 2873 Quodlibeta
1200 2835 1247 2866 di-

181 2896 195 2910 »
218 2889 352 2923 sputata.
366 2893 381 2909 »
409 2880 666 2912 Commentarios
685 2879 783 2919 addit,
802 2890 884 2921 quos
902 2890 1000 2921 super
1017 2880 1156 2911 Bibliam
1173 2880 1247 2911 scri-

179 2927 251 2968 psit,
276 2935 394 2967 eosque
418 2931 581 2956 numerat:
606 2931 677 2955 tum
700 2934 797 2965 opera
814 2934 913 2965 super
930 2925 1164 2965 Philosophiam
1182 2935 1246 2956 me-

179 2978 292 3010 morat,
308 2980 390 3012 quae
407 2969 531 3010 singula
546 2975 700 3000 recenset:
725 2979 761 3000 ac
777 2968 909 3000 demum
925 2969 964 2999 de
979 2969 1152 3009 Opusculis
1167 2970 1246 3010 agit,

179 3017 253 3047 item
276 3020 352 3046 sunt
368 3024 477 3055 parva
504 3013 681 3054 Opuscula,
706 3013 865 3055 inquiens,
889 3014 1017 3044 circiter
1034 3023 1083 3044 η.

246 3060 371 3090 Locum
394 3059 501 3097 habes,
517 3057 572 3088 ubi
591 3057 630 3088 de
639 3058 772 3089 Summa
796 3057 860 3088 divi
875 3057 1022 3088 Thomae
1043 3058 1245 3102 Theologica‚

180 3110 307 3134 auctore
331 3102 496 3142 Launoio,
527 3101 648 3133 mentio
671 3102 760 3134 nulla
789 3102 953 3143 altumque
981 3102 1152 3134 silentium.
1178 3104 1247 3134 [mo

181 3147 329 3178 disertam
352 3147 466 3188 Operis
494 3146 751 3187 praestantissimi
779 3156 1021 3188 expressamque
1050 3148 1248 3179 mentionem

181 3202 278 3223 nemo
297 3202 363 3222 non
382 3191 496 3230 videat,
520 3191 576 3232 qui
595 3198 701 3222 mente
725 3197 755 3222 et
778 3190 879 3222 oculis
899 3197 1008 3231 captus
1024 3201 1091 3222 non
1107 3192 1155 3223 sit.
1181 3193 1248 3223 Iam

181 3243 263 3275 tene,
287 3236 376 3277 quod
399 3235 714 3266 animadvertendum
737 3235 980 3276 proposuimus,
1004 3236 1164 3268 sexdecim
1188 3247 1248 3268 nu-

181 3280 293 3311 merari
310 3281 472 3312 volumina
481 3302 492 3318 ‚
512 3289 593 3321 quae
608 3280 647 3310 de
661 3280 753 3311 rebus
768 3279 956 3320 theologicis
970 3280 1138 3312 confecerit
1147 3281 1248 3323 Aqui-

182 3335 247 3356 nas.
272 3324 371 3366 Atqui
389 3334 465 3355 vero
489 3324 514 3354 si
538 3323 665 3355 lectioni
688 3324 873 3364 adhaereas,
897 3334 996 3366 quam
1019 3325 1143 3357 exhibet
1165 3326 1248 3357 Lau-

177 1902 201 1933 Ῑ-
223 1893 372 1999 Quid
395 1916 469 1946 ergo
494 1905 641 1936 adversus
671 1911 720 1936 tot
749 1905 999 1936 luculentissima
1032 1904 1246 1946 antiquitatis,

182 3369 295 3408 noius,
326 3369 352 3400 si
380 3373 520 3410 quatuor
548 3378 664 3409 nempe
694 3368 790 3400 libros
820 3369 853 3399 in
883 3369 1078 3409 Sententias,
1109 3370 1249 3412 itemque

182 3419 321 3454 quatuor
338 3413 371 3444 in
390 3413 523 3444 Summa
539 3419 648 3444 contra
663 3413 803 3444 Gentiles
822 3423 858 3445 ac
875 3418 992 3454 septem
1009 3424 1090 3455 quae
1109 3424 1249 3456 sequun-

182 3463 234 3488 tur
256 3457 420 3488 volumina
456 3457 489 3488 in
522 3467 683 3488 summam
711 3457 852 3498 redigas,
881 3458 1061 3498 quindecim
1084 3459 1250 3490 volumina

185 3501 326 3541 colligis,
357 3512 536 3543 numquam
561 3502 732 3533 sexdecim.
773 3502 836 3533 Fac
864 3512 940 3534 vero
970 3509 1044 3544 post
1070 3503 1125 3534 illa
1156 3504 1251 3534 verba

188 3544 336 3582 Quatuor
354 3547 386 3576 in
406 3546 538 3577 Siamma
554 3553 585 3577 et
601 3553 673 3577 ante
689 3546 753 3585 illa,
775 3546 898 3578 Contra
917 3547 1070 3586 Gentiles,
1093 3554 1251 3588 punctum

899 279 1358 316 DISSERTATIONES
1389 280 1637 317 CRITICAE

1304 368 1399 398 super
1426 359 1601 390 Sententias
1629 365 1789 400 quatuor,
1821 361 1854 391 in
1878 361 2012 392 Summa
2039 367 2180 403 quatuor
2208 368 2239 392 et
2267 368 2376 393 contra

1304 401 1444 433 Gentiles
1468 405 1565 434 unius
1570 411 1584 441 ‚·
1607 404 1696 444 quod
1719 404 1823 445 Opus,
1847 406 1972 436 tametsi
1996 413 2134 448 quatuor
2156 406 2189 436 in
2209 406 2305 437 libros
2322 407 2375 437 tri-

1303 446 1419 477 butum
1442 447 1500 486 sit,
1532 457 1599 478 uno
1628 458 1753 488 semper
1778 449 1944 480 volumine
1974 451 2242 490 comprehensum
2270 460 2376 481 recen-

1303 497 1434 522 suerunt
1447 498 1576 522 veteres.
1598 492 1721 523 Novem
1736 492 1801 522 iam
1815 494 1931 524 adsunt
1944 494 2120 525 volumina.
2137 495 2228 525 Adde
2243 500 2374 535 septem,

1302 544 1384 575 quae
1403 542 1596 576 sequuntur:
1622 536 1782 577 simulque
1800 537 1929 568 collecta
1945 545 2020 569 sunt
2032 539 2203 570 sexdecim.
2229 539 2283 570 Uti
2299 549 2375 569 vero

1304 578 1530 618 coniectamus,
1554 580 1668 611 habere
1693 590 1724 611 se
1746 591 1813 611 rem
1832 581 1865 612 in
1885 582 2047 613 codicibus
2072 582 2246 614 Casimirus
2271 583 2373 614 Oudi-

1302 632 1362 652 nus
1382 629 1529 654 testatur:
1557 637 1572 652 <z
1585 624 1667 664 Ego,
1688 626 1845 665 inquiens,
1870 626 1926 667 qui
1946 626 2088 657 codicem
2106 627 2195 658 tenui
2215 638 2251 658 ac
2269 627 2374 666 volvi,

1305 678 1319 693 »
1341 666 1414 706 lego
1429 667 1514 698 illius
1528 668 1711 699 meminisse
1725 669 1832 709 legens
1847 679 1922 700 cum
1937 677 2057 710 puncto
2075 669 2246 713 (typorum
2267 672 2374 712 sphal-

1304 723 1319 737 »
1342 720 1394 741 ma
1419 712 1550 752 corrige
1567 722 1607 743 ac
1629 713 1716 754 lege,
1746 714 1879 744 memini
1902 724 1954 745 me
1978 715 2090 755 legisse
2114 725 2189 746 cum
2212 714 2374 759 puncto),

1304 766 1319 781 »
1341 759 1482 795 quatuor
1511 755 1610 786 libros
1633 757 1666 786 in
1690 757 1834 788 Summa.
1862 758 1985 789 Contra
2014 759 2157 790 Gentiles
2165 767 2179 797 ‚·
2206 760 2374 800 quomodo

1304 811 1318 825 »
1341 805 1423 829 certe
1446 799 1618 839 legendum
1642 806 1672 830 et
1694 802 1940 840 punctuandum
1959 809 2015 834 est.
2035 803 2144 844 Itaque
2160 810 2242 835 recte
2262 804 2301 835 de
2325 805 2374 835 Io-

1303 855 1318 870 »
1341 852 1422 873 anne
1441 843 1589 874 Launoio
1614 844 1716 874 dicere
1735 855 1919 884 possumus,
1944 847 2034 886 quod
2053 847 2091 877 de
2107 847 2170 878 alio
2193 848 2309 888 vulgus
2329 848 2373 879 ef-

1302 899 1318 914 »
1341 886 1439 918 fatur:
1464 887 1540 918 Solo
1556 897 1622 928 pro
1638 893 1763 928 puncto
1782 889 1895 920 cecidit
1912 891 2080 921 Martinus
2098 892 2208 922 asello.
2221 904 2236 919 »

1366 931 1574 971 Diligentiore
1589 932 1728 963 adhibita
1744 932 1824 972 crisi,
1842 933 2005 964 Echardus
2019 944 2088 964 rem
2102 935 2183 966 hanc
2197 942 2373 976 pertractat.

1300 975 1455 1007 Codicem
1478 976 1708 1015 Tellerianum,
1732 977 1832 1008 modo
1853 978 2002 1018 Regium,
2026 988 2093 1019 quo
2113 979 2278 1010 Launoius
2297 990 2375 1010 usus

1300 1026 1356 1058 est,
1379 1019 1459 1051 vidit
1481 1020 1549 1061 ipse
1577 1020 1783 1062 lustravitque
1807 1022 2056 1053 accuratissime:
2085 1029 2238 1064 notatque
2265 1023 2375 1054 lauda-

1299 1071 1370 1095 tum
1393 1064 1521 1105 Rogerii
1550 1075 1732 1096 samonem
1762 1066 1810 1097 bis
1836 1066 1870 1096 in
1899 1067 2015 1097 eodem
2039 1066 2147 1098 codice
2170 1067 2308 1108 reperiri.
2339 1068 2375 1098 ln

1300 1115 1437 1149 utroque
1461 1119 1497 1139 ea
1520 1109 1662 1150 primum
1677 1109 1834 1141 habentur
1847 1111 1959 1141 verba:
1984 1111 2120 1152 Scripsit
2138 1113 2223 1142 enim
2240 1117 2305 1143 tam
2321 1121 2374 1143 su-

1294 1163 1359 1194 per
1373 1153 1566 1192 Sententias,
1582 1164 1678 1194 quam
1693 1154 1778 1185 alias
1791 1156 2004 1195 quaestiones,
2021 1156 2181 1187 sexdecim
2197 1156 2372 1188 volumina.

1300 1197 1362 1228 Hic
1386 1197 1533 1228 definitus
1551 1198 1758 1229 voluminum
1780 1209 1934 1230 numerus
1957 1210 2016 1240 pro
2037 1199 2103 1231 face
2122 1200 2286 1231 habendus
2310 1207 2374 1240 est,

1300 1251 1364 1283 qua
1378 1242 1551 1273 verborum
1566 1243 1779 1284 sequentium,
1799 1243 1825 1273 si
1844 1243 1922 1284 quid
1941 1243 2016 1275 insit
2031 1244 2241 1284 obscuritatis,
2266 1245 2374 1285 explo-

1300 1286 1360 1317 rari
1377 1296 1488 1317 sensus
1502 1293 1573 1318 tuto
1588 1287 1699 1318 valeat.
1724 1287 1832 1318 Priore
1853 1287 1886 1318 in
1901 1298 2048 1319 sermone
2064 1289 2159 1320 verba
2178 1295 2373 1330 sequuntur:

1304 1330 1455 1368 Quatuor
1476 1332 1596 1372 scripta
1619 1341 1718 1372 super
1740 1332 1931 1364 Sententias,
1965 1332 2116 1370 Quatuor
2138 1333 2237 1364 libros
2260 1338 2374 1364 contra

1303 1375 1445 1406 Gentiles
1451 1382 1465 1413 ;
1487 1375 1543 1406 sed
1565 1375 1598 1406 in
1622 1376 1736 1406 altero:
1761 1382 1902 1417 quatuor
1919 1378 2040 1418 scripta
2063 1387 2163 1418 super
2178 1378 2371 1409 Sententias.

1304 1419 1455 1456 Quatuor
1473 1421 1505 1450 in
1525 1419 1669 1451 Summa.
1701 1420 1824 1451 Contra
1853 1421 1995 1452 Gentiles
2000 1429 2015 1459 ;
2037 1432 2112 1453 cum
2131 1428 2252 1462 puncto
2271 1421 2375 1463 prima

1301 1463 1368 1494 sine
1383 1463 1482 1494 dubio
1496 1474 1595 1494 manu
1610 1464 1768 1505 apposito.
1785 1464 1909 1506 Collige
1924 1465 2025 1506 plura:
2051 1477 2077 1497 1.
2093 1466 2267 1497 Memoriae
2282 1466 2375 1508 lapsu

1301 1507 1471 1539 Oudinum
1493 1507 1599 1538 testari
1627 1518 1660 1538 se
1683 1508 1795 1548 legisse
1823 1509 1857 1540 in
1886 1510 2012 1541 codice:
2045 1510 2196 1548 Quatuor
2219 1511 2318 1542 libros
2340 1511 2374 1542 in

1301 1552 1446 1582 Summa.
1478 1551 1601 1583 Contra
1618 1552 1770 1583 Gentiles:
1798 1563 1827 1584 2.
1844 1553 1892 1584 Ex
1915 1560 2049 1596 utraque
2073 1555 2190 1586 codicis
2207 1555 2374 1597 utn'usque

1301 1596 1437 1627 lectione
1460 1596 1586 1627 tertiam
1609 1595 1762 1627 conflasse
1782 1597 1983 1628 Launoium:
2009 1598 2136 1638 scilicet,
2163 1599 2314 1636 Quatuor
2336 1599 2375 1630 li-

1301 1641 1376 1672 bros
1394 1641 1427 1671 in
1447 1640 1580 1671 Summa
1597 1646 1710 1672 contra
1728 1641 1880 1672 Gentiles:
1908 1643 1936 1673 3.
1953 1642 2061 1672 Primo
2080 1642 2114 1673 in
2130 1653 2277 1674 sermone
2293 1643 2375 1674 desi-

1302 1685 1402 1716 derari
1426 1682 1467 1716 τό
1497 1686 1530 1715 in
1554 1685 1707 1716 Summa.-
1736 1685 1770 1715 in
1794 1685 1892 1716 altero
1916 1685 2060 1717 eiusdem
2090 1687 2246 1718 sermonis
2269 1697 2375 1718 exem-

1301 1729 1356 1770 plo
1380 1739 1439 1760 ms.
1463 1727 1504 1761 τὰ
1528 1729 1655 1760 Libros:
1676 1739 1708 1769 4.
1726 1730 1821 1761 Facta
1843 1740 1940 1771 porro
1965 1730 2131 1772 utriusque
2154 1741 2213 1762 ms.
2239 1731 2376 1773 exempli

1302 1773 1492 1813 collatione,
1518 1773 1719 1815 maximeque
1742 1784 1878 1805 numero
1906 1775 2066 1806 sexdecim
2101 1785 2168 1806 non
2198 1775 2374 1815 librorum,

1302 1818 1357 1849 sed
1379 1818 1576 1849 voluminum
1600 1817 1755 1859 inspecto,
1779 1818 1823 1849 ita
1844 1829 1917 1849 vere
1946 1819 2105 1859 scripsisse
2129 1820 2315 1860 Rogerium,
2339 1826 2377 1852 ut

1302 1874 1326 1894 s.
1344 1862 1489 1893 Thomas
1513 1862 1644 1893 ediderit
1666 1867 1807 1904 quatuor
1828 1864 1948 1904 scripta
1973 1861 2049 1906 (seu
2068 1863 2254 1915 volumina)
2277 1874 2376 1906 super

1301 1907 1504 1938 Sententias:
1533 1907 1674 1948 itemque
1702 1912 1842 1948 quatuor
1870 1908 1990 1948 scripta
2021 1905 2096 1950 (seu
2125 1907 2310 1952 volumina)
2341 1910 2374 1940 in

1301 1952 1452 1982 Summa:
1475 1961 1511 1982 ac
1533 1961 1661 1982 rursum
1681 1951 1834 1982 volumen
1859 1961 1963 1982 unum
1985 1958 2098 1983 contra
2119 1952 2282 1984 Gentiles:
2303 1953 2375 1994 qui-

1301 1997 1360 2027 bus
1384 1996 1517 2026 demum
1540 1995 1565 2026 si
1589 1995 1685 2026 addas
1709 2005 1820 2027 novem
1849 1995 1910 2026 alia
1933 1996 2159 2037 quaestionum
2183 1997 2375 2038 theologica-

1301 2050 1374 2071 rum
1389 2039 1566 2078 volumina,
1586 2040 1746 2071 sexdecim
1763 2040 1818 2071 illa
1833 2040 1997 2072 volumina
2013 2041 2184 2082 prodeunt,
2204 2051 2286 2083 quae
2302 2047 2375 2073 ante

1302 2084 1411 2115 omnia
1429 2091 1649 2115 numeraverat
1667 2084 1833 2124 Rogerius.

1369 2129 1406 2159 11.
1431 2129 1587 2160 Nondum
1609 2138 1685 2159 vero
1709 2139 1768 2169 pro
1786 2129 1915 2160 veritate
1939 2130 2024 2168 satis,
2048 2139 2147 2170 quam
2164 2129 2375 2161 vindicamus.

1301 2173 1399 2204 Bonis
1423 2173 1534 2214 utique
1564 2172 1675 2204 avibus
1713 2174 1828 2204 eodem
1859 2173 1892 2204 in
1923 2174 2032 2205 codice
2060 2183 2244 2204 sermonem
2276 2174 2377 2206 alium

1301 2224 1412 2249 nactus
1431 2224 1478 2248 est
1495 2217 1670 2255 Echardus,
1695 2218 1733 2248 ab
1752 2217 1824 2258 ipso
1841 2218 1980 2258 Rogerio
1996 2217 2142 2249 habitum
2158 2217 2192 2248 in
2210 2218 2377 2250 Parisiensi

1302 2262 1434 2293 fratrum
1452 2261 1709 2293 Praedicatorum
1732 2262 1854 2303 templo
1875 2263 1934 2293 sub
1953 2262 2193 2303 nuncupatione
2216 2273 2241 2294 s.
2258 2262 2376 2303 Iacobi,

1301 2306 1334 2337 in
1357 2306 1463 2347 primo
1487 2306 1550 2336 divi
1569 2305 1717 2337 Thomae
1741 2313 1814 2347 post
1837 2317 1957 2338 sacram
1977 2306 2179 2348 apotheosim
2202 2306 2295 2346 festo,
2319 2316 2376 2338 an-

1301 2360 1345 2381 no
1370 2351 1451 2381 1323
1476 2350 1559 2392 stylo
1582 2350 1678 2381 veteri
1709 2360 1765 2381 seu
1794 2352 1878 2391 1324
1901 2351 1984 2393 stylo
2008 2361 2112 2390 novo,
2141 2350 2192 2382 die
2215 2362 2235 2393 7
2260 2350 2375 2391 martii,

1302 2405 1410 2427 coram
1425 2395 1594 2426 doctorum
1609 2395 1833 2426 Parisiensium
1848 2402 1952 2427 coetu.
1968 2395 2094 2427 Thema
2107 2401 2169 2426 est:
2189 2395 2275 2427 Ecce
2283 2396 2376 2437 plus-

1301 2449 1398 2481 quam
1422 2439 1575 2470 Salomon
1599 2440 1651 2470 hic
1674 2446 1732 2470 etc.
1762 2439 1882 2471 Mirum
1913 2447 1960 2472 est
1987 2439 2143 2478 Launoii,
2172 2439 2229 2481 qui
2256 2439 2376 2481 ipsissi-

1302 2494 1394 2514 mum
1417 2493 1516 2514 manu
1540 2493 1598 2514 sua
1619 2483 1754 2515 versavit
1777 2484 1939 2523 codicem,
1964 2484 2077 2515 oculos
2101 2483 2218 2524 fugisse
2241 2484 2377 2516 alterum

1301 2529 1400 2559 istum
1419 2535 1615 2559 sermonem:
1641 2534 1695 2559 aut
1714 2529 1752 2559 ab
1771 2528 1842 2569 ipso
1859 2529 1989 2570 insuper
2011 2528 2157 2559 habitum
2180 2529 2376 2569 neglectum-

1302 2582 1375 2614 que.
1387 2572 1519 2603 Texitur
1540 2572 1573 2602 in
1592 2572 1708 2603 eodem
1726 2572 1828 2603 brevis
1848 2573 1993 2614 Operum
2010 2583 2035 2604 s.
2045 2572 2194 2603 Thomae
2213 2573 2375 2612 elenchus,

1302 2617 1351 2648 his
1369 2617 1487 2647 verbis:
1511 2629 1526 2644 ε
1540 2617 1575 2646 In
1593 2615 1766 2656 theologia,
1781 2623 1921 2658 quatuor
1935 2617 2049 2658 scripta
2062 2626 2162 2657 super
2175 2617 2377 2655 Sententias,·

1306 2674 1320 2689 »
1343 2667 1427 2701 post,
1443 2666 1509 2691 tres
1523 2660 1688 2699 Summas,
1705 2670 1844 2701 quarum
1867 2662 2032 2692 scientiam
2059 2658 2146 2703 (lege
2172 2658 2374 2703 Secundam)

1306 2718 1320 2733 »
1343 2709 1528 2735 tractantem
1552 2704 1590 2734 de
1613 2704 1792 2743 virtutibus,
1817 2705 1850 2735 in
1878 2705 1962 2735 duas
1981 2704 2100 2743 divisit,
2125 2703 2189 2735 fere
2208 2705 2376 2746 loquentes

1305 2761 1320 2776 ιι
1343 2749 1382 2778 de
1400 2748 1490 2779 omni
1509 2748 1639 2778 materia
1662 2748 1877 2787 subtilissime,
1901 2748 2100 2789 composuit:
2125 2754 2237 2788 postea
2254 2749 2306 2780 De
2325 2758 2375 2780 νε-

1306 2806 1320 2820 »
1343 2793 1440 2823 ritate
1457 2797 1489 2823 et
1501 2792 1647 2832 potentia
1665 2793 1746 2823 Dei:
1767 2793 1819 2823 De
1828 2792 1934 2823 malo:
1952 2797 2066 2823 contra
2083 2791 2242 2824 Gentiles:
2267 2793 2376 2830 Quae-

1306 2850 1320 2865 »
1343 2837 1438 2867 libeta
1461 2836 1558 2867 etiam
1580 2836 1808 2867 determinavit.
1821 2849 1837 2864 ιι
1865 2836 1940 2874 Quo
1964 2836 2222 2877 splendidissimo
2245 2837 2278 2868 in
2300 2837 2375 2868 loco

1303 2881 1535 2919 animadverte,
1559 2879 1653 2921 Opus
1676 2886 1789 2911 contra
1815 2880 1976 2919 Gentiles,
2009 2881 2099 2922 quod
2122 2880 2218 2912 etiam
2241 2881 2376 2924 Summa

1302 2925 1453 2966 appellari
1476 2925 1567 2963 solet,
1590 2924 1686 2965 longe
1708 2925 1868 2956 diversum
1891 2924 2115 2966 repraesentari
2134 2925 2173 2956 ab
2191 2925 2253 2956 inis
2271 2925 2375 2957 tribus

1302 2969 1499 3010 Theologiae
1509 2969 1660 3006 Summis,
1672 2979 1810 3010 quarum
1825 2969 1889 3008 illa,
1913 2979 1995 3010 quae
2011 2969 2051 3000 de
2067 2969 2237 3001 virtutibus
2252 2975 2373 3010 tractat,

1302 3023 1418 3054 nempe
1441 3013 1601 3051 Secunda,
1626 3013 1776 3044 dividitur
1799 3015 1831 3044 in
1855 3014 1949 3045 duas.
1972 3013 2098 3045 Coecus
2122 3020 2207 3053 esto,
2231 3014 2287 3056 qui
2306 3023 2374 3045 non

1301 3059 1405 3089 videat
1438 3064 1469 3089 et
1491 3064 1641 3098 agnoscat
1672 3057 1874 3089 disertissime
1904 3058 2090 3089 recensitam
2117 3058 2198 3089 inter
2222 3067 2373 3099 germana

1301 3103 1449 3134 Thomae
1465 3101 1571 3143 Opera
1581 3102 1745 3133 Summam
1756 3102 1999 3143 Theologicam,
2019 3112 2055 3134 ac
2069 3103 2148 3134 Tres
2157 3102 2272 3143 Operis
2287 3112 2375 3143 prae-

1302 3146 1485 3178 stantissimi
1502 3151 1628 3187 partes,
1647 3156 1693 3177 ac
1716 3146 1896 3178 Secundam
1921 3153 2044 3187 partem
2068 3147 2200 3178 demum
2223 3148 2255 3178 in
2279 3147 2374 3178 Duas

1303 3191 1511 3222 distributam.
1537 3190 1621 3222 Hinc
1644 3200 1738 3222 voces
1761 3190 1830 3221 illas
1858 3190 1891 3221 in
1915 3190 2059 3222 eiusdem
2090 3191 2245 3222 sermonis
2269 3196 2373 3230 textu,

1302 3245 1441 3277 quarum
1455 3235 1638 3273 scientiam,
1658 3235 1774 3265 librarii
1790 3245 1887 3266 manu
1903 3241 2078 3276 corruptas,
2095 3236 2230 3266 emenda
2251 3245 2288 3266 ac
2305 3233 2375 3275 lege

1302 3289 1440 3322 quarum
1465 3279 1645 3310 Secundam
1670 3277 1858 3322 (Summam
1881 3289 1936 3310 seu
1960 3286 2083 3320 partem
2107 3277 2278 3322 Summae)
2308 3283 2374 3309 tra-

1303 3329 1441 3356 ctantem
1460 3323 1500 3355 de
1519 3323 1690 3355 virtutibus
1708 3330 1766 3355 etc.
1790 3326 1841 3355 An
1858 3333 1932 3364 ergo
1951 3324 2062 3355 Petrus
2078 3323 2244 3364 Rogerius,
2263 3328 2374 3364 postea

1303 3369 1453 3400 Clemens
1468 3367 1523 3407 VI,
1548 3368 1764 3399 elucubratam
1783 3378 1801 3399 a
1819 3368 1894 3399 divo
1918 3367 2047 3399 Thoma
2056 3368 2222 3399 Summam
2231 3366 2373 3398 Theolo-

1303 3413 1406 3454 gicam
1422 3412 1547 3444 silentio
1563 3410 1776 3454 praeterierit?
1795 3413 1864 3443 Imo
1881 3412 2084 3453 amplissimis
2100 3418 2237 3453 utroque
2261 3410 2295 3442 in
2310 3420 2372 3441 ser-

1304 3467 1401 3488 mone
1423 3457 1525 3488 verbis
1549 3463 1706 3488 memorat
1729 3462 1816 3496 eam,
1840 3466 1876 3488 ac
1893 3461 2008 3498 partes
2030 3455 2209 3496 distinguit,
2232 3454 2373 3496 itemque

1304 3501 1484 3533 Secundam
1507 3507 1637 3543 partem
1661 3501 1694 3531 in
1709 3501 1803 3532 Duas
1826 3500 2026 3532 distributam
2048 3506 2149 3531 notat.
2181 3498 2255 3536 Qua
2278 3498 2317 3528 de
2340 3508 2372 3529 re

1304 3546 1330 3577 si
1353 3545 1425 3587 quis
1443 3546 1655 3587 imposterum
1678 3545 1827 3586 ambigat,
1851 3554 1910 3576 nae
1933 3554 1966 3576 se
1989 3543 2198 3576 deridendum
2221 3541 2372 3573 omnibus

185 3588 308 3620 adesse:
333 3589 398 3620 iarn
416 3600 567 3622 numerus
586 3590 692 3630 prodit
709 3590 869 3622 sexdecim
895 3591 1113 3623 voluminum:
1135 3602 1251 3633 nempe
1305 3597 1336 3621 et
1359 3590 1550 3621 sibilandum
1574 3589 1669 3621 dabit.
