2548 4192
225 288 295 313 CLII

227 361 412 395 cuperasset
434 354 687 398 Antiochenum)
712 356 912 396 excogitasse
936 360 971 385 ut
989 356 1021 384 in
1045 354 1185 393 singulis
1203 352 1296 382 colle-

227 401 285 430 ctis
307 399 495 440 Symbolum
519 401 688 431 diceretur.
714 400 812 437 Quod
831 400 1007 429 Nicaenum
1032 397 1126 427 fuisse
1146 396 1222 426 haec
1237 396 1297 426 alia

227 443 295 474 eius
317 445 411 474 verba
430 444 594 475 evincunt:
620 445 801 474 Timotheus
815 442 1008 486 (Episcopus
1024 440 1295 480 Constantinopo-

225 486 355 530 liranus)
379 488 566 528 Symbolum
580 488 665 529 fidei
688 493 901 518 trecentorum
919 491 950 516 et
965 485 1135 516 octodecim
1159 485 1294 515 Patrum

227 533 260 562 in
283 533 424 573 singulis
451 533 590 563 collectis
623 533 754 562 recitari
774 532 958 570 praecepit,
983 531 1015 569 in
1039 530 1147 559 odium
1175 529 1296 559 scilicet

226 576 419 613 Macedonii‚
444 578 537 616 quasi
560 577 613 609 ille
632 585 694 605 non
714 576 889 615 susciperet
903 574 935 604 id
953 574 1151 614 Symbolum.
1178 573 1294 603 Secun-

227 620 301 650 dam
325 620 486 659 Cnaphaei
509 619 719 659 irruptionem
741 619 774 648 in
798 619 905 649 sedem
924 618 1158 648 Antiochenam
1182 617 1221 647 ad
1241 628 1294 648 an-

226 674 306 694 num
329 665 392 704 476
410 664 562 703 pertinere
586 663 701 693 docent
715 663 896 702 Lequienus
911 663 943 692 in
963 662 1093 693 Oriente
1113 662 1293 700 christiano,

226 707 470 738 Continuatores
487 707 631 738 Bollandi
651 713 741 736 tomo
758 707 799 737 lV
819 707 897 746 iulii,
911 706 1072 738 Antonius
1086 706 1211 746 Pagius.
1228 707 1294 737 Ma-

227 751 360 782 cedonio
379 751 474 781 huius
495 750 634 781 nominis
654 751 794 781 secundo
814 762 899 782 anno
918 753 974 782 511
995 751 1027 781 in
1043 751 1171 781 exilium
1187 751 1293 791 pulso,

224 794 450 835 Monophysita
469 795 660 825 Timotheus
683 794 831 827 suffectus
855 803 902 827 est
924 796 956 827 in
981 797 1088 827 sedem
1112 795 1294 827 Constanti-

224 839 444 878 nopolitanam
475 839 614 880 rexitque
638 839 811 871 Ecclesiam
844 841 932 871 illam
955 847 1077 881 septem
1101 850 1212 871 annos·
1245 841 1293 871 ln-

223 882 301 912 vecti
325 883 399 913 novi
424 884 500 914 ritus
524 890 635 914 auctor
658 884 718 915 fuit
740 884 773 914 in
796 886 996 916 Antiochena
1019 885 1158 916 Ecclesia
1183 886 1294 916 Petrus

223 927 316 957 Fullo
341 937 396 958 seu
421 928 631 968 Cnaphaeus:
656 929 828 971 ipsumque
851 930 966 961 imitari
989 930 1022 960 in
1041 930 1182 960 Ecclesia
1206 930 1293 961 Con-

222 971 473 1012 stantinopoleos
497 972 672 1004 Timotheo
696 974 824 1014 placuit.

289 1016 391 1047 Verba
414 1017 478 1055 illa,
503 1018 535 1047 in
560 1017 667 1048 odium
682 1020 803 1050 scilicet
816 1020 1012 1057 Macedonii,
1038 1019 1216 1059 expendens
1230 1020 1292 1050 Na-

221 1061 290 1092 talis
313 1062 499 1100 Alexander,
519 1062 578 1092 sibi
603 1062 749 1103 colligere
772 1064 907 1103 videtur,
932 1064 981 1104 agi
1005 1074 1044 1094 eo
1059 1063 1132 1094 loco
1148 1064 1187 1094 de
1202 1064 1292 1105 Sym-

221 1106 298 1136 bolo
323 1106 692 1147 Constantinopolitano,
707 1109 832 1139 tametsi
847 1109 968 1140 dicatur
981 1108 1060 1142 illud
1076 1113 1291 1140 trecentorum

221 1157 252 1182 et
274 1151 444 1182 octodecim
468 1152 623 1182 Patrum:
645 1153 871 1184 Macedonium
887 1154 1003 1184 scilicet
1021 1152 1207 1192 intelligens,
1224 1153 1292 1194 Spi-

220 1196 297 1226 ritus
322 1195 419 1226 sancti
444 1195 613 1226 divinitatis
637 1196 773 1235 hostem,
797 1197 830 1228 in
845 1198 978 1239 Synodo
998 1197 1292 1238 Constantinopoli-

220 1247 293 1271 tana
317 1240 532 1271 Oecumenica
550 1241 576 1270 ΙΙ
601 1241 797 1273 damnatum.
824 1243 869 1273 Ita
891 1243 943 1273 ille
967 1242 1092 1273 saeculo
1109 1242 1162 1278 lv,
1183 1242 1292 1273 disser-

220 1284 339 1315 tatione
354 1294 467 1323 xxxvn,
488 1291 543 1315 art.
560 1296 570 1314 1
589 1285 621 1315 in
641 1285 713 1316 fine.
734 1286 867 1317 Fallitur
880 1287 928 1317 vir
946 1287 1069 1318 doctus.
1085 1287 1292 1318 Macedonius

221 1336 277 1366 est,
293 1339 359 1359 non
381 1329 514 1369 primus,
531 1329 664 1370 Spiritus
680 1331 777 1362 sancti
793 1331 910 1370 hostis,
930 1332 985 1362 sed
999 1331 1095 1362 huius
1110 1331 1249 1362 nominis
1265 1333 1291 1362 ΙΙ

219 1373 422 1403 immediatus
444 1373 544 1413 ipsius
567 1374 732 1405 Timothei
754 1382 942 1413 antecessor,
967 1375 1139 1406 catholicae
1162 1374 1235 1406 fidei
1259 1377 1292 1407 in

220 1418 352 1458 Synodo
372 1417 624 1449 Calchedonensi
644 1419 833 1450 constitutae
851 1420 1049 1460 professione
1065 1420 1176 1450 clarus.
1201 1421 1293 1452 Hanc

220 1463 262 1493 ob
287 1472 416 1493 causam
439 1463 477 1494 ab
501 1463 668 1494 Anastasio
694 1464 884 1504 Imperatore
908 1464 940 1494 in
964 1465 1094 1495 exilium
1118 1474 1203 1495 anno
1230 1466 1286 1496 511

220 1507 326 1547 pulso,
342 1507 409 1547 ipse
424 1507 616 1538 Timotheus
638 1508 813 1539 haereticus
837 1516 867 1539 et
886 1509 1007 1550 Synodi
1023 1508 1292 1540 Calchedonensis

220 1551 426 1591 impugnator
440 1551 587 1582 suffectus
606 1552 674 1583 fuit.
699 1553 793 1583 Plura
808 1553 964 1593 pessimus
979 1553 1080 1584 homo
1095 1553 1169 1593 egit,
1185 1554 1291 1585 Theo-

222 1596 302 1626 doro
319 1597 450 1626 Lectore
469 1602 556 1634 teste,
574 1603 683 1627 contra
705 1597 812 1637 ipsum
827 1598 1070 1629 Macedonium:
1086 1609 1122 1629 ac
1138 1598 1219 1628 inter
1233 1599 1293 1630 alia

220 1640 407 1681 Symbolum
422 1640 507 1681 fidei
530 1646 745 1672 trecentorum
770 1647 800 1673 et
822 1643 994 1674 octodecim
1009 1644 1143 1674 Patrum
1167 1641 1291 1685 (Nicae-

220 1683 314 1727 num)
339 1685 371 1714 in
395 1685 535 1726 singulis
558 1686 697 1717 collectis
720 1688 854 1717 recitari
862 1689 1039 1728 praecepit,
1058 1689 1090 1718 in
1108 1689 1215 1719 odium
1232 1690 1291 1719 sci·

220 1730 293 1760 licet
316 1729 501 1759 Macedonii
524 1727 760 1774 (praecessoris)
784 1733 878 1772 quasi
901 1732 956 1763 ille
979 1742 1043 1763 non
1067 1735 1243 1772 susciperet
1259 1734 1293 1764 id

218 1773 405 1814 Symbolum
429 1772 559 1816 (nempe
583 1774 785 1818 Nicaenum).

286 1818 322 1848 ΙΙ.
347 1818 434 1848 Ritui
458 1829 566 1858 porro,
591 1829 689 1860 quem
713 1830 812 1860 pravo
831 1821 966 1852 consilio
981 1821 1162 1853 invexerant
1184 1821 1290 1853 haere-

218 1862 270 1894 tici
285 1862 542 1904 Monophysitae,
557 1863 654 1894 ritum
669 1873 892 1905 opposuerunt
910 1866 1091 1904 orthodoxi,
1102 1877 1169 1908 quo
1185 1867 1290 1906 palam

219 1917 390 1947 coramque
413 1907 446 1937 in
470 1917 556 1938 sacra
583 1908 710 1949 liturgia
739 1916 856 1940 rectam
880 1917 911 1941 et
934 1911 1123 1942 catholicam
1147 1912 1290 1943 Incarna-

217 1952 312 1982 tionis
336 1951 523 1983 Dominicae
546 1951 644 1983 fidem
666 1953 904 1993 profiterentur,
929 1955 1084 1996 Symbolo
1108 1955 1290 1988 Constanti-

218 1996 418 2036 nopolitanO,
439 1997 527 2037 quod
551 1997 731 2028 reiiciebant
745 1998 801 2037 illi,
817 1999 969 2031 adhibito.
989 2001 1117 2031 Praesto
1133 2008 1178 2032 est
1193 2002 1289 2033 eccle-

217 2040 379 2071 siasticum
398 2048 658 2079 monumentum,
675 2043 764 2083 quod
778 2044 818 2073 ad
837 2054 958 2075 annum
980 2045 1041 2075 518
1057 2045 1202 2086 pertinet,
1222 2057 1289 2088 quo

218 2085 354 2115 maxime
378 2092 511 2124 constat,
535 2086 599 2116 iam
623 2093 693 2117 tum
716 2087 748 2117 in
773 2098 834 2118 usu
854 2088 951 2119 fuisse
975 2090 1060 2130 apud
1080 2090 1288 2129 orthodoxos,

218 2136 253 2160 ut
275 2129 307 2159 in
332 2130 437 2160 divina
460 2130 585 2170 liturgia
608 2131 800 2172 Symbolum
823 2132 895 2163 fidei
920 2133 1074 2173 legeretur
1097 2141 1152 2165 aut
1175 2135 1287 2167 decan-

216 2180 341 2205 taretur.
375 2174 457 2204 Inter
480 2181 548 2205 acta
571 2175 692 2216 Synodi
717 2175 1101 2218 Constantinopolitanae,
1117 2189 1202 2210 anno
1224 2181 1286 2212 536

215 2218 274 2249 sub
298 2219 414 2249 Menna
438 2218 619 2257 celebratae,
643 2219 767 2251 libellus
791 2229 970 2253 recensetur
991 2223 1176 2264 inscriptus:
1201 2225 1286 2262 Quo—

214 2263 307 2293 modo
325 2263 535 2303 praedicatae
550 2262 620 2305 (seu
638 2264 871 2308 promulgatae)
890 2268 954 2298 sint
973 2267 1107 2308 Synodi.
1133 2269 1184 2299 Ad
1199 2269 1285 2301 aliud

213 2307 396 2338 Concilium
420 2314 540 2348 spectat
563 2307 845 2350 Constantinopoli
869 2321 954 2342 anno
977 2312 1038 2342 518
1063 2312 1218 2351 habitum,
1235 2315 1284 2346 Iu-

211 2351 295 2382 stino
319 2351 448 2382 Seniore
473 2352 629 2383 catholico
653 2361 802 2393 regnante
825 2362 899 2395 post
922 2357 1127 2388 Anastasium
1147 2358 1283 2400 Impera-

212 2403 315 2427 torem
348 2396 616 2427 Calchedonensis
641 2397 777 2429 Concilii
801 2398 938 2431 hostem.
964 2400 1041 2432 Eius
1065 2401 1192 2433 initium
1217 2411 1281 2436 est:

212 2440 352 2471 Introitu
364 2440 459 2480 facto
475 2441 650 2472 secundum
667 2443 928 2475 consuetudinem
946 2446 978 2476 in
997 2448 1201 2479 sanctissima
1215 2459 1282 2480 ma-

212 2495 281 2526 gna
305 2485 450 2516 Ecclesia
475 2491 601 2524 nostra,
626 2486 678 2518 die
700 2487 871 2519 Dominica
895 2489 933 2519 15
957 2493 1143 2530 praesentis
1165 2495 1283 2525 mensis

214 2530 295 2567 iulii,
321 2529 492 2566 indictione
514 2540 544 2560 xl
569 2540 589 2561 a
612 2530 966 2574 domino-sanctissimo
983 2536 1229 2578 Archiepiscopo
1252 2544 1283 2570 et

216 2573 429 2606 Oecumenico
451 2575 644 2606 Patriarcha
668 2576 794 2608 Ioanne
823 2584 880 2608 etc.
914 2580 1048 2610 Annum
1079 2580 1140 2611 518
1166 2581 1283 2614 indicat

212 2620 380 2652 undecima
403 2619 550 2650 indictio:
574 2630 641 2661 quo
666 2621 800 2652 Ioannes
819 2622 846 2652 ΙΙ
871 2630 1087 2662 cognomento
1106 2625 1282 2666 Cappadox

212 2665 262 2696 die
292 2675 328 2706 17
352 2664 469 2695 mensis
493 2664 598 2705 aprilis
621 2665 653 2695 in
677 2666 786 2697 sedem
809 2666 1199 2708 Constantinopolitanam
1226 2671 1282 2702 Ti-

211 2709 343 2741 motheo
366 2709 611 2750 Monophysitae
634 2717 812 2742 memorato
845 2711 993 2742 suffectus
1017 2712 1086 2744 fuit.
1112 2714 1281 2754 Insignitus

211 2764 314 2785 annus
337 2760 402 2784 erat
429 2753 530 2784 littera
563 2754 745 2785 dominicali
769 2755 810 2793 G,
834 2766 898 2796 qua
922 2763 1045 2788 constat
1077 2757 1280 2790 Dominicam

209 2798 354 2829 incidisse
378 2798 410 2828 in
435 2797 519 2828 diem
544 2799 579 2829 15
601 2799 718 2830 mensis
737 2799 815 2831 iulii.
840 2800 944 2840 Prope
963 2799 1060 2832 finem
1089 2802 1185 2833 libelli
1202 2803 1279 2835 haec

209 2843 364 2874 habentur
386 2843 480 2873 verba
503 2842 588 2874 iuxta
610 2843 790 2875 versionem
814 2845 852 2875 ab
873 2844 1012 2875 Henrico
1027 2846 1154 2877 Valesio
1173 2857 1280 2879 emen-

210 2887 315 2918 datam
338 2887 370 2918 in
394 2886 478 2917 notis
502 2887 738 2927 athvagrium
760 2888 842 2919 libro
866 2889 920 2926 lv,
936 2899 1004 2929 cap.
1020 2898 1067 2921 xr:
1091 2891 1135 2922 Et
1147 2897 1223 2932 post
1236 2892 1279 2924 le-

209 2933 342 2966 ctionem
358 2927 463 2962 sancti
478 2931 663 2973 Evangelii,
681 2942 752 2963 cum
770 2933 874 2963 Missa
889 2943 931 2964 ex
945 2943 1034 2965 more
1049 2935 1278 2974 celebraretur,

210 2981 240 3007 et
254 2977 373 3008 clausis
387 2977 504 3014 ianuis,
523 2981 554 3007 et
569 2986 664 3007 sacro
679 2977 832 3018 Symbolo
846 2977 924 3019 (τοῦ
943 2977 1040 3023 ἁγίου
1057 2976 1280 3023 μαθήματος)

210 3031 252 3051 ex
274 3030 363 3051 more
386 3021 519 3051 recitato
549 3019 666 3062 (κατ-οὶ
689 3019 730 3053 τὸ
754 3018 915 3064 σύνηθες)
942 3024 996 3054 ubi
1015 3030 1143 3055 ventum
1168 3031 1215 3056 est
1237 3026 1282 3057 ad

209 3065 372 3106 Dypticha
397 3071 454 3095 etc.
483 3065 652 3106 Perspicue
684 3073 770 3107 patet
793 3066 984 3108 Symbolum
1007 3067 1080 3101 fidei
1104 3069 1135 3100 in
1155 3069 1281 3110 liturgia

210 3109 274 3141 iam
298 3119 382 3140 anno
410 3109 470 3139 518
496 3119 537 3140 ex
556 3120 645 3141 more
660 3110 778 3142 lectum
793 3111 1022 3154 recitatumque
1037 3113 1076 3144 ab
1095 3113 1280 3146 orthodoxis

210 3153 315 3184 fuisse.

277 3200 320 3228 At
342 3197 421 3227 illud
445 3204 508 3228 erat
530 3197 722 3238 Symbolum
741 3199 1146 3242 Constantinopolitanum.
1166 3203 1281 3235 Extant

209 3242 283 3273 loco
307 3242 401 3272 citato
424 3241 574 3282 epistolae
599 3243 741 3274 eiusdem
765 3244 886 3286 Synodi
908 3244 1280 3288 Constantinopolitanae

208 3296 293 3317 anno
321 3285 382 3317 518
407 3286 577 3317 celebratae
601 3287 639 3317 ad
663 3287 771 3328 ipsum
794 3289 947 3320 loannem
966 3300 1125 3331 nuperum
1148 3291 1279 3323 Patn'ar-

208 3331 311 3369 cham,
336 3330 368 3361 in
392 3330 509 3371 quibus
533 3330 609 3362 haec
628 3331 800 3364 habentur:
831 3333 973 3365 Tertium
988 3336 1163 3376 capitulum
1179 3337 1212 3367 in
1221 3347 1278 3378 pe-

208 3376 318 3406 titione
340 3375 574 3414 continebatur,
599 3381 636 3407 ut
652 3386 716 3417 pro
736 3378 853 3408 maiori
870 3378 1114 3419 scripturarum
1129 3386 1278 3412 auctora-

208 3425 313 3450 mento
335 3424 447 3450 sancta
472 3424 502 3450 et
523 3427 646 3461 magna
661 3421 814 3462 synodus
827 3421 896 3453 318
911 3423 1044 3455 Parrum
1064 3431 1278 3467 congregato-

209 3473 280 3494 rum
305 3465 336 3494 in
362 3464 500 3502 Nicaea,
525 3466 581 3505 qui
602 3471 748 3497 sanctum
768 3466 956 3508 Symbolum
963 3469 1049 3510 fidei
1070 3469 1276 3511 definierunt,

209 3513 239 3537 et
262 3509 546 3540 exclamaverunt:
569 3509 609 3540 In
628 3520 691 3551 quo
717 3510 869 3552 baptizati
885 3521 997 3544 sumus
1020 3518 1051 3544 et
1069 3513 1278 3556 baptizamus:

210 3556 241 3581 et
258 3561 340 3591 quae
363 3554 394 3582 in
417 3552 695 3596 Constantinopoli
709 3555 768 3586 sub
786 3555 939 3588 Nectario
953 3563 1085 3589 sanctae
1103 3559 1278 3590 memoriae

210 3602 408 3637 congregata
424 3602 480 3634 est,
498 3602 528 3628 et
537 3599 741 3638 praedictum
760 3606 907 3632 sanctum
926 3601 1113 3643 Symbolum
1131 3601 1199 3634 318
1214 3603 1276 3634 Pa-

211 3643 295 3669 trum
320 3641 536 3681 confirmavit,
556 3649 725 3682 ponantur
747 3645 780 3675 in
803 3646 908 3677 sacris
929 3646 1101 3687 Dyptichis
1124 3653 1181 3678 etc.
1212 3647 1275 3679 Ubi

948 273 1408 311 DISSERTATIONES
1439 273 1688 310 CRITICAE

1354 351 1546 392 Symbolum
1577 351 1657 382 illud
1689 351 1784 390 fidei,
1813 353 1904 393 quod
1933 353 2072 384 Nicaena
2105 353 2254 395 Synodus
2288 354 2431 386 definivit

1354 394 1617 436 confirmavitque
1641 395 1792 436 Synodus
1808 396 2176 438 Constantinopolitana‚
2191 409 2258 429 non
2278 400 2365 430 aliud
2384 407 2431 431 est

1353 439 1411 469 nisi
1437 439 1834 480 Constantinopolitanum
1858 451 1913 472 seu
1932 442 2110 473 Nicaenum
2130 453 2205 473 cum
2234 444 2429 475 additamen-

1351 483 1401 513 tis.
1426 483 1516 513 Paria
1539 484 1689 523 leguntur
1711 485 1806 515 verba
1825 485 1944 516 ibidem
1969 486 2002 516 in
2032 487 2174 527 epistolis
2193 489 2430 519 monachorum

1352 534 1382 557 et
1406 528 1533 558 Ioannis
1557 528 1843 570 Hierosolymitani
1876 531 1916 560 ad
1945 531 2096 562 eumdem
2121 532 2275 563 loannem
2297 533 2429 564 Patriar-

1351 572 1455 602 cham.

1417 616 1548 647 Accedit
1563 617 1814 649 luculentissima
1839 618 2038 650 confirmatio
2063 630 2100 650 ex
2118 619 2281 652 Chronico
2296 622 2428 653 Abbatis

1350 660 1536 691 Biclarensis
1560 661 1724 702 Lusitani,
1749 663 1805 704 qui
1829 664 1956 694 saeculo
1981 671 2068 695 sexto
2097 664 2230 696 florebat
2253 665 2427 707 didicitque

1350 704 1467 735 litteras
1483 705 1775 748 Constantinopoli.
1793 707 1979 739 Chronicon
1993 708 2084 748 illud,
2100 709 2190 750 quod
2205 710 2244 740 ab
2260 720 2344 741 anno
2363 711 2425 741 566

1351 750 1534 789 perducitur
1556 750 1596 780 ad
1619 761 1742 782 annum
1769 753 1831 793 590
1854 753 1997 793 vulgavit
2015 753 2172 784 Henricus
2189 753 2348 786 canisius.
2364 756 2427 786 Lo-

1351 803 1406 824 cus
1430 801 1495 833 est,
1515 795 1641 826 luxatus
1673 796 1816 836 quidem,
1841 797 1896 827 sed
1926 798 1966 827 ab
1989 797 2129 828 Henrico
2154 798 2281 829 Valesio
2306 800 2346 829 ad
2369 809 2427 830 sua

1349 845 1495 878 tempora
1518 839 1680 878 redactus,
1704 840 1760 881 qui
1784 851 1852 871 rem
1875 840 2006 872 mirifice
2030 841 2206 873 confirmat.
2231 843 2356 884 Nempe
2384 844 2428 875 ait

1349 883 1554 914 Biclarensis:
1587 884 1809 915 Romanorum
1843 883 2124 928 (Imperatorum)
2158 887 2247 917 LIII
2280 887 2427 919 Iustinus

1349 927 1466 958 Iunior
1488 929 1585 959 annis
1604 929 1762 960 undecim.
1786 929 1851 967 Qui
1864 930 2011 960 Iustinus
2029 940 2116 960 anno
2128 932 2239 970 primo
2258 933 2355 973 regni
2372 934 2426 963 sui

1350 970 1449 1014 (anno
1474 972 1591 1004 Christi
1612 972 1696 1016 566)
1721 984 1776 1012 ea,
1796 984 1880 1015 quae
1909 979 2023 1005 contra
2054 974 2223 1015 Synodum
2250 975 2426 1007 Calchedo-

1350 1027 1478 1048 nensem
1492 1017 1638 1058 fuerant
1661 1024 1851 1056 commenta,
1875 1018 2058 1050 destruxit:
2075 1019 2329 1060 Symbolumque
2349 1030 2426 1051 san—

1349 1067 1473 1092 ctorum
1497 1063 1558 1093 150
1583 1063 1718 1094 Patrum
1750 1063 2028 1104 Constantinopoli
2047 1069 2322 1105 congregatorum
2343 1070 2374 1095 et
2392 1066 2424 1095 in

1349 1106 1482 1146 Synodo
1508 1107 1762 1138 Calchedonensi
1783 1108 1991 1139 laudabiliter
2009 1113 2183 1148 receptum,
2204 1109 2236 1138 in
2257 1110 2345 1139 omni
2363 1109 2425 1140 Ec-

1348 1151 1446 1181 clesia
1472 1151 1638 1182 Catholica
1662 1162 1683 1182 a
1700 1153 1823 1193 populo
1847 1152 2078 1183 concinendum
2104 1154 2293 1191 intromisit,
2312 1155 2425 1194 prius-

1347 1205 1444 1236 quam
1467 1196 1639 1227 Dominica
1667 1197 1796 1228 dicatur
1818 1198 1933 1228 oratio.
1963 1197 2055 1234 Quae
2084 1207 2200 1237 nempe
2225 1197 2347 1228 Iustino
2372 1198 2425 1229 Se-

1348 1239 1430 1270 niori
1454 1241 1659 1279 conveniunt,
1679 1241 1824 1283 factaque
1848 1241 1978 1272 fuerunt
2000 1252 2085 1272 anno
2113 1242 2174 1272 518
2200 1242 2351 1282 deceptus
2373 1242 2425 1273 Bi-

1348 1284 1495 1315 clarensis
1519 1285 1627 1316 tribuit
1651 1286 1772 1316 Iustino
1797 1286 1928 1325 Iuniori,
1945 1286 2121 1327 redigitque
2138 1287 2178 1316 ad
2201 1296 2324 1317 annum
2350 1288 2423 1318 566.

1348 1329 1394 1360 lta
1417 1329 1575 1360 Henricus
1606 1330 1750 1361 Valesius
1774 1330 1807 1361 in
1831 1331 1924 1361 Notis
1953 1331 1993 1361 ad
2023 1338 2119 1371 caput
2141 1341 2173 1361 1v
2195 1331 2268 1361 libri
2290 1331 2319 1362 V
2343 1332 2425 1362 Eva-

1347 1373 1415 1413 grii.
1434 1373 1510 1411 Quo
1525 1374 1599 1405 loco
1623 1374 1717 1406 refert
1735 1375 1803 1416 ipse
1819 1375 1984 1415 Evagrius‚
2001 1376 2040 1406 ab
2058 1376 2179 1406 Iustino
2196 1375 2324 1406 Iuniore
2340 1382 2425 1406 tran-

1347 1417 1499 1448 smissum
1522 1418 1619 1449 fuisse
1642 1429 1727 1450 anno
1752 1420 1857 1460 primo
1882 1419 2020 1460 Imperii,
2045 1420 2163 1451 Christi
2185 1421 2260 1459 566,
2284 1420 2425 1452 edictum

1347 1463 1391 1493 ad
1409 1472 1519 1493 omnes
1541 1465 1598 1503 qui
1620 1464 1736 1504 ubique
1757 1470 1835 1495 sunt
1858 1465 2081 1495 Christianos:
2094 1466 2148 1496 cui
2162 1474 2273 1496 omnes
2296 1465 2423 1506 quidem

1347 1516 1536 1537 consensum
1560 1517 1655 1538 suum
1679 1509 1975 1546 accommodarunt,
2001 1515 2121 1540 rectam
2146 1511 2179 1540 in
2204 1519 2242 1540 eo
2253 1510 2359 1550 fidem
2383 1519 2424 1541 ac

1346 1551 1526 1582 doctrinam
1545 1553 1792 1594 promulgatam
1817 1563 1886 1584 esse
1907 1554 2048 1584 dicentes
2055 1561 2069 1591 ;
2092 1555 2218 1585 nullum
2250 1559 2358 1585 tamen
2382 1564 2424 1585 ex

1347 1596 1496 1627 membris
1518 1596 1703 1634 Ecclesiae,
1727 1607 1812 1638 quae
1840 1598 1974 1628 discissa
1997 1597 2154 1639 fuerant,
2179 1598 2223 1629 ad
2246 1599 2422 1639 pristinam

1346 1641 1442 1671 rediit
1466 1642 1620 1672 unitatem
1626 1649 1639 1679 ;
1656 1647 1832 1682 propterea
1865 1642 1951 1682 quod
1980 1643 2110 1673 disertis
2138 1643 2243 1674 verbis
2275 1643 2424 1674 edixerat

1346 1685 1540 1726 Imperator,
1553 1691 1588 1716 ut
1592 1686 1718 1727 firmus
1731 1691 1828 1727 atque
1847 1687 1997 1718 immotus
2010 1687 2230 1718 Ecclesiarum
2245 1692 2350 1718 status
2364 1688 2423 1718 im-

1339 1735 1507 1770 posterum
1526 1736 1733 1768 servaretur,
1753 1732 1837 1762 sicut
1862 1736 1959 1762 antea
1985 1737 2135 1762 servatus
2150 1731 2281 1772 suerat.
2298 1731 2423 1772 Nempe

1346 1775 1419 1806 satis
1443 1775 1503 1806 fuit
1522 1775 1644 1806 Iustino
1661 1775 1780 1806 Iuniori
1805 1775 2019 1806 orthodoxam
2038 1776 2141 1807 edicto
2161 1786 2222 1807 suo
2239 1775 2423 1817 exposuisse

1345 1819 1461 1858 fidem;
1486 1819 1589 1861 deque
1608 1819 1810 1861 Eutychiano
1835 1827 1865 1851 et
1888 1820 2078 1851 Nestoriano
2103 1821 2258 1860 dogmate*
2281 1819 2423 1861 disputa-

1344 1864 1448 1895 tiones
1471 1864 1684 1905 imposterum
1707 1871 1846 1902 vetasse,
1870 1864 1914 1895 ita
1942 1871 1978 1895 ut
2005 1865 2180 1906 unicuique
2204 1865 2242 1896 de
2266 1865 2352 1896 hisce
2375 1875 2421 1896 re-

1345 1909 1404 1939 bus
1428 1919 1487 1949 pro
1511 1919 1571 1940 suo
1595 1909 1709 1940 sentire
1733 1909 1861 1940 arbitn‘o
1885 1909 1999 1940 liceret.
2020 1909 2076 1940 Ex
2100 1910 2160 1940 hoc
2184 1910 2293 1950 itaque
2319 1909 2422 1940 edicto

1344 1954 1511 1994 colligitur
1534 1951 1643 1996 (verba
1666 1960 1741 1984 sunt
1760 1952 1891 1996 Valesii)
1922 1954 2045 1984 nullam
2073 1954 2243 1985 utilitatem
2270 1963 2421 1985 consecu—

1344 2003 1409 2028 tam
1429 2008 1513 2036 esse,
1535 2003 1582 2035 ut,
1595 2003 1682 2029 recte
1705 1998 1815 2029 scribit
1842 1998 2021 2039 Euagrius.
2041 1999 2132 2029 Male
2158 1999 2262 2040 igitur
2279 1998 2422 2033 Ioannes

1342 2043 1543 2074 Biclarensis
1570 2043 1602 2073 in
1634 2042 1794 2074 Chronico
1822 2042 1948 2074 Iustino
1975 2042 2105 2074 Iuniori
2132 2053 2171 2074 ea
2195 2043 2317 2082 tribuit,
2337 2052 2422 2085 quae

1343 2087 1472 2118 Seniori
1499 2087 1625 2118 Iustino
1643 2089 1754 2128 potius
1777 2087 2015 2118 conveniebant.
2035 2087 2063 2118 Is
2087 2087 2148 2118 fuit
2171 2097 2258 2128 ergo,
2283 2087 2339 2128 qui
2362 2097 2419 2118 an-

1342 2142 1386 2163 no
1414 2131 1475 2162 518
1500 2138 1536 2163 ut
1559 2142 1595 2162 ea
1615 2131 1798 2170 destrueret,
1815 2141 1897 2172 quae
1921 2138 2031 2163 contra
2047 2131 2217 2173 Synodum
2241 2131 2419 2163 Calchedo-

1342 2186 1409 2207 sem
1424 2183 1549 2217 peracta
1564 2176 1698 2213 fuerant,
1715 2176 1907 2218 Symbolum
1921 2175 1995 2207 fidei
2010 2175 2419 2217 Constantinopolitanum,

1341 2222 1430 2262 quod
1454 2221 1523 2262 ipsa
1546 2220 1816 2252 Calchedonensis
1840 2221 1990 2262 Synodus
2019 2220 2217 2252 laudabiliter
2246 2227 2419 2262 acceperat,

1340 2266 1468 2307 quodve
1492 2265 1672 2296 reiiciebant
1695 2265 1898 2306 Eutychiani,
1923 2265 2157 2296 decantandum
2173 2265 2206 2296 in
2225 2275 2312 2296 sacra
2330 2265 2417 2297 litur-

1339 2310 1390 2350 gia
1414 2310 1573 2351 praecepit
1591 2311 1624 2341 in
1644 2311 1732 2341 omni
1749 2310 1896 2341 Ecclesia
1919 2310 2096 2348 Catholica,
2115 2320 2190 2341 cum
2209 2309 2335 2351 aliquae
2352 2309 2418 2341 iam

1338 2355 1418 2386 illud
1442 2355 1590 2386 adhibere
1605 2354 1794 2395 coepissent,
1810 2361 1982 2396 postquam
1998 2354 2110 2386 Petrus
2128 2354 2223 2386 Fullo
2247 2363 2333 2385 anno
2347 2355 2413 2396 476

1338 2399 1573 2430 concinendum
1597 2409 1692 2440 prava
1724 2406 1830 2430 mente
1862 2399 1981 2430 invexit
2007 2399 2200 2441 Symbolum
2223 2399 2412 2430 Nicaenum.

1338 2443 1585 2475 Concinendum
1607 2444 1688 2475 illud
1707 2453 1782 2474 vero
1802 2443 1904 2482 iussit,
1921 2444 1947 2474 si
1962 2443 2132 2475 Biclarensi
2152 2443 2321 2482 credimus,
2335 2447 2413 2475 ante

1341 2488 1528 2520 Orationem
1543 2489 1762 2531 Dominicam:
1770 2488 1860 2530 quod
1875 2488 1986 2530 utique
2009 2495 2120 2529 postea
2142 2488 2330 2529 praestitum
2352 2496 2413 2519 no·

1337 2533 1442 2565 vimus
1466 2533 1499 2564 in
1523 2532 1671 2564 Ecclesiis
1695 2533 1879 2574 Hispaniae,
1905 2543 1971 2564 non
1995 2533 2078 2564 alibi.

1405 2578 1482 2609 Sero
1506 2578 1539 2608 in
1563 2577 1736 2609 Occidente
1765 2577 1843 2609 ritus
1875 2578 1962 2608 idem
1992 2583 2146 2619 receptus.
2174 2577 2209 2608 In
2243 2576 2413 2608 collatione

1337 2622 1533 2663 baptismatis
1557 2623 1677 2654 tradere
1701 2622 1905 2664 Symbolum,
1921 2622 2011 2664 quod
2029 2622 2263 2663 Apostolorum
2287 2621 2412 2660 dicitur,

1337 2674 1539 2707 perrexerunt
1570 2666 1684 2697 latinae
1713 2666 1889 2697 Ecclesiae:
1914 2666 2086 2708 ipsumque
2112 2666 2305 2707 Symbolum
2324 2665 2412 2696 Con—

1337 2710 1657 2752 stantinopolitanum
1686 2717 1723 2742 ut
1745 2710 1870 2741 divinae
1892 2710 2036 2751 liturgiae
2060 2719 2132 2751 pars
2160 2716 2252 2748 esset,
2276 2709 2411 2750 Hispani

1335 2755 1441 2786 Patres
1464 2755 1497 2785 in
1521 2754 1669 2786 Concilio
1692 2754 1853 2785 Toletano
1873 2755 1932 2793 111,
1955 2754 2045 2796 quod
2068 2763 2153 2785 anno
2180 2754 2242 2795 589
2267 2754 2326 2784 sub
2349 2754 2411 2785 Re-

1336 2799 1448 2830 caredo
1472 2799 1558 2839 Rege
1581 2799 1730 2830 adversus
1754 2805 1948 2839 grassantem
1971 2795 2123 2829 Arianam
2138 2798 2336 2839 impietatem
2359 2807 2410 2830 ce·

1335 2843 1491 2874 lebratum
1510 2850 1567 2882 est,
1587 2843 1681 2884 primi
1701 2843 1907 2874 decreverunt
1925 2843 2026 2884 capite
2040 2850 2073 2874 11:
2090 2843 2133 2874 Ut
2142 2853 2207 2884 pro
2226 2844 2409 2874 reverentia

1334 2889 1556 2919 sanctissimae
1567 2887 1663 2930 fidei,
1679 2887 1869 2929 inquientes,
1887 2893 1918 2918 et
1926 2893 2064 2929 propter
2081 2887 2340 2919 corroborandas
2352 2887 2409 2919 Ιιο-

1335 2933 1456 2963 minum
1482 2932 1643 2963 invalidas
1661 2937 1792 2970 mentes,
1813 2932 1962 2963 consultu
1975 2933 2116 2973 piissimi
2134 2937 2165 2963 et
2182 2932 2410 2974 gloriosissimi

1335 2976 1457 3008 domini
1471 2978 1574 3008 nostri
1587 2976 1747 3008 Recaredi
1760 2977 1894 3018 Regis...
1904 2986 1970 3018 per
1987 2986 2097 3008 omnes
2115 2977 2279 3008 Ecclesias
2286 2976 2408 3018 Hispa-

1336 3021 1410 3051 niae
1429 3021 1480 3052 vel
1499 3021 1695 3059 Callaeciae,
1711 3021 1886 3052 secundum
1895 3021 2046 3063 formam
2066 3021 2282 3052 Orientalium
2298 3021 2408 3053 Eccle-

1334 3066 1470 3103 siarum,
1491 3066 1628 3097 Concilii
1653 3065 2011 3107 Constantinopolitani,
2021 3067 2081 3097 hoc
2104 3071 2151 3097 est
2165 3066 2225 3097 15⁰
2235 3065 2408 3108 Episcopo·

1336 3119 1420 3148 rum,
1432 3110 1619 3151 Symbolum
1624 3110 1710 3152 fidei
1724 3111 1892 3142 recitetur:
1914 3115 1950 3142 ut
1959 3111 2152 3152 priusquam
2171 3111 2344 3145 Dominica
2358 3109 2407 3142 cta·-

1335 3159 1430 3185 catur
1448 3155 1564 3193 oratio,
1585 3164 1660 3186 voce
1678 3155 1770 3186 clara
1784 3164 1804 3186 a
1815 3155 1937 3196 populo
1953 3155 2151 3187 decantetur.
2167 3155 2301 3186 Saeculo
2317 3162 2407 3186 nono

1335 3208 1407 3229 mos
1430 3198 1516 3230 idem
1539 3199 1663 3240 vigebat
1678 3199 1711 3230 in
1728 3199 1847 3231 Galliis.
1874 3198 2052 3231 Valafridus
2076 3199 2188 3231 Strabo
2211 3199 2245 3230 in
2267 3199 2349 3231 libro
2366 3198 2406 3229 de

1335 3243 1442 3274 Rebus
1457 3243 1671 3275 ecclesiasticis
1686 3243 1786 3284 capite
1796 3254 1859 3274 xxn
1873 3244 1930 3275 ait:
1946 3244 2042 3285 Apud
2053 3244 2166 3275 Gallos
2180 3249 2211 3275 et
2226 3243 2407 3275 Germanos

1328 3293 1403 3328 post
1421 3288 1626 3319 deiectionem
1641 3288 1759 3319 Felicis
1774 3289 1937 3327 haeretici,
1954 3288 2013 3320 sub
2030 3289 2264 3330 gloriosissimo
2285 3287 2406 3319 Car-⁰10

1334 3332 1535 3363 Francorum
1564 3333 1700 3364 Rectore
1722 3333 1869 3364 damnati
1891 3331 1991 3376 (anno
2016 3343 2079 3375 792
2105 3333 2138 3364 in
2161 3332 2294 3374 Synodo
2317 3330 2405 3363 Rati-

1333 3377 1484 3417 sponensi
1507 3383 1538 3408 et
1561 3387 1646 3408 anno
1670 3387 1736 3420 794
1754 3377 1787 3408 in
1811 3375 2078 3421 Francfordiensi)
2105 3378 2186 3409 idem
2211 3375 2399 3418 Symbolum

1332 3421 1431 3452 latius
1454 3427 1485 3452 et
1502 3422 1647 3453 crebrius
1670 3422 1702 3453 in
1722 3423 1900 3454 Missurum
1917 3423 2019 3463 coepit
2037 3421 2164 3464 Officiis
2183 3420 2306 3452 iterari.
2322 3419 2404 3450 Satis

1331 3464 1471 3497 indicant
1493 3465 1570 3497 haec
1593 3467 1687 3498 verba
1711 3464 1993 3509 (animadvertente
2012 3465 2186 3498 Edmundo
2209 3465 2350 3496 Martene
2365 3462 2402 3494 li-

1331 3509 1388 3540 bro
1413 3510 1425 3541 1
1447 3510 1485 3541 de
1515 3510 1653 3552 antiquis
1677 3510 1836 3542 Ecclesiae
1859 3510 1984 3542 Ritibus
2015 3510 2116 3552 capite
2138 3519 2171 3540 tv
2193 3514 2250 3540 art.
2274 3506 2314 3551 v)
2337 3507 2403 3559 iam

1331 3561 1421 3585 antea
1444 3554 1637 3596 Symbolum
1669 3555 1703 3586 in
1726 3555 1831 3586 Missis
1857 3555 2022 3587 recitatum
2046 3554 2161 3592 fuisse;
2185 3553 2240 3584 sed
2270 3561 2337 3582 non
2360 3558 2404 3583 ita

1329 3598 1422 3630 latius
1446 3606 1477 3630 et
1495 3599 1634 3630 crebrius
1665 3609 1701 3630 ac
1718 3606 1791 3640 post
1809 3600 1998 3641 damnatum
2022 3597 2170 3630 Felicem.
2189 3595 2324 3628 Saeculo
2348 3596 2401 3627 de-

1329 3652 1422 3674 mum
1453 3643 1625 3674 undecimo
1638 3666 1647 3682 ,
1672 3644 1823 3675 eumdem
1855 3644 1888 3674 in
1912 3642 2053 3674 Ecclesia
2082 3642 2248 3679 Romana,
2273 3639 2402 3672 Hem-ici
