2788 4204
2395 281 2464 322 133

286 364 330 405 i'n
364 363 502 417 primo
531 362 640 403 libro
675 361 841 402 omittit.
877 361 1085 402 Lectione
1119 362 1232 402 enim
1264 375 1418 411 xxxv1,
1454 369 1499 404 n⁰
1539 376 1604 412 12,
1628 370 1728 418 post
1758 364 1903 412 verba,
1928 377 2030 417 ergo
2051 363 2220 404 nullum
2250 365 2294 403 B
2321 367 2387 404 est
2403 366 2461 405 A.

287 425 351 472 Si,
393 424 637 467 transcurrit
668 422 724 464 ad
757 423 837 470 illa,
871 435 955 462 non
988 426 1100 463 esset
1127 423 1320 463 isosceles
1346 437 1481 477 neque
1512 425 1669 473 albuin,
1699 438 1810 480 quae
1843 431 1942 465 sunt
1974 439 2013 466 n.
2037 438 2066 477 9
2095 425 2287 466 lectionis
2316 438 2402 466 XLI.

412 487 469 540 H)
503 485 752 527 Parisiensis
800 495 977 537 14,722,
1011 484 1168 524 saeculi
1202 485 1312 525 XIII.
1346 486 1454 525 Foll.
1494 486 1696 538 233-254
1730 487 1918 527 continet
1959 486 2173 541 Scriptum
2212 500 2244 527 s.
2271 487 2466 528 Thomae

286 561 416 602 super
449 547 559 588 duos
592 546 726 588 libros
756 546 1050 587 Posteriorum
1082 545 1275 598 analytic.
1300 546 1554 588 Aristotelis.

411 609 445 663 I)
477 608 754 663 Erlangensis
790 607 878 649 530
903 606 1118 661 (Biblioth.
1142 607 1402 661 Universit.),
1427 609 1583 648 saeculi
1612 610 1726 650 XIV.
1757 610 1850 650 Fol.
1875 612 1902 650 3
1926 610 2070 664 incipit
2092 609 2303 663 expositio
2327 610 2470 664 Super

286 671 395 712 duos
426 670 557 712 libros
587 670 880 710 Posteriorum
907 669 976 724 fr.
1014 669 1227 716 Tliomae,·
1266 668 1420 708 desinit
1455 669 1525 709 101.
1557 672 1626 721 46.
1671 671 1979 712 Desiderantur
2016 671 2058 711 in
2098 677 2244 712 nostra
2276 671 2356 712 Ed.
2389 685 2466 711 va-

287 732 457 773 rietates
489 732 746 773 Lectionum
778 743 966 772 XL-xle
998 730 1122 785 primi
1155 730 1260 770 libri.

413 794 468 848 K)
491 793 728 848 Lipsiensis
759 795 874 845 1349
909 792 1123 847 (Biblioth.
1148 791 1408 845 Universit.),
1432 792 1588 831 saeculi
1611 793 1726 833 XIV.
1757 793 1958 834 Continet
1980 794 2202 847 sequentia
2224 793 2471 834 Aristotelis*

289 869 421 910 opera
443 855 558 909 (text.
582 855 730 909 latin.):
760 855 963 896 Priorum
988 854 1311 907 analyticorum,
1334 853 1635 900 Elenclzorurn
1670 854 1711 893 T
1702 855 1927 907 opicorum,
1952 856 2241 896 Posteriorum
2267 855 2465 908 analytic.

288 917 369 958 His
402 917 677 964 subnectitur,
711 917 796 957 soll.
828 918 1042 964 136-166‚
1079 915 1446 956 Commentarium
1479 928 1512 955 5.
1535 915 1743 955 Thomae.
2027 939 2031 943 -

412 979 465 1034 L)
489 979 804 1033 Amplonianus
829 978 1044 1032 (Biblioth.
1069 978 1147 1018 civ,
1178 977 1334 1030 Erfurt)
1369 978 1480 1028 309,
1513 976 1669 1016 saeculi
1698 977 1808 1016 XIII.
1840 977 2126 1018 Commentar.
2152 978 2392 1019 s.Thomae
2426 978 2468 1018 in

288 1042 535 1082 Posteriora
569 1041 785 1093 analytica
818 1040 998 1081 habetur
1019 1039 1103 1080 foll.
1131 1041 1234 1092 73-1
1251 1051 1315 1079 12.
1350 1038 1617 1092 Antiquitate
1641 1044 1682 1078 et
1703 1038 1918 1092 scriptoris
1942 1038 2157 1093 diligentia
2180 1040 2354 1080 caeteris
2377 1039 2468 1080 aliis

289 1103 429 1144 codex
461 1103 541 1143 iste
573 1102 692 1143 facile
726 1107 922 1156 praestat.
955 1101 1107 1142 Purior
1141 1114 1193 1141 ex
1227 1099 1386 1154 puriori
1419 1100 1536 1140 sonte
1569 1099 1738 1139 videtur
1771 1099 1989 1140 deductus.

414 1165 475 1218 M)
519 1163 835 1218 Amplonianus
870 1163 962 1217 (id.)
1004 1175 1105 1214 104,
1146 1175 1256 1203 saec.
1287 1162 1398 1202 XIII.
1439 1162 1727 1202 Commentar.
1776 1161 2022 1201 s.Thomae
2063 1162 2105 1202 in
2139 1162 2268 1203 libros
2306 1164 2467 1203 Poster.

289 1226 490 1278 analytic.
521 1231 636 1266 extat
668 1225 752 1266 1011.
785 1226 902 1277 1-39.

414 1288 471 1342 N)
494 1287 810 1341 Amplonianus
841 1286 931 1340 (id.)
956 1287 1068 1334 308,
1105 1285 1263 1327 saeculi
1286 1285 1400 1325 XIV.
1432 1285 1721 1325 Commentar.
1753 1298 1786 1324 s.
1803 1284 1998 1324 Thomae
2032 1284 2074 1324 in
2098 1285 2341 1325 Posteriora
2362 1285 2469 1325 Ari-

288 1349 450 1406 stotelis
481 1349 663 1391 habetur
694 1349 778 1389 1011.
803 1359 920 1401 1-74.
957 1348 1028 1388 Ob
1051 1347 1291 1388 abscissum
1323 1347 1471 1387 folium
1505 1346 1644 1387 codex
1666 1346 1795 1387 habet
1823 1346 2018 1386 lacunam
2041 1346 2110 1386 lib.
2129 1347 2158 1393 I,
2182 1346 2273 1386 lect.
2292 1359 2469 1387 xxxv111.

236 1423 247 1425 ⁴
289 1413 397 1453 Post
430 1411 543 1452 enim
565 1411 699 1452 verba
721 1410 788 1464 (no
811 1410 872 1464 4):
895 1409 976 1450 sed
998 1413 1324 1463 quantocunque
1343 1408 1596 1463 proceditur
1613 1409 1756 1462 magis
1786 1421 1945 1454 versus,
1971 1408 2110 1462 pergit
2131 1408 2325 1461 sequenti
2348 1408 2468 1448 folio:

290 1474 451 1515 maiori
471 1473 776 1528 propositione,
810 1486 857 1512 eo
885 1471 1008 1512 modo
1043 1484 1150 1525 quo:
1178 1484 1289 1525 quae
1326 1470 1536 1525 pertinent
1567 1470 1622 1511 ad
1657 1484 1695 1510 n.
1726 1472 1754 1511 6
1779 1469 1997 1523 sequentis
2030 1469 2234 1509 lectionis.

417 1535 473 1590 O)
503 1533 814 1576 Laurentianus
850 1534 1008 1588 (Flor.),
1042 1534 1149 1574 Plut.
1177 1545 1246 1586 71,
1277 1538 1322 1573 n0
1351 1543 1425 1586 27:
1455 1533 1673 1586 Scriptum
1704 1535 1837 1586 super
1867 1531 2023 1572 librum
2055 1531 2345 1571 Posteriorum
2366 1531 2473 1571 Ari-

290 1597 452 1638 stotelis
482 1596 716 1638 secundum
737 1596 934 1651 fratrem
976 1596 1183 1636 Thomam
1216 1594 1269 1635 de
1299 1595 1489 1648 Aquino,
1517 1608 1625 1635 saec.
1650 1594 1764 1634 XIV.
1800 1595 1847 1633 In
1881 1593 2012 1633 dorso
2046 1592 2175 1633 habet
2207 1592 2472 1646 inscriptum:

290 1659 686 1706 Periherineneias,·
716 1671 828 1712 quae
861 1657 1077 1712 inscriptio
1112 1657 1280 1697 induxit
1300 1657 1343 1697 in
1368 1670 1554 1697 errorem
1582 1656 1630 1696 cl.
1654 1655 2035 1702 Montfauconium,
2059 1654 2119 1694 uti
2153 1660 2272 1694 notat
2293 1654 2473 1695 Bandini

292 1720 550 1776 (Catalogus
585 1720 709 1761 codd.
735 1720 847 1760 latin.
871 1719 1071 1760 Biblioth.
1096 1718 1316 1759 Mediceae
1349 1719 1548 1758 Laurent.
1567 1741 1585 1748 ·-
1601 1718 1727 1758 Tom.
1752 1718 1826 1765 III,
1850 1717 1928 1757 col.
1954 1730 1994 1768 9.
2012 1740 2031 1747 -
2047 1716 2288 1756 Florentiae
2330 1717 2471 1771 1776).
2492 1717 2495 1720 '

292 1782 459 1825 Minuta
493 1782 700 1837 scriptura
738 1788 802 1822 est
836 1788 1053 1830 exaratus;
1088 1780 1277 1821 continet
1307 1780 1408 1820 folia
1441 1782 1498 1821 32
1533 1793 1621 1820 non
1655 1785 1885 1819 numerata.

418 1844 475 1898 Q)
509 1844 767 1885 Assisiensis
793 1843 1008 1897 (Biblioth.
1033 1843 1234 1896 Municip.
1266 1842 1307 1882 in
1330 1842 1464 1883 Sacro
1495 1841 1752 1895 Conventu),
1777 1840 1933 1881 saeculi
1955 1840 2070 1880 XIV.
2105 1840 2217 1879 Inter
2240 1840 2472 1880 Commen-

291 1906 423 1946 tarios
449 1906 491 1946 in
515 1905 673 1946 librum
713 1906 755 1945 T
746 1906 963 1959 opicorum
987 1910 1028 1945 et
1046 1905 1087 1945 in
1110 1904 1268 1945 librum
1295 1904 1510 1951 Priorum,
1538 1917 1649 1958 quos
1683 1902 1954 1944 amanuensis
1986 1901 2227 1942 s.Thomae
2260 1901 2471 1949 adscribit,

291 1973 358 2008 est
389 1967 499 2008 liber
518 1968 812 2008 Posteriorum
838 1966 1169 2019 Analyticorum
1201 1966 1449 2006 Aristotelis
1474 1965 1707 2006 secundum
1733 1979 1766 2006 s.
1788 1965 1829 2004 T
1821 1965 1995 2005 nomam
2027 1963 2080 2003 de
2106 1963 2291 2016 Aquino
2323 1963 2475 2003 Codex

292 2029 447 2070 nullius
486 2029 746 2070 auctoritatis
781 2034 822 2069 et
850 2029 923 2068 vix
945 2042 994 2068 ac
1018 2042 1071 2068 ne
1102 2028 1175 2068 vix
1209 2027 1383 2082 quidem
1415 2027 1728 2082 comparandus
1755 2039 1850 2067 cum
1881 2026 2106 2073 Urbinate,
2136 2031 2309 2107 propter
2340 2025 2480 2065 incre-.

292 2090 468 2132 dibilem
501 2091 787 2146 ignorantiam
821 2097 863 2131 et
896 2090 1164 2131 oscitantiam
1197 2089 1424 2144 scriptoris.

419 2153 474 2207 R)
504 2153 746 2194 Marcianus
781 2152 966 2206 (Venet.)
991 2151 1049 2203 45
1076 2152 1126 2205 (a.
1151 2153 1253 2200 302,
1278 2152 1302 2192 l.
1323 2164 1423 2200 222,
1449 2151 1566 2199 LVI,
1594 2150 1774 2204 CLXI),
1800 2149 1957 2190 saeculi
1980 2149 2094 2189 XIV.
2123 2148 2276 2189 Codex
2304 2149 2474 2189 mutilus

294 2220 377 2255 est:
402 2214 547 2255 decisa
569 2215 682 2255 enim
712 2220 812 2254 sunt
839 2214 940 2254 folia
971 2213 1120 2267 15-37‚
1146 2214 1205 2254 uti
1230 2213 1377 2254 videre
1407 2219 1471 2254 est
1495 2226 1548 2253 ex
1576 2212 1803 2266 antiquiori
1827 2211 2131 2258 numeratione,
2154 2223 2265 2263 quae
2286 2216 2386 2264 post
2422 2222 2474 2261 14

295 2276 426 2317 habet
455 2278 536 2325 38;
571 2282 731 2317 restant
772 2276 1009 2331 fragmenta
1050 2275 1250 2316 soliorum
1292 2274 1447 2323 15-'18;
1482 2288 1628 2315 recens
1662 2281 1765 2314 nota
1796 2273 1994 2313 soliorum
2038 2272 2238 2312 continua
2270 2278 2346 2313 est.
2380 2272 2475 2312 Tri-

295 2338 462 2393 gesima
497 2338 619 2379 tertia
642 2338 824 2379 lectione
854 2338 977 2392 primi
1007 2337 1112 2386 libri,
1139 2337 1194 2377 ad
1222 2338 1291 2378 illa
1318 2337 1463 2385 verba,
1486 2336 1539 2376 de
1565 2336 1719 2389 quibus
1745 2336 1789 2375 in
1817 2335 1937 2375 nobis
1967 2334 2153 2380 scientia,
2179 2334 2288 2374 sistit
2315 2333 2475 2387 primus

297 2400 591 2448 amanuensis;
627 2406 794 2440 caetera
822 2399 1016 2440 eiusdem
1045 2399 1237 2440 lectionis
1264 2398 1454 2439 secunda
1485 2411 1613 2438 manu
1637 2397 1853 2438 adduntur
1880 2396 1922 2436 in
1946 2397 2070 2436 calce.
2105 2397 2275 2436 Desunt
2299 2395 2472 2449 reliqua.

421 2461 469 2515 S)
498 2462 797 2509 Bononiensis,
830 2461 1030 2501 Biblioth.
1061 2461 1170 2516 Reg.
1202 2460 1315 2501 1655
1341 2460 1439 2500 Vol.
1459 2460 1531 2507 VI,
1557 2473 1667 2500 saec.
1691 2460 1801 2500 XIII.
1827 2459 2115 2499 Commentar.
2147 2470 2178 2497 s,
2192 2457 2271 2497 Th.
2287 2458 2484 2511 occupat

297 2525 356 2575 43
389 2523 490 2564 10113
518 2524 561 2564 in
591 2523 676 2564 fine
705 2523 877 2564 codicis.
913 2523 1121 2573 Ultimum
1143 2522 1292 2563 folium
1327 2521 1536 2563 recentius
1567 2527 1650 2569 est,
1681 2521 1814 2562 veteri
1839 2520 2032 2561 abscisso
2063 2519 2356 2567 substitutum,
2387 2532 2477 2558 ma-

297 2598 444 2639 nuque
477 2585 700 2626 recentiori
734 2585 993 2639 descriptum
1031 2585 1086 2625 ad
1119 2584 1358 2639 supplenda
1399 2597 1510 2637 quae
1550 2583 1735 2623 deerant.
1766 2583 1913 2623 Verba
1945 2582 2092 2622 ultima
2128 2581 2289 2635 primae
2327 2593 2477 2620 manus

297 2652 414 2687 sunt:
447 2647 617 2688 Deinde
644 2660 741 2687 cum
768 2647 884 2694 dicit,
915 2660 1082 2687 necesse
1107 2647 1252 2700 itaque
1279 2649 1350 2694 est,
1373 2646 1501 2686 solvit
1515 2645 1789 2699 praemissas
1809 2644 2076 2698 quaestiones
2104 2642 2197 2696 (lib.
2222 2643 2270 2690 II,
2296 2642 2387 2682 lect.
2404 2655 2475 2690 xx,

298 2722 339 2750 n.
358 2709 412 2763 7).
446 2710 560 2750 Tum
589 2709 839 2762 antiquitate
870 2714 960 2749 tum
981 2708 1231 2749 auctoritate
1264 2708 1457 2748 codicem
1487 2707 1614 2747 istum
1645 2720 1791 2761 parem
1825 2706 2000 2746 facimus
2031 2704 2166 2745 codici
2195 2703 2477 2744 Cordubensi.

423 2771 477 2825 T)
502 2771 802 2819 Bononiensis,
833 2777 879 2811 ut
901 2784 1039 2824 supra,
1066 2770 1164 2810 Vol.
1189 2770 1243 2818 V,
1267 2770 1423 2810 saeculi
1447 2769 1542 2810 XV.
1577 2769 1679 2809 Non
1705 2769 1835 2809 habet
1859 2768 1937 2808 nisi
1962 2766 2312 2808 commentarium
2341 2766 2382 2805 in
2405 2766 2478 2806 lib.

296 2832 460 2873 Poster.
497 2832 708 2885 Quamvis
732 2832 860 2873 valde
885 2845 1044 2880 recens,
1071 2832 1213 2872 bonus
1244 2837 1308 2872 est
1337 2838 1378 2872 et
1406 2845 1431 2871 a
1459 2831 1578 2871 bono
1609 2830 1839 2884 exemplari
1868 2829 2153 2883 transcriptus.

423 2894 502 2934 FT
536 2894 743 2935 chartacei
777 2900 896 2942 sunt;
931 2894 1084 2934 caeteri
1118 2893 1444 2934 membranacei.

425 2955 498 2996 Ad
520 2969 650 2996 unam
672 2969 848 3010 prorsus
870 2955 1071 2996 familiam
1104 2956 1315 3010 pertinent
1338 2955 1600 3008 antiquiores
1635 2954 1759 2994 codd.
1783 2953 1913 3000 DLS,
1938 2952 2194 3006 quibuscum
2221 2951 2378 2991 faciunt
2400 2949 2478 2990 CK

298 3022 343 3057 et
374 3022 566 3057 recentes
596 3018 696 3058 ET:
731 3018 796 3058 his
832 3017 1014 3071 proximi
1048 3023 1147 3057 sunt
1179 3018 1406 3066 ABNOR,
1448 3016 1520 3070 qui
1554 3017 1662 3056 inter
1698 3029 1745 3056 se
1778 3015 2043 3068 aliquatenus
2086 3013 2211 3053 etiam
2245 3017 2477 3059 nectuntur,

301 3091 389 3119 non
422 3079 555 3119 semel
590 3078 745 3119 eodem
779 3079 912 3119 modo
937 3092 962 3118 a
984 3079 1102 3120 DLS
1135 3079 1396 3120 recedentes.
1430 3078 1627 3133 Longius
1656 3091 1682 3117 a
1708 3077 1882 3118 caeteris
1906 3081 2117 3131 vagantur
2139 3075 2211 3123 ΡΙ,
2242 3074 2314 3128 qui
2339 3079 2481 3114 tamen

301 3139 357 3180 ad
386 3139 569 3181 invicem
601 3146 702 3180 sunt
735 3140 1090 3189 coniunctissimi,
1126 3154 1214 3181 non
1253 3140 1375 3194 quasi
1409 3153 1542 3180 unum
1573 3139 1690 3179 alteri
1718 3144 1951 3193 prototypo
1976 3137 2106 3178 fuisse
2135 3136 2369 3183 credamus,
2404 3134 2481 3175 sed

302 3201 404 3255 quia
438 3214 491 3241 ex
524 3201 680 3241 eodem
714 3202 944 3255 exemplari
984 3202 1221 3256 transcripti
1252 3202 1461 3241 videntur.
1497 3200 1767 3255 Singulares,
1805 3200 1912 3240 inter
1949 3205 2119 3239 nostros
2159 3197 2349 3245 codices,
2384 3202 2483 3236 sunt

304 3263 449 3303 GHM.
484 3263 598 3303 Nam
633 3263 689 3310 G,
724 3269 1022 3317 praeterquam
1065 3263 1184 3317 quod
1228 3263 1494 3317 negligenter
1534 3262 1714 3315 scriptus
1758 3267 1838 3309 est,
1875 3274 1927 3301 ex
1966 3274 2018 3300 eo
2061 3259 2306 3314 praesertim
2347 3258 2481 3311 capite

302 3324 368 3365 sui
401 3324 572 3379 generis
606 3337 701 3364 esse
735 3324 936 3372 dicimus,
975 3324 1095 3378 quod
1126 3338 1204 3378 pro
1237 3324 1357 3364 libito
1396 3329 1437 3363 et
1466 3336 1518 3363 ex
1555 3322 1778 3376 proposito
1807 3322 2039 3362 verborum
2073 3321 2266 3361 ordinem
2299 3319 2478 3359 invertit.

305 3385 446 3426 Codd.
480 3399 586 3426 vero
611 3386 655 3426 H
690 3391 731 3425 et
767 3386 814 3425 M
846 3399 898 3425 eo
932 3399 958 3425 a
989 3386 1125 3439 prima
1157 3385 1319 3429 familia.
1346 3384 1563 3431 deficiunt,
1608 3382 1727 3437 quod
1760 3383 1833 3423 ubi
1865 3388 2087 3436 corruptae
2119 3382 2161 3422 in
2196 3395 2245 3421 ea
2277 3381 2481 3421 lectiones

303 3453 550 3495 occurrunt,
594 3452 666 3487 aut
702 3446 809 3486 falso
853 3447 944 3486 illas
987 3447 1332 3500 interpretantur,
1374 3451 1447 3485 aut
1497 3444 1714 3484 infeliciter
1755 3444 1981 3498 corrigunt.
2030 3443 2158 3484 Adde
2199 3442 2318 3496 quod
2363 3456 2480 3482 arna-

303 3509 478 3550 nuensis
515 3508 609 3549 cod.
637 3509 680 3548 H
716 3508 970 3562 elegantiae,
1008 3507 1146 3562 magis
1185 3520 1314 3561 quam
1353 3506 1565 3561 genuinae
1598 3505 1766 3546 lectioni
1802 3505 1971 3545 studere
2005 3504 2267 3558 quandoque
2301 3503 2480 3544 affectat.

304 3571 386 3611 Cui
417 3570 599 3611 familiae
627 3569 918 3610 accensendus
948 3569 1001 3609 sit
1030 3568 1124 3609 cod.
1150 3568 1191 3621 Q
1223 3568 1348 3608 nobis
1371 3574 1486 3608 certo
1510 3581 1597 3607 non
1620 3572 1796 3607 constat.
1815 3590 1833 3597 -
1850 3566 2095 3606 Editionem
2116 3565 2293 3606 Pianam
2315 3566 2478 3606 Foster.
