2548 4192
916 292 972 328 IN
1002 292 1041 328 S.
1063 292 1306 330 THOMAM
1334 294 1659 340 AQUINATEM

190 383 224 404 se
247 372 388 403 eiusdem
415 371 640 412 Chrysostomi
663 372 960 402 commentationem
989 380 1089 411 super
1115 371 1266 412 Evange-

189 418 267 448 lium
291 417 397 447 sancti
419 416 579 446 Matthaei
592 415 826 456 Evangelistae
844 417 908 446 iam
923 415 1052 456 pridem
1068 415 1181 445 beatae
1204 425 1267 445 me-

187 462 311 492 moriae
340 461 446 491 Tertio
469 460 620 501 Eugenio
645 460 754 500 Papae
786 461 914 501 integre
945 460 1138 490 translatam
1168 460 1267 490 tradi-

187 506 281 537 disse.
311 506 403 535 Hanc
434 504 673 535 translationem
704 504 835 534 latinam
866 515 941 535 cum
973 514 1029 541 ea,
1058 514 1122 544 qua
1146 504 1268 534 Doctor

187 549 359 590 Angelieus
379 559 456 580 usus
481 555 546 588 est,
577 549 719 580 conferre
748 559 815 579 non
838 549 926 587 licet,
951 555 987 579 ut
1010 548 1166 579 iudicium
1193 558 1266 588 pro-

188 594 267 625 ferre
291 593 463 634 possimuS.

255 638 307 669 111.
326 638 447 680 Cyrilli
461 637 679 668 Alexandrini
693 637 862 668 sententias
877 637 1091 678 proferentem
1101 637 1266 667 Thomam

188 693 226 714 ex
248 683 329 713 libro
349 683 518 720 Thesauri,
535 689 590 713 aut
604 682 720 713 nimiae
739 681 929 713 credulitatis
951 688 1006 712 aut
1025 681 1121 712 etiam
1142 689 1266 722 apertae

187 727 307 758 fraudis
322 727 464 768 plerique
480 727 604 768 pudore
619 727 713 758 omni·
725 726 872 767 deposito
888 726 1083 757 insimulant.
1106 726 1265 766 Insignem

188 771 283 803 affero
306 771 428 811 locum,
443 772 500 813 qui
513 772 627 812 legitur
641 771 674 802 in
689 771 897 811 Expositione
912 771 1021 811 capitis
1042 781 1094 801 xvi
1115 771 1265 802 Matthaei

188 816 228 847 ad
252 826 288 847 ea
311 817 416 855 verba,
446 818 492 847 Tu
509 826 543 848 es
556 817 672 847 Petrus
696 823 754 847 etc.
778 817 921 856 Nempe:
950 828 964 844 α
983 815 1121 857 Cyrillus
1136 815 1168 846 in
1184 815 1265 845 libro

190 873 205 889 2
228 861 401 892 Thesauri:
426 861 609 892 Secundum
638 866 746 891 autem
765 861 850 891 hanc
867 861 1002 891 Domini
1018 861 1265 901 promissionem

191 918 206 933 xv
227 905 374 936 Ecclesia
385 906 569 946 Apostolica
584 907 673 936 Petri
687 906 727 936 ab
742 907 829 936 omni
842 905 1028 936 seductione
1041 905 1267 945 haereticaque

191 962 206 977 »
228 951 500 982 circumventione
514 956 623 981 manet
642 951 863 987 immaculata,
878 959 978 990 super
996 959 1106 980 omnes
1123 950 1265 990 Praepo-

191 1007 206 1022 »
227 995 306 1026 sitos
329 1000 359 1025 et
377 995 564 1036 Episcopos,
580 1001 611 1026 et
623 1005 723 1035 super
744 1004 855 1025 omnes
868 995 1028 1025 Primates
1042 994 1263 1024 Ecclesiarum

190 1051 206 1067 »
229 1044 259 1070 et
275 1040 486 1080 populorum,
510 1041 542 1070 in
566 1041 635 1070 suis
653 1039 870 1081 Pontificibus,
891 1040 924 1069 in
938 1038 1012 1079 fide
1028 1039 1220 1079 plenissima
1235 1044 1266 1069 et

191 1096 206 1111 2>
228 1085 422 1115 auctoritate
451 1085 549 1115 Petri.
583 1085 627 1114 Et
650 1094 721 1115 cum
746 1084 833 1114 aliae
855 1083 1021 1114 Ecclesiae
1050 1083 1263 1123 quorumdam

191 1141 206 1156 a»
230 1136 343 1159 errore
364 1130 430 1159 sint
453 1129 709 1165 verecundatae‚
741 1128 882 1158 stabilita
911 1127 1172 1168 inquassabiliter
1195 1128 1264 1167 ipsa

190 1185 206 1201 »
227 1173 298 1204 sola
321 1178 451 1214 regnat,
474 1173 636 1204 silentium
653 1174 819 1213 imponens
833 1178 863 1203 et
877 1173 1019 1203 omnium
1035 1172 1191 1202 obturans
1205 1182 1264 1202 ora

191 1229 206 1245 a·
227 1217 474 1248 haereticorum.
498 1217 542 1248 Et
566 1227 624 1248 nos
648 1218 830 1248 necessario
852 1217 969 1247 salutis
988 1226 1051 1247 non
1071 1216 1194 1256 decepti
1211 1226 1264 1247 su-

189 1274 205 1290 »
221 1261 349 1303 perbia‚
375 1271 478 1302 neque
497 1263 571 1293 vino
593 1262 764 1302 superbiae
787 1261 947 1298 inebriati,
972 1266 1086 1302 trpum
1107 1262 1263 1298 veritatis,

189 1318 205 1334 ιο
227 1311 259 1337 et
280 1311 414 1338 sanctae
429 1307 639 1347 <Apostolicae
662 1306 856 1345 traditionis,
882 1315 948 1336 una
973 1316 1044 1336 cum
1072 1307 1142 1346 ipsa
1166 1306 1264 1347 confi-

172 1356 338 1384 *ater-tur
351 1355 387 1382 et
405 1351 645 1392 praedicamus.
661 1363 675 1378 2>

254 1394 354 1432 Quod
376 1395 500 1436 insigne
523 1395 745 1427 testimonium
766 1401 798 1425 et
816 1394 877 1425 alia
895 1394 1055 1435 quaedam
1069 1405 1179 1435 parem
1194 1405 1263 1425 sen—

186 1449 260 1472 sum
282 1449 342 1480 pro
366 1440 506 1471 Romani
528 1439 691 1471 Pontificis
715 1439 854 1480 primatu
878 1439 1096 1479 exprimentia,
1121 1439 1154 1469 in
1182 1449 1263 1480 opu-

185 1484 276 1516 sculo
292 1491 412 1516 *contra
434 1485 573 1516 Graecos
591 1491 622 1515 et
635 1484 709 1515 alibi
729 1484 862 1524 prolata,
878 1483 1001 1514 tametsi
1026 1483 1264 1524 diligentissime

185 1528 370 1570 perquisita,
393 1529 480 1560 haud
505 1539 663 1571 umquam
685 1529 718 1559 in
741 1529 827 1559 libris
856 1529 1024 1566 ssesauri,
1048 1536 1103 1559 aut
1118 1528 1185 1558 aliis
1201 1528 1263 1570 Cy-

185 1572 246 1605 riui
270 1573 420 1614 operibus
450 1574 584 1605 inveniri
612 1580 807 1615 potuerunt,
832 1583 890 1604 nec
914 1583 989 1603 sane
1018 1580 1148 1603 exstant.
1181 1573 1264 1604 Hinc

186 1617 257 1649 falsi
280 1618 400 1650 crimen
424 1619 498 1649 divo
522 1618 671 1650 Thomae
695 1618 870 1658 impingere
894 1617 983 1648 veriti
1007 1628 1074 1648 non
1094 1625 1171 1648 sunt.
1191 1618 1264 1648 Rai-

186 1661 315 1702 noldus,
330 1663 472 1702 Rivetus,
487 1663 655 1702 Dallaeus‚
681 1662 867 1693 heterodoxi
886 1662 1050 1693 homines:
1070 1662 1188 1693 leviore
1207 1673 1264 1693 no-

186 1706 264 1738 tavit
286 1707 395 1748 ipsum
418 1707 600 1739 credulitate
625 1707 790 1738 Launoius
814 1707 847 1737 in
866 1707 1000 1747 epistola
1020 1707 1030 1737 1
1049 1714 1079 1738 et
1095 1707 1120 1737 11
1141 1707 1181 1737 ad
1200 1710 1265 1738 An-

187 1751 316 1783 tonium
346 1753 498 1783 Faurum.
531 1752 676 1793 Utroque
709 1751 786 1794 vitio
818 1751 993 1782 doctissimi
1024 1758 1055 1781 et
1078 1751 1263 1782 sanctissimi

187 1796 358 1838 Aquinatis
381 1807 503 1828 nomen
526 1796 617 1828 editis
641 1796 797 1836 apologiis
819 1796 989 1826 abstersere
1014 1795 1148 1826 Ioannes
1170 1796 1265 1826 Nico-

186 1840 279 1880 laius,
302 1841 482 1872 Bernardus
505 1840 687 1882 Guyardus,
706 1840 893 1871 Vincentius
911 1840 994 1871 Baro
1014 1847 1044 1870 et
1058 1840 1178 1871 Natalis
1192 1841 1265 1871 Ale-

185 1885 315 1926 xander,
326 1885 455 1918 Ordinis
470 1885 570 1916 nostri
585 1892 777 1926 praestantes
793 1884 933 1923 alumni;
950 1884 1092 1925 itemque
1107 1885 1265 1916 Robertus

185 1929 398 1963 Bellnrminus
421 1930 460 1960 de
483 1931 634 1961 Romano
664 1928 839 1968 Pontifice,
872 1929 1006 1960 Iacobus
1037 1929 1202 1960 Gretserus
1231 1930 1264 1960 in

187 1973 331 2006 eiusdem
360 1974 543 2006 Bellarmini
576 1974 761 2005 defensione
792 1981 823 2005 et
853 1973 1020 2014 Philippus
1052 1974 1198 2005 Labbeus
1231 1975 1264 2005 in

185 2018 413 2050 Dissertatione
439 2019 589 2050 historica
612 2019 651 2050 de
674 2018 832 2060 &Cyrillo
857 2018 1082 2049 Alexandrino.

251 2063 370 2095 Putant
393 2063 491 2105 aliqui
520 2063 672 2094 mutilum
702 2063 743 2094 ad
766 2073 826 2094 nos
850 2062 1028 2103 pervenisse
1052 2062 1263 2104 Cyrillianum

191 2107 349 2140 stesauri
372 2118 473 2149 opus,
498 2109 643 2150 adeoque
663 2108 832 2139 sententias
858 2108 897 2138 ab
916 2107 1076 2148 Aquinate
1102 2108 1263 2148 decerptas

186 2152 220 2184 in
242 2152 328 2184 libris
349 2153 518 2194 deperditis
537 2163 594 2194 per
612 2163 711 2194 quam
734 2152 883 2183 facillime
902 2152 1049 2183 extitisse.
1074 2154 1117 2183 At
1135 2162 1187 2183 eas
1202 2151 1263 2194 (in-

187 2196 387 2238 dulgendum
410 2195 470 2240 est)
495 2197 651 2238 scripserit
674 2207 855 2238 numquam
874 2196 1031 2238 Cyrillus:
1056 2197 1198 2227 inventas
1218 2204 1263 2228 at-

186 2248 295 2273 tamen
318 2241 351 2273 in
374 2241 579 2284 quibusdam,
604 2252 686 2283 quae
710 2252 789 2272 aevo
813 2241 869 2272 illo
893 2241 1084 2280 ferebantur,
1104 2241 1263 2272 collectio-

187 2285 282 2318 nibus
312 2287 444 2318 nomine
473 2286 583 2328 Cyrilli
614 2286 827 2327 praenotatis,
858 2286 944 2316 bona
972 2284 1035 2316 fide
1066 2286 1265 2327 deprompsit

187 2330 355 2373 attulitque
385 2331 550 2370 Thomas,
582 2341 648 2361 non
678 2331 745 2372 ipse
777 2329 938 2362 confinxit.
972 2333 1019 2360 Ac
1043 2330 1265 2361 testimonium

188 2386 274 2415 sane,
298 2376 388 2418 quod
411 2375 556 2416 superius
579 2375 773 2416 descriptum
792 2382 848 2413 est,
868 2375 930 2415 legi
949 2382 1080 2405 testatur
1094 2375 1264 2416 Guyardus

186 2419 221 2452 in
243 2427 370 2452 vetusto
385 2420 602 2461 manuscripto
618 2420 726 2451 codice
742 2420 829 2460 apud
847 2419 1079 2450 Saniacobaeos
1094 2420 1263 2450 Parisinos:

187 2465 327 2506 aliasque
351 2475 441 2505 pares
465 2464 576 2506 Cyrilli
600 2464 731 2495 nomine
755 2464 920 2504 insignitas
944 2463 1070 2503 reperiri
1095 2464 1264 2494 sententias

186 2508 220 2540 in
240 2507 428 2540 Colbertino
453 2509 561 2540 codice
584 2508 782 2546 Bonacursii,
803 2508 859 2549 qui
880 2508 1028 2538 Doctoris
1047 2508 1190 2548 Angelici
1206 2518 1263 2548 po-

186 2553 310 2585 stremis
325 2553 416 2584 annis
430 2553 565 2590 vivebat,
581 2552 678 2583 fidem
693 2552 766 2584 facit
780 2552 915 2583 Michael
930 2552 1112 2593 Lequienus
1127 2552 1160 2582 in
1175 2562 1263 2592 prae-

186 2597 306 2629 fatione
329 2597 501 2638 Panopliae
531 2604 640 2628 contra
671 2597 807 2628 schisma
831 2597 1037 2628 Graecorum.
1072 2597 1159 2627 Haec
1187 2607 1263 2627 vero

185 2641 332 2673 fraudem
355 2642 422 2672 sine
446 2642 569 2682 pudore
593 2642 766 2682 impactam
789 2641 986 2672 amoliuntur
1017 2649 1166 2672 omnem:
1192 2651 1263 2671 cen-

186 2697 358 2728 suramque
382 2686 498 2717 nimiae
523 2686 713 2717 credulitatis
737 2686 787 2717 vel
810 2686 878 2726 ipse
892 2685 1035 2716 emollire
1055 2686 1160 2716 studet
1179 2686 1263 2717 Lau-

186 2731 293 2770 noius,
304 2731 360 2772 qui
375 2731 692 2762 animadvertendum
707 2730 841 2771 epistola
856 2731 867 2760 1
884 2730 976 2760 citata
990 2730 1161 2771 proponit:
1183 2731 1263 2761 1710-

188 2786 274 2807 mam
289 2775 421 2817 factum
445 2775 618 2806 doctiorem
643 2781 674 2806 et
697 2776 886 2812 cautiorem,
907 2776 1087 2806 testimonia
1111 2776 1191 2806 haec
1199 2785 1263 2815 pro

187 2820 340 2852 derelicto
354 2820 502 2851 habuisse
507 2828 520 2859 ;
534 2826 565 2851 et
582 2820 720 2858 silentio,
736 2820 954 2861 deprehensae
969 2820 1019 2850 vel
1033 2820 1146 2850 saltem
1162 2819 1263 2861 olfac-

188 2870 241 2896 tae
259 2863 417 2906 falsitatis
440 2865 554 2903 indice,
572 2866 806 2905 suppressisse:
829 2874 945 2904 nempe
970 2865 1082 2895 1121120
1104 2871 1225 2905 quaest.
1242 2875 1263 2903 1,

189 2915 245 2941 art.
256 2919 287 2948 x,
297 2916 327 2940 et
337 2919 446 2950 qu.x1,
462 2916 517 2940 art.
528 2920 566 2949 11,
582 2916 613 2940 et
627 2916 748 2950 quaest.
757 2919 864 2947 xxxix,
876 2915 932 2939 art.
946 2919 955 2938 1
969 2932 977 2947 ‚
993 2916 1024 2940 et
1039 2908 1192 2946 Quodlib.
1204 2909 1263 2947 IX,

189 2959 283 2991 art-x,
298 2953 415 2994 quibus
428 2953 462 2984 in
476 2954 554 2985 locis
574 2954 612 2984 de
627 2954 776 2984 Romano
792 2951 945 2984 Pontifice
959 2953 1092 2995 eiusque
1110 2960 1264 2994 potestate

189 2997 317 3028 uberius
340 2997 451 3038 agitur.

257 3041 338 3072 Utut
361 3051 427 3072 sese
450 3042 528 3073 haec
550 3042 697 3081 habeant,
713 3042 762 3073 sui
777 3041 876 3082 ipsius
893 3041 1100 3072 validissimas
1119 3042 1182 3081 agit
1196 3041 1264 3071 vin-

191 3085 287 3116 dicias
310 3084 378 3125 ipse
400 3085 545 3116 Thomas
558 3086 592 3116 in
611 3087 769 3126 opusculo
789 3093 899 3117 contra
917 3096 1037 3117 errores
1056 3086 1263 3124 Graecorum,

190 3130 224 3160 in
247 3128 443 3170 praefatione
466 3130 506 3160 ad
529 3130 696 3161 Urbanum
719 3131 762 3162 1v
786 3130 960 3161 Summum
982 3130 1180 3161 Pontificem.
1209 3130 1264 3161 Di-

191 3173 343 3215 gnissima
361 3180 436 3204 sunt
449 3173 722 3205 animadversione
738 3185 820 3216 quae
835 3182 1013 3215 sequuntur
1030 3175 1140 3205 verba:
1160 3175 1264 3205 Libel-

192 3220 259 3250 lum
284 3216 409 3260 (inquit
431 3215 506 3260 ille)
530 3218 571 3249 ab
593 3218 796 3250 Excellentia
821 3224 927 3250 vestra
951 3220 1029 3250 mihi
1048 3219 1263 3250 exhibitum...

191 3263 367 3304 diligenter
383 3263 525 3303 perlegi,
551 3263 583 3292 in
607 3272 670 3303 quo
694 3264 802 3294 inveni
819 3264 1059 3304 quamplurima
1073 3263 1117 3294 ad
1134 3269 1265 3294 nostrae

180 3307 267 3349 fidei
289 3308 498 3338 assertionem
531 3307 624 3337 utilia
648 3312 679 3337 et
708 3317 871 3348 expressa.
896 3308 978 3338 Ecce
1002 3307 1126 3338 fontem
1150 3308 1263 3346 illum,

192 3352 277 3383 unde
301 3351 444 3392 Aquinas
474 3350 579 3381 hausit
608 3361 675 3382 non
699 3361 815 3391 paucas
844 3352 1042 3383 Graecorum
1070 3352 1202 3382 Patrum
1234 3358 1265 3381 et

191 3396 292 3437 ipsius
307 3395 417 3437 Cyrilli
431 3394 634 3426 Alexandrini
653 3395 864 3434 auctoritates,
879 3406 961 3436 quae
975 3395 1089 3426 frustra
1103 3395 1136 3425 in
1151 3405 1264 3425 eorum

190 3440 277 3471 libris
291 3440 528 3481 perquiruntur.
549 3439 610 3470 Sed
624 3439 751 3478 illarum
764 3439 879 3470 vadem
893 3450 925 3469 se
940 3449 1007 3470 non
1022 3439 1075 3469 dat
1088 3439 1151 3477 ille,
1167 3438 1264 3469 fidem

190 3483 372 3526 relinquens
386 3494 483 3525 penes
496 3484 712 3515 collectorem:
728 3483 761 3513 in
775 3483 871 3524 idque
886 3483 1094 3513 solummodo
1109 3483 1265 3513 incumbit

191 3539 305 3567 unum,
320 3536 356 3560 ut
379 3539 431 3559 eas
450 3539 532 3570 quae
551 3528 624 3558 fidei
645 3528 781 3558 tuendae
801 3527 942 3558 conferre
957 3533 1093 3567 possunt
1116 3533 1263 3566 exponat,

192 3572 331 3614 aliasque
355 3584 437 3614 quae
460 3573 647 3603 videbantur
670 3572 817 3602 adversae
841 3572 880 3602 ad
903 3578 1025 3602 rectum
1043 3581 1173 3601 sensum
1187 3581 1263 3601 con-

191 3623 301 3648 vertat.
325 3617 379 3648 Ait
403 3618 504 3648 enim:
533 3617 745 3648 Consideravi
767 3622 886 3653 autem,
911 3616 996 3656 quod
1019 3617 1088 3646 eius
1111 3613 1222 3657 (libelli
1247 3625 1265 3644 a

192 3661 279 3701 Papa
302 3660 413 3705 oblati)
422 3661 561 3703 fructus
569 3667 679 3702 posset
692 3661 780 3702 apud
791 3661 954 3701 plurimos
973 3660 1121 3701 impediri
1128 3664 1265 3700 propter

2339 312 2397 338 CXI

1322 374 1480 412 quaedam
1513 375 1545 404 in
1577 375 1824 405 auctoritatibus
1853 381 2038 407 sanctorum
2062 378 2196 407 Parrum
2229 386 2394 418 contenta,

1322 427 1406 456 quae
1419 418 1516 448 dubia
1535 428 1603 448 esse
1623 419 1789 457 videntur,
1811 425 1842 450 et
1862 421 1946 451 unde
1964 427 2097 460 possent
2115 423 2283 453 materiam
2303 426 2396 454 mini-

1322 466 1430 491 strare
1460 472 1608 492 errorum
1634 468 1664 493 et
1687 465 1899 495 contentionis
1921 465 2002 496 dare
2032 467 2229 496 occasionem
2255 473 2285 497 et
2308 469 2395 499 calu-

1323 506 1439 535 mniae.
1452 506 1494 535 Et
1508 507 1578 536 ideo
1589 512 1624 537 ut
1634 513 1756 538 remota
1771 510 1859 539 omni
1868 509 2089 550 ambiguitate,
2102 520 2144 540 ex
2153 512 2397 543 auctoritatibus

1323 550 1355 578 in
1365 550 1534 589 praedicto
1549 551 1654 582 libello
1670 554 1826 584 contentis
1850 563 1946 584 verae
1957 554 2042 595 fidei
2052 554 2191 595 fructus
2199 557 2397 594 purissimus

1322 594 1472 633 capiatur
1480 601 1492 631 ‚⁰
1510 597 1667 634 proposui
1684 598 1793 636 primo
1813 608 1862 635 ea,
1879 608 1962 638 quae
1984 598 2082 629 dubia
2106 608 2174 629 esse
2198 599 2348 630 videntur
2362 602 2394 630 in

1321 639 1567 668 auctoritatibus
1576 641 1763 678 praedictis,
1777 651 1938 682 exponere
1943 650 1955 680 ;
1970 648 2000 673 et
2008 643 2212 683 postmodum
2228 644 2396 675 ostendere

1321 683 1479 722 quomodo
1503 692 1545 712 ex
1568 684 1613 713 eis
1637 686 1756 715 veritas
1775 687 1950 717 catholicae
1963 687 2048 728 fidei
2071 693 2102 718 et
2115 688 2271 718 doceatur
2292 694 2322 719 et
2341 689 2395 719 de—

1312 726 1486 767 fendatur.
1512 727 1611 757 Fraus
1636 738 1710 767 ergo
1734 730 1881 761 Thomae
1906 731 1992 761 nulla
2012 731 2123 762 locum
2141 732 2245 771 habet,
2266 733 2351 763 bona
2365 740 2397 764 et

1321 771 1445 811 optima
1467 770 1545 815 fides
1569 778 1674 811 patet,
1699 783 1734 803 ac
1766 774 1973 805 sincerissima
2001 776 2170 807 innotescit
2192 787 2282 807 mens
2320 787 2395 808 cum

1321 814 1383 845 fide
1407 815 1561 846 catholica
1585 816 1785 855 conciliandi,
1810 829 1890 858 quae
1915 819 1995 850 forte
2019 820 2126 850 minus
2150 831 2289 861 congrue
2313 821 2396 852 dicta

1321 859 1501 890 inveniebat
1523 860 1556 890 in
1581 870 1617 890 ea
1636 861 1766 891 Parrum
1790 863 1986 901 collectione,
2007 875 2105 905 quam
2129 865 2276 896 Urbanus
2300 866 2394 896 tradi-

1321 905 1419 942 derat,
1443 904 1610 945 ipsamque
1628 904 1725 935 fidem
1744 907 1914 937 roborandi
1929 909 2189 940 convenientibus
2203 910 2395 941 Sanctorum

1320 949 1520 979 testimoniis.
1546 949 1678 980 Perinde
1703 960 1751 980 res
1775 958 1821 981 est
1841 952 1878 982 de
1894 952 2004 992 Cyrilli
2021 953 2204 984 testimonio
2219 954 2252 984 in
2270 954 2394 985 Catena

1321 993 1489 1034 descripto,
1514 993 1579 1024 sive
1602 994 1682 1024 illud
1706 1005 1742 1025 ex
1766 996 1881 1026 eodem
1905 997 2009 1027 libello
2028 998 2215 1038 decerpserit
2238 999 2394 1038 Thomas,

1320 1037 1384 1068 sive
1409 1048 1446 1068 ex
1469 1038 1530 1068 alia
1548 1039 1675 1078 vulgata
1690 1040 1886 1071 collectione.
1913 1041 2043 1071 Criticas
2063 1042 2205 1072 eiusdem
2225 1043 2394 1074 discussio-

1320 1092 1375 1112 nes
1391 1082 1614 1122 praetermisit:
1635 1083 1778 1124 illudque
1793 1085 2009 1116 adhibendum
2024 1086 2145 1117 censuit
2159 1087 2199 1116 ad
2213 1097 2283 1117 eam
2298 1087 2395 1118 fidem

1320 1127 1553 1166 exponendam,
1578 1138 1676 1168 quam
1701 1129 1739 1158 de
1764 1129 1901 1168 primatu
1926 1129 2008 1160 Petri
2028 1137 2058 1160 et
2072 1131 2295 1164 Rornanorum
2310 1133 2394 1162 Pon-

1319 1170 1452 1209 tificum,
1477 1172 1581 1212 deque
1606 1173 1821 1212 praerogativa
1845 1174 2009 1204 Romanae
2034 1175 2190 1205 Ecclesiae
2213 1176 2307 1206 tradit
2327 1176 2394 1216 ipse

1320 1215 1459 1256 Cyrillus
1482 1215 1621 1247 indubiis
1645 1227 1681 1247 ac
1705 1217 1832 1248 sinceris
1855 1218 1888 1248 in
1912 1218 1979 1248 aliis
2003 1219 2096 1257 locis,
2122 1229 2157 1250 ac
2181 1220 2308 1250 tradunt
2330 1231 2395 1251 una

1319 1270 1397 1291 voce
1428 1260 1586 1291 Ecclesiae
1610 1261 1726 1292 Patres.
1760 1261 1903 1293 Consule
1935 1263 2132 1303 dogmaticos
2157 1271 2187 1294 et
2218 1265 2394 1304 polemicos

1319 1304 1505 1345 theologos:
1531 1315 1566 1336 ac
1589 1306 1658 1346 lege
1690 1306 1943 1337 dissertationem
1967 1318 2032 1348 pro
2066 1308 2186 1349 Cyrilli
2216 1310 2394 1340 testimonio

1319 1354 1432 1380 contra
1465 1360 1573 1391 nugas
1595 1351 1807 1382 Launoianas
1838 1352 2050 1390 vindicando,
2082 1362 2163 1393 quae
2187 1353 2339 1393 reperitur
2361 1354 2395 1384 in

1319 1394 1514 1434 praefatione
1538 1395 1737 1435 apologetica
1761 1397 1793 1426 in
1821 1396 1977 1427 Catenam
2002 1406 2137 1427 auream
2156 1407 2182 1428 s.
2199 1398 2347 1436 Thomae,
2364 1403 2396 1428 et

1318 1439 1428 1469 Patris
1442 1440 1572 1470 Nicolai
1585 1440 1754 1470 editionem
1771 1451 1896 1471 novam.
1914 1441 2016 1481 Ipsius
2032 1441 2158 1472 Ioannis
2172 1442 2295 1472 Nicolai
2311 1453 2394 1482 opus

1319 1490 1367 1514 est
1389 1484 1448 1514 sub
1473 1484 1604 1514 nomine
1628 1485 1787 1515 Honorati
1811 1496 1830 1515 a
1853 1493 1962 1516 sancto
1986 1486 2141 1526 Gregorio
2160 1486 2285 1517 Parisiis
2309 1487 2396 1527 apud

1320 1528 1473 1558 Iacobum
1497 1528 1582 1559 Greu
1613 1529 1693 1559 1668
1718 1529 1751 1559 in
1781 1539 1828 1560 12.

1386 1572 1587 1603 Praeclarum
1606 1573 1692 1604 aliud
1706 1574 1871 1614 praeterire
1891 1584 1958 1605 non
1972 1575 2045 1606 licet
2058 1575 2290 1613 testimonium,
2305 1575 2395 1616 quod

1319 1617 1378 1647 sub
1403 1617 1546 1648 eiusdem
1570 1617 1681 1659 Cyrilli
1705 1619 1836 1649 nomine
1860 1619 1992 1650 allatum
2015 1630 2033 1650 a
2057 1627 2165 1650 sancto
2190 1620 2336 1659 Thoma,
2361 1621 2394 1650 in

1320 1660 1387 1691 eius
1411 1662 1572 1702 operibus,
1597 1672 1679 1703 quae
1703 1663 1742 1693 ad
1766 1674 1825 1693 nos
1845 1673 2026 1703 pervenere,
2045 1665 2159 1695 nullibi
2181 1670 2311 1695 exstare
2339 1665 2393 1695 ad-

1320 1712 1410 1736 notat
1439 1706 1614 1737 Richardus
1639 1707 1802 1738 Simonius
1832 1708 1865 1738 in
1896 1708 2026 1739 historia
2050 1709 2154 1740 critica
2186 1709 2394 1749 interpretum

1320 1750 1396 1780 novi
1418 1751 1614 1782 Testamenti
1635 1751 1735 1791 capite
1750 1762 1854 1783 xxxin.
1879 1753 1931 1783 Ad
1948 1763 1984 1783 ea
2002 1754 2096 1783 verba
2116 1754 2221 1784 Lucae
2236 1764 2304 1794 cap.
2320 1764 2393 1792 xxti,

1319 1799 1348 1824 v.
1370 1802 1426 1835 19;
1445 1795 1489 1826 Et
1511 1801 1640 1836 accepto
1649 1806 1738 1836 pane
1755 1798 1884 1837 gratias
1899 1798 1966 1838 egit
1985 1804 2042 1828 etc.
2059 1798 2180 1837 prolixa
2199 1798 2309 1840 Cyrilli
2324 1809 2394 1829 sen-

1319 1839 1416 1869 tentia
1431 1839 1600 1879 profertur,
1615 1840 1648 1870 in
1663 1851 1727 1881 qua
1741 1841 1817 1871 haec
1833 1841 1988 1872 habentur
2001 1843 2110 1872 verba:
2129 1842 2394 1874 Condescendens

1319 1883 1410 1914 Deus
1434 1885 1552 1915 nostris
1566 1884 1812 1926 fragilitatibus
1843 1886 1951 1926 influit
1975 1887 2088 1917 oblatis
2119 1888 2181 1917 vim
2206 1888 2302 1924 vitae,
2318 1897 2393 1918 con-

1319 1934 1447 1959 vertens
1470 1939 1509 1959 ea
1533 1930 1565 1959 in
1591 1931 1757 1960 veritatem
1767 1931 1924 1970 propriae
1939 1932 2057 1961 carnis.
2083 1931 2194 1972 Cyrilli
2219 1931 2320 1969 locus,
2337 1932 2391 1962 ubi

1319 1973 1395 2004 haec
1420 1969 1564 2004 docuerit
1586 1973 1659 2012 ille,
1683 1984 1767 2005 vano
1797 1981 1914 2005 conatu
1938 1975 2090 2005 hactenus
2120 1975 2322 2016 perquisitus.
2351 1978 2396 2006 At

1319 2028 1423 2059 neque
1447 2018 1516 2048 falsi
1541 2018 1660 2049 crimen
1683 2019 1832 2050 Thomae
1855 2019 2110 2059 impingendum,
2131 2030 2235 2060 neque
2250 2026 2396 2051 sanctum

1318 2063 1492 2093 Doctorem
1516 2062 1649 2094 levitatis
1681 2064 1859 2094 notandum
1889 2063 1957 2104 ipse
1976 2064 2197 2095 animadvertit
2219 2064 2394 2103 Simonius;

1318 2114 1389 2138 tum
1413 2107 1488 2148 quia
1513 2106 1830 2139 Commentariorum
1854 2108 1921 2139 eius
1947 2108 1980 2138 in
2004 2119 2128 2139 novum
2151 2109 2395 2139 Testamentum

1319 2159 1406 2192 parte
1430 2162 1497 2182 non
1521 2152 1649 2184 modica
1671 2153 1757 2183 malo
1782 2153 1848 2183 fato
1864 2163 2017 2190 caremus,
2033 2159 2103 2183 tum
2118 2153 2208 2194 quod
2222 2154 2394 2193 allegatum

1318 2196 1539 2227 testimonium
1563 2198 1622 2227 sub
1647 2197 1777 2228 nomine
1802 2197 1913 2238 Cyrilli
1938 2204 2058 2237 prostat
2084 2198 2117 2227 in
2141 2207 2250 2237 graeca
2274 2197 2395 2228 Catena

1318 2241 1351 2271 in
1380 2241 1591 2281 Evangelium
1620 2242 1732 2279 Marci,
1765 2242 1854 2272 cuius
1884 2242 1974 2281 plura
2004 2242 2219 2282 manuscripta
2248 2242 2393 2282 exempla

1319 2293 1483 2316 servantur
1505 2286 1537 2316 in
1558 2285 1641 2325 regia
1655 2286 1821 2316 Parisiensi
1841 2286 2047 2317 bibliotheca:
2068 2296 2103 2316 ac
2117 2286 2228 2316 locum
2242 2286 2394 2317 eumdem

1319 2337 1421 2361 extare
1445 2330 1478 2360 in
1502 2340 1614 2370 graeco
1634 2341 1693 2360 ms.
1709 2330 1845 2361 Victoris
1859 2330 2063 2368 Antiocheni,
2079 2337 2109 2361 et
2123 2330 2156 2360 in
2171 2330 2292 2361 Catena
2305 2341 2393 2370 grae-

1319 2385 1432 2405 corum
1455 2375 1585 2405 Patrum
1609 2375 1748 2405 Tolosae
1773 2374 1856 2405 edita
1878 2385 1896 2405 a
1920 2375 2054 2405 Possino
2079 2385 2115 2405 ex
2139 2385 2197 2405 ms.
2220 2375 2328 2405 codice
2348 2375 2393 2406 bi-

1318 2419 1495 2449 bliothecae
1525 2419 1691 2450 Bavaricae
1721 2419 1851 2450 adnotat
1869 2419 1989 2450 Natalis
2008 2419 2185 2450 Alexander
2199 2419 2319 2450 dissert.
2334 2420 2392 2450 XII

1319 2463 1435 2494 saeculi
1451 2463 1492 2493 XI
1510 2470 1540 2493 et
1558 2464 1626 2501 XII,
1642 2470 1697 2493 art.
1721 2474 1768 2504 17,
1785 2463 1839 2494 ubi
1858 2464 2047 2503 Angelicum
2063 2464 2237 2495 Doctorem
2256 2463 2394 2495 vindicat

1319 2518 1336 2537 a
1360 2507 1519 2538 calumnia
1543 2507 1698 2538 Albertini
1722 2507 1900 2538 Calviniani
1924 2508 2069 2539 ministri.

1385 2552 1529 2591 Dignum
1553 2559 1584 2582 et
1606 2552 1686 2582 illud
1709 2559 1756 2582 est
1784 2552 2058 2583 animadversione
2089 2552 2199 2583 locum
2223 2562 2241 2582 a
2264 2552 2394 2583 Thoma

1318 2596 1475 2636 indigitari
1504 2596 1648 2634 nullum,
1673 2606 1710 2627 ex
1738 2607 1804 2637 quo
1834 2596 1956 2637 prolixa
1985 2597 2038 2627 illa
2067 2597 2221 2628 sententia
2249 2597 2394 2637 decerpta

1318 2641 1431 2678 fuerit;
1456 2641 1512 2672 sed
1531 2641 1662 2671 nomine
1682 2640 1793 2682 Cyrilli
1812 2648 2010 2681 praenotato,
2026 2641 2181 2681 integram
2198 2651 2264 2672 uno
2284 2648 2393 2672 tenore

1319 2685 1467 2716 describi:
1493 2685 1654 2725 diligentia
1678 2692 1785 2716 tamen
1810 2686 1936 2716 Ioannis
1960 2686 2084 2717 Nicolai
2107 2686 2172 2716 iam
2186 2686 2392 2724 innotescere,

1319 2740 1356 2760 ex
1379 2740 1446 2760 uno
1471 2730 1544 2760 loco
1569 2737 1702 2770 partem,
1718 2737 1821 2770 partes
1841 2730 1916 2761 alias
1940 2741 1977 2761 ex
1996 2730 2063 2760 aliis
2082 2730 2160 2761 locis
2180 2731 2218 2760 ab
2234 2730 2393 2771 Aquinate

1320 2774 1534 2814 depromptas.
1561 2775 1722 2814 Integrum
1746 2775 1805 2805 sub
1829 2775 1942 2805 oculos
1966 2785 2054 2815 pono
2079 2774 2299 2806 testimonium
2318 2784 2394 2805 cum

1318 2819 1412 2849 variis
1427 2819 1630 2850 citationibus
1645 2829 1663 2849 a
1677 2819 1822 2850 Nicolaio
1838 2819 2008 2850 adiunctis:
2037 2832 2051 2846 «
2072 2819 2229 2860 Cyrillus.
2254 2820 2320 2849 Nec
2335 2819 2392 2849 du-

1322 2876 1336 2891 »
1359 2863 1438 2894 bites
1468 2874 1508 2893 an
1539 2863 1602 2894 hoc
1633 2874 1744 2894 verum
1768 2863 1822 2901 sit,
1848 2874 1886 2894 eo
1911 2863 2076 2894 manifeste
2101 2863 2237 2893 dicente:
2262 2862 2324 2893 hoc
2347 2869 2394 2893 est

1323 2921 1337 2936 »
1361 2918 1477 2948 corpus
1502 2915 1628 2938 meum:
1644 2908 1699 2938 sed
1714 2908 1821 2948 potius
1837 2908 1960 2948 suscipe
1975 2909 2069 2938 verba
2084 2907 2252 2938 Salvatoris
2271 2907 2304 2937 in
2319 2906 2391 2938 fide:

1323 2966 1337 2980 »
1361 2962 1436 2983 cum
1460 2952 1547 2983 enim
1570 2953 1609 2983 sit
1632 2952 1756 2990 veritas,
1775 2963 1842 2982 non
1866 2952 2026 2983 mentitur.
2058 2952 2101 2983 Et
2123 2952 2166 2982 ad
2183 2951 2391 2992 Calosyrium

1323 3010 1337 3025 »
1359 2997 1573 3037 Episcopum:
1597 2997 1762 3027 Insaniunt
1784 2997 1879 3037 igitur
1909 2997 2046 3027 dicentes
2076 2996 2242 3037 mysticam
2266 2996 2393 3026 benedi-

1323 3054 1338 3069 »
1361 3041 1500 3072 ctionem
1515 3052 1533 3071 a
1548 3040 1795 3072 sanctificatione
1819 3051 1947 3080 cessare,
1964 3041 1988 3071 si
2004 3051 2085 3081 quae
2100 3040 2250 3081 reliquiae
2269 3050 2392 3070 reman-

1323 3099 1338 3114 «
1361 3085 1457 3116 serint
1480 3085 1547 3116 eius
1571 3085 1604 3116 in
1629 3085 1714 3116 diem
1737 3086 1999 3126 subsequentem:
2024 3095 2090 3115 non
2115 3085 2201 3115 enim
2219 3084 2394 3115 mutabitur

1322 3143 1337 3158 »
1361 3137 1598 3161 sacrosanctum
1621 3129 1738 3161 Christi
1763 3130 1901 3170 CorpuS,
1922 3130 1977 3160 sed
2000 3129 2098 3160 virtus
2118 3129 2347 3160 benedictionis
2362 3135 2393 3160 et

1323 3187 1337 3202 »
1360 3173 1550 3205 vivificativa
1572 3174 1670 3214 gratia
1694 3174 1775 3214 iugis
1799 3174 1832 3204 in
1851 3184 1890 3204 eo
1906 3181 1961 3204 est.
1984 3174 2028 3204 Et
2050 3174 2103 3204 lib.
2119 3174 2173 3204 IV
2182 3175 2214 3204 in
2235 3174 2390 3204 Ioannem

1323 3232 1337 3246 ›>
1361 3220 1464 3259 capite
1486 3229 1539 3248 xrv
1552 3229 1592 3249 ac
1605 3219 1773 3259 deinceps:
1787 3219 1894 3249 Virtus
1909 3218 1995 3248 enim
2016 3217 2204 3249 vivificativa
2218 3218 2277 3248 Dei
2293 3217 2391 3248 Patris

1323 3276 1337 3291 ›>
1361 3263 1562 3303 unigenitum
1576 3263 1719 3294 Verbum
1743 3270 1804 3301 est;
1819 3263 1909 3303 quod
1933 3273 2004 3294 caro
2024 3262 2144 3293 factum
2159 3269 2214 3301 est,
2230 3272 2296 3292 non
2311 3262 2392 3292 desi-

1323 3320 1336 3335 »
1360 3317 1438 3337 nens
1453 3317 1520 3338 esse
1535 3308 1688 3345 Verbum,
1708 3307 1764 3337 sed
1783 3307 1920 3337 efficiens
1944 3317 2070 3337 carnem
2093 3306 2324 3337 vivificativam.
2349 3306 2393 3336 Et

1322 3364 1336 3379 >³
1360 3362 1429 3391 cap.
1444 3359 1535 3381 xxm:
1560 3351 1594 3382 Si
1613 3351 1699 3381 enim
1718 3351 1750 3381 in
1770 3351 1879 3391 aliquo
1898 3351 2022 3392 liquore
2042 3351 2206 3381 modicum
2223 3350 2312 3390 panis
2331 3349 2391 3379 im-

1323 3408 1336 3423 »
1360 3395 1501 3433 miseris,
1529 3395 1663 3435 reperies
1687 3395 1773 3425 hunc
1795 3395 1979 3425 imbibitum
2002 3395 2151 3435 qualitate
2174 3394 2268 3424 iuius.
2295 3394 2392 3433 Igitur

1322 3452 1336 3466 »
1359 3438 1586 3469 vivificativum
1600 3439 1659 3469 Dei
1674 3439 1826 3477 Verbum,
1842 3439 1955 3469 uniens
1974 3439 2115 3478 seipsum
2134 3438 2280 3478 propriae
2295 3438 2391 3476 carni,

1322 3497 1336 3511 »
1360 3482 1433 3513 fecit
1463 3493 1534 3513 eam
1556 3482 1788 3513 vivificativam.
1820 3483 1987 3523 Numquid
2014 3493 2087 3522 ergo
2119 3489 2150 3513 et
2180 3482 2335 3523 quoniam
2358 3482 2392 3512 in

1322 3540 1336 3555 ⁷>
1360 3527 1452 3557 nobis
1475 3527 1539 3556 vita
1562 3526 1621 3556 Dei
1645 3533 1701 3565 est,
1725 3527 1784 3556 Dei
1804 3527 1909 3557 Verbo
1934 3527 2082 3557 existente
2106 3527 2139 3557 in
2163 3526 2266 3564 nobis,
2290 3525 2392 3556 vivifi-

1322 3585 1337 3599 »
1360 3571 1499 3601 cativum
1523 3570 1580 3601 erit
1603 3577 1750 3601 nostrum
1774 3569 1909 3610 corpus?
1940 3571 1983 3601 Et
2005 3571 2101 3602 alibi:
2130 3571 2192 3601 Sed
2215 3571 2302 3601 aliud
2324 3577 2390 3610 est,

1323 3628 1337 3643 ›>
1361 3615 1537 3645 secundum
1561 3615 1807 3655 participationis
1831 3615 2051 3645 habitudinem
2070 3626 2129 3646 nos
2148 3615 2262 3646 habere
2281 3615 2314 3645 in
2333 3625 2391 3646 no-

1323 3673 1338 3687 »
1361 3659 1407 3689 bis
1422 3659 1482 3689 Dei
1497 3659 1631 3689 Filium:
1657 3659 1753 3698 aliud,
1769 3659 1876 3699 ipsum
1895 3659 1990 3690 fuisse
2009 3659 2129 3690 factum
2148 3670 2284 3698 carnem,
2300 3659 2391 3698 idest,
