2548 4192
901 258 956 294 IN
987 258 1025 294 S.
1046 258 1288 294 THOMAM
1315 259 1639 305 AQUINATEM

241 339 278 370 11.
307 338 349 369 Ut
365 336 506 378 perfecit
528 346 608 376 opus
631 333 744 378 (verba
767 342 842 366 sunt
857 336 1009 376 Wadingi
1030 336 1103 366 loco
1127 334 1240 378 citato)

172 394 193 415 a
216 383 422 424 septuaginta
445 380 568 411 duobus
591 381 758 420 magistris
784 381 1019 411 Parisiensibus
1043 381 1241 411 commenda-

173 434 240 459 tum
265 433 295 458 et
317 426 435 467 sigillis
457 425 611 465 appositis
634 424 883 464 comprobatum,
904 424 1057 466 Pontifex
1072 426 1167 455 etiam
1183 435 1241 455 suo

172 472 345 512 diplomate
367 469 579 510 confirmavit.
604 468 696 508 Opus
721 475 801 498 esset
831 475 867 499 ut
896 469 1096 499 documentis
1120 469 1152 498 in
1177 479 1241 499 me-

172 517 262 546 dium
285 513 415 555 prolatis
438 513 515 543 haec
537 512 784 550 innotescerent,
809 523 891 553 quae
914 520 1017 543 narrat
1041 513 1242 543 doctissimus

171 559 335 591 Minorum
358 557 530 588 Annalista.
557 556 685 587 Interim
707 567 783 587 vero
806 563 946 595 testatur,
972 557 1241 598 quadripartitam

172 603 318 635 Halensis
346 602 569 642 sseologicam
594 601 758 631 Summam
784 611 802 631 a
825 601 998 632 Guillelmo
1022 601 1060 632 de
1091 602 1244 632 Melitona

172 654 203 679 et
226 646 449 678 consodalibus
463 645 644 686 perfectam
662 645 769 683 fuisse,
786 646 964 676 absolutam
982 646 1241 687 suppletamque:

172 698 204 723 et
221 692 319 722 hocce
339 690 606 730 Supplementum
630 700 648 719 a
671 690 826 730 magistris
850 690 1075 720 Parisiensibus
1100 701 1242 731 compro-

170 736 279 767 batum
304 734 593 774 confirmatumque
617 744 634 764 a
657 733 819 765 Pontifice.
845 735 908 764 Res
924 735 966 765 ita
987 735 1089 766 fuerit.
1108 736 1174 765 Iam
1196 745 1241 766 se-

170 780 280 821 quitur
309 779 474 809 Summam
499 777 587 808 illam
611 780 780 816 virtutum,
801 776 1010 819 quam'instar
1025 780 1244 820 Supplementi

171 825 286 855 tertiae
302 824 412 864 partis
434 822 604 853 confecerit
628 823 695 862 ipse
717 823 878 861 Halensis,
909 824 1081 855 adhibitam
1104 824 1200 855 fuisse
1225 837 1242 856 a

171 868 344 900 Guillelmo
369 868 407 898 de
436 867 608 906 Melitona,
639 877 774 908 eamque
802 874 904 898 totam
931 868 1012 898 inter
1041 869 1241 909 quaestiones

171 913 314 943 eiusdem
333 911 439 943 tertiae
459 911 554 951 partis
573 911 754 951 repositam.
781 912 813 942 Si
830 922 969 952 namque
992 922 1063 943 eam
1079 913 1241 945 elucubra-

170 957 249 988 verit
272 956 369 987 instar
384 956 602 996 Supplementi
625 955 781 994 Halensis,
799 966 854 986 cur
876 956 1006 997 insuper
1026 958 1171 988 eamdem
1187 959 1240 990 ha-

170 1002 242 1032 bere
266 1011 302 1031 ac
325 1000 570 1041 praetermittere
592 1000 746 1030 voluisset
767 999 941 1030 Melitona?
965 1001 1064 1038 Quod
1088 1002 1113 1031 si
1135 1002 1168 1032 in
1192 1013 1240 1035 ea-

171 1046 245 1076 dem
264 1045 415 1076 Summae
444 1044 533 1075 tertia
555 1050 643 1084 parte
673 1043 872 1074 contineatur
894 1044 1009 1075 inserta
1032 1045 1164 1076 Summa
1188 1047 1241 1079 illa

170 1091 340 1126 virtutum,·
362 1099 418 1119 cur
431 1088 612 1119 Secundam
636 1095 759 1128 partem
783 1098 858 1118 suae
874 1088 1042 1119 Secundae
1065 1099 1130 1120 non
1155 1101 1240 1123 acce-

169 1134 251 1174 perit
272 1133 418 1163 Thomas
441 1142 478 1162 ex
501 1132 570 1172 ipsa
592 1132 819 1172 quadripartita
838 1132 982 1171 Summa,
1005 1140 1041 1163 ut
1056 1133 1111 1171 ais,
1133 1135 1187 1164 sed
1204 1146 1241 1167 ex

169 1178 304 1209 Summa
325 1173 503 1207 virtutum?
525 1175 658 1206 Perinde
677 1176 759 1206 foret
774 1182 805 1206 et
819 1176 988 1206 Summam
1005 1178 1150 1208 eamdem
1167 1190 1240 1220 pro-

168 1222 248 1253 ferre
272 1231 307 1252 ac
328 1220 435 1251 tertiae
459 1219 634 1260 praedictae
658 1220 753 1260 partis
777 1221 978 1260 quaestiones
1002 1222 1175 1262 designare,
1204 1231 1242 1255 ut

167 1266 311 1307 plagium
341 1264 405 1295 divi
437 1264 584 1294 Thomae
615 1265 818 1295 evinceretur.
842 1267 886 1295 At
908 1271 1059 1296 neutrum
1089 1266 1240 1299 hactenus

167 1310 371 1352 praestitum,
389 1309 619 1348 necrpraestari
643 1318 788 1350 unquam
810 1309 936 1349 poterit.

163 1353 432 1396 -mssAtq‘ui‘vero
455 1353 589 1383 Summa
613 1353 724 1383 eadem
747 1353 986 1393 quadripartita
1018 1354 1101 1396 typis
1123 1357 1241 1396 prodiit

167 1408 348 1440 numquam
370 1397 507 1438 perfecta
526 1404 557 1427 et
572 1397 734 1428 absoluta:
753 1398 996 1439 patentibusque
1013 1399 1144 1439 lacunis,
1161 1411 1240 1442 quas

166 1443 395 1480 indicavimus,
427 1442 578 1482 abruptae
606 1448 750 1482 prostant
777 1439 946 1480 editiones,
978 1453 1059 1484 quae
1088 1444 1240 1477 hactenus

166 1493 291 1520 curatae
315 1493 390 1518 sunt
412 1495 498 1517 anno
527 1485 604 1525 1481
633 1493 664 1517 et
684 1486 777 1525 1482,
793 1493 824 1516 et
838 1497 923 1516 anno
945 1488 1025 1529 1575
1044 1494 1075 1518 et
1096 1491 1188 1531 1576,
1207 1497 1238 1522 et

165 1532 300 1564 demum
322 1541 408 1562 anno
437 1530 519 1560 1622
544 1530 646 1571 prima
674 1531 963 1571 Norimbergensis‚
994 1532 1090 1563 altera
1119 1534 1240 1566 Veneta

166 1586 203 1614 ac
224 1575 314 1608 tertia
337 1574 549 1607 Coloniensis.
575 1575 660 1605 Hinc
683 1581 907 1615 argumentum
931 1576 1021 1614 redit,
1045 1578 1134 1618 quod
1154 1579 1238 1609 evin-

166 1620 220 1659 cit,
243 1619 391 1652 fictitium
414 1629 497 1659 opus
521 1629 588 1649 esse
611 1619 699 1649 inam
723 1620 877 1650 virtutum
902 1620 1078 1659 Summam,
1099 1633 1181 1663 quae
1200 1624 1239 1654 ab

143 1685 145 1687 >
166 1665 299 1704 Halensi
313 1665 410 1695 instar
422 1664 641 1704 Supplementi
662 1665 778 1694 tertiae
793 1665 902 1704 partis
917 1665 1099 1696 elucubrata
1115 1667 1238 1699 dicitur.

122 1734 126 1738 ,
166 1709 200 1741 si
223 1711 363 1750 namque
386 1708 491 1739 otium
514 1708 608 1738 fuerit
631 1708 702 1748 ipsi,
727 1709 816 1749 quod
839 1708 872 1739 in
896 1709 1066 1740 scribendis
1089 1710 1175 1742 libris
1191 1713 1238 1742 in-

168 1760 318 1792 sumeret,
341 1753 445 1793 ipsam
468 1752 535 1783 sine
559 1752 657 1783 dubio
679 1752 832 1783 Summae
854 1753 1112 1794 quadripartitae
1126 1756 1239 1787 seriem

167 1798 308 1830 hiulcam
339 1804 369 1828 et
393 1797 560 1837 abruptam
590 1797 805 1828 continuasset
833 1804 863 1827 et
885 1797 1084 1837 explevisset:
1116 1810 1238 1831 novum

167 1852 189 1874 o
213 1852 253 1874 us
274 1841 500 1882 diversumque
523 1841 654 1871 molitus
678 1850 744 1871 non
768 1847 857 1871 esset.
884 1842 982 1879 Quod
1005 1849 1185 1882 postremo,
1213 1845 1238 1876 si

209 1886 283 1918 cubi
306 1891 362 1916 aut
383 1884 468 1926 typis
490 1885 613 1915 editum
644 1891 699 1915 aut
722 1885 975 1926 manuscriptum
999 1888 1180 1927 reperiatur,
1205 1890 1238 1920 in

165 1930 273 1963 lucem
289 1929 421 1970 proferri
437 1929 649 1970 postulamus,
667 1936 703 1960 ut
719 1939 793 1960 cum
803 1930 936 1961 Summa
958 1931 1150 1973 Theologica
1167 1944 1236 1965 san-

165 1975 207 2007 cti
230 1974 378 2006 Thomae
401 1974 533 2014 eiusque
548 1973 754 2014 potissimum
774 1974 923 2005 Secunda
942 1975 1111 2008 Secundae
1132 1978 1238 2009 confe-

164 2026 261 2051 ratur.
284 2018 441 2050 Nondum
465 2018 644 2058 comparuit
666 2018 756 2057 illud,
773 2029 876 2060 neque
895 2020 1012 2060 poterit
1027 2031 1172 2062 unquam
1188 2033 1238 2054 ex-

164 2062 286 2103 hiberi,
309 2062 370 2094 nisi
394 2062 524 2094 fortasse
548 2072 587 2093 eo
611 2062 760 2094 audaciae
789 2064 975 2104 processerit
998 2065 1178 2106 quispiam,
1203 2074 1239 2098 ut

164 2106 269 2150 ipsam
291 2107 472 2139 Secundam
489 2107 658 2138 Secundae
680 2107 778 2138 sancti
799 2108 946 2139 Thomae
969 2110 1161 2142 verbotenus
1186 2112 1238 2143 de—

163 2152 297 2191 scribat,
322 2161 457 2193 eamque
486 2151 545 2182 sub
569 2151 717 2182 Doctoris
746 2152 894 2183 Halensis
916 2153 1066 2193 nomine,
1090 2156 1238 2196 apposito

165 2197 319 2228 Summae
341 2197 495 2227 virtutum
519 2195 624 2234 titulo,
648 2196 699 2226 edi
722 2203 818 2227 curet.

233 2240 306 2272 Sive
321 2250 397 2281 ergo
413 2249 560 2271 mancam
575 2246 605 2270 et
619 2240 837 2281 imperfectam
857 2242 1128 2282 quadripartitam
1144 2245 1237 2275 Sum—

164 2294 252 2316 mam
275 2284 422 2316 Halensis
445 2284 614 2315 absolverit
637 2284 828 2316 Guillelmus
859 2286 898 2316 de
921 2287 1073 2318 Melitona
1104 2289 1168 2319 sive
1191 2289 1239 2319 in-

163 2329 312 2361 iunctum
334 2328 482 2370 perficere
505 2338 572 2359 non
595 2329 734 2369 potuerit
757 2330 1045 2371 Supplementum;
1069 2333 1107 2363 de
1131 2333 1238 2374 plagio

164 2373 302 2407 accusari
326 2373 471 2404 Thomas
493 2373 648 2414 Aquinas,
666 2373 726 2404 nisi
745 2384 801 2414 per
819 2385 981 2406 summam
994 2376 1154 2416 iniuriam,
1172 2387 1238 2408 non

162 2425 278 2459 potest.
303 2417 478 2449 Casimirus
501 2417 651 2448 Oudinus
681 2418 713 2448 in
737 2419 853 2459 Elogio
876 2419 976 2460 ipsius
1004 2421 1174 2452 Melitonae
1198 2422 1239 2452 ad

143 2472 287 2493 -annum
314 2471 397 2502 1140
421 2461 464 2492 sic
487 2461 599 2492 habet:
628 2475 643 2490 «
663 2462 744 2492 Illud
775 2470 883 2494 autem
906 2464 1069 2495 Guillelmi
1093 2466 1132 2496 de
1155 2466 1237 2496 Mili-

166 2519 182 2534 »
204 2513 282 2537 tona
306 2506 566 2546 Supplementum
598 2506 789 2546 impressum
823 2514 869 2538 est
896 2518 971 2538 cum
1002 2509 1071 2549 ipsa
1103 2510 1236 2540 Summa

164 2563 180 2578 »
203 2548 467 2594 (quadripartita)
479 2560 534 2580 seu
546 2549 787 2581 Commentario
799 2551 967 2583 Alexandri
983 2553 1140 2592 Halensis,
1152 2555 1236 2594 Lug-

165 2607 180 2623 »
203 2593 282 2626 duni
312 2594 402 2625 annis
436 2595 517 2624 1515
543 2601 574 2624 et
603 2595 703 2632 1516,
727 2595 823 2626 tomis
847 2596 890 2627 lV
912 2597 946 2626 in
969 2607 1001 2637 4,
1025 2598 1111 2638 apud
1135 2600 1236 2629 Anto-

163 2651 180 2667 »
202 2639 294 2670 nium
308 2638 482 2678 Koberger‚
498 2645 534 2669 ut
548 2638 582 2668 in
595 2639 785 2670 Alexandro
794 2640 936 2671 Halensi
949 2652 1044 2682 supra
1059 2642 1205 2673 diximus.
1219 2655 1232 2670 ›

160 2683 480 2716 Animadversionem
504 2682 582 2721 eius,
598 2693 680 2724 quae
703 2683 736 2714 in
759 2684 875 2724 Elogio
898 2685 1067 2716 Alexandri
1091 2687 1237 2717 Halensis

161 2727 288 2769 legitur,
311 2727 467 2767 integram
490 2727 634 2767 profero:
662 2741 677 2756 ι
695 2728 730 2758 In
754 2728 944 2760 bibliotheca
968 2730 1066 2761 sancti
1086 2731 1236 2762 Germani

165 2784 181 2800 ›
204 2772 243 2803 de
266 2771 365 2802 Pratis
387 2771 571 2809 parisiensi,
595 2772 637 2802 ob
662 2782 734 2802 suas
758 2773 903 2814 antiquas
927 2775 1081 2805 editiones
1106 2775 1236 2814 celebri,

165 2828 182 2844 ›
204 2817 337 2847 habetur
359 2815 436 2846 haec
460 2815 556 2846 editio
580 2816 661 2846 facta
683 2817 840 2858 Lugduni
862 2828 947 2849 anno
977 2820 1056 2850 1515
1083 2826 1113 2850 et
1142 2821 1236 2858 1516,

166 2872 183 2888 ι
205 2860 293 2901 apud
314 2861 489 2891 Antonium
519 2860 709 2901 Koberger:
732 2871 831 2902 eaque
856 2869 902 2893 est
924 2863 993 2903 ipsa
1021 2864 1154 2894 Summa
1179 2865 1237 2895 sub

167 2915 183 2932 ›
205 2904 337 2935 nomine
359 2904 542 2934 Alexandri
562 2905 720 2936 Halensis
743 2906 868 2946 saepius
882 2907 1045 2947 impressa,
1061 2915 1097 2938 ut
1110 2909 1238 2939 Norim-

168 2960 184 2975 »
205 2948 319 2988 bergae
343 2948 437 2987 1482,
454 2947 510 2978 fol.
525 2949 665 2979 Venetiis
687 2950 779 2991 1576,
795 2950 851 2981 fol.
868 2950 1024 2982 Coloniae
1044 2953 1137 2983 1622:
1154 2953 1238 2983 unde

167 3004 184 3019 ι
205 2998 292 3032 patet
314 2991 492 3030 evidenter,
516 3002 574 3023 nec
597 2994 851 3034 manuscriptum
874 2995 1007 3026 inveniri
1034 2997 1237 3028 Commenta-

170 3049 186 3064 »
209 3037 294 3066 rium
318 3036 351 3066 in
370 3041 511 3076 quatuor
529 3037 627 3067 libros
641 3037 881 3069 Sententiarum
896 3040 1065 3070 Alexandri
1080 3041 1238 3080 Halensis,

169 3091 186 3108 »
208 3089 266 3110 nec
288 3079 480 3119 impressum
503 3080 608 3119 ullibi,
636 3082 726 3122 quod
748 3083 787 3113 ab
811 3083 880 3123 ipsa
902 3084 969 3114 eius
993 3085 1126 3115 Summa
1143 3083 1239 3127 (qua-

169 3136 184 3152 »
207 3121 382 3166 dripartita)
407 3123 590 3154 distinctum
613 3126 739 3164 probari
762 3127 872 3167 possit.
890 3140 904 3154 »
927 3128 1093 3159 Sorbonici
1108 3130 1240 3170 quidem

168 3174 200 3198 et
222 3167 377 3199 Victorini
401 3167 525 3198 codices
547 3168 735 3200 Parisienses
758 3171 971 3211 adservantur,
986 3173 1020 3203 in
1039 3173 1155 3214 quibus
1171 3174 1240 3214 ipsa

166 3212 406 3256 quadripartita
429 3211 562 3242 Summa
586 3213 762 3252 exhibetur,
794 3225 829 3246 ac
853 3223 1011 3256 praeterea
1033 3223 1140 3248 textus
1165 3219 1238 3248 Ma-

166 3257 265 3299 gistri
287 3256 538 3286 Sententiarum.
555 3258 607 3286 An
622 3257 708 3288 istud
722 3259 830 3290 solum
844 3259 939 3291 fuerit
953 3261 1238 3301 Supplementum‚

169 3300 259 3342 quod
281 3299 434 3330 Melitona
457 3298 653 3331 confecerit?

236 3344 350 3375 Eidem
368 3343 539 3374 Melitonae
558 3344 751 3377 coniectatur
768 3347 887 3377 Natalis
903 3348 1080 3379 Alexander
1101 3349 1240 3379 tribuen-

169 3389 246 3419 dam
268 3388 375 3429 potius
399 3388 466 3418 fore
489 3388 654 3419 Summam
679 3391 845 3428 virtutum,
862 3391 888 3421 si
902 3392 1033 3432 quidem
1049 3392 1176 3432 uspiam
1191 3403 1239 3423 ea-

168 3433 245 3463 dem
267 3439 375 3470 exstet‚
400 3442 498 3473 quam
512 3432 692 3463 Alexandro
707 3434 745 3464 de
760 3435 873 3465 Hales:
888 3435 1026 3476 indeque
1040 3436 1240 3466 verisimilius

168 3487 236 3507 esse
260 3476 380 3517 colligit
412 3476 623 3507 Guillelmum
654 3477 692 3507 de
720 3478 872 3509 Melitona
895 3479 1059 3509 Summam
1085 3481 1238 3510 virtutum

169 3521 325 3561 accepisse
341 3531 378 3552 ex
393 3521 541 3551 Secunda
560 3521 727 3552 Secundae
743 3523 841 3553 sancti
857 3522 1015 3560 Thomae,
1030 3533 1128 3564 quam
1142 3523 1240 3554 istum

161 3574 207 3599 ,ex
229 3565 285 3595 illo
309 3565 475 3607 quidpiam
498 3571 681 3595 mutuatum
700 3575 776 3597 esse.
792 3567 950 3597 Neutrum
965 3567 1154 3598 coniecerim
1168 3578 1238 3608 ego.

169 3608 322 3640 Summae
345 3620 420 3640 suae
438 3615 504 3640 tres
512 3615 638 3650 partes,
654 3610 805 3649 Primam,
829 3611 1009 3642 Secundam
1032 3618 1063 3642 et
1085 3622 1166 3652 quae
1185 3612 1239 3642 Se-

2263 274 2372 299 CCXIII

1297 337 1401 367 cunda
1426 338 1593 368 Secundae
1615 338 1766 378 appellari
1790 338 1887 377 solet,
1911 339 2039 379 scripsit
2061 339 2204 380 Aquinas
2228 345 2371 380 tempore

1296 381 1392 412 huius
1414 383 1577 423 Pontificis
1600 380 1788 424 (Clementis
1812 383 1866 420 IV,
1891 383 1930 413 ad
1954 383 2126 414 Summum
2144 383 2369 415 Pontificatum

1297 425 1347 455 die
1375 427 1389 455 5
1416 426 1562 456 februarii
1586 437 1670 457 anno
1700 428 1779 457 1265
1807 425 1918 469 evecti)
1943 433 1974 458 et
1995 429 2156 468 sequentis
2180 430 2367 466 vacationis,

1298 469 1337 498 ad
1361 480 1482 500 annum
1506 481 1607 511 usque
1636 481 1729 512 1271,
1754 481 1820 512 quo
1844 471 2016 511 Gregorius
2039 472 2079 510 X,
2104 482 2179 502 cum
2195 473 2306 502 absens
2321 473 2368 503 fo-

1298 519 1354 551 ret,
1379 514 1495 545 electus
1518 515 1578 545 suit
1601 515 1651 545 die
1681 526 1690 545 1
1719 516 1904 556 septembris
1934 516 1984 546 vel
2008 516 2102 546 etiam
2126 526 2228 556 usque
2252 517 2291 546 ad
2313 527 2368 546 an-

1298 567 1378 588 num
1401 558 1622 599 insequentem
1651 569 1744 601 1272,
1769 570 1836 600 quo
1859 560 2035 590 diademate
2059 570 2147 591 sacro
2163 560 2213 590 die
2229 570 2269 602 27
2286 571 2368 590 mar-

1298 601 1331 632 tii
1355 602 1518 634 redimitus
1543 610 1608 641 est,
1639 610 1675 634 ut
1706 604 1911 634 Ptolomaeus
1945 605 2096 635 Lucensis
2127 604 2238 635 diserte
2268 611 2366 635 notat.

1297 647 1396 687 Atqui
1419 657 1493 677 vero
1518 647 1728 678 Guillelmum
1752 648 1790 678 de
1814 649 1965 679 Melitona
1984 655 2056 679 ante
2072 659 2194 679 annum
2214 649 2294 688 1248
2311 649 2368 679 flo-

1298 691 1413 729 ruisse,
1437 691 1564 732 vitaque
1587 692 1713 722 mortali
1736 692 1885 732 migrasse
1909 693 1990 724 circa
2012 703 2134 724 annum
2163 694 2244 723 1260
2270 693 2368 724 docu-

1298 742 1404 765 menta
1428 736 1554 773 docent,
1578 746 1659 776 quae
1683 736 1816 767 afferunt
1839 738 2018 777 Wadingus
2042 744 2073 768 et
2095 737 2267 768 Echardus.
2288 737 2366 768 Viro

1298 790 1372 809 suae
1396 780 1503 810 aetatis
1528 780 1700 810 clarissimo
1724 781 1866 820 postillas
1891 782 1954 812 sive
1978 781 2235 812 Commentarios
2259 781 2369 812 tribuit

1297 824 1487 854 Possevinus
1511 825 1543 854 in
1575 825 1842 862 Pentateuchum‚
1869 827 1901 855 in
1925 826 2090 856 duodecim
2114 827 2307 866 Prophetas,
2333 827 2366 856 in

1296 868 1473 907 Epistolam
1498 868 1542 898 ad
1553 868 1722 898 Hebraeos
1744 879 1779 898 ac
1795 869 1965 900 Sermones
1993 872 2025 900 in
2049 871 2242 911 Evangelia.
2268 870 2367 901 Com-

1297 912 1506 942 mentationes
1522 913 1553 942 in
1572 912 1706 942 Cantica
1726 912 1932 943 Canticorum
1948 919 1978 944 et
1991 924 2089 954 super
2106 915 2366 945 Ecclesiasticum

1296 956 1383 986 addit
1406 956 1579 993 Echardus‚
1603 956 1658 996 qui
1681 956 1786 986 virum
1806 957 2045 988 celeberrimum
2061 958 2291 989 restituendum
2306 959 2366 990 Or-

1297 999 1362 1029 dini
1386 999 1518 1030 fratrum
1541 999 1705 1030 Minorum
1728 1001 1840 1030 lubens
1869 1002 2010 1040 agnoscit
2033 1009 2063 1033 et
2087 1003 2216 1033 candide
2241 1003 2364 1033 fatetur.

1295 1043 1441 1073 Postillas
1465 1044 1601 1084 denique
1625 1044 1799 1074 Casimirus
1823 1045 1971 1076 Oudinus
1991 1047 2076 1076 addit
2092 1048 2123 1076 in
2140 1047 2365 1078 Ecclesiastem

1297 1093 1327 1117 et
1351 1089 1382 1117 in
1408 1087 1605 1127 Sapientiam
1630 1088 1821 1119 Salomonis.
1846 1091 1888 1119 At
1921 1091 2074 1120 virtutum
2108 1091 2293 1128 Summam,
2326 1092 2364 1122 de

1295 1141 1359 1171 qua
1383 1131 1517 1171 agimus,
1542 1142 1638 1162 nemo
1663 1142 1746 1162 unus
1770 1140 1826 1171 est,
1851 1133 1906 1173 qui
1931 1144 1989 1174 pro
2013 1134 2182 1165 Melitonae
2206 1135 2293 1166 foetu
2310 1136 2366 1166 ha-

1296 1175 1408 1205 buerit.

1363 1219 1454 1256 Quae
1479 1220 1610 1250 demum
1639 1220 1766 1258 omnia,
1790 1221 1925 1251 totidem
1956 1222 2148 1252 validissima
2172 1230 2251 1262 puto
2275 1233 2365 1263 argu-

1296 1269 1420 1301 menta,
1445 1270 1481 1294 ut
1504 1263 1611 1294 fictitia
1635 1264 1766 1295 demum
1791 1265 1951 1296 evincatur
1974 1266 2085 1296 eadem
2109 1267 2241 1297 Summa
2266 1269 2365 1298 virtu-

1296 1313 1373 1338 tum.
1399 1307 1590 1349 Caeteroqui
1614 1318 1688 1338 vero
1722 1309 1754 1339 in
1778 1319 1929 1349 germano
1963 1320 2058 1350 opere
2082 1321 2161 1349 su0,
2194 1311 2309 1342 scilicet
2332 1313 2364 1342 in

1295 1352 1429 1383 Summa
1453 1353 1710 1393 quadripartita,
1735 1354 1859 1384 tametsi
1883 1364 1997 1384 manco
2028 1362 2059 1385 et
2088 1355 2302 1396 incompleto,
2327 1356 2366 1386 de

1295 1396 1439 1437 pluribus
1463 1397 1562 1437 egisse
1584 1397 1751 1428 virtutibus
1774 1398 1991 1429 Alexandrum
2015 1399 2053 1429 de
2069 1399 2164 1429 Hales
2186 1407 2270 1430 certo
2291 1411 2366 1431 con-

1295 1447 1356 1471 stat
1378 1451 1414 1471 ex
1438 1441 1494 1471 illo
1518 1441 1744 1482 quaestionum
1768 1443 1911 1481 elencho,
1936 1453 2033 1483 quern
2050 1443 2201 1474 hactenus
2222 1445 2292 1475 data
2313 1454 2365 1474 oc-

1295 1485 1421 1516 casione
1450 1486 1605 1516 dedimus.
1630 1486 1762 1517 Disserit
1791 1487 1910 1528 quippe
1933 1488 1973 1518 de
1990 1488 2063 1528 fide
2087 1487 2237 1528 informi,
2263 1489 2366 1529 deque

1284 1530 1357 1571 fide
1369 1530 1533 1571 formata,
1558 1531 1599 1561 de
1620 1535 1676 1571 spe
1699 1531 1842 1572 informi,
1867 1531 1907 1562 de
1930 1533 2044 1562 timore
2065 1533 2185 1569 servili,
2211 1532 2250 1562 de
2272 1542 2365 1563 scan-

1294 1575 1385 1612 dalo,
1415 1575 1455 1606 de
1477 1576 1641 1612 oratione,
1673 1575 1713 1606 de
1736 1577 1864 1606 ieiunio.
1896 1576 2033 1606 Easdem
2062 1583 2171 1606 movet
2201 1583 2366 1617 versatque

1294 1619 1439 1649 Thomas
1462 1619 1663 1660 quaestiones
1686 1619 1719 1649 in
1743 1620 1887 1650 Secunda
1911 1621 2085 1658 Secundae,
2109 1627 2229 1661 quaest.
2246 1631 2257 1651 1
2276 1621 2316 1651 de
2319 1622 2365 1662 fi-

1294 1663 1344 1700 de,
1369 1670 1490 1704 quaest.
1515 1674 1578 1693 xvn
1601 1663 1641 1694 de
1663 1673 1728 1704 spe,
1747 1671 1866 1704 quaest.
1885 1675 1935 1694 xix
1950 1665 1990 1695 de
2006 1666 2130 1702 timore,
2147 1671 2267 1706 quaest.
2283 1675 2366 1696 xxxn

1294 1708 1334 1738 de
1357 1709 1572 1748 eleemosyna,
1589 1715 1709 1748 quaest.
1725 1719 1798 1739 xmn
1821 1709 1861 1739 de
1874 1709 2039 1747 scandalo,
2055 1716 2175 1752 quaest.
2192 1720 2305 1739 r.xxx111
2327 1710 2367 1740 de

1294 1753 1451 1790 oratione,
1476 1758 1596 1793 quaest.
1622 1762 1723 1782 chvn
1746 1753 1786 1782 de
1809 1754 1937 1784 ieiunio.
1962 1754 2106 1794 Utroque
2130 1753 2162 1784 in
2187 1760 2315 1784 auctore
2339 1754 2365 1784 si

1294 1797 1470 1836 praedictae
1494 1796 1674 1836 diligentius
1698 1796 1899 1828 conferantur
1921 1798 2134 1838 quaestiones,
2151 1798 2229 1828 nihil
2244 1808 2318 1828 sane
2332 1798 2366 1828 in

1294 1841 1423 1871 Thoma
1447 1840 1702 1881 deprehenditur,
1727 1842 1815 1882 quod
1840 1842 2028 1872 verbotenus
2043 1852 2205 1872 coi-rasum
2221 1842 2314 1873 fuerit
2328 1853 2365 1873 ex

1294 1885 1445 1915 Halensi:
1475 1885 1626 1926 ipsaeque
1656 1885 1856 1926 quaestiones
1890 1896 1992 1927 neque
2020 1887 2230 1925 resolutione,
2261 1897 2365 1927 neque

1294 1930 1479 1966 rationibus,
1504 1939 1608 1971 neque
1631 1930 1835 1969 argumentis,
1852 1941 1956 1971 neque
1973 1931 2244 1971 responsionibus,
2261 1941 2365 1972 neque

1294 1975 1426 2005 demum
1450 1974 1532 2015 stylo
1556 1974 1760 2004 conveniunt.

1362 2019 1413 2049 111.
1439 2018 1652 2059 Dispendium
1681 2028 1796 2058 operae
1820 2025 1982 2059 postremo
2015 2020 2088 2049 loco
2113 2029 2179 2050 non
2202 2019 2313 2057 fuerit,
2338 2019 2364 2049 si

1293 2064 1491 2094 decantatam
1514 2063 1602 2093 illam
1631 2062 1730 2093 nostri
1755 2063 1941 2094 sanctissimi
1969 2063 2136 2104 Aquinatis
2166 2063 2365 2104 disciplinam

1294 2108 1353 2138 sub
1377 2107 1545 2138 Alexandri
1570 2107 1716 2137 Halensis
1744 2107 1924 2147 magisterio
1957 2108 2065 2148 paucis
2089 2108 2274 2148 expendam.
2300 2108 2363 2138 Ne-

1292 2153 1359 2183 scio
1382 2152 1460 2193 quid
1481 2153 1540 2183 hoc
1562 2152 1726 2192 opprobrii
1747 2162 1852 2182 secum
1871 2152 1969 2192 ferat
1990 2150 2047 2194 (ait
2060 2152 2239 2191 Wadingus
2255 2152 2293 2182 ad
2310 2162 2363 2182 an-

1294 2207 1374 2227 num
1403 2197 1496 2236 1245,
1521 2206 1656 2226 numero
1682 2194 1743 2238 24)
1768 2196 1875 2227 divum
1901 2197 2051 2226 Thomam
2076 2197 2204 2226 Alensis
2226 2196 2363 2236 discipu-

1294 2242 1360 2271 lum
1375 2240 1516 2282 fuisse?
1539 2240 1625 2270 Nihil
1648 2250 1752 2281 neque
1781 2250 1839 2270 nos
1864 2241 2133 2270 contumeliosum
2157 2247 2188 2270 et
2210 2240 2363 2270 iniurium

1294 2292 1403 2316 sancto
1428 2285 1574 2315 Thomae
1598 2285 1750 2325 Aquinati
1774 2284 1806 2314 in
1830 2285 1888 2314 hac
1911 2295 1986 2314 cum
2008 2285 2079 2324 ipso
2099 2284 2262 2324 VVadingo
2278 2284 2363 2314 vide-

1294 2339 1468 2370 mus‚quae
1483 2329 1688 2364 subHalensi
1703 2329 1854 2368 magistro
1871 2329 2035 2369 disciplina
2052 2329 2242 2359 decantatur.
2259 2329 2363 2366 Quae-

1294 2374 1431 2404 stionem
1455 2373 1527 2403 facti
1551 2383 1723 2411 versamus,
1740 2373 1773 2403 in
1797 2383 1859 2414 qua
1883 2373 1994 2403 veritas
2010 2373 2188 2414 quaerenda
2204 2380 2260 2411 est,
2277 2383 2316 2403 ne
2330 2373 2363 2403 in

1294 2428 1431 2448 errorem
1454 2417 1575 2448 veritati
1606 2417 1759 2447 iniurium
1782 2417 1889 2447 minus
1918 2417 2054 2448 consulti
2082 2417 2364 2458 imprudentesque

1292 2462 1479 2493 incidamus.

1359 2507 1541 2547 Suspensae
1563 2505 1607 2536 ad
1629 2506 1698 2536 eius
1720 2503 1896 2548 (Halensis)
1913 2507 2098 2536 memoriam
2115 2506 2155 2536 ab
2169 2507 2300 2546 antiquo
2317 2511 2365 2536 ta-'

1292 2551 1394 2581 bellae
1422 2549 1538 2593 (pergit
1567 2549 1758 2580 clarissimus
1787 2550 1951 2581 Minorum
1981 2549 2159 2593 Annalista)
2189 2551 2248 2581 hoc
2280 2552 2364 2580 inter

1293 2596 1418 2636 reliqua
1443 2594 1629 2625 inscribitur
1651 2594 1828 2625 distichon:

1364 2683 1435 2721 Quo
1459 2683 1540 2714 duce
1556 2684 1782 2724 praemonitus
1805 2684 1837 2713 in
1856 2683 1983 2724 proelia
2007 2683 2101 2713 divus
2122 2683 2278 2723 Aquinas,

1364 2728 1526 2768 Quotquot
1549 2733 1579 2758 et
1602 2737 1702 2768 usque
1725 2728 1808 2768 legis
1821 2727 1950 2768 fortius
1972 2737 2066 2757 arma
2088 2732 2219 2768 gerunt.

1293 2816 1368 2847 Hoc
1391 2817 1494 2856 ipsum
1514 2815 1664 2856 praefert
1687 2816 1826 2846 eiusdem
1850 2817 2000 2846 Doctoris
2016 2817 2124 2856 imago
2138 2815 2295 2855 quaedam
2313 2824 2362 2845 ve-

1294 2866 1413 2891 tustate
1436 2870 1543 2898 exesa,
1569 2860 1612 2890 ad
1635 2861 1799 2890 introitum
1827 2860 1969 2900 Capituli
1985 2865 2158 2890 conventus
2171 2860 2363 2889 Parisiensis

1294 2905 1434 2945 depicta,
1465 2906 1498 2935 in
1522 2915 1586 2945 qua
1615 2905 1708 2935 divus
1737 2905 1969 2934 Bonaventura
1993 2914 2032 2934 ac
2061 2909 2192 2934 sanctus
2227 2904 2363 2933 Thomas

1294 2949 1437 2980 docentis
1459 2950 1610 2990 magistri
1640 2948 1735 2979 verba
1767 2949 1938 2988 excipiunt.
1964 2948 2088 2978 Scilicet
2116 2954 2147 2986 et
2170 2947 2291 2977 fabulas
2315 2957 2363 2977 ca-

1295 3000 1376 3023 nunt
1399 2993 1540 3033 parietes.
1566 2992 1774 3033 Epitaphium
1804 2992 1949 3022 Halensis
1973 2992 2076 3031 primo
2105 2991 2172 3021 eius
2195 2991 2291 3031 lapidi
2315 3001 2362 3021 se-

1295 3037 1427 3078 pulcrali
1451 3037 1658 3078 inscriptum,
1689 3037 1840 3067 mutilum
1863 3036 2013 3066 hactenus
2037 3035 2175 3073 editum,
2204 3035 2363 3075 integrum

1295 3081 1415 3122 profert
1438 3082 1570 3112 Iacobus
1594 3081 1766 3119 Echardus‚
1791 3080 1982 3119 descriptum
1998 3090 2035 3109 ex
2050 3079 2157 3110 codice
2172 3090 2230 3109 ms.
2247 3079 2363 3110 saeculi

1295 3125 1492 3156 tertiidecimi
1516 3125 1549 3155 in
1573 3125 1762 3155 bibliotheca
1785 3124 1958 3155 Sorbonica
1988 3124 2150 3154 adservato
2175 3123 2230 3154 fol.
2255 3134 2360 3163 magn.

1295 3170 1470 3200 membran.
1496 3169 1551 3210 qui
1576 3176 1622 3200 est
1645 3169 1739 3199 altera
1763 3178 1832 3208 pars
1847 3168 1999 3198 Summae
2019 3168 2276 3208 quadripartitae
2298 3168 2361 3198 Ha-

1295 3214 1400 3244 lensis.
1424 3214 1527 3244 Verba
1551 3220 1643 3244 sunt:
1671 3227 1686 3242 o<
1708 3213 1743 3242 In
1767 3213 1887 3250 tumba,
1903 3222 1984 3252 quae
2008 3212 2047 3242 de
2062 3212 2180 3242 directo
2197 3212 2290 3242 distat
2306 3222 2362 3251 per

1297 3271 1312 3285 ι
1335 3268 1434 3288 unam
1448 3258 1594 3287 tumbam
1610 3258 1647 3287 ab
1662 3256 1792 3287 introitu
1804 3256 1891 3287 chori
1901 3256 2047 3287 ecclesiae
2057 3255 2189 3286 fratrum
2198 3256 2362 3286 Minorum

1298 3315 1312 3329 2»
1334 3301 1477 3339 Parisiis,
1500 3301 1577 3331 haec
1601 3302 1788 3331 scribuntur.
1814 3301 1848 3330 In
1868 3300 2069 3330 tabernaculo
2092 3300 2201 3340 capitis
2216 3299 2361 3338 imaginis

1297 3358 1312 3373 ›
1335 3345 1476 3385 sculptae
1499 3345 1532 3374 in
1556 3345 1638 3375 dicta
1660 3345 1771 3375 tumba
1794 3344 1952 3374 scribitur:
1976 3345 2044 3375 Hic
2066 3345 2148 3374 iacet
2156 3343 2272 3383 frater
2287 3344 2360 3373 Ale-

1298 3402 1313 3416 »
1334 3389 1463 3419 xander
1484 3388 1524 3418 de
1545 3389 1661 3426 Hales,
1686 3390 1742 3429 qui
1763 3389 1839 3419 obiit
1862 3398 1948 3418 anno
1972 3389 2105 3418 Domini
2122 3387 2215 3424 1245,
2241 3397 2284 3416 ΧΠ
2306 3387 2362 3417 ka-

1298 3446 1312 3460 »
1336 3433 1448 3462 lendas
1470 3433 1664 3472 septembris.
1690 3433 1725 3462 In
1749 3432 1880 3462 circuitu
1910 3432 2009 3462 dictae
2032 3432 2160 3461 tumbae
2184 3431 2362 3461 scribuntur

1297 3489 1312 3503 »
1334 3476 1357 3505 ii
1380 3483 1505 3506 versus:
1533 3476 1864 3512 Gloria·Doctorum,
1898 3475 1995 3506 decus
2018 3481 2048 3505 et
2061 3476 2132 3515 flos
2158 3475 2359 3515 philosopho-

1298 3533 1313 3547 »
1335 3530 1407 3549 rum
1432 3526 1490 3550 etc.
1510 3531 1524 3546 »
1551 3526 1588 3550 ut
1610 3520 1696 3559 apud
1718 3519 1926 3559 Wadingum.
1952 3520 1986 3549 In
2009 3519 2058 3549 his
2077 3519 2268 3549 carminibus
2284 3519 2359 3550 tiro-

1296 3563 1369 3594 cinii
1393 3563 1431 3593 ab
1455 3563 1613 3604 Aquinate
1637 3563 1732 3603 positi
1747 3564 1805 3593 sub
1820 3563 1970 3602 magistro
1984 3563 2115 3593 Halensi
2129 3563 2249 3594 mentio
2264 3563 2362 3597 nulla:

1296 3608 1380 3638 unde
1404 3607 1556 3638 evincitur
1579 3614 1649 3638 tum
1679 3607 1774 3638 aliam
1796 3607 1993 3648 superiorem
2016 3607 2149 3648 elegiam
2176 3608 2216 3638 ad
2231 3618 2363 3639 murum
