2548 4192
196 269 255 295 ClV

198 336 381 377 Evangelia
409 335 498 375 Opus
512 334 781 364 mirabilissimum
803 341 844 362 ex
862 331 954 361 dictis
977 329 1116 359 omnium
1133 326 1265 376 Sancto-

197 391 270 411 rum
291 380 477 421 recollegit:
505 379 558 409 ubi
581 388 690 408 eorum
715 377 800 407 dicta
823 377 870 405 sic
892 373 1071 408 contexuit,
1096 380 1136 400 ac
1157 379 1184 399 si
1202 378 1266 409 per

198 435 297 455 unum
321 425 424 455 solum
448 423 683 454 ordinatissime
706 425 810 451 essent
824 419 933 460 facta.
1103 458 1110 464 ⁶

263 469 394 499 Novum
415 468 543 504 accedit,
566 466 707 505 illudque
726 463 932 504 praeclarum,
951 460 1170 508 testimoninm
1183 456 1264 498 fra-

197 514 257 544 tris
278 512 421 543 Conradi
443 511 483 542 de
504 511 633 546 Suessa,
653 508 827 539 sacerdotis
849 505 981 536 Ordinis
998 502 1262 533 Praedicatorum

197 558 331 598 antiqui.
350 556 494 586 Perhibet
516 555 594 594 ipse,
618 554 705 583 testis
728 553 844 582 citatus
865 554 895 579 et
913 550 1040 578 iuratus
1058 547 1091 576 in
1109 546 1262 595 Processu

197 600 442 632 canonizationis
467 609 533 638 cap.
549 608 579 635 v,
606 607 636 627 n.
653 605 695 637 47
720 595 804 634 apud
828 593 1075 623 Continuatores
1098 590 1261 639 Bollandif

201 645 294 683 Quod
312 644 460 685 cognovit
483 648 514 673 et
532 641 608 672 vidit
627 650 697 670 eum
714 635 909 680 (Thomam)
925 642 955 666 et
969 639 1177 666 conversatus
1189 633 1264 683 fuit

197 700 267 721 cum
293 698 328 719 eo
345 687 496 728 pluribus
518 686 613 715 annis
635 683 788 722 Neapoli,
812 682 934 711 Romae
957 685 988 710 et
1011 680 1043 709 in
1076 678 1261 708 Urbeveteri

197 740 337 773 tempore
351 731 416 772 fel.
436 740 498 760 rec.
522 729 654 759 Domini
680 727 804 757 Urbani
826 726 953 765 Papae:
977 723 1030 754 ubi
1046 723 1087 753 de
1109 722 1261 752 mandato

196 787 254 808 suo
277 776 358 806 idem
371 774 487 815 frater
514 773 650 803 Th0mas
664 770 750 812 fecit
763 769 988 810 Expositiones
1005 776 1104 807 super
1122 771 1262 815 quatuor

194 820 392 860 Evangeliis.
412 819 536 848 Locum
555 816 765 846 animadverte
790 813 906 844 scilicet
940 812 1207 847 Urbemveterem,
1228 820 1261 839 m

195 874 306 905 quam,
330 862 469 894 Viterbio
494 860 617 898 relicto,
642 865 807 889 secesserat
830 858 976 888 Urbanus
1000 865 1084 885 anno
1115 855 1195 885 1262
1221 854 1261 884 ad

192 908 289 939 finem
318 912 479 946 vergente:
512 905 565 935 ubi
587 904 746 941 Thomas,
766 903 893 933 iubente
921 899 1093 937 Pontifice,
1118 905 1261 929 mentem

194 961 386 992 operamque
410 949 561 990 applicuit
582 955 617 979 ut
643 954 780 989 quatuor
798 945 1045 985 Evangeliorum
1064 950 1181 974 texeret
1200 943 1260 973 Ex-

192 995 392 1037 positionem.
418 993 598 1025 Urbeveteri
621 993 670 1022 die
686 1003 704 1032 9
721 990 905 1031 septembris
924 989 998 1019 anni
1019 989 1102 1028 1264
1121 988 1262 1019 discessit

192 1041 348 1078 Urbanus,
368 1046 567 1078 mortemque
587 1036 718 1067 Tuderti
739 1036 787 1065 die
805 1045 821 1065 2
838 1034 975 1065 octobris
995 1033 1091 1064 obiit:
1115 1033 1260 1073 adeoque

190 1085 270 1115 intra
288 1083 405 1114 biennii
420 1083 558 1123 spatium
580 1088 649 1112 tum
664 1080 848 1111 continuam
868 1078 1110 1118 Expositionem
1126 1078 1158 1108 in
1174 1078 1260 1108 Mat-

190 1129 315 1159 thaeum
340 1127 510 1167 complevit
528 1126 670 1166 Aquinas
695 1124 870 1164 dicavitque
894 1122 1059 1160 Pontifici;
1090 1129 1162 1152 tum
1185 1122 1260 1152 alias

189 1179 350 1213 paraverat
372 1171 593 1212 Expositiones
624 1171 655 1200 in
679 1170 850 1206 Marcum,
880 1168 1002 1198 Lucam
1027 1172 1057 1198 et
1080 1166 1258 1205 Ioannem,

188 1227 267 1258 quas
290 1223 364 1257 post
382 1216 523 1246 eiusdem
547 1214 664 1245 Urbani
687 1213 811 1244 obitum
835 1212 987 1252 perfectas
1020 1211 1260 1252 completusque

188 1261 343 1301 inscripsit
361 1259 562 1291 Hannibaldo
582 1259 612 1290 S.
630 1259 666 1288 R.
682 1258 718 1288 E.
733 1258 918 1298 Presbytero
939 1256 1108 1287 Cardinali.

255 1305 349 1336 Hisce
374 1305 505 1335 demum
533 1302 717 1344 synchronis
745 1301 999 1342 supparibusque
1028 1300 1160 1332 testibus
1185 1311 1259 1331 con·

189 1349 327 1380 sentiunt
341 1348 494 1390 sequioris
509 1348 576 1378 aevi
591 1346 818 1387 diligentissimi
834 1346 1012 1387 scriptores,
1022 1345 1260 1377 Valleoletanus

188 1401 218 1424 et
239 1394 402 1434 Pignonus
426 1393 510 1433 apud
534 1392 724 1430 Echardum,
740 1398 771 1422 et
793 1402 817 1422 s.
836 1390 1021 1421 Antoninus
1044 1390 1077 1420 in
1096 1389 1259 1421 Chronico

191 1445 276 1479 parte
297 1439 348 1476 ΙΙΙ,
373 1437 465 1469 titulo
484 1447 569 1475 xvm,
594 1436 694 1477 capite
712 1446 742 1474 x,
766 1435 794 1476 ξ.
821 1446 868 1466 11.

258 1483 294 1513 11.
319 1482 476 1514 Omnium
500 1481 634 1522 denique
663 1480 896 1521 amplissimum
925 1480 963 1510 de
988 1479 1093 1519 Opere
1118 1489 1177 1510 suo
1203 1479 1261 1510 fert

188 1527 255 1567 ipse
274 1527 417 1558 Thomas
436 1526 664 1557 testimonium.
689 1525 766 1555 Eius
786 1531 891 1556 extant
914 1524 946 1555 in
966 1523 1128 1555 codicibus
1148 1534 1261 1555 manu-

187 1571 309 1611 scriptis
339 1571 492 1612 editisque
523 1570 672 1610 exemplis
703 1569 953 1610 nuncupatoriae
983 1568 1134 1609 epistolae
1159 1569 1261 1608 duae,

184 1626 263 1656 quas
285 1616 445 1647 hactenus
468 1615 646 1646 criticorum
667 1624 763 1644 nemo
787 1621 842 1645 aut
865 1614 990 1645 reiicere
1009 1623 1106 1644 ausus
1133 1620 1179 1644 est
1208 1620 1263 1645 aut

184 1660 217 1690 in
241 1657 380 1691 dubium
402 1670 533 1698 vocare,
562 1659 720 1689 Matthaei
741 1659 924 1701 Evangelio
955 1658 1070 1697 altera,
1101 1668 1137 1689 ac
1166 1658 1262 1690 altera

186 1706 304 1735 Marco
324 1712 354 1735 et
372 1705 479 1735 Lucae
493 1714 528 1734 ac
542 1703 660 1734 Ioanni
678 1702 832 1744 praefixa;
856 1703 973 1745 quibus
992 1703 1182 1743 impositum
1202 1703 1260 1734 sibi

185 1750 222 1779 ab
238 1750 367 1780 Urbano
389 1755 501 1790 quarto
520 1747 673 1779 Pontifice
688 1748 829 1779 Maximo
850 1758 980 1786 munus,
1001 1747 1260 1789 completamque

185 1793 286 1824 adhuc
306 1803 344 1824 eo
364 1793 396 1823 in
416 1793 494 1823 vivis
518 1799 627 1833 agente
646 1793 890 1834 Expositionem
909 1794 941 1823 in
962 1793 1176 1830 Matthaeum‚
1193 1803 1258 1824 ma-

186 1848 264 1868 num
288 1837 433 1868 ultimam
457 1844 529 1878 post
560 1837 627 1868 eius
659 1837 785 1868 obitum
808 1837 931 1878 integro
961 1837 1048 1878 operi
1073 1837 1258 1876 admotam,

186 1882 384 1923 susceptique
408 1882 539 1912 demum
562 1882 678 1913 laboris
701 1882 893 1914 methodum
916 1892 952 1913 ac
971 1882 1143 1922 rationem,
1168 1883 1257 1914 lucu-

184 1926 354 1957 lentissime
378 1933 481 1957 narrat
503 1926 570 1967 ipse
594 1937 629 1957 ac
653 1927 798 1958 declarat.

250 1971 492 2012 Nuncupatoria
503 1971 590 2011 prior
605 1971 643 2001 ad
662 1971 828 2002 Urbanum
843 1971 1034 2002 Pontificem
1049 1971 1193 2012 Epistola
1209 1971 1257 2003 in-

186 2015 276 2055 cipit:
294 2016 499 2046 Sanctissimo
515 2026 554 2046 ac
569 2016 845 2052 Reverendissimo
860 2017 953 2047 Patri
965 2016 1105 2047 Domino
1125 2016 1257 2048 Urbano

185 2060 293 2090 divina
304 2060 508 2100 providentia
523 2061 630 2101 Papae
648 2060 774 2098 Quarto
781 2060 898 2101 frater
921 2061 1059 2092 Thomas
1074 2061 1115 2092 de
1129 2062 1257 2102 Aquino

189 2103 320 2135 Ordinis
335 2105 488 2136 Fratrum
504 2105 778 2144 Praedicatorum,
791 2116 862 2137 cum
878 2106 992 2137 devota
1007 2107 1189 2137 reverentia
1198 2116 1256 2147 pe-

184 2148 258 2179 dum
274 2149 383 2180 oscula
399 2150 572 2180 beatorum.
589 2150 680 2180 Hanc
695 2161 794 2181 unam
817 2152 849 2182 in
864 2151 1081 2192 Evangelium
1098 2151 1259 2182 Matthaei

183 2192 352 2233 perfectam
371 2204 389 2224 a
407 2194 536 2225 Thoma
554 2194 797 2236 Expositionem
816 2202 888 2227 ante
908 2195 1118 2226 emortualem
1138 2195 1258 2227 Urbani

185 2237 268 2268 diem
289 2248 306 2268 2
328 2238 464 2269 octobris
483 2239 556 2269 anni
578 2240 660 2280 1264
677 2240 844 2282 eidemque
863 2239 1010 2271 Pontifici
1039 2247 1257 2281 nuncupatam

184 2282 247 2312 iam
271 2283 501 2314 adnotavimus.
527 2284 617 2321 Quae
642 2291 745 2316 narrat
768 2295 843 2316 vero
867 2285 935 2326 ipse
954 2285 1111 2324 Thomas,
1136 2295 1257 2327 quaeve

184 2327 383 2357 admonenda
407 2328 445 2358 de
469 2338 563 2368 opere
588 2329 771 2360 elucubrato
796 2329 896 2369 duxit,
920 2329 997 2361 haec
1021 2337 1112 2361 sunt:
1145 2341 1171 2361 1.
1190 2330 1258 2362 Sibi

185 2373 384 2402 commissum
400 2382 418 2402 a
432 2372 567 2403 Summo
582 2373 735 2405 Pontifice
755 2374 885 2405 Urbano
905 2381 1019 2416 quarto
1042 2381 1078 2406 ut
1098 2375 1259 2406 Matthaei

185 2415 399 2457 Evangelium
416 2418 737 2450 commentationibus
753 2419 947 2460 explanaret:
971 2429 999 2450 2.
1011 2418 1176 2451 Consultis
1187 2429 1256 2460 per-

184 2459 334 2500 lectisque
347 2461 482 2492 diversis
495 2462 659 2494 doctorum
675 2464 776 2501 libris,
789 2463 966 2495 confectam
975 2464 1138 2505 praedicti
1146 2464 1257 2495 Evan-

184 2505 263 2545 gelii
276 2505 514 2545 Expositionem
530 2508 728 2538 continuam:
744 2509 772 2539 3.
784 2508 934 2540 Adhibita
948 2508 1079 2550 quidem
1094 2514 1256 2540 certorum

186 2554 353 2579 auctorum
371 2551 466 2581 verba
474 2558 488 2589 ,¹
506 2558 536 2582 at
553 2551 683 2583 Glossas
702 2550 738 2583 ut
756 2553 944 2593 plurimum,
959 2563 1042 2595 quae
1062 2553 1256 2593 ferebantur,

187 2593 356 2633 decerptas,
368 2595 556 2637 easdemque
570 2597 628 2627 sub
645 2597 778 2628 Glossae
792 2598 884 2629 titulo
898 2603 1126 2639 praenotatas:
1147 2608 1178 2638 4.
1191 2598 1256 2630 Cu-

186 2647 253 2667 ram
277 2637 372 2668 fuisse
396 2639 428 2669 in
451 2640 641 2672 Sanctorum
665 2642 774 2680 dictis,
800 2648 835 2673 ut
857 2643 1063 2684 singulorum
1085 2648 1255 2675 auctorum

186 2683 315 2712 nomina
340 2683 602 2724 describerentur,
633 2696 754 2718 necnon
780 2688 812 2718 in
837 2687 952 2728 quibus
974 2687 1156 2719 habeantur
1179 2688 1257 2719 locis

184 2732 348 2767 assumpta
371 2729 548 2760 testimonia
568 2729 769 2762 indicaretur:
798 2733 826 2762 5.
842 2731 1116 2771 Praetermissam,
1144 2739 1256 2773 utpote

186 2781 460 2812 supervacaneam,
484 2773 564 2805 hanc
588 2775 792 2815 diligentiam,
817 2786 888 2807 cum
913 2777 1164 2818 decerperentur
1183 2777 1258 2808 libri

186 2820 216 2845 et
230 2817 442 2856 expositiones
459 2828 557 2859 super
576 2819 645 2854 loca
664 2830 747 2861 quae
766 2821 1029 2861 exponebantur:
1052 2822 1137 2852 unde
1155 2822 1257 2854 sicubi

187 2869 299 2890 nomen
316 2861 499 2893 inveniatur
511 2861 660 2905 (exempli
675 2863 782 2907 causa)
797 2865 1007 2908 Hieronymi,
1018 2866 1059 2897 de
1073 2866 1154 2897 libro
1169 2877 1255 2898 men-

186 2904 270 2934 tione
289 2915 351 2935 non
367 2905 475 2946 facta,
501 2908 744 2950 intelligendum
770 2919 848 2948 esse,
869 2911 955 2952 quod
977 2911 1036 2942 hoc
1053 2911 1141 2942 dicat
1158 2921 1257 2952 super

185 2949 384 2980 Matthaeum
410 2956 440 2981 et
462 2952 494 2982 in
515 2952 588 2983 aliis
611 2955 768 2984 rationem
788 2955 923 2986 similem
948 2955 1067 2996 passim
1087 2962 1117 2987 et
1136 2956 1255 2998 ubique

186 2999 364 3024 servatam:
379 2995 408 3025 6.
424 2997 467 3026 At
482 2997 649 3028 sententias
664 2998 743 3036 illas,
755 3009 836 3039 quae
851 2999 891 3030 de
905 3001 1135 3031 commentario
1148 3000 1254 3042 Chry-

186 3038 314 3067 sostomi
335 3048 433 3079 super
450 3041 649 3072 Matthaeum
669 3049 853 3082 sumuntur,
874 3046 1053 3085 oportuisse
1071 3045 1203 3076 inscribi
1221 3046 1254 3076 in

188 3081 278 3111 titulo
296 3091 393 3122 super
407 3084 606 3116 Matthaeum
632 3092 666 3117 ut
679 3097 743 3127 per
765 3088 824 3118 hoc
842 3088 882 3119 ab
896 3089 971 3120 aliis
984 3099 1068 3130 quae
1081 3092 1256 3121 sumuntur

187 3124 226 3154 de
245 3126 312 3155 eius
326 3126 522 3159 Homiliario
540 3130 836 3171 distinguerentur:
855 3144 884 3175 7.
902 3134 936 3164 In
956 3133 1032 3175 ipsis
1052 3140 1159 3165 autem
1173 3134 1255 3166 San-

188 3173 310 3199 ctorum
326 3172 521 3211 testimoniis,
538 3184 619 3214 quae
634 3175 807 3215 allegantur
822 3183 852 3208 et
866 3177 1048 3215 afferuntur,
1061 3179 1256 3220 plerumque

186 3212 226 3242 de
249 3213 351 3244 medio
375 3215 479 3256 aliqua
504 3218 649 3249 consulto
679 3222 813 3252 rescissa
837 3222 881 3252 ad
902 3223 1126 3262 prolixitatem
1151 3225 1254 3256 vitan-

187 3256 282 3288 dam:
308 3268 343 3289 ac
367 3259 461 3290 etiam
485 3263 711 3294 sententiarum
739 3266 972 3308 verborumque
1001 3268 1145 3299 ordinem
1170 3278 1254 3299 com-

186 3307 355 3341 mutatum,
380 3303 443 3335 sive
462 3306 505 3336 ad
524 3306 773 3348 manifestiorem
792 3320 919 3341 sensum
940 3313 1185 3354 assequendum,
1205 3313 1253 3343 vel

189 3351 222 3375 ut
240 3345 299 3386 ipsi
319 3347 445 3379 litterae
464 3350 563 3390 magis
582 3359 776 3393 congrueret
793 3355 962 3395 expositio:
984 3356 1013 3387 8.
1031 3357 1164 3388 Factum
1178 3367 1253 3388 vero

188 3390 367 3430 interdum,
398 3399 433 3424 ut
455 3403 568 3426 sensus
591 3396 815 3436 exprimeretur
843 3399 946 3431 verbis
969 3400 1135 3433 demissis:
1157 3402 1254 3444 idque

185 3436 357 3475 praecipue
371 3438 402 3467 in
414 3437 610 3471 Homiliario
628 3440 858 3483 Chrysostomi,
874 3450 1009 3485 propter
1027 3447 1086 3477 hoc
1104 3447 1190 3488 quod
1207 3451 1253 3478 est

189 3479 356 3510 translatio
377 3482 505 3514 vitiosa:
529 3494 558 3524 9.
574 3485 686 3526 Neque
710 3487 816 3518 solum
835 3488 1005 3520 litteralem
1028 3490 1164 3533 denique
1182 3501 1253 3523 sen-

188 3531 257 3552 sum
279 3524 489 3565 explanatum,
509 3538 619 3559 verum
638 3530 732 3560 etiam
752 3534 943 3573 mysticum:
966 3533 1105 3576 itemque
1126 3545 1254 3566 errores

190 3572 297 3596 contra
320 3567 415 3599 fidem
439 3571 597 3603 interdum
622 3574 815 3614 destructos,
841 3577 1126 3620 confirmatamque
1147 3581 1253 3611 catho-

190 3609 284 3641 licam
304 3613 478 3645 veritatem.
503 3615 796 3656 Exploratissimam
815 3627 955 3652 mentem
973 3622 1068 3653 habes
1089 3623 1253 3655 Thomae:

922 245 1380 287 DISSERTATIONES
1411 244 1659 280 CRITICAE

1322 332 1517 362 operamque
1536 321 1684 360 intelligis
1699 321 1737 350 ab
1754 330 1792 350 eo
1811 320 1845 350 in
1860 320 1922 351 hoc
1937 320 2043 361 Opere
2064 331 2163 362 super
2180 324 2398 366 Evangelium

1320 367 1480 396 Matthaei
1503 365 1688 403 adhibitam,
1713 374 1812 405 quam
1835 365 2009 404 verissime,
2030 367 2165 398 candido
2187 369 2307 408 animo,
2333 370 2399 401 sine

1320 410 1395 440 fuco
1419 409 1486 449 ipse
1511 408 1667 448 patefacit.

1387 453 1560 492 Evangelio
1585 453 1682 483 Marci
1711 452 1807 483 altera
1835 454 2047 493 praemittitur
2071 455 2216 495 Epistola
2234 467 2399 499 nuncupa-

1319 497 1410 535 toria,
1431 496 1521 527 cuius
1540 496 1668 527 initium
1688 503 1748 527 est:
1768 498 1957 529 Reverendo
1973 500 2005 529 in
2024 499 2152 531 Christo
2164 503 2258 541 patri
2271 502 2400 534 domino

1317 540 1529 571 Hannibaldo
1544 541 1707 571 Basilicae
1716 552 1758 571 xn
1772 543 1999 583 Apostolorum
2015 545 2192 576 venerabili
2205 546 2399 588 Presbytero

1321 585 1502 621 Cardinali‚
1504 584 1622 625 frater
1641 586 1779 617 nomas
1788 587 1829 618 de
1837 588 1964 628 Aquino
1983 588 2117 620 Ordinis
2131 590 2286 621 Fratrum
2297 593 2397 623 Prae-

1318 629 1517 666 dicatorum,
1534 639 1569 659 se
1586 635 1696 661 totum.
1714 631 1902 662 Mandatum
1918 641 2076 664 memorat
2091 634 2215 674 pridem
2231 643 2398 677 acceptum

1318 684 1335 703 a
1351 673 1487 703 Summo
1503 673 1657 704 Pontifice
1676 675 1807 706 Urbano
1824 683 1956 718 quarto:
1972 678 2194 720 Evangelicae
2206 681 2395 721 sapientiae,

1316 717 1475 758 inquienS,
1500 727 1520 748 a
1543 719 1683 750 saeculis
1704 721 1737 751 in
1757 723 1913 761 mysterio
1937 723 2152 762 absconditae,
2176 734 2273 765 quam
2293 726 2326 756 in
2347 727 2396 757 lu-

1317 771 1383 792 cem
1402 762 1563 802 produxit
1580 763 1645 794 Dei
1667 763 1834 805 Sapientia
1853 766 2036 805 incarnata,
2062 769 2276 800 ministerium
2299 780 2396 811 expo-

1315 807 1440 837 sitionis
1458 806 1601 845 adhibui,
1620 818 1790 840 sacrorum
1809 810 1976 841 doctorum
1998 814 2175 844 sententias
2193 815 2396 856 compilando

1315 851 1360 881 ad
1372 851 1458 891 quod
1472 861 1523 882 me
1542 852 1671 883 induxit
1684 855 1839 893 primitus
1847 854 1914 895 fel.
1930 865 1995 887 rec.
2015 856 2141 888 Urbani
2158 859 2268 899 Papae
2286 862 2396 901 quarti

1316 895 1516 926 mandatum.
1532 896 1778 937 Expositionem
1791 898 1825 929 in
1847 900 2062 939 Matthaeum‚
2079 912 2178 942 quam
2192 904 2297 935 adhuc
2315 905 2397 936 inter

1315 939 1406 970 vivos
1430 947 1541 980 agente
1564 941 1718 973 Pontifice
1742 943 1967 984 compleverat,
1990 945 2050 985 ipsi
2070 948 2276 988 nuncupavit.
2302 949 2396 980 Unde

1316 984 1438 1015 subdit:
1470 986 1586 1016 Verum
1610 988 1687 1027 quia
1712 997 1748 1018 eo
1772 988 1904 1019 Summo
1923 990 2078 1031 Pontifice
2097 1001 2139 1022 ex
2157 992 2219 1023 hac
2238 994 2303 1024 vita
2321 994 2396 1024 sub-

1315 1034 1437 1068 tracto,
1463 1031 1528 1060 tria
1551 1031 1753 1073 Evangelia,
1778 1034 1904 1072 Marci,
1930 1034 2040 1065 Lucae
2068 1041 2099 1066 et
2122 1036 2272 1076 Ioannis,
2298 1047 2395 1079 expo-

1316 1074 1422 1104 nenda
1438 1075 1624 1114 restabant;
1644 1087 1684 1107 ne
1698 1087 1778 1117 opus
1796 1078 1882 1118 quod
1900 1078 2078 1110 obedientia
2099 1081 2273 1121 inceperat,
2291 1083 2395 1124 negli-

1314 1120 1426 1159 gentia
1442 1120 1664 1161 imperfectum
1680 1122 1887 1163 relinqueret,
1913 1133 1985 1154 cum
2010 1125 2111 1155 multo
2131 1125 2242 1157 labore
2255 1127 2397 1168 diligens

1314 1163 1447 1194 adhibui
1473 1165 1615 1195 studium
1645 1171 1681 1196 ut
1707 1172 1849 1207 quatuor
1871 1168 2128 1209 Evangeliorum
2152 1170 2394 1211 Expositionem

1315 1208 1516 1248 complerem.
1543 1209 1741 1241 Constitutas
1764 1221 1840 1242 vero
1863 1212 1897 1242 in
1921 1212 2026 1252 priore
2053 1214 2187 1254 epistola
2214 1216 2339 1256 regulas
2362 1216 2395 1247 in

1315 1252 1438 1293 reliquo
1454 1263 1551 1294 opere
1566 1254 1764 1295 perficiundo
1779 1256 1896 1288 tenuit:
1916 1257 2052 1296 Eadem,
2064 1258 2223 1300 inquiens,
2239 1261 2272 1291 in
2292 1262 2394 1292 omni-

1315 1297 1373 1327 bus
1385 1296 1505 1338 forma
1528 1305 1659 1330 servata
1688 1301 1720 1331 in
1743 1301 1906 1341 ponendis
1929 1302 2121 1334 Sanctorum
2149 1306 2396 1337 auctoritatibus

1314 1351 1354 1372 ac
1372 1351 1483 1373 eorum
1504 1345 1686 1375 nominibus
1697 1346 1970 1386 praescribendis.
1990 1347 2053 1378 Sed
2071 1348 2193 1389 aliquid
2211 1349 2307 1381 etiam
2326 1350 2395 1382 dili-

1314 1386 1465 1426 gentioris
1489 1397 1605 1428 operae
1629 1390 1775 1429 contulit,
1799 1391 1889 1432 quod
1913 1391 1962 1422 his
1983 1392 2085 1422 verbis
2109 1393 2276 1433 patefacit:
2298 1395 2342 1426 Et
2360 1400 2396 1426 ut

1315 1432 1422 1472 magis
1445 1433 1575 1474 integra
1599 1439 1631 1464 et
1653 1436 1807 1466 continua
1825 1435 1997 1476 praedicta
2017 1437 2211 1469 Sanctorum
2226 1439 2396 1480 Expositio

1315 1475 1518 1515 redderetur,
1543 1479 1700 1518 quasdam
1722 1481 1936 1520 expositiones
1958 1481 2125 1512 doctorum
2144 1493 2341 1524 graecorum
2361 1485 2394 1515 in

1316 1519 1452 1551 latinum
1462 1520 1538 1562 seci
1551 1523 1741 1564 transferri,
1758 1534 1800 1555 ex
1813 1525 1928 1566 quibus
1940 1526 2043 1567 plura
2057 1528 2308 1568 expositionibus
2321 1529 2395 1560 lati-

1317 1574 1432 1595 norum
1452 1565 1619 1598 doctorum
1640 1568 1774 1607 inserui,
1794 1574 1964 1601 auctorum
1985 1571 2167 1603 nominibus
2178 1574 2394 1613 praenotatis.

1316 1609 1475 1641 Plurimae
1499 1618 1574 1643 sunt
1596 1612 1657 1653 ipsi
1681 1613 1820 1654 agendae
1839 1614 1966 1654 gratiae,
1991 1615 2082 1646 cuius
2105 1615 2214 1648 labore
2234 1627 2270 1649 ac
2288 1618 2395 1649 studio

1317 1656 1603 1687 commentationes
1634 1664 1665 1688 et
1692 1658 1816 1698 glossae
1845 1658 2037 1699 scriptorum
2065 1660 2224 1692 Ecclesiae
2246 1671 2396 1703 graecae,

1315 1709 1397 1740 quae
1422 1701 1645 1742 manuscriptis
1669 1701 1702 1732 in
1727 1702 1889 1734 codicibus
1914 1703 2158 1745 delitescebant,
2186 1705 2397 1740 innotuerunt

1315 1744 1417 1775 Latio.
1448 1744 1548 1782 Quod
1574 1746 1796 1787 Expositionis
1824 1749 2034 1790 evangelicae
2061 1749 2194 1781 demum
2222 1761 2320 1792 opus,
2345 1751 2396 1784 sui

1314 1788 1436 1820 laboris
1445 1789 1610 1831 fructum,
1624 1793 1851 1832 Apostolorum
1866 1793 2061 1832 Presbytero
2089 1793 2174 1826 fratri
2189 1795 2395 1828 Hannibaldo

1314 1832 1353 1863 de
1377 1833 1587 1866 Hannibaldis
1611 1836 1724 1867 obtulit
1747 1837 2019 1879 nuncupavitque.

1381 1878 1574 1910 Hannibaldi
1608 1891 1645 1911 ex
1675 1881 1845 1922 perillustri
1876 1889 1908 1913 et
1930 1882 2060 1924 antiqua
2083 1883 2394 1917 Hannibaldensium

1312 1929 1405 1962 gente
1429 1924 1552 1956 Romae
1577 1925 1662 1965 nati,
1687 1925 1817 1957 Ordinis
1840 1926 2098 1958 Praedicatorum
2121 1929 2161 1959 ab
2183 1929 2395 1962 adolescentia

1312 1967 1500 2008 professoris
1519 1969 1552 2000 in
1572 1970 1657 2001 Urbe
1682 1970 1769 2011 apud
1792 1981 1816 2002 s,
1838 1971 1999 2011 Sabinam,
2023 1972 2187 2004 clarissimi
2206 1973 2264 2004 viri
2283 1973 2395 2006 litteris

1313 2012 1533 2055 moribusque,
1549 2014 1691 2056 elogium
1711 2015 1787 2046 texit
1806 2016 1940 2047 Iacobus
1955 2016 2119 2048 Echardus
2137 2017 2171 2048 in
2184 2017 2393 2052 Bibliotheca.

1313 2056 1444 2088 Sanctae
1460 2054 1624 2090 Romahae
1640 2059 1798 2091 Ecclesiae
1817 2060 2041 2102 Presbyterum
2061 2061 2264 2094 Cardinalem
2283 2063 2330 2095 tit.
2349 2059 2402 2095 xn'

1311 2102 1546 2142 Apostolorum
1561 2105 1600 2134 ab
1615 2104 1747 2135 Urbano
1762 2112 1876 2146 quarto
1899 2106 2121 2138 renunciatum
2137 2107 2294 2139 coniectat
2306 2107 2394 2140 idem

1312 2145 1476 2179 Echardus
1504 2148 1537 2179 in
1561 2148 1665 2190 prima
1693 2149 1851 2180 creatione
1880 2159 1990 2181 mense
2014 2150 2173 2182 decembri
2205 2151 2280 2183 anni
2310 2153 2388 2184 1261

1313 2190 1404 2230 facta,
1419 2191 1506 2224 iuxta
1521 2193 1672 2234 Stephani
1696 2193 1862 2225 Salanhaci
1886 2194 2046 2236 scriptoris
2065 2196 2206 2238 aequalis
2225 2206 2292 2228 non
2307 2207 2392 2239 sper-

1312 2236 1407 2266 nendi
1431 2236 1529 2268 fidem
1557 2244 1588 2269 et
1611 2238 1851 2270 auctoritatem:
1879 2240 2031 2271 Fratrem
2055 2240 2303 2273 Hannibaldum
2327 2241 2392 2274 Ro-

1312 2290 1444 2312 manum
1473 2283 1667 2324 magistrum
1693 2284 1725 2314 in
1750 2284 1924 2326 theologia,
1949 2284 2138 2326 inquientis,
2161 2287 2335 2328 assumpsit
2358 2287 2391 2319 in

1311 2325 1541 2368 Presbyterum
1569 2327 1778 2359 Cardinalem
1803 2329 1956 2360 basilicae
1978 2329 2145 2361 duodecim
2163 2330 2391 2372 Apostolorum

1310 2370 1472 2402 Dominus
1499 2371 1652 2403 Urbanus
1675 2373 1765 2414 Papa
1780 2373 1834 2403 IV
1850 2383 1937 2404 anno
1960 2374 2095 2405 Domini
2118 2374 2201 2406 1261.
2230 2376 2322 2407 Hanc
2345 2375 2391 2407 ini

1312 2415 1472 2447 conlatam
1497 2416 1682 2457 dignitatem
1710 2417 1743 2448 in
1768 2418 1906 2449 secunda
1936 2418 2113 2458 creatione,
2143 2420 2258 2451 eodem
2282 2430 2392 2452 mense

1312 2459 1470 2491 decembri
1499 2461 1574 2492 anni
1604 2463 1685 2492 1262
1711 2469 1825 2503 putant
1848 2462 2038 2504 Onuphrius
2069 2470 2100 2495 et
2130 2463 2311 2496 oldoinus:
2341 2465 2392 2496 vel

1311 2514 1397 2535 anno
1421 2504 1608 2547 insequente
1635 2507 1717 2538 1263
1743 2507 1916 2538 Ciaconius
1940 2514 1971 2539 et
1994 2508 2171 2540 Frizonius.
2197 2509 2297 2547 Quod
2315 2516 2392 2542 atta-

1312 2559 1386 2580 men
1411 2550 1551 2582 evenisse
1575 2551 1690 2592 probat
1713 2561 1748 2583 ac
1772 2552 1888 2583 evincit
1911 2552 2097 2585 Franciscus
2120 2553 2236 2594 pagius
2259 2554 2293 2585 in
2316 2554 2390 2589 Bre-

1311 2593 1410 2625 viario
1435 2595 1660 2626 Romanorum
1683 2595 1893 2636 Pontificum,
1922 2598 1954 2628 in
1979 2598 2121 2629 secunda
2145 2598 2277 2640 quidem
2301 2609 2392 2631 crea-

1311 2639 1398 2669 tione
1421 2646 1452 2670 et
1474 2649 1562 2671 anno
1586 2650 1714 2671 rursum
1739 2642 1832 2680 1262,
1849 2641 1904 2672 sed
1923 2651 2031 2673 mense
2054 2643 2151 2680 maio,
2176 2641 2238 2673 fide
2258 2643 2391 2684 allegata

1312 2682 1455 2724 Gregon‘i
1479 2684 1598 2715 Decani
1627 2685 1808 2716 Baiocensis
1839 2686 1895 2727 qui
1926 2686 2025 2716 vitam
2051 2686 2174 2727 scripsit
2205 2678 2336 2726 Urbarii,
2360 2694 2392 2719 et

1311 2727 1505 2759 Theoderici
1525 2728 1726 2760 Vallicoloris
1749 2737 1826 2761 tunc
1847 2729 1992 2769 viventis,
2016 2730 2071 2772 qui
2091 2731 2223 2762 Antheri
2246 2731 2390 2764 eiusdem

1311 2771 1437 2803 Summi
1460 2772 1623 2804 Pontificis
1646 2773 1772 2814 nepotis
1796 2774 1885 2805 iussu
1909 2781 1995 2815 gesta
2021 2775 2125 2816 patrui
2152 2775 2261 2806 litteris
2285 2776 2388 2808 consi-

1310 2816 1426 2856 gnavit.
1452 2817 1763 2849 Praestantissimum
1784 2818 1987 2850 Cardinalem
2006 2826 2154 2850 nostrum
2166 2819 2284 2862 frater
2307 2821 2388 2852 Tho-

1311 2871 1382 2892 mas
1396 2861 1490 2892 valde
1503 2862 1632 2901 dilexit,
1653 2869 1731 2894 teste
1746 2863 1935 2894 Ptolomaeo
1951 2863 2087 2895 Lucensi
2106 2864 2139 2895 in
2155 2864 2296 2896 Historia
2311 2865 2386 2897 eccl.

1311 2904 1392 2936 libro
1411 2906 1511 2945 xxu,
1527 2907 1628 2948 capite
1642 2917 1727 2946 xxm,
1744 2907 1836 2949 eique
1855 2908 2011 2939 maiorem
2030 2915 2153 2949 partem
2168 2909 2390 2951 Expositionis

1311 2951 1483 2982 continuae
1502 2952 1534 2982 in
1554 2951 1756 2994 Evangelia,
1786 2961 1885 2994 quam
1904 2959 1978 2993 post
1999 2953 2125 2984 obitum
2146 2953 2264 2985 Urbani
2283 2954 2388 2996 Papae

1311 2995 1494 3036 complevit,
1515 2995 1650 3027 dicatam
1668 2996 1782 3028 voluit.
1808 2997 1888 3028 Fato
1908 2997 2107 3029 mortalitatis
2127 2999 2281 3030 concessit
2300 2999 2387 3030 Han-
2407 3021 2410 3024 -

1311 3039 1458 3070 nibaldus
1477 3050 1562 3071 anno
1588 3051 1668 3082 ¹27²
1690 3047 1726 3072 ut
1744 3041 1851 3082 prodit
1870 3041 2080 3073 Salanhacus:
2106 3043 2190 3074 unde
2210 3050 2282 3075 ante
2302 3043 2405 3078 hunc<

1310 3094 1432 3115 annum
1456 3091 1487 3116 et
1510 3091 1584 3125 post
1611 3095 1734 3117 annum
1763 3086 1846 3126 1264
1871 3086 2023 3128 scriptum
2052 3097 2070 3118 a
2094 3087 2223 3119 Thoma
2247 3089 2388 3131 comple-

1310 3135 1445 3170 tumque
1468 3128 1591 3170 insigne
1616 3140 1709 3171 opus.

1697 3222 1909 3260 CAPUT
1949 3224 2002 3261 11.

1310 3305 1403 3331 Petrus
1423 3306 1455 3331 de
1473 3306 1540 3331 Alva
1558 3306 1692 3338 refellitur,
1712 3307 1758 3340 qui
1777 3308 1901 3333 Catenam
1920 3308 1990 3342 typis
2014 3309 2109 3335 editam
2129 3309 2275 3335 adiudicare
2293 3308 2386 3334 Pontio

1363 3341 1520 3367 Carbonello
1539 3341 1646 3368 Ordinis
1666 3343 1797 3368 minorum
1817 3344 1924 3369 alumno
1943 3352 2025 3370 ausus
2049 3350 2097 3370 est.
2117 3345 2298 3376 Quorumdam
2316 3343 2386 3369 eodi-

1363 3384 1424 3438 cufi-1i
1442 3382 1468 3402 et
1487 3378 1686 3412 nuncupationis
1706 3380 1738 3405 ad
1758 3379 1932 3406 Paniai-cham
1946 3380 2122 3413 stadensem,
2138 3389 2167 3407 ac
2182 3380 2273 3406 net-tis
2289 3379 2386 3405 Carbo-

1363 3420 1396 3438 ne
1444 3421 1560 3439 examen.

1309 3490 1332 3521 1.
1357 3484 1582 3567 praefatum
1605 3494 1703 3526 sancti
1727 3495 1875 3527 Thomae
1897 3495 2002 3537 Opus,
2025 3493 2282 3526 luculentissimis
2300 3501 2385 3525 vete-

1426 3547 1499 3568 rum
1523 3538 1732 3580 scriptorum,
1762 3547 1792 3571 et
1815 3539 1915 3580 ipsius
1939 3540 2086 3571 'rhomae
2110 3538 2273 3570 munitum
2301 3538 2384 3570 testi-

1310 3580 1444 3620 moniis,
1473 3582 1506 3612 in
1534 3582 1727 3614 editionibus
1756 3591 1915 3625 prostare,
1939 3590 2102 3625 quotquot
2124 3583 2163 3614 ab
2191 3593 2276 3614 anno
2302 3592 2384 3625 1470

1310 3626 1554 3666 quampluribus
1577 3627 1610 3657 in
1634 3627 1723 3667 locis,
1739 3638 1871 3670 operam
1886 3638 1978 3659 suam
1999 3626 2190 3659 doctissimis
2207 3626 2281 3658 viris
2295 3637 2384 3668 prae-
