2548 4192
174 281 280 307 CCLIV

814 545 1461 610 DISSERTATIO
1518 547 1748 609 XXII.

258 715 325 754 De
355 712 616 764 Opuseulis,
644 712 710 751 De
739 711 954 762 regimine
983 710 1238 760 Principum
1266 712 1323 750 ad
1350 711 1525 761 Regem
1554 711 1709 762 Cypri,
1738 712 1933 763 itemque
1961 713 2028 754 De
2056 714 2306 755 eruditione

408 784 662 834 Principum
691 786 826 833 atque
859 782 926 822 De
955 781 1170 832 regimine
1199 781 1466 822 Iudaeorum
1494 783 1552 823 ad
1585 783 1879 824 comitissam
1906 784 2158 825 Flandriae.

581 1120 792 1187 CAPUT
836 1151 862 1186 I.

186 1257 263 1290 Opus
282 1257 321 1281 De
339 1256 466 1288 regimine
484 1256 632 1289 Principum
652 1257 684 1281 ad
709 1256 808 1289 Regem
828 1256 906 1289 Cypri
931 1261 1019 1280 sancto
1043 1255 1161 1280 Thomae
1180 1255 1261 1288 Aqui-

258 1292 309 1317 nati
328 1291 473 1317 adiudicant
491 1297 606 1316 veteres:
621 1292 679 1324 quis
695 1292 738 1317 ille
752 1292 807 1317 Rex
822 1291 909 1324 Cypri.
924 1291 994 1316 Libri
1009 1297 1127 1324 quatuor,
1143 1290 1187 1323 qui
1201 1299 1260 1324 pro-

258 1333 333 1358 stant,
353 1335 405 1352 non
424 1335 506 1352 unum
526 1327 601 1360 Opus
621 1326 747 1353 conficere
766 1327 896 1358 videntur,
917 1327 963 1352 sed
981 1335 1061 1360 opera
1081 1327 1132 1351 duo
1152 1327 1261 1352 diversa.

258 1363 336 1388 Primi
356 1363 451 1396 Operis
470 1370 529 1396 pars
549 1362 631 1388 maior
645 1368 685 1388 est
698 1363 842 1396 Aquinatis,
857 1362 955 1396 reliqua
970 1362 1111 1387 Ptolomaei
1126 1362 1261 1387 Lucensis.

349 1493 365 1536 <ι
390 1509 423 1526 ⁸*
467 1505 735 1546 ,νὈρυςωΙιΠη,
750 1504 801 1534 De
824 1504 984 1544 regimine
1007 1504 1192 1544 Principum
1219 1505 1263 1535 ad

386 1580 398 1589 Α,
441 1573 445 1582 s
473 1548 507 1592 ‘5-
519 1551 640 1591 Regem
668 1549 781 1590 Cypri.
807 1548 1090 1579 Elucubrationem
1118 1548 1199 1579 hanc
1223 1550 1262 1580 ab

382 1587 398 1600 ”’
431 1597 465 1629 ⁹³,
505 1594 678 1635 Aquinate
716 1593 937 1624 concinnatam
968 1593 1097 1624 tradunt
1130 1600 1262 1625 veteres.

413 1634 462 1680 ’.ᾗ
519 1638 724 1669 Ptolomaeus
756 1637 909 1668 Lucensis
941 1637 975 1668 in
1007 1637 1090 1668 Hist.
1122 1638 1197 1669 eccl.
1226 1638 1262 1669 li-

312 1688 323 1713 2
433 1695 456 1729 1.
481 1684 576 1739 §bro
608 1682 723 1721 XXIII,
747 1682 848 1723 capite
879 1691 938 1712 xm
971 1682 1015 1712 sic
1045 1681 1106 1713 ait:
1140 1697 1155 1711 ι
1182 1683 1262 1714 Item

370 1723 373 1726 ⁴
439 1732 451 1735 ”
526 1740 540 1754 »
560 1734 709 1758 tractatus
727 1727 779 1758 De
799 1727 960 1768 regimine
982 1727 1181 1768 Principum,
1205 1728 1262 1769 qui

189 1787 203 1801 2
223 1773 267 1804 sic
290 1772 417 1812 incipit:
445 1771 611 1813 Cogitanti
627 1772 705 1803 mihi
727 1771 805 1813 quid
827 1771 991 1812 offerrem.
1014 1771 1123 1809 Quem
1143 1772 1262 1803 librum

189 1832 204 1846 »
223 1817 347 1858 scripsit
362 1816 402 1847 ad
418 1817 539 1856 Regem
555 1816 665 1858 Cypri.
682 1829 697 1844 »
716 1816 982 1847 Bartholomaeus
998 1816 1195 1856 Logotheta:
1211 1818 1263 1848 De

187 1872 290 1904 regno
318 1861 362 1892 ad
388 1861 510 1902 Regem
538 1861 652 1902 Cypri.
679 1861 858 1892 Bernardus
885 1860 1060 1892 Guidonis:
1091 1862 1263 1893 Tractatus

185 1909 237 1939 De
260 1907 419 1948 regimine
436 1906 622 1946 Principum
642 1906 686 1937 ad
702 1906 826 1947 Regem
846 1905 972 1946 Cypri:
989 1906 1046 1947 qui
1061 1907 1182 1947 incipit,
1202 1907 1261 1938 Co-

185 1953 306 1994 gitanti
328 1951 406 1981 mihi
428 1951 506 1992 quid
529 1950 680 1992 offerrem
706 1951 820 1992 regiae
838 1950 1020 1981 celsitudini
1042 1950 1189 1992 dignum.
1205 1952 1262 1982 Ni-

187 1997 296 2028 colaus
319 1995 483 2026 Trivetus:
508 1996 559 2026 De
584 2005 687 2037 regno
711 1995 755 2026 ad
776 1995 898 2036 Regem
926 1994 1040 2036 Cypri.
1065 1995 1199 2027 Ioannes
1223 1996 1262 2028 de

187 2042 368 2073 Columna:
398 2041 449 2071 De
478 2041 638 2081 regimine
660 2040 787 2081 Regum
812 2039 856 2071 ad
878 2040 1000 2081 Regem
1034 2039 1155 2081 Cypri:
1177 2042 1264 2082 quod

186 2086 312 2127 quidem
345 2094 425 2126 opus
466 2086 597 2116 minime
629 2085 805 2125 complevit.
840 2083 1055 2116 Consentiunt
1086 2085 1262 2125 Pignonus,

186 2129 435 2168 Valleoletanus,
459 2140 483 2160 s.
501 2128 696 2160 Antoninus.

254 2175 335 2212 Quis
358 2174 411 2205 ille
435 2173 529 2205 fuerit
550 2174 623 2205 Rex
649 2173 781 2215 Cypri?
797 2173 842 2205 Io.
860 2173 978 2204 Paulus
1001 2174 1155 2205 Nazarius
1171 2182 1264 2206 vocat

185 2220 392 2251 Americum:
410 2226 441 2250 at
460 2218 559 2260 Cypri
576 2228 711 2258 regnum
734 2225 802 2250 tota
825 2218 993 2259 Aquinatis
1009 2225 1110 2250 aetate
1128 2219 1263 2250 admini-

186 2264 294 2295 stravit
317 2273 425 2302 nemo,
441 2263 498 2305 qui
513 2263 683 2294 Americus
706 2263 926 2304 appellaretur.
943 2263 1123 2304 Stephanus
1142 2264 1181 2295 de
1198 2265 1264 2296 Lu-

187 2309 320 2349 signano
348 2308 381 2338 in
413 2308 599 2348 genealogia
636 2308 763 2348 Regum
796 2307 896 2349 Cypri
934 2309 1021 2349 apud
1058 2309 1263 2348 Echardum‚

188 2364 254 2384 esse
277 2353 454 2394 Hugonem
482 2352 543 2383 III
563 2362 580 2383 e
604 2352 699 2393 stirpe
728 2352 921 2390 Lusiniana,
945 2353 1126 2394 Principem
1158 2354 1264 2395 primo

187 2397 386 2436 Antiochiae,
404 2397 484 2428 circa
506 2407 629 2428 annum
658 2398 739 2439 1267
764 2398 885 2438 Regem
909 2396 1020 2439 Cypri,
1038 2398 1170 2430 demum
1186 2399 1264 2430 Hie-

189 2442 429 2483 rosolymorum
439 2443 569 2482 Regem.
580 2441 721 2483 Hugoni
730 2442 770 2472 II
778 2442 834 2483 qui
844 2449 1063 2482 praecesserat,
1075 2453 1160 2474 anno
1182 2444 1263 2475 1266

188 2488 239 2518 vel
262 2486 440 2527 insequenti
462 2487 588 2524 denato,
606 2496 680 2517 cum
704 2496 864 2517 annorum
888 2487 997 2518 aetatis
1021 2488 1265 2528 quatuordecim

189 2538 285 2569 esset,
309 2531 498 2571 inscriptum
521 2530 726 2571 Opusculum
748 2531 950 2562 verisimilius
974 2532 1130 2564 existimat
1148 2533 1265 2564 Echar-

189 2577 258 2607 dus.
277 2576 387 2616 Ipsum
406 2575 536 2606 consule
556 2575 678 2615 egregie
697 2575 911 2606 disserentem.

257 2621 294 2651 11.
313 2620 348 2651 ln
371 2620 486 2651 Libros
508 2624 649 2660 quatuor
676 2619 831 2651 tributum
855 2630 938 2660 opus
966 2621 1114 2652 exhibent
1142 2622 1266 2653 codices

189 2676 264 2697 mss.
282 2675 318 2696 ac
341 2664 424 2706 typis
441 2664 524 2695 edita
543 2664 696 2704 exempla.
713 2666 756 2695 At
779 2664 945 2705 Opuseula
961 2665 1027 2696 duo
1044 2665 1266 2706 distinguenda

190 2721 268 2749 esse,
285 2709 401 2741 tributa
425 2708 549 2749 singula
572 2708 605 2739 in
628 2708 726 2739 libros
750 2709 844 2748 duos,
861 2709 1023 2740 verissime
1047 2709 1267 2742 animadvertit

191 2754 393 2786 doctissimus
429 2753 603 2785 Echardus.
633 2753 668 2784 In
697 2752 760 2784 fine
797 2753 868 2784 libri
899 2753 993 2794 primi
1031 2753 1108 2785 haec
1147 2754 1266 2786 haben-

191 2807 259 2830 tur:
283 2798 379 2830 Haec
401 2799 505 2840 igitur
526 2803 612 2836 sunt,
637 2807 721 2839 quae
742 2798 787 2828 ad
809 2799 899 2840 regis
921 2797 1064 2840 officium
1083 2800 1265 2839 pertinent,

191 2844 232 2875 de
254 2843 368 2885 quibus
386 2853 449 2884 per
471 2843 604 2884 singula
627 2843 817 2884 diligentius
841 2848 984 2874 tractare
1006 2848 1140 2884 oportet.
1163 2845 1266 2885 Argu-

194 2895 304 2932 menta
323 2887 522 2926 indicantur,
546 2897 628 2928 quae
651 2886 732 2918 libro
756 2887 897 2918 secundo
920 2887 1037 2928 exponi
1062 2887 1205 2919 debeant.
1231 2888 1267 2919 In

192 2933 287 2964 huius
303 2932 387 2963 calce
403 2939 564 2972 postrema
587 2931 664 2962 haec
687 2931 782 2962 verba
798 2939 888 2963 sunt:
911 2931 1007 2963 Haec
1023 2932 1127 2973 igitur
1139 2932 1180 2964 de
1189 2942 1266 2974 per-

193 2977 366 3008 tinentibus
388 2977 432 3007 ad
454 2977 599 3018 regimen
624 2977 852 3018 cuiuscumque
883 2977 1028 3014 dominii,
1061 2976 1118 3007 sed
1135 2978 1264 3018 praeci-

185 3032 253 3062 pue
273 3021 396 3062 regalis
415 3022 448 3052 in
468 3021 527 3052 hoc
550 3021 631 3052 libro
655 3022 687 3052 in
712 3026 837 3052 tantum
861 3022 927 3052 sint
949 3021 1045 3052 dicta.
1063 3020 1122 3052 His
1150 3021 1261 3063 utique

191 3066 293 3097 verbis
313 3065 386 3096 satis
409 3065 526 3096 indicat
541 3072 671 3103 auctor,
697 3065 735 3096 de
759 3065 905 3096 dominio
922 3065 982 3096 sibi
1000 3065 1080 3096 nihil
1103 3075 1266 3108 superesse

192 3110 389 3141 addendum:
407 3110 492 3140 unde
508 3120 607 3141 nexus
622 3110 717 3141 etiam
734 3110 842 3141 nullus
857 3117 998 3151 apparet,
1015 3120 1082 3151 quo
1097 3110 1189 3143 sicuti
1203 3111 1267 3153 pri-

192 3165 264 3185 mus
279 3164 354 3185 cum
370 3154 479 3193 altero,
496 3154 538 3185 ita
556 3154 613 3185 iste
628 3165 703 3186 cum
717 3154 809 3186 tertio
823 3154 905 3186 libro
920 3154 1065 3186 connecti
1081 3154 1202 3187 debeat.

260 3199 294 3229 ln
318 3198 389 3239 ipso
418 3198 499 3229 libro
530 3198 622 3229 tertio
651 3198 778 3230 initium
807 3199 945 3230 sumitur
972 3200 1011 3230 ab
1043 3206 1124 3230 ovo:
1149 3200 1266 3242 agitur·

193 3253 255 3285 que
285 3243 324 3274 de
354 3242 475 3283 origine
514 3243 670 3281 dominii,
699 3243 789 3284 quod
819 3254 886 3275 esse
922 3254 940 3274 a
971 3244 1041 3275 Deo
1079 3244 1266 3276 ostenditur.

194 3288 230 3318 ln
253 3287 451 3318 Praefatione
474 3287 568 3328 primi
592 3287 662 3318 libri
686 3288 804 3319 dixerat
827 3295 953 3320 auctor:
981 3287 1156 3321 Occurrit.
1172 3311 1181 3320 .
1197 3311 1206 3321 .
1231 3294 1267 3320 ut

193 3333 277 3374 Regi
291 3332 407 3363 librum
423 3332 463 3363 de
477 3342 580 3373 regno
603 3332 834 3364 conscriberem
847 3341 858 3364 .·
877 3334 909 3364 ἰη
926 3343 989 3374 quo
1010 3338 1040 3364 et
1055 3335 1152 3376 regni
1167 3335 1267 3376 origi-

196 3387 266 3407 nem
284 3382 314 3408 et
329 3386 367 3407 ea
382 3386 465 3417 quae
478 3377 522 3408 ad
530 3376 631 3418 Regis
646 3377 789 3418 qfficium
798 3379 976 3418 pertinent,
991 3378 1167 3410 secundum
1182 3378 1268 3410 Scri-

190 3426 310 3461 pturae
342 3421 471 3452 divinae
502 3422 747 3459 auctoritatem,
773 3423 1036 3463 philosophorum
1060 3423 1215 3464 dogmata
1239 3428 1270 3454 et

196 3466 341 3506 exempla
352 3466 557 3497 laudatorum
566 3465 750 3507 Principum
761 3466 935 3508 diligenter
943 3467 1172 3508 depromerem.
1180 3468 1269 3499 Tum

198 3509 352 3549 originem
372 3510 505 3540 dominii
530 3510 630 3550 capite
653 3520 666 3541 1
685 3510 831 3551 patefacit
854 3511 938 3543 hisce
955 3511 1134 3553 principiis:
1158 3522 1183 3543 1.
1199 3512 1270 3543 Ho-

198 3555 292 3584 minis
322 3559 367 3585 est
398 3554 515 3595 aliquis
533 3554 628 3595 finis,
653 3555 697 3586 ad
725 3565 817 3596 quem
842 3561 908 3587 tota
939 3557 1004 3588 vita
1035 3557 1105 3587 eius
1133 3561 1164 3588 et
1186 3557 1270 3588 actio

198 3597 388 3628 ordinatur:
404 3607 433 3628 2.
450 3599 612 3629 Naturale
639 3604 686 3629 est
714 3600 846 3637 homini,
864 3606 899 3631 ut
926 3601 968 3632 sit
997 3601 1122 3632 animal
1151 3601 1271 3632 sociale

197 3646 228 3671 ct
254 3642 441 3681 politicum,
472 3643 503 3672 in
535 3643 738 3674 multitudine
763 3645 891 3675 vivens:
912 3644 946 3675 3.
966 3644 1025 3675 Est
1050 3646 1266 3676 necessarium

1316 1148 1456 1185 homini,
1486 1149 1542 1188 qui
1571 1148 1604 1178 in
1635 1147 1841 1179 multitudine
1872 1149 1959 1186 vivit,
1981 1153 2017 1179 ut
2047 1158 2133 1180 unus
2157 1150 2198 1180 ab
2216 1150 2282 1181 alio
2301 1150 2395 1181 adiu-

1318 1197 1427 1223 vetur:
1444 1197 1479 1229 4.
1502 1192 1539 1223 Si
1568 1192 1720 1223 naturale
1748 1198 1795 1223 est
1818 1192 1940 1223 homini
1964 1193 2050 1234 quod
2077 1194 2109 1224 in
2132 1195 2284 1226 societate
2310 1195 2393 1226 mul-

1317 1242 1423 1268 torum
1453 1238 1559 1275 vivat,
1591 1246 1718 1268 necesse
1749 1243 1796 1268 est
1826 1238 1859 1267 in
1891 1237 2072 1268 hominibus
2101 1247 2189 1277 esse,
2213 1248 2278 1279 per
2308 1239 2395 1280 quod

1317 1281 1488 1312 multitudo
1525 1287 1674 1323 regatur.
1708 1281 1858 1323 Regentis
1890 1281 2013 1312 domini
2052 1292 2108 1313 seu
2139 1282 2274 1314 dominii
2302 1283 2394 1324 origo

1317 1332 1412 1366 patet.
1431 1326 1520 1357 Haec
1538 1326 1650 1357 eadem
1673 1326 1764 1367 origo
1785 1327 1973 1367 exponenda
1995 1327 2174 1358 adsumitur
2191 1327 2272 1359 libro
2289 1327 2394 1359 tertio:
2434 1335 2437 1340 ’

1318 1370 1493 1411 eademque
1522 1370 1623 1411 capite
1638 1380 1650 1402 1
1666 1371 1813 1411 sumitur,
1838 1371 2042 1403 considerata
2074 1377 2194 1403 natura
2224 1373 2327 1410 entis-,⁶
2345 1382 2396 1404 ca-

1318 1414 1383 1455 pite
1398 1424 1435 1453 11,
1452 1424 1494 1445 ex
1521 1415 1778 1447 consideratione
1806 1421 1930 1447 motus:
1953 1416 2055 1457 capite
2071 1426 2120 1456 111,
2131 1426 2196 1457 per
2211 1417 2394 1448 considera-

1318 1460 1434 1490 tionem
1455 1459 1551 1500 finis.
1572 1459 1660 1497 Quid
1689 1470 1773 1501 opus
1803 1467 1878 1499 erat,
1909 1470 1977 1491 rem
1995 1471 2014 1491 a
2043 1461 2200 1502 principio
2231 1461 2395 1503 redauspi-

1318 1501 1402 1535 cari?
1424 1503 1553 1535 Variam
1569 1503 1665 1534 etiam
1685 1504 1898 1536 animadverte
1919 1505 2111 1537 methodum
2136 1505 2396 1548 differentemque

1318 1547 1506 1580 doctrinam.

1384 1594 1413 1623 A
1432 1592 1590 1624 versiculo
1605 1602 1710 1624 sacrae
1726 1593 1904 1634 Scripturae
1917 1601 1990 1625 tum
2004 1594 2076 1625 libri
2091 1594 2186 1634 tertii,
2202 1602 2273 1626 tum
2291 1595 2397 1636 quarti

1317 1636 1455 1668 sumitur
1485 1636 1624 1669 initium.
1648 1637 1778 1669 Tertius
1807 1637 1935 1679 incipit:
1972 1651 1987 1666 ε
2004 1639 2046 1670 Et
2068 1638 2145 1680 quia
2164 1648 2221 1670 cor
2235 1639 2338 1680 Regis
2360 1640 2395 1670 in

1320 1694 1335 1709 ν
1358 1691 1458 1713 manu
1480 1682 1555 1720 Dei,
1571 1692 1771 1723 quocumque
1788 1682 1927 1714 voluerit
1945 1683 2112 1714 inclinabit
2125 1683 2208 1715 illud
2222 1689 2259 1715 ut
2271 1683 2305 1714 in
2317 1683 2397 1715 Pro-

1320 1739 1335 1754 »
1357 1727 1443 1758 verb.
1466 1736 1518 1758 xxx
1541 1726 1701 1758 scribitur:
1735 1727 1825 1768 quod
1860 1734 1891 1758 et
1920 1727 1973 1758 ille
1996 1737 2132 1768 magnus
2164 1727 2340 1760 Monarcha
2361 1727 2397 1760 in

1320 1783 1335 1798 »
1358 1770 1489 1803 Oriente
1513 1770 1638 1813 Cyrus,
1671 1771 1816 1803 videlicet
1839 1772 1907 1803 Rex
1929 1772 2115 1812 Persarum,
2148 1782 2205 1814 per
2227 1772 2397 1814 publicum

1320 1828 1335 1843 »
1358 1815 1526 1848 confitetur
1559 1815 1709 1847 edictum.
1733 1829 1748 1844 a»
1784 1816 1898 1854 Quarti
1928 1816 2057 1848 initium
2080 1823 2146 1848 est:
2179 1830 2195 1847 ‹
2215 1817 2400 1850 Constitues
2437 1852 2447 1858 ,

1321 1873 1336 1888 »
1359 1870 1413 1891 eos
1429 1861 1597 1901 principes
1619 1870 1718 1901 super
1740 1871 1867 1892 omnem
1891 1866 2025 1899 terram,
2050 1871 2208 1894 memores
2227 1867 2324 1894 erunt
2337 1871 2395 1894 no-

1321 1917 1335 1933 »
1358 1906 1455 1936 minis
1471 1906 1519 1936 tui
1534 1905 1674 1936 Domine
1690 1903 1786 1948 (Psal.
1797 1903 1894 1948 xuv).
1911 1906 2000 1937 Licet
2019 1906 2201 1938 dominium
2217 1915 2314 1938 omne
2331 1906 2398 1938 sive

1321 1962 1336 1978 ι
1359 1949 1555 1992 principatus
1579 1959 1597 1980 a
1619 1949 1690 1981 Deo
1714 1949 1755 1981 sit
1777 1949 1940 1981 institutus
1959 1957 2017 1982 etc.
2036 1963 2051 1978 ι·
2070 1951 2146 1982 Non
2161 1950 2205 1982 ita
2220 1960 2254 1982 se
2269 1950 2396 1992 geritin

1320 1994 1447 2025 duobus
1462 1994 1622 2036 prioribus
1637 2001 1765 2026 auctor:
1781 1994 1837 2036 qui
1853 2001 2021 2036 propterea
2037 1994 2198 2027 diversum
2213 1995 2252 2027 ab
2268 2001 2399 2028 auctore

1320 2038 1535 2080 posteriorum
1554 2049 1587 2070 se
1606 2039 1722 2080 prodit.
2127 2038 2131 2042 ’

1387 2083 1440 2115 111.
1464 2083 1610 2114 Primum
1626 2083 1721 2124 igitur
1746 2083 1839 2124 Opus
1862 2083 2015 2125 Aquinati
2039 2083 2289 2116 adiudicandum
2311 2084 2398 2116 evin—

1320 2135 1397 2159 cunt
1419 2127 1634 2170 probatissimi
1658 2134 1777 2159 veteres
1796 2128 2062 2168 nomenclatores,
2079 2128 2136 2170 qui
2159 2128 2293 2160 huiusce
2307 2138 2399 2171 aigu-

1321 2172 1420 2204 menti
1444 2172 1717 2204 elucubrationem
1741 2172 1781 2203 ad
1804 2173 1925 2213 Regem
1955 2172 2054 2214 Cypri
2077 2173 2160 2204 inter
2191 2172 2330 2214 genuina
2351 2182 2399 2205 re-

1321 2223 1450 2249 censent
1473 2217 1616 2248 eiusdem
1640 2217 1756 2258 Opera.
1775 2217 1867 2248 Hanc
1890 2218 2021 2248 minime
2035 2217 2074 2249 ab
2087 2217 2249 2260 Aquinate
2263 2217 2400 2260 comple-

1322 2268 1387 2294 tam
1413 2262 1526 2294 diserte
1550 2262 1682 2293 adnotat
1705 2262 1839 2293 Ioannes
1863 2262 1902 2293 de
1926 2261 2098 2294 Columna.

1388 2307 1507 2338 Paulus
1518 2306 1687 2347 Frigerius,
1698 2305 1838 2338 Oratorii
1850 2306 1988 2338 Romani
2006 2306 2135 2346 sodalis,
2146 2306 2180 2338 in
2193 2306 2258 2338 vita
2275 2317 2300 2339 s.
2309 2306 2400 2338 Tiso-

1322 2361 1393 2384 mae
1416 2351 1518 2383 italice
1542 2351 1674 2392 scripta,
1698 2350 1775 2382 haec
1798 2351 1893 2383 habet
1915 2351 2190 2384 animadversione
2213 2350 2399 2392 dignissima

1321 2395 1403 2427 libro
1419 2396 1443 2435 1,
1455 2395 1556 2437 capite
1576 2406 1607 2435 x,
1624 2406 1714 2427 num.
1732 2402 1770 2438 7:
1791 2395 1988 2437 L‘opuscolo
2010 2396 2087 2428 «De
2102 2397 2263 2438 regimine
2275 2395 2400 2428 Princi-

1325 2454 1340 2470 ι
1356 2451 1450 2483 pum,
1462 2441 1495 2471 in
1510 2447 1637 2483 quattro
1654 2440 1725 2471 libri
1740 2440 1926 2482 compilat0,
1942 2440 1978 2472 fu
1993 2441 2148 2473 condotto
2163 2441 2204 2472 da
2218 2441 2401 2472 Tommaso

1325 2499 1340 2514 »
1363 2485 1430 2517 fino
1445 2485 1475 2516 al
1494 2495 1605 2516 mezzo
1626 2485 1676 2516 del
1690 2491 1805 2527 quarto
1827 2485 1967 2526 capitolo
1987 2485 2039 2516 del
2058 2485 2199 2517 secondo
2221 2484 2315 2526 libro,
2331 2484 2402 2518 cioe

1325 2543 1339 2559 »
1363 2529 1462 2561 infino
1474 2540 1492 2561 a
1502 2530 1608 2572 quelle
1623 2530 1748 2571 parole:
1770 2529 1994 2571 Opportunum
2006 2535 2054 2562 est
2063 2531 2168 2573 igitur
2182 2531 2215 2561 in
2231 2537 2400 2562 conversa-

1325 2587 1340 2603 »
1363 2576 1450 2606 tione
1465 2575 1609 2606 humana
1620 2575 1778 2606 modicum
1793 2575 2016 2606 delectationis
2029 2575 2124 2616 quasi
2135 2584 2201 2616 pro
2217 2575 2400 2607 condimen-

1325 2632 1340 2648 »
1363 2625 1395 2650 to
1409 2619 1537 2657 habere,
1554 2625 1590 2651 ut
1603 2620 1733 2650 animus
1757 2619 1895 2650 hominis
1917 2625 2094 2651 recreetur.
2118 2619 2169 2650 Ed
2184 2619 2207 2650 il
2222 2619 2399 2651 rimanente

1324 2675 1339 2691 ι
1362 2663 1397 2694 fu
1421 2663 1576 2704 seguitato
1595 2664 1635 2694 da
1649 2663 1812 2694 Tolomeo
1828 2663 1990 2695 Lucchese
2004 2663 2057 2695 del
2069 2663 2247 2695 medesimo
2263 2662 2399 2703 Ordine,

1325 2719 1339 2735 2
1363 2707 1526 2748 discepolo
1552 2707 1603 2738 del
1627 2707 1743 2739 Santo:
1769 2717 1861 2738 come
1881 2707 2092 2739 chiaramente
2111 2707 2273 2749 apparisce
2291 2708 2332 2739 da
2350 2717 2397 2739 un

1325 2764 1340 2780 »
1363 2751 1468 2783 antico
1491 2751 1698 2783 manoscritto
1731 2751 1780 2782 de'
1795 2751 1961 2783 medesimi
1992 2751 2150 2793 Opuscoli
2172 2751 2396 2794 volgarizzati,

1325 2808 1340 2823 »
1363 2795 1660 2827 somministratomi
1690 2795 1773 2827 dalla
1796 2806 1923 2827 somma
1954 2796 2114 2838 benignita
2137 2796 2170 2827 di
2198 2797 2285 2838 Papa
2306 2796 2397 2828 Ales·

1327 2854 1341 2869 »
1364 2841 1479 2872 sandro
1499 2841 1569 2880 VII,
1585 2846 1674 2871 santa
1697 2840 1862 2872 memoria.
1887 2840 1958 2872 Ove
1981 2851 2077 2882 sopra
2098 2841 2128 2872 le
2143 2841 2274 2882 allegare
2287 2840 2399 2883 parole

1326 2897 1340 2913 ιι
1364 2885 1415 2916 del
1437 2891 1551 2927 quarto
1577 2885 1716 2926 capitolo
1739 2885 1791 2916 del
1809 2885 1949 2917 secondo
1974 2885 2057 2917 libro
2080 2885 2198 2927 leggesi
2213 2885 2297 2917 nella
2312 2895 2396 2917 mar-

1326 2942 1341 2956 »
1363 2929 1436 2970 gine
1460 2933 1526 2961 cosi
1550 2936 1675 2961 notato:
1705 2929 1768 2967 Qui
1781 2929 1903 2971 finisce
1924 2930 2062 2962 secondo
2085 2931 2110 2962 il
2132 2931 2161 2962 b.
2186 2931 2365 2963 Tommaso.
2378 2942 2396 2959 ι

1323 2975 1415 3006 Hanc
1447 2975 1599 3005 roborant
1628 2974 1936 3006 animadversionem
1960 2974 2085 3006 codices
2109 2985 2184 3007 mss.
2214 2974 2401 3007 Parisiensis

1323 3018 1561 3051 Genovefianus
1583 3018 1698 3050 desinit
1716 3019 1756 3050 ad
1781 3018 1835 3050 illa
1856 3020 1952 3051 verba
1977 3019 2121 3051 eiusdem
2143 3019 2247 3062 quarti
2270 3019 2398 3061 eapitis,

1323 3073 1406 3105 quae
1430 3063 1475 3095 sic
1501 3063 1691 3095 efferuntur:
1720 3063 1882 3105 Optimum
1907 3069 1955 3095 est
1977 3069 2084 3096 autem
2105 3066 2137 3096 in
2155 3065 2400 3096 conversatione

1322 3109 1477 3140 humana.
1497 3107 1665 3140 Consonat
1686 3108 1828 3140 Venetus
1843 3108 2053 3141 bibliothecae
2067 3116 2251 3141 sanctorum
2271 3107 2401 3147 Ioannis

1323 3160 1354 3184 et
1375 3152 1481 3184 Pauli:
1507 3163 1544 3184 ac
1567 3152 1652 3184 favet
1675 3153 1771 3184 etiam
1787 3152 1969 3185 Victorinus
1983 3153 2166 3186 Parisiensis
2182 3153 2269 3195 apud
2281 3152 2398 3185 Echet-

1323 3198 1414 3236 dum,
1437 3197 1494 3239 qui
1515 3197 1556 3228 ad
1581 3207 1617 3228 ea
1642 3197 1786 3238 procedit
1808 3197 1912 3239 quinti
1938 3197 2048 3239 capitis
2063 3199 2168 3230 verba:
2184 3199 2233 3230 Ac
2245 3197 2399 3240 diffusius

1322 3242 1547 3274 documentum
1571 3242 1715 3274 tradidit.

1390 3287 1516 3318 Partem
1538 3286 1694 3328 reliquam
1712 3286 1783 3317 libri
1802 3287 1933 3319 secundi
1949 3287 2158 3329 complevisse
2173 3286 2399 3321 Ptolomaeum

1323 3332 1513 3370 Lucensem,
1532 3331 1629 3373 idque
1648 3331 1748 3372 egisse
1770 3331 1878 3372 ipsum
1897 3341 1934 3363 ex
1952 3332 2101 3364 Thomae
2119 3331 2289 3374 aquinatis
2307 3329 2398 3362 sche-

1324 3376 1371 3407 dis
1403 3375 1671 3407 verisimillimum
1703 3383 1758 3407 est.
1793 3375 1948 3408 Codicem
1980 3376 2187 3408 florentinum
2218 3374 2399 3407 mediceum

1323 3420 1440 3452 indicat
1457 3420 1604 3452 laudatus
1619 3420 1795 3460 Echardus,
1814 3420 1847 3452 in
1863 3431 1930 3463 quo
1950 3421 2027 3453 haec
2045 3421 2218 3453 habentur:
2234 3418 2332 3451 Liber
2346 3418 2399 3450 De

1324 3470 1404 3507 rege
1431 3470 1461 3496 et
1484 3475 1604 3507 regno,
1630 3466 1773 3506 inceptus
1802 3475 1823 3496 a
1854 3475 1962 3497 vener.
1985 3466 2127 3498 Doctore
2154 3473 2181 3496 s.
2209 3463 2330 3495 sso'ma
2357 3462 2399 3494 de

1324 3510 1452 3551 Aquino
1474 3509 1608 3541 Ordinis
1621 3510 1898 3549 Praedicator-um,
1908 3515 2023 3551 postea
2038 3509 2212 3550 completus
2229 3517 2251 3539 a
2260 3507 2314 3549 fr.
2324 3507 2398 3539 Pto-

1325 3555 1449 3586 lomaeo
1472 3554 1512 3586 de
1534 3554 1646 3586 Lucha
1671 3554 1811 3586 eiusdem
1839 3553 1983 3593 Ordinis,
2007 3555 2063 3596 qui
2086 3552 2213 3585 tandem
2228 3551 2302 3593 ficit
2319 3551 2398 3593 Epi-

1324 3608 1439 3639 scopus
1467 3599 1687 3630 Torcellanus.
1713 3599 1800 3629 Haec
1824 3598 1920 3630 etiam
1942 3598 2037 3630 verba
2059 3597 2154 3628 habet
2178 3596 2277 3628 codex
2296 3606 2314 3627 a
2329 3595 2397 3627 Fri-

1324 3643 1411 3683 gerio
1435 3643 1548 3674 allatus
1571 3642 1604 3673 in
1628 3643 1712 3674 calce
1735 3642 1833 3674 totius
1852 3642 1981 3683 Operis:
2010 3641 2074 3680 Qui
2097 3642 2218 3682 compie
2242 3641 2265 3672 il
2279 3645 2398 3682 quarto
