<?xml version="1.0" encoding="UTF-8"?>
<!DOCTYPE html PUBLIC "-//W3C//DTD XHTML 1.0 Transitional//EN"
    "http://www.w3.org/TR/xhtml1/DTD/xhtml1-transitional.dtd">
<html xmlns="http://www.w3.org/1999/xhtml" xml:lang="en" lang="en">
 <head>
  <title>
</title>
<meta http-equiv="Content-Type" content="text/html;charset=utf-8" />
  <meta name='ocr-system' content='tesseract 3.04.00' />
  <meta name='ocr-capabilities' content='ocr_page ocr_carea ocr_par ocr_line ocrx_word'/>
</head>
<body>
  <div class='ocr_page' id='page_1' title='image "./operaomniaiussui01thom/operaomniaiussui01thom_0633.png"; bbox 0 0 2788 4204; ppageno 0'>
   <div class='ocr_carea' id='block_1_1' title="bbox 159 354 173 362">
    <p class='ocr_par' dir='ltr' id='par_1_1' title="bbox 159 354 173 362">
     <span class='ocr_line' id='line_1_1' title="bbox 159 354 173 362; baseline 0 0"><span class='ocrx_word' id='word_1_1' title='bbox 159 354 173 362; x_wconf 58' lang='grc' dir='ltr'>κ</span> 
     </span>
    </p>
   </div>
   <div class='ocr_carea' id='block_1_2' title="bbox 159 362 173 379">
    <p class='ocr_par' dir='ltr' id='par_1_2' title="bbox 159 362 173 379">
     <span class='ocr_line' id='line_1_2' title="bbox 159 362 173 379; baseline 0 0"><span class='ocrx_word' id='word_1_2' title='bbox 159 362 173 379; x_wconf 83' lang='grc'><strong>0</strong></span> 
     </span>
    </p>
   </div>
   <div class='ocr_carea' id='block_1_3' title="bbox 58 419 274 497">
    <p class='ocr_par' dir='ltr' id='par_1_3' title="bbox 58 419 274 497">
     <span class='ocr_line' id='line_1_3' title="bbox 59 419 274 442; baseline -0.009 0"><span class='ocrx_word' id='word_1_3' title='bbox 59 421 69 430; x_wconf 90' lang='grc'>·</span> <span class='ocrx_word' id='word_1_4' title='bbox 81 419 210 442; x_wconf 76' lang='lat' dir='ltr'>Codd.-r:</span> <span class='ocrx_word' id='word_1_5' title='bbox 221 419 274 441; x_wconf 71' lang='lat' dir='ltr'>illa.</span> 
     </span>
     <span class='ocr_line' id='line_1_4' title="bbox 58 468 265 497; baseline 0 -7"><span class='ocrx_word' id='word_1_6' title='bbox 58 468 164 497; x_wconf 55' lang='grc' dir='ltr'>’διῄει</span> <span class='ocrx_word' id='word_1_7' title='bbox 179 474 227 490; x_wconf 88' lang='lat' dir='ltr'>om.</span> <span class='ocrx_word' id='word_1_8' title='bbox 242 474 265 490; x_wconf 82' lang='lat' dir='ltr'>o.</span> 
     </span>
    </p>
   </div>
   <div class='ocr_carea' id='block_1_4' title="bbox 56 737 272 785">
    <p class='ocr_par' dir='ltr' id='par_1_4' title="bbox 56 737 272 785">
     <span class='ocr_line' id='line_1_5' title="bbox 56 737 272 785; baseline -0.005 -26"><span class='ocrx_word' id='word_1_9' title='bbox 56 737 218 785; x_wconf 49' lang='lat' dir='ltr'>zucnogdaern</span> <span class='ocrx_word' id='word_1_10' title='bbox 233 742 272 758; x_wconf 83' lang='lat' dir='ltr'>oc-</span> 
     </span>
    </p>
   </div>
   <div class='ocr_carea' id='block_1_5' title="bbox 54 837 270 864">
    <p class='ocr_par' dir='ltr' id='par_1_5' title="bbox 54 837 270 864">
     <span class='ocr_line' id='line_1_6' title="bbox 54 837 270 864; baseline -0.005 -5"><span class='ocrx_word' id='word_1_11' title='bbox 54 837 68 849; x_wconf 71' lang='lat'>⁴</span> <span class='ocrx_word' id='word_1_12' title='bbox 77 837 112 859; x_wconf 76' lang='lat' dir='ltr'>Cf.</span> <span class='ocrx_word' id='word_1_13' title='bbox 120 837 204 864; x_wconf 71' lang='lat' dir='ltr'>lectav,</span> <span class='ocrx_word' id='word_1_14' title='bbox 212 842 270 863; x_wconf 87' lang='lat' dir='ltr'>n.t4.</span> 
     </span>
    </p>
   </div>
   <div class='ocr_carea' id='block_1_6' title="bbox 53 1159 268 1236">
    <p class='ocr_par' dir='ltr' id='par_1_6' title="bbox 53 1159 268 1236">
     <span class='ocr_line' id='line_1_7' title="bbox 53 1159 268 1188; baseline -0.005 -6"><span class='ocrx_word' id='word_1_15' title='bbox 53 1160 65 1171; x_wconf 84' lang='grc'><em>·</em></span> <span class='ocrx_word' id='word_1_16' title='bbox 84 1165 162 1182; x_wconf 69' lang='lat' dir='ltr'>uon:</span> <span class='ocrx_word' id='word_1_17' title='bbox 177 1159 268 1188; x_wconf 68' lang='lat' dir='ltr'>atiquo.</span> 
     </span>
     <span class='ocr_line' id='line_1_8' title="bbox 54 1212 253 1236; baseline -0.005 0"><span class='ocrx_word' id='word_1_18' title='bbox 54 1213 125 1236; x_wconf 78' lang='lat' dir='ltr'>‘Hoc</span> <span class='ocrx_word' id='word_1_19' title='bbox 139 1219 168 1236; x_wconf 81' lang='lat' dir='ltr'>ex</span> <span class='ocrx_word' id='word_1_20' title='bbox 183 1212 253 1235; x_wconf 77' lang='lat' dir='ltr'>codd.</span> 
     </span>
    </p>
   </div>
   <div class='ocr_carea' id='block_1_7' title="bbox 49 1270 268 1374">
    <p class='ocr_par' dir='ltr' id='par_1_7' title="bbox 49 1270 268 1374">
     <span class='ocr_line' id='line_1_9' title="bbox 53 1270 264 1298; baseline -0.014 -3"><span class='ocrx_word' id='word_1_21' title='bbox 53 1272 64 1284; x_wconf 88' lang='grc'>·</span> <span class='ocrx_word' id='word_1_22' title='bbox 70 1270 155 1298; x_wconf 75' lang='lat' dir='ltr'>codd„</span> <span class='ocrx_word' id='word_1_23' title='bbox 166 1276 216 1293; x_wconf 80' lang='lat' dir='ltr'>exc.</span> <span class='ocrx_word' id='word_1_24' title='bbox 225 1277 264 1292; x_wconf 91' lang='grc'>1.-</span> 
     </span>
     <span class='ocr_line' id='line_1_10' title="bbox 49 1298 268 1374; baseline 0 -28"><span class='ocrx_word' id='word_1_25' title='bbox 49 1298 214 1374; x_wconf 49' lang='lat' dir='ltr'>iffae.</span> <span class='ocrx_word' id='word_1_26' title='bbox 222 1325 268 1351; x_wconf 61' lang='lat' dir='ltr'>mk</span> 
     </span>
    </p>
   </div>
   <div class='ocr_carea' id='block_1_8' title="bbox 49 1689 206 1713">
    <p class='ocr_par' dir='ltr' id='par_1_8' title="bbox 49 1689 206 1713">
     <span class='ocr_line' id='line_1_11' title="bbox 49 1689 206 1713; baseline 0.006 -1"><span class='ocrx_word' id='word_1_27' title='bbox 49 1690 96 1712; x_wconf 67' lang='lat' dir='ltr'>&#39;n</span> <span class='ocrx_word' id='word_1_28' title='bbox 109 1689 206 1713; x_wconf 60' lang='lat' dir='ltr'>m.</span> 
     </span>
    </p>
   </div>
   <div class='ocr_carea' id='block_1_9' title="bbox 44 1910 265 1999">
    <p class='ocr_par' dir='ltr' id='par_1_9' title="bbox 44 1910 265 1999">
     <span class='ocr_line' id='line_1_12' title="bbox 47 1910 264 1939; baseline -0.005 -4"><span class='ocrx_word' id='word_1_29' title='bbox 47 1910 238 1939; x_wconf 55' lang='lat' dir='ltr'>&#39;amnon</span> <span class='ocrx_word' id='word_1_30' title='bbox 257 1927 264 1935; x_wconf 94' lang='lat'>.</span> 
     </span>
     <span class='ocr_line' id='line_1_13' title="bbox 49 1943 265 1967; baseline -0.014 1"><span class='ocrx_word' id='word_1_31' title='bbox 49 1943 70 1955; x_wconf 70' lang='lat'><strong>⁸</strong></span> <span class='ocrx_word' id='word_1_32' title='bbox 149 1949 209 1967; x_wconf 82' lang='lat' dir='ltr'>.-t·:</span> <span class='ocrx_word' id='word_1_33' title='bbox 239 1949 265 1965; x_wconf 79' lang='lat' dir='ltr'>e-</span> 
     </span>
     <span class='ocr_line' id='line_1_14' title="bbox 44 1975 105 1999; baseline 0.016 -7"><span class='ocrx_word' id='word_1_34' title='bbox 44 1975 105 1999; x_wconf 68' lang='lat' dir='ltr'>qne.</span> 
     </span>
    </p>
   </div>
   <div class='ocr_carea' id='block_1_10' title="bbox 45 2012 266 2064">
    <p class='ocr_par' dir='ltr' id='par_1_10' title="bbox 45 2012 266 2064">
     <span class='ocr_line' id='line_1_15' title="bbox 45 2012 266 2064; baseline 0 0"><span class='ocrx_word' id='word_1_35' title='bbox 45 2012 266 2064; x_wconf 53' lang='lat' dir='ltr'>maium-</span> 
     </span>
    </p>
   </div>
   <div class='ocr_carea' id='block_1_11' title="bbox 44 2120 262 2175">
    <p class='ocr_par' dir='ltr' id='par_1_11' title="bbox 44 2120 262 2175">
     <span class='ocr_line' id='line_1_16' title="bbox 45 2120 262 2148; baseline -0.005 -4"><span class='ocrx_word' id='word_1_36' title='bbox 45 2121 59 2133; x_wconf 76' lang='grc'>·</span> <span class='ocrx_word' id='word_1_37' title='bbox 68 2120 106 2144; x_wconf 72' lang='lat' dir='ltr'>Cf.</span> <span class='ocrx_word' id='word_1_38' title='bbox 114 2121 168 2144; x_wconf 72' lang='lat' dir='ltr'>leet.</span> <span class='ocrx_word' id='word_1_39' title='bbox 181 2126 262 2148; x_wconf 71' lang='lat' dir='ltr'>mm,</span> 
     </span>
     <span class='ocr_line' id='line_1_17' title="bbox 44 2153 110 2175; baseline 0 -5"><span class='ocrx_word' id='word_1_40' title='bbox 44 2153 72 2170; x_wconf 77' lang='lat' dir='ltr'>n.</span> <span class='ocrx_word' id='word_1_41' title='bbox 84 2154 110 2175; x_wconf 82' lang='lat'>4.</span> 
     </span>
    </p>
   </div>
   <div class='ocr_carea' id='block_1_12' title="bbox 41 2280 264 2330">
    <p class='ocr_par' dir='ltr' id='par_1_12' title="bbox 41 2280 264 2330">
     <span class='ocr_line' id='line_1_18' title="bbox 41 2280 264 2330; baseline 0 -27"><span class='ocrx_word' id='word_1_42' title='bbox 41 2280 230 2330; x_wconf 48' lang='grc' dir='ltr'>Ξὲεᾶιὶἶηᾱιν,</span> <span class='ocrx_word' id='word_1_43' title='bbox 241 2283 264 2303; x_wconf 85' lang='lat' dir='ltr'>et</span> 
     </span>
    </p>
   </div>
   <div class='ocr_carea' id='block_1_13' title="bbox 39 2343 260 2472">
    <p class='ocr_par' dir='ltr' id='par_1_13' title="bbox 39 2343 260 2472">
     <span class='ocr_line' id='line_1_19' title="bbox 44 2343 236 2381; baseline 0 -15"><span class='ocrx_word' id='word_1_44' title='bbox 44 2343 220 2381; x_wconf 55' lang='lat' dir='ltr'>:OElecnxm</span> <span class='ocrx_word' id='word_1_45' title='bbox 231 2371 236 2376; x_wconf 51' lang='grc'><strong>,</strong></span> 
     </span>
     <span class='ocr_line' id='line_1_20' title="bbox 43 2373 260 2424; baseline 0 -1"><span class='ocrx_word' id='word_1_46' title='bbox 43 2373 260 2424; x_wconf 62' lang='grc' dir='ltr'><strong>1ἔὲἻὲἶῖζὲἱῖ</strong></span> 
     </span>
     <span class='ocr_line' id='line_1_21' title="bbox 39 2423 259 2472; baseline 0 -26"><span class='ocrx_word' id='word_1_47' title='bbox 39 2423 126 2472; x_wconf 51' lang='lat' dir='ltr'>w.</span> <span class='ocrx_word' id='word_1_48' title='bbox 133 2434 144 2441; x_wconf 89' lang='lat'>—</span> <span class='ocrx_word' id='word_1_49' title='bbox 152 2430 206 2446; x_wconf 72' lang='lat' dir='ltr'>nco:</span> <span class='ocrx_word' id='word_1_50' title='bbox 213 2430 259 2453; x_wconf 78' lang='lat' dir='ltr'>po·</span> 
     </span>
    </p>
   </div>
   <div class='ocr_carea' id='block_1_14' title="bbox 1109 275 1699 323">
    <p class='ocr_par' dir='ltr' id='par_1_14' title="bbox 1109 275 1699 323">
     <span class='ocr_line' id='line_1_22' title="bbox 1109 275 1699 323; baseline 0 -11"><span class='ocrx_word' id='word_1_51' title='bbox 1109 276 1220 312; x_wconf 90' lang='lat' dir='ltr'>CAP.</span> <span class='ocrx_word' id='word_1_52' title='bbox 1251 277 1359 323; x_wconf 90' lang='lat' dir='ltr'>XIX,</span> <span class='ocrx_word' id='word_1_53' title='bbox 1390 275 1542 312; x_wconf 91' lang='lat' dir='ltr'>LECT.</span> <span class='ocrx_word' id='word_1_54' title='bbox 1573 276 1699 312; x_wconf 89' lang='lat' dir='ltr'><strong>XXXI</strong></span> 
     </span>
    </p>
   </div>
   <div class='ocr_carea' id='block_1_15' title="bbox 293 351 1373 1677">
    <p class='ocr_par' dir='ltr' id='par_1_15' title="bbox 297 351 1373 930">
     <span class='ocr_line' id='line_1_23' title="bbox 303 351 1372 403; baseline 0.003 -14"><span class='ocrx_word' id='word_1_55' title='bbox 303 365 344 389; x_wconf 90' lang='lat' dir='ltr'>se</span> <span class='ocrx_word' id='word_1_56' title='bbox 364 359 475 399; x_wconf 86' lang='lat' dir='ltr'>nota;</span> <span class='ocrx_word' id='word_1_57' title='bbox 496 353 572 390; x_wconf 94' lang='lat' dir='ltr'>hoc</span> <span class='ocrx_word' id='word_1_58' title='bbox 590 353 729 390; x_wconf 90' lang='lat' dir='ltr'>sufficit</span> <span class='ocrx_word' id='word_1_59' title='bbox 748 353 943 390; x_wconf 87' lang='lat' dir='ltr'>dialectico</span> <span class='ocrx_word' id='word_1_60' title='bbox 959 351 986 400; x_wconf 74' lang='lat'>⁸,</span> <span class='ocrx_word' id='word_1_61' title='bbox 1007 366 1079 390; x_wconf 92' lang='lat' dir='ltr'>nec</span> <span class='ocrx_word' id='word_1_62' title='bbox 1098 353 1251 403; x_wconf 90' lang='lat' dir='ltr'>inquirit</span> <span class='ocrx_word' id='word_1_63' title='bbox 1270 355 1372 392; x_wconf 87' lang='lat' dir='ltr'>aliud</span> 
     </span>
     <span class='ocr_line' id='line_1_24' title="bbox 303 406 1373 455; baseline 0.002 -13"><span class='ocrx_word' id='word_1_64' title='bbox 303 406 487 452; x_wconf 90' lang='lat' dir='ltr'>medium,</span> <span class='ocrx_word' id='word_1_65' title='bbox 519 406 604 443; x_wconf 91' lang='lat' dir='ltr'>licet</span> <span class='ocrx_word' id='word_1_66' title='bbox 630 406 841 455; x_wconf 88' lang='lat' dir='ltr'>propositio</span> <span class='ocrx_word' id='word_1_67' title='bbox 871 406 917 442; x_wconf 92' lang='lat' dir='ltr'>sit</span> <span class='ocrx_word' id='word_1_68' title='bbox 944 406 1121 452; x_wconf 89' lang='lat' dir='ltr'>mediata,</span> <span class='ocrx_word' id='word_1_69' title='bbox 1143 415 1191 453; x_wconf 89' lang='lat' dir='ltr'>et,</span> <span class='ocrx_word' id='word_1_70' title='bbox 1214 420 1259 444; x_wconf 89' lang='lat' dir='ltr'>ex</span> <span class='ocrx_word' id='word_1_71' title='bbox 1288 420 1334 444; x_wconf 92' lang='lat' dir='ltr'>ea</span> <span class='ocrx_word' id='word_1_72' title='bbox 1352 409 1373 429; x_wconf 80' lang='lat'>*</span> 
     </span>
     <span class='ocr_line' id='line_1_25' title="bbox 303 459 1370 509; baseline 0.002 -14"><span class='ocrx_word' id='word_1_73' title='bbox 303 459 540 508; x_wconf 85' lang='lat' dir='ltr'>syllogizans,</span> <span class='ocrx_word' id='word_1_74' title='bbox 561 459 793 496; x_wconf 89' lang='lat' dir='ltr'>sufficienter</span> <span class='ocrx_word' id='word_1_75' title='bbox 812 459 832 480; x_wconf 83' lang='grc'>*</span> <span class='ocrx_word' id='word_1_76' title='bbox 861 459 1010 506; x_wconf 91' lang='lat' dir='ltr'>perficit</span> <span class='ocrx_word' id='word_1_77' title='bbox 1030 459 1269 497; x_wconf 87' lang='lat' dir='ltr'>dialecticum</span> <span class='ocrx_word' id='word_1_78' title='bbox 1298 462 1370 509; x_wconf 91' lang='lat' dir='ltr'>syl-</span> 
     </span>
     <span class='ocr_line' id='line_1_26' title="bbox 301 511 1371 560; baseline 0.001 -11"><span class='ocrx_word' id='word_1_79' title='bbox 301 512 519 560; x_wconf 86' lang='lat' dir='ltr'>logismum.</span> <span class='ocrx_word' id='word_1_80' title='bbox 550 512 628 549; x_wconf 92' lang='lat' dir='ltr'>Sed</span> <span class='ocrx_word' id='word_1_81' title='bbox 656 511 898 559; x_wconf 88' lang='lat' dir='ltr'>syllogismus</span> <span class='ocrx_word' id='word_1_82' title='bbox 920 511 1242 549; x_wconf 89' lang='lat' dir='ltr'>demonstrativus</span> <span class='ocrx_word' id='word_1_83' title='bbox 1271 514 1371 550; x_wconf 92' lang='lat' dir='ltr'>ordi-</span> 
     </span>
     <span class='ocr_line' id='line_1_27' title="bbox 301 564 1370 609; baseline 0.001 -7"><span class='ocrx_word' id='word_1_84' title='bbox 301 573 413 602; x_wconf 91' lang='lat' dir='ltr'>natur</span> <span class='ocrx_word' id='word_1_85' title='bbox 445 565 494 602; x_wconf 90' lang='lat' dir='ltr'>ad</span> <span class='ocrx_word' id='word_1_86' title='bbox 526 564 722 602; x_wconf 91' lang='lat' dir='ltr'>scientiam</span> <span class='ocrx_word' id='word_1_87' title='bbox 749 564 934 609; x_wconf 90' lang='lat' dir='ltr'>veritatis;</span> <span class='ocrx_word' id='word_1_88' title='bbox 965 572 1002 601; x_wconf 93' lang='lat' dir='ltr'>et</span> <span class='ocrx_word' id='word_1_89' title='bbox 1028 564 1116 602; x_wconf 91' lang='lat' dir='ltr'>ideo</span> <span class='ocrx_word' id='word_1_90' title='bbox 1141 565 1190 602; x_wconf 90' lang='lat' dir='ltr'>ad</span> <span class='ocrx_word' id='word_1_91' title='bbox 1211 566 1370 603; x_wconf 90' lang='lat' dir='ltr'>demon-</span> 
     </span>
     <span class='ocr_line' id='line_1_28' title="bbox 301 617 1371 668; baseline 0.001 -13"><span class='ocrx_word' id='word_1_92' title='bbox 301 625 500 655; x_wconf 86' lang='lat' dir='ltr'>stratorem</span> <span class='ocrx_word' id='word_1_93' title='bbox 518 617 696 666; x_wconf 89' lang='lat' dir='ltr'>pertinet,</span> <span class='ocrx_word' id='word_1_94' title='bbox 716 624 759 653; x_wconf 94' lang='lat' dir='ltr'>ut</span> <span class='ocrx_word' id='word_1_95' title='bbox 785 617 969 665; x_wconf 89' lang='lat' dir='ltr'>procedat</span> <span class='ocrx_word' id='word_1_96' title='bbox 997 629 1043 654; x_wconf 89' lang='lat' dir='ltr'>ex</span> <span class='ocrx_word' id='word_1_97' title='bbox 1064 618 1140 665; x_wconf 88' lang='lat' dir='ltr'>his,</span> <span class='ocrx_word' id='word_1_98' title='bbox 1165 631 1264 668; x_wconf 90' lang='lat' dir='ltr'>quae</span> <span class='ocrx_word' id='word_1_99' title='bbox 1284 628 1371 656; x_wconf 92' lang='lat' dir='ltr'>sunt</span> 
     </span>
     <span class='ocr_line' id='line_1_29' title="bbox 300 669 1371 710; baseline 0.002 -2"><span class='ocrx_word' id='word_1_100' title='bbox 300 670 513 708; x_wconf 90' lang='lat' dir='ltr'>secundum</span> <span class='ocrx_word' id='word_1_101' title='bbox 532 669 587 706; x_wconf 92' lang='lat' dir='ltr'>rei</span> <span class='ocrx_word' id='word_1_102' title='bbox 606 670 806 706; x_wconf 89' lang='lat' dir='ltr'>veritatem</span> <span class='ocrx_word' id='word_1_103' title='bbox 834 670 1065 707; x_wconf 90' lang='lat' dir='ltr'>immediata.</span> <span class='ocrx_word' id='word_1_104' title='bbox 1096 672 1146 708; x_wconf 93' lang='lat' dir='ltr'>Et</span> <span class='ocrx_word' id='word_1_105' title='bbox 1177 673 1208 709; x_wconf 94' lang='lat' dir='ltr'>si</span> <span class='ocrx_word' id='word_1_106' title='bbox 1237 685 1371 710; x_wconf 93' lang='lat' dir='ltr'>occur-</span> 
     </span>
     <span class='ocr_line' id='line_1_30' title="bbox 299 722 1369 774; baseline 0.004 -15"><span class='ocrx_word' id='word_1_107' title='bbox 299 730 356 760; x_wconf 85' lang='lat' dir='ltr'>rat</span> <span class='ocrx_word' id='word_1_108' title='bbox 382 723 404 743; x_wconf 79' lang='grc'>*</span> <span class='ocrx_word' id='word_1_109' title='bbox 437 722 471 758; x_wconf 93' lang='lat' dir='ltr'>ei</span> <span class='ocrx_word' id='word_1_110' title='bbox 504 722 670 759; x_wconf 90' lang='lat' dir='ltr'>mediata</span> <span class='ocrx_word' id='word_1_111' title='bbox 705 723 941 771; x_wconf 90' lang='lat' dir='ltr'>propositio,</span> <span class='ocrx_word' id='word_1_112' title='bbox 980 736 1137 761; x_wconf 91' lang='lat' dir='ltr'>necesse</span> <span class='ocrx_word' id='word_1_113' title='bbox 1171 733 1227 762; x_wconf 92' lang='lat' dir='ltr'>est</span> <span class='ocrx_word' id='word_1_114' title='bbox 1264 726 1369 774; x_wconf 90' lang='lat' dir='ltr'>quod</span> 
     </span>
     <span class='ocr_line' id='line_1_31' title="bbox 297 775 1367 827; baseline 0.004 -16"><span class='ocrx_word' id='word_1_115' title='bbox 297 775 436 824; x_wconf 89' lang='lat' dir='ltr'>probet</span> <span class='ocrx_word' id='word_1_116' title='bbox 455 787 543 812; x_wconf 89' lang='lat' dir='ltr'>eam</span> <span class='ocrx_word' id='word_1_117' title='bbox 561 787 632 824; x_wconf 92' lang='lat' dir='ltr'>per</span> <span class='ocrx_word' id='word_1_118' title='bbox 654 775 827 812; x_wconf 89' lang='lat' dir='ltr'>medium</span> <span class='ocrx_word' id='word_1_119' title='bbox 846 776 1057 825; x_wconf 88' lang='lat' dir='ltr'>proprium,</span> <span class='ocrx_word' id='word_1_120' title='bbox 1080 790 1282 827; x_wconf 87' lang='lat' dir='ltr'>quousque</span> <span class='ocrx_word' id='word_1_121' title='bbox 1304 779 1367 815; x_wconf 92' lang='lat' dir='ltr'>de-</span> 
     </span>
     <span class='ocr_line' id='line_1_32' title="bbox 297 828 1364 880; baseline 0.004 -15"><span class='ocrx_word' id='word_1_122' title='bbox 297 828 427 866; x_wconf 89' lang='lat' dir='ltr'>veniat</span> <span class='ocrx_word' id='word_1_123' title='bbox 446 828 495 865; x_wconf 89' lang='lat' dir='ltr'>ad</span> <span class='ocrx_word' id='word_1_124' title='bbox 509 828 732 865; x_wconf 91' lang='lat' dir='ltr'>immediata</span> <span class='ocrx_word' id='word_1_125' title='bbox 749 829 783 876; x_wconf 88' lang='grc'>*,</span> <span class='ocrx_word' id='word_1_126' title='bbox 805 841 877 867; x_wconf 83' lang='grc'><strong>1166</strong></span> <span class='ocrx_word' id='word_1_127' title='bbox 892 838 948 867; x_wconf 91' lang='lat' dir='ltr'>est</span> <span class='ocrx_word' id='word_1_128' title='bbox 968 838 1167 868; x_wconf 91' lang='lat' dir='ltr'>contentus</span> <span class='ocrx_word' id='word_1_129' title='bbox 1185 832 1364 880; x_wconf 90' lang='lat' dir='ltr'>probabi-</span> 
     </span>
     <span class='ocr_line' id='line_1_33' title="bbox 297 881 708 930; baseline 0 -11"><span class='ocrx_word' id='word_1_130' title='bbox 297 882 397 919; x_wconf 83' lang='lat' dir='ltr'>litate</span> <span class='ocrx_word' id='word_1_131' title='bbox 425 881 708 930; x_wconf 89' lang='lat' dir='ltr'>propositionis.</span> 
     </span>
    </p>

    <p class='ocr_par' dir='ltr' id='par_1_16' title="bbox 293 934 1367 1677">
     <span class='ocr_line' id='line_1_34' title="bbox 354 934 1364 984; baseline 0.001 -11"><span class='ocrx_word' id='word_1_132' title='bbox 354 936 387 973; x_wconf 87' lang='lat'>5.</span> <span class='ocrx_word' id='word_1_133' title='bbox 408 934 558 972; x_wconf 91' lang='lat' dir='ltr'>Deinde</span> <span class='ocrx_word' id='word_1_134' title='bbox 587 947 676 971; x_wconf 93' lang='lat' dir='ltr'>cum</span> <span class='ocrx_word' id='word_1_135' title='bbox 705 935 810 972; x_wconf 89' lang='lat' dir='ltr'>dicit:</span> <span class='ocrx_word' id='word_1_136' title='bbox 829 936 962 972; x_wconf 85' lang='lat' dir='ltr'>Habet</span> <span class='ocrx_word' id='word_1_137' title='bbox 985 943 1111 974; x_wconf 88' lang='lat' dir='ltr'>autem</span> <span class='ocrx_word' id='word_1_138' title='bbox 1138 950 1179 974; x_wconf 87' lang='lat' dir='ltr'>se</span> <span class='ocrx_word' id='word_1_139' title='bbox 1199 938 1254 974; x_wconf 88' lang='lat' dir='ltr'>sic</span> <span class='ocrx_word' id='word_1_140' title='bbox 1282 945 1364 984; x_wconf 90' lang='lat' dir='ltr'>etc.,</span> 
     </span>
     <span class='ocr_line' id='line_1_35' title="bbox 297 988 1364 1040; baseline 0.004 -16"><span class='ocrx_word' id='word_1_141' title='bbox 297 988 513 1029; x_wconf 81' lang='lat' dir='ltr'>manifestat</span> <span class='ocrx_word' id='word_1_142' title='bbox 539 988 646 1037; x_wconf 93' lang='lat' dir='ltr'>quod</span> <span class='ocrx_word' id='word_1_143' title='bbox 675 988 830 1036; x_wconf 86' lang='lat' dir='ltr'>dixerat,</span> <span class='ocrx_word' id='word_1_144' title='bbox 852 989 981 1026; x_wconf 90' lang='lat' dir='ltr'>dicens</span> <span class='ocrx_word' id='word_1_145' title='bbox 1010 990 1116 1038; x_wconf 93' lang='lat' dir='ltr'>quod</span> <span class='ocrx_word' id='word_1_146' title='bbox 1143 992 1230 1037; x_wconf 91' lang='lat' dir='ltr'>hoc,</span> <span class='ocrx_word' id='word_1_147' title='bbox 1258 991 1364 1040; x_wconf 94' lang='lat' dir='ltr'>quod</span> 
     </span>
     <span class='ocr_line' id='line_1_36' title="bbox 297 1041 1367 1090; baseline 0.002 -11"><span class='ocrx_word' id='word_1_148' title='bbox 297 1041 440 1079; x_wconf 88' lang='lat' dir='ltr'>dictum</span> <span class='ocrx_word' id='word_1_149' title='bbox 460 1049 518 1079; x_wconf 91' lang='lat' dir='ltr'>est</span> <span class='ocrx_word' id='word_1_150' title='bbox 539 1047 563 1089; x_wconf 83' lang='lat'>¹,</span> <span class='ocrx_word' id='word_1_151' title='bbox 594 1041 700 1090; x_wconf 88' lang='lat' dir='ltr'>quod</span> <span class='ocrx_word' id='word_1_152' title='bbox 725 1042 1007 1079; x_wconf 89' lang='lat' dir='ltr'>demonstrator</span> <span class='ocrx_word' id='word_1_153' title='bbox 1025 1044 1078 1080; x_wconf 86' lang='lat' dir='ltr'>ad</span> <span class='ocrx_word' id='word_1_154' title='bbox 1092 1044 1287 1080; x_wconf 75' lang='lat' dir='ltr'>veritatem</span> <span class='ocrx_word' id='word_1_155' title='bbox 1317 1056 1367 1080; x_wconf 86' lang='lat' dir='ltr'>ex</span> 
     </span>
     <span class='ocr_line' id='line_1_37' title="bbox 295 1095 1363 1143; baseline 0.002 -12"><span class='ocrx_word' id='word_1_156' title='bbox 295 1095 352 1132; x_wconf 85' lang='lat' dir='ltr'>his</span> <span class='ocrx_word' id='word_1_157' title='bbox 380 1107 478 1143; x_wconf 87' lang='lat' dir='ltr'>quae</span> <span class='ocrx_word' id='word_1_158' title='bbox 503 1100 591 1132; x_wconf 86' lang='lat' dir='ltr'>sunt</span> <span class='ocrx_word' id='word_1_159' title='bbox 615 1095 805 1143; x_wconf 89' lang='lat' dir='ltr'>procedit,</span> <span class='ocrx_word' id='word_1_160' title='bbox 836 1095 889 1131; x_wconf 93' lang='lat' dir='ltr'>sic</span> <span class='ocrx_word' id='word_1_161' title='bbox 917 1107 958 1132; x_wconf 91' lang='lat' dir='ltr'>se</span> <span class='ocrx_word' id='word_1_162' title='bbox 986 1096 1102 1133; x_wconf 90' lang='lat' dir='ltr'>habet</span> <span class='ocrx_word' id='word_1_163' title='bbox 1128 1104 1171 1133; x_wconf 90' lang='lat' dir='ltr'>ut</span> <span class='ocrx_word' id='word_1_164' title='bbox 1208 1096 1363 1134; x_wconf 90' lang='lat' dir='ltr'>dicetur.</span> 
     </span>
     <span class='ocr_line' id='line_1_38' title="bbox 297 1147 1365 1198; baseline 0.002 -14"><span class='ocrx_word' id='word_1_165' title='bbox 297 1147 491 1185; x_wconf 84' lang='lat' dir='ltr'>Invenitur</span> <span class='ocrx_word' id='word_1_166' title='bbox 518 1147 622 1184; x_wconf 91' lang='lat' dir='ltr'>enim</span> <span class='ocrx_word' id='word_1_167' title='bbox 651 1147 805 1198; x_wconf 91' lang='lat' dir='ltr'>aliquid,</span> <span class='ocrx_word' id='word_1_168' title='bbox 834 1149 937 1196; x_wconf 86' lang='lat' dir='ltr'>quod</span> <span class='ocrx_word' id='word_1_169' title='bbox 961 1149 1007 1185; x_wconf 87' lang='lat' dir='ltr'>de</span> <span class='ocrx_word' id='word_1_170' title='bbox 1029 1149 1105 1186; x_wconf 89' lang='lat' dir='ltr'>alio</span> <span class='ocrx_word' id='word_1_171' title='bbox 1123 1150 1145 1171; x_wconf 84' lang='grc'><em>*</em></span> <span class='ocrx_word' id='word_1_172' title='bbox 1165 1150 1365 1197; x_wconf 86' lang='lat' dir='ltr'>praedica-</span> 
     </span>
     <span class='ocr_line' id='line_1_39' title="bbox 295 1202 1365 1251; baseline 0.002 -13"><span class='ocrx_word' id='word_1_173' title='bbox 295 1207 373 1248; x_wconf 87' lang='lat' dir='ltr'>tur,</span> <span class='ocrx_word' id='word_1_174' title='bbox 406 1213 482 1238; x_wconf 85' lang='lat' dir='ltr'>non</span> <span class='ocrx_word' id='word_1_175' title='bbox 518 1202 724 1239; x_wconf 82' lang='lat' dir='ltr'>secundum</span> <span class='ocrx_word' id='word_1_176' title='bbox 761 1202 953 1247; x_wconf 82' lang='lat' dir='ltr'>accidens,</span> <span class='ocrx_word' id='word_1_177' title='bbox 993 1209 1030 1238; x_wconf 92' lang='lat' dir='ltr'>et</span> <span class='ocrx_word' id='word_1_178' title='bbox 1056 1203 1132 1238; x_wconf 91' lang='lat' dir='ltr'>hoc</span> <span class='ocrx_word' id='word_1_179' title='bbox 1160 1202 1181 1223; x_wconf 73' lang='lat'>&#39;⁸</span> <span class='ocrx_word' id='word_1_180' title='bbox 1210 1204 1365 1251; x_wconf 85' lang='lat' dir='ltr'>exponit</span> 
     </span>
     <span class='ocr_line' id='line_1_40' title="bbox 294 1254 1365 1304; baseline 0.002 -13"><span class='ocrx_word' id='word_1_181' title='bbox 294 1267 365 1304; x_wconf 92' lang='lat' dir='ltr'>per</span> <span class='ocrx_word' id='word_1_182' title='bbox 397 1254 687 1303; x_wconf 89' lang='lat' dir='ltr'>affirmativam,</span> <span class='ocrx_word' id='word_1_183' title='bbox 718 1254 924 1292; x_wconf 88' lang='lat' dir='ltr'>ostendens</span> <span class='ocrx_word' id='word_1_184' title='bbox 952 1256 973 1275; x_wconf 74' lang='lat'>⁴*</span> <span class='ocrx_word' id='word_1_185' title='bbox 1002 1255 1094 1304; x_wconf 93' lang='lat' dir='ltr'>quid</span> <span class='ocrx_word' id='word_1_186' title='bbox 1125 1255 1365 1303; x_wconf 87' lang='lat' dir='ltr'>praedicetur</span> 
     </span>
     <span class='ocr_line' id='line_1_41' title="bbox 294 1307 1364 1358; baseline 0.002 -13"><span class='ocrx_word' id='word_1_187' title='bbox 294 1309 500 1345; x_wconf 79' lang='lat' dir='ltr'>secundum</span> <span class='ocrx_word' id='word_1_188' title='bbox 515 1308 697 1346; x_wconf 85' lang='lat' dir='ltr'>accidens.</span> <span class='ocrx_word' id='word_1_189' title='bbox 710 1307 920 1356; x_wconf 89' lang='lat' dir='ltr'>Dupliciter</span> <span class='ocrx_word' id='word_1_190' title='bbox 934 1308 1037 1344; x_wconf 90' lang='lat' dir='ltr'>enim</span> <span class='ocrx_word' id='word_1_191' title='bbox 1054 1309 1075 1330; x_wconf 80' lang='lat'><strong>*</strong></span> <span class='ocrx_word' id='word_1_192' title='bbox 1095 1308 1236 1357; x_wconf 91' lang='lat' dir='ltr'>aliquid</span> <span class='ocrx_word' id='word_1_193' title='bbox 1255 1321 1364 1358; x_wconf 92' lang='lat' dir='ltr'>prae-</span> 
     </span>
     <span class='ocr_line' id='line_1_42' title="bbox 295 1361 1363 1411; baseline 0.002 -13"><span class='ocrx_word' id='word_1_194' title='bbox 295 1361 442 1405; x_wconf 85' lang='lat' dir='ltr'>dicatur-</span> <span class='ocrx_word' id='word_1_195' title='bbox 454 1362 659 1399; x_wconf 83' lang='lat' dir='ltr'>secundum</span> <span class='ocrx_word' id='word_1_196' title='bbox 674 1361 863 1399; x_wconf 80' lang='lat' dir='ltr'>accidens:</span> <span class='ocrx_word' id='word_1_197' title='bbox 882 1373 960 1398; x_wconf 90' lang='lat' dir='ltr'>uno</span> <span class='ocrx_word' id='word_1_198' title='bbox 976 1361 1109 1409; x_wconf 92' lang='lat' dir='ltr'>modo,</span> <span class='ocrx_word' id='word_1_199' title='bbox 1127 1362 1282 1411; x_wconf 92' lang='lat' dir='ltr'>quando</span> <span class='ocrx_word' id='word_1_200' title='bbox 1302 1376 1363 1400; x_wconf 91' lang='lat' dir='ltr'>su-</span> 
     </span>
     <span class='ocr_line' id='line_1_43' title="bbox 293 1414 1363 1464; baseline 0.001 -12"><span class='ocrx_word' id='word_1_201' title='bbox 293 1414 462 1452; x_wconf 88' lang='lat' dir='ltr'>biectum</span> <span class='ocrx_word' id='word_1_202' title='bbox 485 1414 793 1464; x_wconf 63' lang='lat' dir='ltr'>praedicatur‘de</span> <span class='ocrx_word' id='word_1_203' title='bbox 812 1414 1019 1462; x_wconf 89' lang='lat' dir='ltr'>accidente,</span> <span class='ocrx_word' id='word_1_204' title='bbox 1035 1423 1127 1464; x_wconf 90' lang='lat' dir='ltr'>puta</span> <span class='ocrx_word' id='word_1_205' title='bbox 1156 1428 1244 1452; x_wconf 91' lang='lat' dir='ltr'>cum</span> <span class='ocrx_word' id='word_1_206' title='bbox 1274 1416 1363 1453; x_wconf 91' lang='lat' dir='ltr'>dici-</span> 
     </span>
     <span class='ocr_line' id='line_1_44' title="bbox 294 1468 1360 1516; baseline 0.002 -12"><span class='ocrx_word' id='word_1_207' title='bbox 294 1479 399 1514; x_wconf 88' lang='lat' dir='ltr'>mus,</span> <span class='ocrx_word' id='word_1_208' title='bbox 428 1468 568 1505; x_wconf 85' lang='lat' dir='ltr'>Album</span> <span class='ocrx_word' id='word_1_209' title='bbox 596 1474 652 1505; x_wconf 87' lang='lat' dir='ltr'>est</span> <span class='ocrx_word' id='word_1_210' title='bbox 675 1469 808 1513; x_wconf 87' lang='lat' dir='ltr'>homo‚·</span> <span class='ocrx_word' id='word_1_211' title='bbox 835 1468 909 1504; x_wconf 90' lang='lat' dir='ltr'>alio</span> <span class='ocrx_word' id='word_1_212' title='bbox 938 1468 1058 1505; x_wconf 90' lang='lat' dir='ltr'>modo</span> <span class='ocrx_word' id='word_1_213' title='bbox 1088 1468 1317 1506; x_wconf 89' lang='lat' dir='ltr'>dissimiliter</span> <span class='ocrx_word' id='word_1_214' title='bbox 1336 1469 1360 1516; x_wconf 65' lang='grc' dir='ltr'>ς,</span> 
     </span>
     <span class='ocr_line' id='line_1_45' title="bbox 293 1521 1363 1570; baseline 0.002 -12"><span class='ocrx_word' id='word_1_215' title='bbox 293 1521 449 1570; x_wconf 88' lang='lat' dir='ltr'>quando</span> <span class='ocrx_word' id='word_1_216' title='bbox 479 1521 655 1559; x_wconf 90' lang='lat' dir='ltr'>accidens</span> <span class='ocrx_word' id='word_1_217' title='bbox 691 1521 933 1570; x_wconf 86' lang='lat' dir='ltr'>praedicatur</span> <span class='ocrx_word' id='word_1_218' title='bbox 969 1522 1016 1558; x_wconf 94' lang='lat' dir='ltr'>de</span> <span class='ocrx_word' id='word_1_219' title='bbox 1046 1522 1238 1569; x_wconf 92' lang='lat' dir='ltr'>subiecto,</span> <span class='ocrx_word' id='word_1_220' title='bbox 1268 1522 1363 1560; x_wconf 92' lang='lat' dir='ltr'>sicut</span> 
     </span>
     <span class='ocr_line' id='line_1_46' title="bbox 295 1574 1361 1622; baseline 0.001 -11"><span class='ocrx_word' id='word_1_221' title='bbox 295 1586 384 1611; x_wconf 90' lang='lat' dir='ltr'>eum</span> <span class='ocrx_word' id='word_1_222' title='bbox 401 1574 548 1622; x_wconf 91' lang='lat' dir='ltr'>dicitur,</span> <span class='ocrx_word' id='word_1_223' title='bbox 564 1576 696 1612; x_wconf 90' lang='lat' dir='ltr'>Homo</span> <span class='ocrx_word' id='word_1_224' title='bbox 717 1580 771 1611; x_wconf 86' lang='lat' dir='ltr'>est</span> <span class='ocrx_word' id='word_1_225' title='bbox 787 1574 905 1612; x_wconf 86' lang='lat' dir='ltr'>albus.</span> <span class='ocrx_word' id='word_1_226' title='bbox 927 1575 976 1612; x_wconf 93' lang='lat' dir='ltr'>Et</span> <span class='ocrx_word' id='word_1_227' title='bbox 996 1574 1121 1612; x_wconf 88' lang='lat' dir='ltr'>differt</span> <span class='ocrx_word' id='word_1_228' title='bbox 1138 1575 1200 1612; x_wconf 91' lang='lat' dir='ltr'>hic</span> <span class='ocrx_word' id='word_1_229' title='bbox 1219 1576 1361 1613; x_wconf 91' lang='lat' dir='ltr'>modus</span> 
     </span>
     <span class='ocr_line' id='line_1_47' title="bbox 293 1627 1361 1677; baseline 0.002 -13"><span class='ocrx_word' id='word_1_230' title='bbox 293 1639 317 1664; x_wconf 89' lang='lat' dir='ltr'>a</span> <span class='ocrx_word' id='word_1_231' title='bbox 333 1627 474 1676; x_wconf 90' lang='lat' dir='ltr'>primo,</span> <span class='ocrx_word' id='word_1_232' title='bbox 491 1628 674 1677; x_wconf 89' lang='lat' dir='ltr'>quoniam</span> <span class='ocrx_word' id='word_1_233' title='bbox 694 1627 768 1675; x_wconf 90' lang='lat' dir='ltr'>hic,</span> <span class='ocrx_word' id='word_1_234' title='bbox 790 1628 944 1676; x_wconf 88' lang='lat' dir='ltr'>quando</span> <span class='ocrx_word' id='word_1_235' title='bbox 972 1628 1148 1665; x_wconf 89' lang='lat' dir='ltr'>accidens</span> <span class='ocrx_word' id='word_1_236' title='bbox 1167 1629 1361 1677; x_wconf 89' lang='lat' dir='ltr'>praedica-</span> 
     </span>
    </p>
   </div>
   <div class='ocr_carea' id='block_1_16' title="bbox 262 1681 1361 1728">
    <p class='ocr_par' dir='ltr' id='par_1_17' title="bbox 262 1681 1361 1728">
     <span class='ocr_line' id='line_1_48' title="bbox 262 1681 1361 1728; baseline 0.002 -11"><span class='ocrx_word' id='word_1_237' title='bbox 262 1707 265 1710; x_wconf 83' lang='lat'>·</span> <span class='ocrx_word' id='word_1_238' title='bbox 292 1687 354 1718; x_wconf 89' lang='lat' dir='ltr'>tur</span> <span class='ocrx_word' id='word_1_239' title='bbox 371 1682 393 1702; x_wconf 81' lang='grc'>*</span> <span class='ocrx_word' id='word_1_240' title='bbox 421 1681 468 1718; x_wconf 90' lang='lat' dir='ltr'>de</span> <span class='ocrx_word' id='word_1_241' title='bbox 497 1681 686 1728; x_wconf 87' lang='lat' dir='ltr'>subiecto,</span> <span class='ocrx_word' id='word_1_242' title='bbox 717 1681 868 1728; x_wconf 90' lang='lat' dir='ltr'>dicitur,</span> <span class='ocrx_word' id='word_1_243' title='bbox 896 1682 1029 1718; x_wconf 91' lang='lat' dir='ltr'>Homo</span> <span class='ocrx_word' id='word_1_244' title='bbox 1057 1687 1112 1718; x_wconf 84' lang='lat' dir='ltr'>est</span> <span class='ocrx_word' id='word_1_245' title='bbox 1136 1682 1255 1728; x_wconf 82' lang='lat' dir='ltr'>albus,</span> <span class='ocrx_word' id='word_1_246' title='bbox 1282 1695 1361 1719; x_wconf 92' lang='lat' dir='ltr'>non</span> 
     </span>
    </p>
   </div>
   <div class='ocr_carea' id='block_1_17' title="bbox 288 1734 1362 2477">
    <p class='ocr_par' dir='ltr' id='par_1_18' title="bbox 288 1734 1362 2477">
     <span class='ocr_line' id='line_1_49' title="bbox 293 1734 1360 1784; baseline 0.002 -14"><span class='ocrx_word' id='word_1_247' title='bbox 293 1734 383 1783; x_wconf 93' lang='lat' dir='ltr'>quia</span> <span class='ocrx_word' id='word_1_248' title='bbox 397 1734 539 1783; x_wconf 89' lang='lat' dir='ltr'>aliquid</span> <span class='ocrx_word' id='word_1_249' title='bbox 558 1735 719 1772; x_wconf 90' lang='lat' dir='ltr'>alterurn</span> <span class='ocrx_word' id='word_1_250' title='bbox 734 1734 780 1771; x_wconf 93' lang='lat' dir='ltr'>sit</span> <span class='ocrx_word' id='word_1_251' title='bbox 799 1735 941 1781; x_wconf 88' lang='lat' dir='ltr'>album,</span> <span class='ocrx_word' id='word_1_252' title='bbox 958 1734 1026 1772; x_wconf 93' lang='lat' dir='ltr'>sed</span> <span class='ocrx_word' id='word_1_253' title='bbox 1041 1735 1130 1784; x_wconf 90' lang='lat' dir='ltr'>quia</span> <span class='ocrx_word' id='word_1_254' title='bbox 1144 1735 1225 1784; x_wconf 87' lang='lat' dir='ltr'>ipse</span> <span class='ocrx_word' id='word_1_255' title='bbox 1240 1736 1360 1772; x_wconf 90' lang='lat' dir='ltr'>homo</span> 
     </span>
     <span class='ocr_line' id='line_1_50' title="bbox 293 1788 1359 1836; baseline 0.001 -12"><span class='ocrx_word' id='word_1_256' title='bbox 293 1794 350 1824; x_wconf 90' lang='lat' dir='ltr'>est</span> <span class='ocrx_word' id='word_1_257' title='bbox 377 1788 502 1824; x_wconf 85' lang='lat' dir='ltr'>albus:</span> <span class='ocrx_word' id='word_1_258' title='bbox 529 1795 566 1825; x_wconf 91' lang='lat' dir='ltr'>et</span> <span class='ocrx_word' id='word_1_259' title='bbox 593 1795 723 1825; x_wconf 88' lang='lat' dir='ltr'>tamen</span> <span class='ocrx_word' id='word_1_260' title='bbox 752 1795 808 1824; x_wconf 92' lang='lat' dir='ltr'>est</span> <span class='ocrx_word' id='word_1_261' title='bbox 835 1788 1046 1836; x_wconf 89' lang='lat' dir='ltr'>propositio</span> <span class='ocrx_word' id='word_1_262' title='bbox 1074 1800 1144 1836; x_wconf 88' lang='lat' dir='ltr'>per</span> <span class='ocrx_word' id='word_1_263' title='bbox 1171 1788 1359 1835; x_wconf 90' lang='lat' dir='ltr'>accidens,</span> 
     </span>
     <span class='ocr_line' id='line_1_51' title="bbox 292 1840 1361 1890; baseline 0.001 -13"><span class='ocrx_word' id='word_1_264' title='bbox 292 1840 382 1890; x_wconf 88' lang='lat' dir='ltr'>quia</span> <span class='ocrx_word' id='word_1_265' title='bbox 401 1841 533 1878; x_wconf 92' lang='lat' dir='ltr'>album</span> <span class='ocrx_word' id='word_1_266' title='bbox 552 1853 632 1878; x_wconf 92' lang='lat' dir='ltr'>non</span> <span class='ocrx_word' id='word_1_267' title='bbox 660 1841 840 1878; x_wconf 87' lang='lat' dir='ltr'>convenit</span> <span class='ocrx_word' id='word_1_268' title='bbox 863 1841 1011 1878; x_wconf 91' lang='lat' dir='ltr'>homini</span> <span class='ocrx_word' id='word_1_269' title='bbox 1039 1842 1253 1878; x_wconf 91' lang='lat' dir='ltr'>secundum</span> <span class='ocrx_word' id='word_1_270' title='bbox 1273 1854 1361 1890; x_wconf 91' lang='lat' dir='ltr'>pro-</span> 
     </span>
     <span class='ocr_line' id='line_1_52' title="bbox 291 1893 1360 1943; baseline 0 -12"><span class='ocrx_word' id='word_1_271' title='bbox 291 1893 416 1943; x_wconf 88' lang='lat' dir='ltr'>priam</span> <span class='ocrx_word' id='word_1_272' title='bbox 427 1894 614 1931; x_wconf 85' lang='lat' dir='ltr'>rationem</span> <span class='ocrx_word' id='word_1_273' title='bbox 624 1894 655 1931; x_wconf 81' lang='lat'>*.</span> <span class='ocrx_word' id='word_1_274' title='bbox 668 1895 806 1931; x_wconf 71' lang='lat' dir='ltr'>Non*&#39;</span> <span class='ocrx_word' id='word_1_275' title='bbox 813 1894 915 1930; x_wconf 91' lang='lat' dir='ltr'>enim</span> <span class='ocrx_word' id='word_1_276' title='bbox 925 1894 1080 1943; x_wconf 86' lang='lat' dir='ltr'>ponitur</span> <span class='ocrx_word' id='word_1_277' title='bbox 1089 1894 1127 1931; x_wconf 91' lang='lat' dir='ltr'>in</span> <span class='ocrx_word' id='word_1_278' title='bbox 1139 1894 1360 1932; x_wconf 88' lang='lat' dir='ltr'>definitione</span> 
     </span>
     <span class='ocr_line' id='line_1_53' title="bbox 292 1946 1360 1996; baseline 0.002 -13"><span class='ocrx_word' id='word_1_279' title='bbox 292 1946 385 1994; x_wconf 85' lang='lat' dir='ltr'>eius,</span> <span class='ocrx_word' id='word_1_280' title='bbox 397 1959 524 1996; x_wconf 92' lang='lat' dir='ltr'>neque</span> <span class='ocrx_word' id='word_1_281' title='bbox 539 1960 560 1984; x_wconf 92' lang='lat' dir='ltr'>e</span> <span class='ocrx_word' id='word_1_282' title='bbox 575 1959 776 1984; x_wconf 89' lang='lat' dir='ltr'>converso.</span> <span class='ocrx_word' id='word_1_283' title='bbox 795 1947 873 1984; x_wconf 91' lang='lat' dir='ltr'>Sed</span> <span class='ocrx_word' id='word_1_284' title='bbox 889 1948 1043 1996; x_wconf 90' lang='lat' dir='ltr'>quando</span> <span class='ocrx_word' id='word_1_285' title='bbox 1065 1947 1209 1994; x_wconf 89' lang='lat' dir='ltr'>dicitur,</span> <span class='ocrx_word' id='word_1_286' title='bbox 1220 1948 1360 1985; x_wconf 85' lang='lat' dir='ltr'>Album</span> 
     </span>
     <span class='ocr_line' id='line_1_54' title="bbox 291 2000 1362 2050; baseline 0.001 -13"><span class='ocrx_word' id='word_1_287' title='bbox 291 2005 347 2037; x_wconf 89' lang='lat' dir='ltr'>est</span> <span class='ocrx_word' id='word_1_288' title='bbox 357 2002 484 2047; x_wconf 80' lang='lat' dir='ltr'>homo,</span> <span class='ocrx_word' id='word_1_289' title='bbox 495 2001 600 2038; x_wconf 80' lang='lat' dir='ltr'>hoc*</span> <span class='ocrx_word' id='word_1_290' title='bbox 610 2013 689 2038; x_wconf 92' lang='lat' dir='ltr'>non</span> <span class='ocrx_word' id='word_1_291' title='bbox 704 2001 850 2047; x_wconf 89' lang='lat' dir='ltr'>dicitur,</span> <span class='ocrx_word' id='word_1_292' title='bbox 858 2000 947 2050; x_wconf 92' lang='lat' dir='ltr'>quia</span> <span class='ocrx_word' id='word_1_293' title='bbox 962 2013 1046 2037; x_wconf 89' lang='lat' dir='ltr'>esse</span> <span class='ocrx_word' id='word_1_294' title='bbox 1060 2001 1259 2038; x_wconf 90' lang='lat' dir='ltr'>hominem</span> <span class='ocrx_word' id='word_1_295' title='bbox 1276 2001 1362 2038; x_wconf 91' lang='lat' dir='ltr'>insit</span> 
     </span>
     <span class='ocr_line' id='line_1_55' title="bbox 291 2054 1359 2104; baseline 0 -13"><span class='ocrx_word' id='word_1_296' title='bbox 291 2054 379 2091; x_wconf 92' lang='lat' dir='ltr'>albo</span> <span class='ocrx_word' id='word_1_297' title='bbox 392 2084 401 2102; x_wconf 97' lang='lat'>,</span> <span class='ocrx_word' id='word_1_298' title='bbox 431 2054 500 2091; x_wconf 90' lang='lat' dir='ltr'>sed</span> <span class='ocrx_word' id='word_1_299' title='bbox 528 2054 617 2104; x_wconf 93' lang='lat' dir='ltr'>quia</span> <span class='ocrx_word' id='word_1_300' title='bbox 637 2066 720 2091; x_wconf 91' lang='lat' dir='ltr'>esse</span> <span class='ocrx_word' id='word_1_301' title='bbox 740 2054 939 2091; x_wconf 90' lang='lat' dir='ltr'>hominem</span> <span class='ocrx_word' id='word_1_302' title='bbox 964 2054 1061 2091; x_wconf 90' lang='lat' dir='ltr'>inest</span> <span class='ocrx_word' id='word_1_303' title='bbox 1081 2054 1251 2091; x_wconf 92' lang='lat' dir='ltr'>subiecto</span> <span class='ocrx_word' id='word_1_304' title='bbox 1272 2055 1359 2102; x_wconf 85' lang='lat' dir='ltr'>albi,</span> 
     </span>
     <span class='ocr_line' id='line_1_56' title="bbox 292 2106 1359 2145; baseline 0.001 -1"><span class='ocrx_word' id='word_1_305' title='bbox 292 2106 353 2144; x_wconf 90' lang='lat' dir='ltr'>cui</span> <span class='ocrx_word' id='word_1_306' title='bbox 373 2107 513 2145; x_wconf 88' lang='lat' dir='ltr'>scilicet</span> <span class='ocrx_word' id='word_1_307' title='bbox 540 2108 675 2145; x_wconf 91' lang='lat' dir='ltr'>accidit</span> <span class='ocrx_word' id='word_1_308' title='bbox 694 2120 777 2145; x_wconf 91' lang='lat' dir='ltr'>esse</span> <span class='ocrx_word' id='word_1_309' title='bbox 797 2108 927 2144; x_wconf 89' lang='lat' dir='ltr'>album</span> <span class='ocrx_word' id='word_1_310' title='bbox 946 2107 977 2144; x_wconf 63' lang='lat'>³⁸.</span> <span class='ocrx_word' id='word_1_311' title='bbox 1005 2108 1118 2145; x_wconf 91' lang='lat' dir='ltr'>Unde</span> <span class='ocrx_word' id='word_1_312' title='bbox 1137 2107 1198 2144; x_wconf 91' lang='lat' dir='ltr'>hic</span> <span class='ocrx_word' id='word_1_313' title='bbox 1217 2108 1359 2145; x_wconf 92' lang='lat' dir='ltr'>modus</span> 
     </span>
     <span class='ocr_line' id='line_1_57' title="bbox 292 2161 1359 2210; baseline 0.001 -13"><span class='ocrx_word' id='word_1_314' title='bbox 292 2167 348 2197; x_wconf 92' lang='lat' dir='ltr'>est</span> <span class='ocrx_word' id='word_1_315' title='bbox 375 2161 496 2209; x_wconf 91' lang='lat' dir='ltr'>magis</span> <span class='ocrx_word' id='word_1_316' title='bbox 525 2169 696 2198; x_wconf 90' lang='lat' dir='ltr'>remotus</span> <span class='ocrx_word' id='word_1_317' title='bbox 716 2174 738 2198; x_wconf 94' lang='lat' dir='ltr'>a</span> <span class='ocrx_word' id='word_1_318' title='bbox 756 2161 1039 2210; x_wconf 90' lang='lat' dir='ltr'>praedicatione</span> <span class='ocrx_word' id='word_1_319' title='bbox 1060 2173 1136 2210; x_wconf 85' lang='lat' dir='ltr'>per</span> <span class='ocrx_word' id='word_1_320' title='bbox 1161 2173 1211 2207; x_wconf 82' lang='lat' dir='ltr'>se,</span> <span class='ocrx_word' id='word_1_321' title='bbox 1242 2173 1359 2210; x_wconf 91' lang='lat' dir='ltr'>quam</span> 
     </span>
     <span class='ocr_line' id='line_1_58' title="bbox 289 2214 1360 2264; baseline 0.002 -14"><span class='ocrx_word' id='word_1_322' title='bbox 289 2214 449 2262; x_wconf 84' lang='lat' dir='ltr'>primus.</span> <span class='ocrx_word' id='word_1_323' title='bbox 480 2215 577 2252; x_wconf 89' lang='lat' dir='ltr'>Sunt</span> <span class='ocrx_word' id='word_1_324' title='bbox 604 2222 733 2252; x_wconf 87' lang='lat' dir='ltr'>autem</span> <span class='ocrx_word' id='word_1_325' title='bbox 759 2214 963 2264; x_wconf 86' lang='lat' dir='ltr'>quaedam,</span> <span class='ocrx_word' id='word_1_326' title='bbox 984 2227 1084 2263; x_wconf 91' lang='lat' dir='ltr'>quae</span> <span class='ocrx_word' id='word_1_327' title='bbox 1112 2222 1247 2251; x_wconf 91' lang='lat' dir='ltr'>neutro</span> <span class='ocrx_word' id='word_1_328' title='bbox 1272 2214 1360 2252; x_wconf 92' lang='lat' dir='ltr'>isto-</span> 
     </span>
     <span class='ocr_line' id='line_1_59' title="bbox 290 2267 1362 2317; baseline 0 -13"><span class='ocrx_word' id='word_1_329' title='bbox 290 2279 377 2304; x_wconf 91' lang='lat' dir='ltr'>rum</span> <span class='ocrx_word' id='word_1_330' title='bbox 410 2268 619 2305; x_wconf 89' lang='lat' dir='ltr'>modorum</span> <span class='ocrx_word' id='word_1_331' title='bbox 646 2281 717 2317; x_wconf 91' lang='lat' dir='ltr'>per</span> <span class='ocrx_word' id='word_1_332' title='bbox 749 2268 925 2305; x_wconf 90' lang='lat' dir='ltr'>accidens</span> <span class='ocrx_word' id='word_1_333' title='bbox 962 2267 1229 2317; x_wconf 89' lang='lat' dir='ltr'>praedicantur</span> <span class='ocrx_word' id='word_1_334' title='bbox 1259 2268 1294 2314; x_wconf 86' lang='lat'>*;</span> <span class='ocrx_word' id='word_1_335' title='bbox 1325 2275 1362 2304; x_wconf 89' lang='lat' dir='ltr'>et</span> 
     </span>
     <span class='ocr_line' id='line_1_60' title="bbox 289 2319 1361 2370; baseline 0.001 -13"><span class='ocrx_word' id='word_1_336' title='bbox 289 2319 359 2357; x_wconf 88' lang='lat' dir='ltr'>ista</span> <span class='ocrx_word' id='word_1_337' title='bbox 383 2321 558 2358; x_wconf 91' lang='lat' dir='ltr'>dicuntur</span> <span class='ocrx_word' id='word_1_338' title='bbox 576 2333 650 2370; x_wconf 82' lang='lat' dir='ltr'>per</span> <span class='ocrx_word' id='word_1_339' title='bbox 675 2333 726 2358; x_wconf 84' lang='lat' dir='ltr'>se.</span> <span class='ocrx_word' id='word_1_340' title='bbox 755 2322 806 2358; x_wconf 92' lang='lat' dir='ltr'>Et</span> <span class='ocrx_word' id='word_1_341' title='bbox 832 2322 919 2358; x_wconf 88' lang='lat' dir='ltr'>talia</span> <span class='ocrx_word' id='word_1_342' title='bbox 947 2328 1051 2368; x_wconf 92' lang='lat' dir='ltr'>sunt,</span> <span class='ocrx_word' id='word_1_343' title='bbox 1073 2333 1119 2357; x_wconf 89' lang='lat' dir='ltr'>ex</span> <span class='ocrx_word' id='word_1_344' title='bbox 1139 2321 1276 2370; x_wconf 89' lang='lat' dir='ltr'>quibus</span> <span class='ocrx_word' id='word_1_345' title='bbox 1297 2321 1361 2358; x_wconf 92' lang='lat' dir='ltr'>de-</span> 
     </span>
     <span class='ocr_line' id='line_1_61' title="bbox 288 2374 1358 2423; baseline 0.001 -13"><span class='ocrx_word' id='word_1_346' title='bbox 288 2381 521 2411; x_wconf 91' lang='lat' dir='ltr'>monstrator</span> <span class='ocrx_word' id='word_1_347' title='bbox 534 2375 707 2423; x_wconf 90' lang='lat' dir='ltr'>procedit</span> <span class='ocrx_word' id='word_1_348' title='bbox 721 2375 752 2411; x_wconf 84' lang='lat'>*.</span> <span class='ocrx_word' id='word_1_349' title='bbox 775 2375 853 2411; x_wconf 89' lang='lat' dir='ltr'>Sed</span> <span class='ocrx_word' id='word_1_350' title='bbox 872 2375 947 2411; x_wconf 92' lang='lat' dir='ltr'>hoc</span> <span class='ocrx_word' id='word_1_351' title='bbox 963 2374 1179 2411; x_wconf 88' lang='lat' dir='ltr'>dialecticus</span> <span class='ocrx_word' id='word_1_352' title='bbox 1199 2386 1277 2411; x_wconf 93' lang='lat' dir='ltr'>non</span> <span class='ocrx_word' id='word_1_353' title='bbox 1301 2387 1358 2411; x_wconf 90' lang='lat' dir='ltr'>re-</span> 
     </span>
     <span class='ocr_line' id='line_1_62' title="bbox 288 2427 1359 2477; baseline 0 -13"><span class='ocrx_word' id='word_1_354' title='bbox 288 2427 411 2476; x_wconf 88' lang='lat' dir='ltr'>quirit,</span> <span class='ocrx_word' id='word_1_355' title='bbox 424 2435 461 2464; x_wconf 92' lang='lat' dir='ltr'>et</span> <span class='ocrx_word' id='word_1_356' title='bbox 479 2427 567 2465; x_wconf 94' lang='lat' dir='ltr'>ideo</span> <span class='ocrx_word' id='word_1_357' title='bbox 589 2427 773 2477; x_wconf 87' lang='lat' dir='ltr'>quaestio,</span> <span class='ocrx_word' id='word_1_358' title='bbox 795 2440 894 2477; x_wconf 94' lang='lat' dir='ltr'>quae</span> <span class='ocrx_word' id='word_1_359' title='bbox 913 2428 1010 2465; x_wconf 91' lang='lat' dir='ltr'>infra</span> <span class='ocrx_word' id='word_1_360' title='bbox 1023 2428 1044 2449; x_wconf 65' lang='lat'>³*</span> <span class='ocrx_word' id='word_1_361' title='bbox 1056 2427 1283 2476; x_wconf 92' lang='lat' dir='ltr'>proponitur</span> <span class='ocrx_word' id='word_1_362' title='bbox 1311 2427 1359 2464; x_wconf 90' lang='lat' dir='ltr'>de</span> 
     </span>
    </p>
   </div>
   <div class='ocr_carea' id='block_1_18' title="bbox 282 2561 1360 3621">
    <p class='ocr_par' dir='ltr' id='par_1_19' title="bbox 282 2561 1360 3621">
     <span class='ocr_line' id='line_1_63' title="bbox 283 2561 1360 2603; baseline -0.002 -14"><span class='ocrx_word' id='word_1_363' title='bbox 283 2564 332 2589; x_wconf 85' lang='lat' dir='ltr'>erit</span> <span class='ocrx_word' id='word_1_364' title='bbox 350 2563 536 2588; x_wconf 85' lang='lat' dir='ltr'>demonstratio</span> <span class='ocrx_word' id='word_1_365' title='bbox 555 2563 602 2588; x_wconf 90' lang='lat' dir='ltr'>sed</span> <span class='ocrx_word' id='word_1_366' title='bbox 621 2563 790 2596; x_wconf 86' lang='lat' dir='ltr'>syllogismus</span> <span class='ocrx_word' id='word_1_367' title='bbox 807 2562 963 2587; x_wconf 86' lang='lat' dir='ltr'>dialecticus.</span> <span class='ocrx_word' id='word_1_368' title='bbox 982 2562 1016 2587; x_wconf 88' lang='lat' dir='ltr'>Et</span> <span class='ocrx_word' id='word_1_369' title='bbox 1035 2561 1094 2586; x_wconf 89' lang='lat' dir='ltr'>huic</span> <span class='ocrx_word' id='word_1_370' title='bbox 1112 2562 1201 2587; x_wconf 88' lang='lat' dir='ltr'>sensui</span> <span class='ocrx_word' id='word_1_371' title='bbox 1219 2562 1360 2603; x_wconf 63' lang='lat' dir='ltr'>respondet</span> 
     </span>
     <span class='ocr_line' id='line_1_64' title="bbox 283 2593 1360 2632; baseline -0.003 -8"><span class='ocrx_word' id='word_1_372' title='bbox 283 2600 364 2624; x_wconf 81' lang='lat' dir='ltr'>altera</span> <span class='ocrx_word' id='word_1_373' title='bbox 377 2599 452 2624; x_wconf 82' lang='lat' dir='ltr'>lectio</span> <span class='ocrx_word' id='word_1_374' title='bbox 466 2599 524 2624; x_wconf 90' lang='lat' dir='ltr'>edd.</span> <span class='ocrx_word' id='word_1_375' title='bbox 539 2599 591 2623; x_wconf 89' lang='lat' dir='ltr'>citt.</span> <span class='ocrx_word' id='word_1_376' title='bbox 605 2603 630 2623; x_wconf 90' lang='lat' dir='ltr'>et</span> <span class='ocrx_word' id='word_1_377' title='bbox 640 2603 744 2623; x_wconf 87' lang='lat' dir='ltr'>nostrae</span> <span class='ocrx_word' id='word_1_378' title='bbox 754 2598 847 2623; x_wconf 89' lang='lat' dir='ltr'>latinae</span> <span class='ocrx_word' id='word_1_379' title='bbox 860 2597 1000 2623; x_wconf 86' lang='lat' dir='ltr'>versionis:</span> <span class='ocrx_word' id='word_1_380' title='bbox 1015 2593 1037 2622; x_wconf 83' lang='grc' dir='ltr'>εἷ</span> <span class='ocrx_word' id='word_1_381' title='bbox 1050 2595 1093 2622; x_wconf 72' lang='grc' dir='ltr'>καὶ</span> <span class='ocrx_word' id='word_1_382' title='bbox 1106 2594 1159 2623; x_wconf 74' lang='grc' dir='ltr'>ἔστι</span> <span class='ocrx_word' id='word_1_383' title='bbox 1173 2606 1196 2623; x_wconf 87' lang='grc' dir='ltr'>τι</span> <span class='ocrx_word' id='word_1_384' title='bbox 1209 2599 1242 2632; x_wconf 81' lang='grc' dir='ltr'>τῇ·</span> <span class='ocrx_word' id='word_1_385' title='bbox 1252 2595 1360 2631; x_wconf 79' lang='grc' dir='ltr'>αληθεὶᾳ</span> 
     </span>
     <span class='ocr_line' id='line_1_65' title="bbox 284 2626 1359 2668; baseline -0.002 -8"><span class='ocrx_word' id='word_1_386' title='bbox 284 2636 335 2660; x_wconf 80' lang='grc' dir='ltr'>τῶν</span> <span class='ocrx_word' id='word_1_387' title='bbox 354 2633 381 2660; x_wconf 88' lang='grc' dir='ltr'><strong>Α</strong></span> <span class='ocrx_word' id='word_1_388' title='bbox 394 2632 417 2659; x_wconf 91' lang='grc' dir='ltr'>Β</span> <span class='ocrx_word' id='word_1_389' title='bbox 436 2633 531 2668; x_wconf 78' lang='grc' dir='ltr'>μέσον,</span> <span class='ocrx_word' id='word_1_390' title='bbox 557 2633 628 2659; x_wconf 76' lang='grc' dir='ltr'>δοκεῖ</span> <span class='ocrx_word' id='word_1_391' title='bbox 650 2631 677 2658; x_wconf 80' lang='grc' dir='ltr'>δὲ</span> <span class='ocrx_word' id='word_1_392' title='bbox 703 2631 737 2668; x_wconf 78' lang='grc' dir='ltr'>μή</span> <span class='ocrx_word' id='word_1_393' title='bbox 761 2626 834 2658; x_wconf 74' lang='grc' dir='ltr'>εἶναι.</span> <span class='ocrx_word' id='word_1_394' title='bbox 858 2634 891 2658; x_wconf 91' lang='lat' dir='ltr'>Et</span> <span class='ocrx_word' id='word_1_395' title='bbox 914 2633 977 2658; x_wconf 88' lang='lat' dir='ltr'>haec</span> <span class='ocrx_word' id='word_1_396' title='bbox 1000 2633 1091 2663; x_wconf 88' lang='lat' dir='ltr'>lectio,</span> <span class='ocrx_word' id='word_1_397' title='bbox 1116 2638 1146 2658; x_wconf 92' lang='lat' dir='ltr'>ut</span> <span class='ocrx_word' id='word_1_398' title='bbox 1164 2633 1227 2658; x_wconf 88' lang='lat' dir='ltr'>mihi</span> <span class='ocrx_word' id='word_1_399' title='bbox 1245 2634 1359 2663; x_wconf 88' lang='lat' dir='ltr'>videtur,</span> 
     </span>
     <span class='ocr_line' id='line_1_66' title="bbox 283 2668 1359 2703; baseline -0.002 -8"><span class='ocrx_word' id='word_1_400' title='bbox 283 2670 362 2703; x_wconf 84' lang='lat' dir='ltr'>longe</span> <span class='ocrx_word' id='word_1_401' title='bbox 380 2670 473 2694; x_wconf 86' lang='lat' dir='ltr'>melior</span> <span class='ocrx_word' id='word_1_402' title='bbox 491 2675 531 2695; x_wconf 85' lang='lat' dir='ltr'>est</span> <span class='ocrx_word' id='word_1_403' title='bbox 548 2669 599 2700; x_wconf 83' lang='lat' dir='ltr'>illa,</span> <span class='ocrx_word' id='word_1_404' title='bbox 615 2677 694 2702; x_wconf 84' lang='lat' dir='ltr'>quam</span> <span class='ocrx_word' id='word_1_405' title='bbox 709 2669 841 2694; x_wconf 87' lang='lat' dir='ltr'>Bekkerus</span> <span class='ocrx_word' id='word_1_406' title='bbox 860 2669 998 2701; x_wconf 82' lang='lat' dir='ltr'>adoptavit.</span> <span class='ocrx_word' id='word_1_407' title='bbox 1017 2669 1121 2693; x_wconf 83' lang='lat' dir='ltr'>Etenim</span> <span class='ocrx_word' id='word_1_408' title='bbox 1137 2669 1291 2694; x_wconf 88' lang='lat' dir='ltr'>Aristoteles</span> <span class='ocrx_word' id='word_1_409' title='bbox 1310 2668 1359 2693; x_wconf 89' lang='lat' dir='ltr'>im-</span> 
     </span>
     <span class='ocr_line' id='line_1_67' title="bbox 283 2699 1359 2738; baseline -0.002 -8"><span class='ocrx_word' id='word_1_410' title='bbox 283 2705 395 2730; x_wconf 77' lang='lat' dir='ltr'>mediate</span> <span class='ocrx_word' id='word_1_411' title='bbox 409 2705 491 2730; x_wconf 79' lang='lat' dir='ltr'>addit:</span> <span class='ocrx_word' id='word_1_412' title='bbox 517 2701 580 2738; x_wconf 83' lang='grc' dir='ltr'>πρὸς</span> <span class='ocrx_word' id='word_1_413' title='bbox 599 2704 624 2729; x_wconf 83' lang='grc' dir='ltr'>δ’</span> <span class='ocrx_word' id='word_1_414' title='bbox 650 2699 770 2736; x_wconf 78' lang='grc' dir='ltr'>ἀλήθειαν</span> <span class='ocrx_word' id='word_1_415' title='bbox 789 2702 817 2729; x_wconf 79' lang='grc' dir='ltr'>ἐκ</span> <span class='ocrx_word' id='word_1_416' title='bbox 842 2704 897 2729; x_wconf 78' lang='grc' dir='ltr'>τῶν</span> <span class='ocrx_word' id='word_1_417' title='bbox 918 2701 1088 2738; x_wconf 75' lang='grc' dir='ltr'>ὑπαρχόντων</span> <span class='ocrx_word' id='word_1_418' title='bbox 1113 2702 1152 2728; x_wconf 60' lang='lat' dir='ltr'>aa·</span> <span class='ocrx_word' id='word_1_419' title='bbox 1174 2703 1295 2735; x_wconf 72' lang='grc' dir='ltr'>σκοπεῖν,</span> <span class='ocrx_word' id='word_1_420' title='bbox 1322 2704 1359 2728; x_wconf 83' lang='lat' dir='ltr'>ad</span> 
     </span>
     <span class='ocr_line' id='line_1_68' title="bbox 283 2739 1358 2772; baseline -0.002 -6"><span class='ocrx_word' id='word_1_421' title='bbox 283 2741 423 2766; x_wconf 77' lang='lat' dir='ltr'>veritatem</span> <span class='ocrx_word' id='word_1_422' title='bbox 448 2744 538 2766; x_wconf 79' lang='lat' dir='ltr'>autem</span> <span class='ocrx_word' id='word_1_423' title='bbox 556 2748 595 2765; x_wconf 82' lang='lat' dir='ltr'>ex</span> <span class='ocrx_word' id='word_1_424' title='bbox 612 2740 654 2765; x_wconf 81' lang='lat' dir='ltr'>his</span> <span class='ocrx_word' id='word_1_425' title='bbox 671 2747 739 2772; x_wconf 81' lang='lat' dir='ltr'>quae</span> <span class='ocrx_word' id='word_1_426' title='bbox 757 2740 849 2765; x_wconf 80' lang='lat' dir='ltr'>insunt</span> <span class='ocrx_word' id='word_1_427' title='bbox 866 2743 972 2772; x_wconf 84' lang='lat' dir='ltr'>oportet</span> <span class='ocrx_word' id='word_1_428' title='bbox 989 2739 1136 2768; x_wconf 81' lang='lat' dir='ltr'>attendere,</span> <span class='ocrx_word' id='word_1_429' title='bbox 1157 2747 1204 2764; x_wconf 90' lang='lat' dir='ltr'>seu</span> <span class='ocrx_word' id='word_1_430' title='bbox 1222 2745 1252 2764; x_wconf 91' lang='lat' dir='ltr'>ut</span> <span class='ocrx_word' id='word_1_431' title='bbox 1266 2739 1358 2764; x_wconf 78' lang='lat' dir='ltr'>Pacius</span> 
     </span>
     <span class='ocr_line' id='line_1_69' title="bbox 282 2775 1358 2808; baseline -0.002 -7"><span class='ocrx_word' id='word_1_432' title='bbox 282 2776 378 2801; x_wconf 81' lang='lat' dir='ltr'>vertit:</span> <span class='ocrx_word' id='word_1_433' title='bbox 396 2776 429 2801; x_wconf 85' lang='lat' dir='ltr'>Iis</span> <span class='ocrx_word' id='word_1_434' title='bbox 447 2784 519 2807; x_wconf 83' lang='lat' dir='ltr'>vero,</span> <span class='ocrx_word' id='word_1_435' title='bbox 539 2776 583 2808; x_wconf 92' lang='lat' dir='ltr'>qui</span> <span class='ocrx_word' id='word_1_436' title='bbox 609 2776 641 2800; x_wconf 87' lang='lat' dir='ltr'>ad</span> <span class='ocrx_word' id='word_1_437' title='bbox 659 2776 794 2800; x_wconf 88' lang='lat' dir='ltr'>veritatem</span> <span class='ocrx_word' id='word_1_438' title='bbox 813 2783 874 2800; x_wconf 86' lang='lat' dir='ltr'>suas</span> <span class='ocrx_word' id='word_1_439' title='bbox 893 2775 1030 2800; x_wconf 87' lang='lat' dir='ltr'>conferunt</span> <span class='ocrx_word' id='word_1_440' title='bbox 1048 2775 1231 2808; x_wconf 81' lang='lat' dir='ltr'>probationes,</span> <span class='ocrx_word' id='word_1_441' title='bbox 1250 2775 1312 2808; x_wconf 92' lang='lat' dir='ltr'>quid</span> <span class='ocrx_word' id='word_1_442' title='bbox 1332 2775 1358 2799; x_wconf 88' lang='lat' dir='ltr'>in</span> 
     </span>
     <span class='ocr_line' id='line_1_70' title="bbox 283 2810 1358 2844; baseline -0.001 -8"><span class='ocrx_word' id='word_1_443' title='bbox 283 2811 340 2844; x_wconf 85' lang='lat' dir='ltr'>ipsa</span> <span class='ocrx_word' id='word_1_444' title='bbox 358 2819 388 2836; x_wconf 91' lang='lat' dir='ltr'>re</span> <span class='ocrx_word' id='word_1_445' title='bbox 405 2811 438 2836; x_wconf 90' lang='lat' dir='ltr'>sit</span> <span class='ocrx_word' id='word_1_446' title='bbox 451 2816 576 2844; x_wconf 89' lang='lat' dir='ltr'>perpetuo</span> <span class='ocrx_word' id='word_1_447' title='bbox 591 2811 769 2844; x_wconf 86' lang='lat' dir='ltr'>spectandum.</span> <span class='ocrx_word' id='word_1_448' title='bbox 784 2811 818 2835; x_wconf 93' lang='lat' dir='ltr'>Et</span> <span class='ocrx_word' id='word_1_449' title='bbox 835 2818 906 2841; x_wconf 85' lang='lat' dir='ltr'>sane,</span> <span class='ocrx_word' id='word_1_450' title='bbox 925 2810 1020 2835; x_wconf 82' lang='lat' dir='ltr'>veritas</span> <span class='ocrx_word' id='word_1_451' title='bbox 1039 2810 1165 2835; x_wconf 84' lang='lat' dir='ltr'>obiectiva</span> <span class='ocrx_word' id='word_1_452' title='bbox 1181 2814 1221 2835; x_wconf 90' lang='lat' dir='ltr'>est</span> <span class='ocrx_word' id='word_1_453' title='bbox 1235 2818 1358 2835; x_wconf 88' lang='lat' dir='ltr'>mensura</span> 
     </span>
     <span class='ocr_line' id='line_1_71' title="bbox 282 2844 1357 2880; baseline -0.001 -9"><span class='ocrx_word' id='word_1_454' title='bbox 282 2846 396 2871; x_wconf 84' lang='lat' dir='ltr'>veritatis</span> <span class='ocrx_word' id='word_1_455' title='bbox 411 2851 514 2871; x_wconf 84' lang='lat' dir='ltr'>nostrae</span> <span class='ocrx_word' id='word_1_456' title='bbox 528 2846 692 2877; x_wconf 90' lang='lat' dir='ltr'>subiectivae,</span> <span class='ocrx_word' id='word_1_457' title='bbox 707 2854 760 2871; x_wconf 91' lang='lat' dir='ltr'>non</span> <span class='ocrx_word' id='word_1_458' title='bbox 775 2846 908 2871; x_wconf 84' lang='lat' dir='ltr'>viceversa</span> <span class='ocrx_word' id='word_1_459' title='bbox 927 2844 978 2880; x_wconf 87' lang='lat' dir='ltr'>(Cf.</span> <span class='ocrx_word' id='word_1_460' title='bbox 997 2846 1007 2870; x_wconf 96' lang='lat'><em>1</em></span> <span class='ocrx_word' id='word_1_461' title='bbox 1026 2845 1129 2875; x_wconf 81' lang='lat' dir='ltr'>Perih.,</span> <span class='ocrx_word' id='word_1_462' title='bbox 1149 2846 1208 2870; x_wconf 88' lang='lat' dir='ltr'>lect.</span> <span class='ocrx_word' id='word_1_463' title='bbox 1228 2854 1270 2876; x_wconf 87' lang='grc' dir='ltr'>ιιι,</span> <span class='ocrx_word' id='word_1_464' title='bbox 1285 2854 1311 2870; x_wconf 91' lang='grc'>11.</span> <span class='ocrx_word' id='word_1_465' title='bbox 1326 2853 1357 2878; x_wconf 87' lang='lat'>7,</span> 
     </span>
     <span class='ocr_line' id='line_1_72' title="bbox 284 2881 1358 2915; baseline 0 -9"><span class='ocrx_word' id='word_1_466' title='bbox 284 2886 311 2906; x_wconf 88' lang='lat' dir='ltr'>et</span> <span class='ocrx_word' id='word_1_467' title='bbox 328 2886 381 2907; x_wconf 84' lang='lat' dir='ltr'>not.</span> <span class='ocrx_word' id='word_1_468' title='bbox 402 2882 445 2914; x_wconf 84' lang='grc' dir='ltr'>η);</span> <span class='ocrx_word' id='word_1_469' title='bbox 464 2882 626 2915; x_wconf 85' lang='lat' dir='ltr'>proindeque</span> <span class='ocrx_word' id='word_1_470' title='bbox 652 2889 712 2906; x_wconf 89' lang='lat' dir='ltr'>cum</span> <span class='ocrx_word' id='word_1_471' title='bbox 730 2882 796 2907; x_wconf 89' lang='lat' dir='ltr'>scire</span> <span class='ocrx_word' id='word_1_472' title='bbox 821 2882 854 2906; x_wconf 90' lang='lat' dir='ltr'>sit</span> <span class='ocrx_word' id='word_1_473' title='bbox 873 2889 930 2906; x_wconf 89' lang='lat' dir='ltr'>rem</span> <span class='ocrx_word' id='word_1_474' title='bbox 948 2881 1074 2913; x_wconf 84' lang='lat' dir='ltr'>perfecte,</span> <span class='ocrx_word' id='word_1_475' title='bbox 1093 2881 1143 2906; x_wconf 86' lang='lat' dir='ltr'>hoc</span> <span class='ocrx_word' id='word_1_476' title='bbox 1162 2886 1203 2906; x_wconf 91' lang='lat' dir='ltr'>est</span> <span class='ocrx_word' id='word_1_477' title='bbox 1227 2881 1252 2906; x_wconf 92' lang='lat' dir='ltr'>in</span> <span class='ocrx_word' id='word_1_478' title='bbox 1271 2882 1358 2914; x_wconf 88' lang='lat' dir='ltr'>seipsa</span> 
     </span>
     <span class='ocr_line' id='line_1_73' title="bbox 284 2917 1357 2950; baseline -0.001 -8"><span class='ocrx_word' id='word_1_479' title='bbox 284 2924 449 2950; x_wconf 79' lang='lat' dir='ltr'>cognoscere,</span> <span class='ocrx_word' id='word_1_480' title='bbox 469 2924 500 2942; x_wconf 87' lang='lat' dir='ltr'>ex</span> <span class='ocrx_word' id='word_1_481' title='bbox 517 2917 558 2942; x_wconf 84' lang='lat' dir='ltr'>his</span> <span class='ocrx_word' id='word_1_482' title='bbox 577 2925 644 2950; x_wconf 83' lang='lat' dir='ltr'>quae</span> <span class='ocrx_word' id='word_1_483' title='bbox 663 2922 724 2942; x_wconf 88' lang='lat' dir='ltr'>sunt</span> <span class='ocrx_word' id='word_1_484' title='bbox 741 2924 803 2942; x_wconf 88' lang='lat' dir='ltr'>vera</span> <span class='ocrx_word' id='word_1_485' title='bbox 822 2921 848 2942; x_wconf 89' lang='lat' dir='ltr'>et</span> <span class='ocrx_word' id='word_1_486' title='bbox 865 2925 912 2949; x_wconf 92' lang='lat' dir='ltr'>per</span> <span class='ocrx_word' id='word_1_487' title='bbox 929 2924 958 2941; x_wconf 93' lang='lat' dir='ltr'>se</span> <span class='ocrx_word' id='word_1_488' title='bbox 972 2922 1034 2941; x_wconf 89' lang='lat' dir='ltr'>nota</span> <span class='ocrx_word' id='word_1_489' title='bbox 1047 2917 1135 2949; x_wconf 87' lang='lat' dir='ltr'>quoad</span> <span class='ocrx_word' id='word_1_490' title='bbox 1149 2924 1186 2947; x_wconf 90' lang='lat' dir='ltr'>se,</span> <span class='ocrx_word' id='word_1_491' title='bbox 1201 2917 1357 2941; x_wconf 89' lang='lat' dir='ltr'>instituenda</span> 
     </span>
     <span class='ocr_line' id='line_1_74' title="bbox 283 2952 1356 2985; baseline -0.001 -8"><span class='ocrx_word' id='word_1_492' title='bbox 283 2957 326 2977; x_wconf 67' lang='lat' dir='ltr'>est</span> <span class='ocrx_word' id='word_1_493' title='bbox 337 2952 532 2982; x_wconf 82' lang='lat' dir='ltr'>demonstratio,</span> <span class='ocrx_word' id='word_1_494' title='bbox 542 2960 595 2977; x_wconf 91' lang='lat' dir='ltr'>non</span> <span class='ocrx_word' id='word_1_495' title='bbox 609 2957 696 2977; x_wconf 89' lang='lat' dir='ltr'>autem</span> <span class='ocrx_word' id='word_1_496' title='bbox 711 2960 742 2977; x_wconf 87' lang='lat' dir='ltr'>ex</span> <span class='ocrx_word' id='word_1_497' title='bbox 753 2952 794 2977; x_wconf 87' lang='lat' dir='ltr'>his</span> <span class='ocrx_word' id='word_1_498' title='bbox 807 2960 875 2985; x_wconf 87' lang='lat' dir='ltr'>quae</span> <span class='ocrx_word' id='word_1_499' title='bbox 889 2952 949 2976; x_wconf 87' lang='lat' dir='ltr'>talia</span> <span class='ocrx_word' id='word_1_500' title='bbox 961 2952 1037 2976; x_wconf 90' lang='lat' dir='ltr'>nobis</span> <span class='ocrx_word' id='word_1_501' title='bbox 1051 2952 1171 2977; x_wconf 88' lang='lat' dir='ltr'>videntur</span> <span class='ocrx_word' id='word_1_502' title='bbox 1182 2957 1208 2977; x_wconf 92' lang='lat' dir='ltr'>et</span> <span class='ocrx_word' id='word_1_503' title='bbox 1218 2960 1270 2977; x_wconf 88' lang='lat' dir='ltr'>non</span> <span class='ocrx_word' id='word_1_504' title='bbox 1284 2957 1356 2983; x_wconf 80' lang='lat' dir='ltr'>sunt3</span> 
     </span>
     <span class='ocr_line' id='line_1_75' title="bbox 282 2987 1357 3020; baseline 0 -8"><span class='ocrx_word' id='word_1_505' title='bbox 282 2992 314 3012; x_wconf 91' lang='lat' dir='ltr'>ut</span> <span class='ocrx_word' id='word_1_506' title='bbox 326 2988 363 3012; x_wconf 87' lang='lat' dir='ltr'>sic</span> <span class='ocrx_word' id='word_1_507' title='bbox 379 2988 543 3020; x_wconf 89' lang='lat' dir='ltr'>procedendo</span> <span class='ocrx_word' id='word_1_508' title='bbox 562 2995 577 3012; x_wconf 85' lang='lat' dir='ltr'>a</span> <span class='ocrx_word' id='word_1_509' title='bbox 594 2988 662 3012; x_wconf 83' lang='lat' dir='ltr'>veris</span> <span class='ocrx_word' id='word_1_510' title='bbox 681 2993 707 3012; x_wconf 89' lang='lat' dir='ltr'>et</span> <span class='ocrx_word' id='word_1_511' title='bbox 723 2988 865 3012; x_wconf 87' lang='lat' dir='ltr'>notioribus</span> <span class='ocrx_word' id='word_1_512' title='bbox 884 2988 972 3020; x_wconf 89' lang='lat' dir='ltr'>quoad</span> <span class='ocrx_word' id='word_1_513' title='bbox 991 2995 1020 3012; x_wconf 87' lang='lat' dir='ltr'>se</span> <span class='ocrx_word' id='word_1_514' title='bbox 1039 2992 1064 3012; x_wconf 88' lang='lat' dir='ltr'>et</span> <span class='ocrx_word' id='word_1_515' title='bbox 1082 2988 1168 3020; x_wconf 85' lang='lat' dir='ltr'>quoad</span> <span class='ocrx_word' id='word_1_516' title='bbox 1187 2995 1235 3012; x_wconf 91' lang='lat' dir='ltr'>nos</span> <span class='ocrx_word' id='word_1_517' title='bbox 1250 2987 1300 3020; x_wconf 89' lang='lat' dir='ltr'>(Cf.</span> <span class='ocrx_word' id='word_1_518' title='bbox 1315 2987 1357 3012; x_wconf 88' lang='lat' dir='ltr'>cit.</span> 
     </span>
     <span class='ocr_line' id='line_1_76' title="bbox 283 3022 1355 3055; baseline 0 -8"><span class='ocrx_word' id='word_1_519' title='bbox 283 3023 342 3047; x_wconf 87' lang='lat' dir='ltr'>lect.</span> <span class='ocrx_word' id='word_1_520' title='bbox 350 3029 385 3052; x_wconf 78' lang='lat' dir='ltr'>tv,</span> <span class='ocrx_word' id='word_1_521' title='bbox 399 3030 424 3047; x_wconf 90' lang='lat' dir='ltr'>n.</span> <span class='ocrx_word' id='word_1_522' title='bbox 437 3030 476 3054; x_wconf 84' lang='lat'>¹4,</span> <span class='ocrx_word' id='word_1_523' title='bbox 486 3022 572 3055; x_wconf 85' lang='lat' dir='ltr'>seqq.)</span> <span class='ocrx_word' id='word_1_524' title='bbox 591 3022 717 3047; x_wconf 84' lang='lat' dir='ltr'>habeatur</span> <span class='ocrx_word' id='word_1_525' title='bbox 730 3022 862 3047; x_wconf 89' lang='lat' dir='ltr'>conclusio</span> <span class='ocrx_word' id='word_1_526' title='bbox 874 3022 1020 3054; x_wconf 84' lang='lat' dir='ltr'>ontologice</span> <span class='ocrx_word' id='word_1_527' title='bbox 1033 3027 1059 3047; x_wconf 90' lang='lat' dir='ltr'>et</span> <span class='ocrx_word' id='word_1_528' title='bbox 1071 3022 1255 3055; x_wconf 85' lang='lat' dir='ltr'>psychologice</span> <span class='ocrx_word' id='word_1_529' title='bbox 1274 3027 1355 3053; x_wconf 86' lang='lat' dir='ltr'>certa,</span> 
     </span>
     <span class='ocr_line' id='line_1_77' title="bbox 284 3057 1324 3090; baseline 0 -8"><span class='ocrx_word' id='word_1_530' title='bbox 284 3065 315 3083; x_wconf 86' lang='lat' dir='ltr'>ex</span> <span class='ocrx_word' id='word_1_531' title='bbox 333 3057 462 3090; x_wconf 85' lang='lat' dir='ltr'>principiis</span> <span class='ocrx_word' id='word_1_532' title='bbox 478 3058 625 3090; x_wconf 83' lang='lat' dir='ltr'>ontologice</span> <span class='ocrx_word' id='word_1_533' title='bbox 643 3057 711 3082; x_wconf 87' lang='lat' dir='ltr'>veris</span> <span class='ocrx_word' id='word_1_534' title='bbox 731 3058 840 3082; x_wconf 88' lang='lat' dir='ltr'>deducta</span> <span class='ocrx_word' id='word_1_535' title='bbox 858 3057 909 3090; x_wconf 83' lang='lat' dir='ltr'>(Cf.</span> <span class='ocrx_word' id='word_1_536' title='bbox 923 3057 1068 3089; x_wconf 84' lang='lat' dir='ltr'>Philopon.,</span> <span class='ocrx_word' id='word_1_537' title='bbox 1088 3058 1140 3090; x_wconf 91' lang='lat' dir='ltr'>Op.</span> <span class='ocrx_word' id='word_1_538' title='bbox 1155 3063 1180 3083; x_wconf 88' lang='lat' dir='ltr'>et</span> <span class='ocrx_word' id='word_1_539' title='bbox 1198 3058 1247 3082; x_wconf 90' lang='lat' dir='ltr'>loc.</span> <span class='ocrx_word' id='word_1_540' title='bbox 1262 3058 1324 3090; x_wconf 89' lang='lat' dir='ltr'>cit.).</span> 
     </span>
     <span class='ocr_line' id='line_1_78' title="bbox 336 3090 1355 3127; baseline -0.001 -9"><span class='ocrx_word' id='word_1_541' title='bbox 336 3093 421 3117; x_wconf 87' lang='lat' dir='ltr'>Waitz</span> <span class='ocrx_word' id='word_1_542' title='bbox 441 3093 504 3126; x_wconf 88' lang='lat' dir='ltr'>(Op.</span> <span class='ocrx_word' id='word_1_543' title='bbox 520 3098 546 3118; x_wconf 90' lang='lat' dir='ltr'>et</span> <span class='ocrx_word' id='word_1_544' title='bbox 563 3093 612 3117; x_wconf 88' lang='lat' dir='ltr'>loc.</span> <span class='ocrx_word' id='word_1_545' title='bbox 627 3092 680 3125; x_wconf 88' lang='lat' dir='ltr'>cit.)</span> <span class='ocrx_word' id='word_1_546' title='bbox 700 3093 775 3124; x_wconf 82' lang='lat' dir='ltr'>legit:</span> <span class='ocrx_word' id='word_1_547' title='bbox 794 3092 866 3117; x_wconf 78' lang='grc' dir='ltr'>δοκεῖ</span> <span class='ocrx_word' id='word_1_548' title='bbox 882 3090 909 3117; x_wconf 81' lang='grc' dir='ltr'>δὲ</span> <span class='ocrx_word' id='word_1_549' title='bbox 929 3090 974 3127; x_wconf 82' lang='grc' dir='ltr'>μὴ,</span> <span class='ocrx_word' id='word_1_550' title='bbox 991 3091 1005 3118; x_wconf 87' lang='grc' dir='ltr'>ὁ</span> <span class='ocrx_word' id='word_1_551' title='bbox 1024 3090 1065 3117; x_wconf 76' lang='grc' dir='ltr'>διὰ</span> <span class='ocrx_word' id='word_1_552' title='bbox 1081 3098 1138 3123; x_wconf 74' lang='lat' dir='ltr'>etc.,</span> <span class='ocrx_word' id='word_1_553' title='bbox 1153 3094 1239 3118; x_wconf 89' lang='lat' dir='ltr'>deleto</span> <span class='ocrx_word' id='word_1_554' title='bbox 1258 3093 1355 3118; x_wconf 89' lang='lat' dir='ltr'>scilicet</span> 
     </span>
     <span class='ocr_line' id='line_1_79' title="bbox 282 3120 1354 3169; baseline 0 -17"><span class='ocrx_word' id='word_1_555' title='bbox 282 3120 349 3169; x_wconf 54' lang='grc' dir='ltr'>εἶνᾳςι</span> <span class='ocrx_word' id='word_1_556' title='bbox 367 3133 428 3160; x_wconf 86' lang='lat' dir='ltr'>post</span> <span class='ocrx_word' id='word_1_557' title='bbox 446 3126 489 3162; x_wconf 74' lang='grc' dir='ltr'>μή.</span> <span class='ocrx_word' id='word_1_558' title='bbox 515 3127 594 3153; x_wconf 85' lang='lat' dir='ltr'>Addit</span> <span class='ocrx_word' id='word_1_559' title='bbox 611 3128 638 3152; x_wconf 92' lang='lat' dir='ltr'>in</span> <span class='ocrx_word' id='word_1_560' title='bbox 656 3127 770 3158; x_wconf 87' lang='lat' dir='ltr'>scholiis,</span> <span class='ocrx_word' id='word_1_561' title='bbox 790 3136 849 3160; x_wconf 84' lang='lat' dir='ltr'>pag.</span> <span class='ocrx_word' id='word_1_562' title='bbox 864 3127 927 3159; x_wconf 86' lang='lat'>348:</span> <span class='ocrx_word' id='word_1_563' title='bbox 949 3138 961 3150; x_wconf 71' lang='grc' dir='ltr'><strong>α</strong></span> <span class='ocrx_word' id='word_1_564' title='bbox 974 3128 1028 3153; x_wconf 86' lang='lat' dir='ltr'>Nos</span> <span class='ocrx_word' id='word_1_565' title='bbox 1048 3129 1186 3153; x_wconf 89' lang='lat' dir='ltr'>delendum</span> <span class='ocrx_word' id='word_1_566' title='bbox 1209 3128 1354 3160; x_wconf 87' lang='lat' dir='ltr'>putavimus</span> 
     </span>
     <span class='ocr_line' id='line_1_80' title="bbox 286 3163 1354 3196; baseline 0.002 -10"><span class='ocrx_word' id='word_1_567' title='bbox 286 3173 300 3186; x_wconf 63' lang='lat'>2</span> <span class='ocrx_word' id='word_1_568' title='bbox 320 3171 399 3195; x_wconf 81' lang='grc' dir='ltr'>ειναι,</span> <span class='ocrx_word' id='word_1_569' title='bbox 420 3171 503 3196; x_wconf 90' lang='lat' dir='ltr'>quum</span> <span class='ocrx_word' id='word_1_570' title='bbox 522 3163 622 3188; x_wconf 79' lang='lat' dir='ltr'>facilius</span> <span class='ocrx_word' id='word_1_571' title='bbox 641 3163 722 3188; x_wconf 85' lang='lat' dir='ltr'>aliena</span> <span class='ocrx_word' id='word_1_572' title='bbox 741 3171 820 3187; x_wconf 83' lang='lat' dir='ltr'>manu</span> <span class='ocrx_word' id='word_1_573' title='bbox 839 3163 897 3188; x_wconf 89' lang='lat' dir='ltr'>addi</span> <span class='ocrx_word' id='word_1_574' title='bbox 917 3171 997 3196; x_wconf 86' lang='lat' dir='ltr'>quam</span> <span class='ocrx_word' id='word_1_575' title='bbox 1017 3163 1071 3188; x_wconf 86' lang='lat' dir='ltr'>eiici</span> <span class='ocrx_word' id='word_1_576' title='bbox 1090 3164 1207 3196; x_wconf 89' lang='lat' dir='ltr'>potuisse</span> <span class='ocrx_word' id='word_1_577' title='bbox 1225 3163 1354 3188; x_wconf 86' lang='lat' dir='ltr'>videatur:</span> 
     </span>
     <span class='ocr_line' id='line_1_81' title="bbox 285 3191 1353 3231; baseline -0.002 -8"><span class='ocrx_word' id='word_1_578' title='bbox 285 3208 299 3222; x_wconf 82' lang='lat'>›</span> <span class='ocrx_word' id='word_1_579' title='bbox 320 3206 381 3223; x_wconf 90' lang='lat' dir='ltr'>nam</span> <span class='ocrx_word' id='word_1_580' title='bbox 396 3198 510 3223; x_wconf 90' lang='lat' dir='ltr'>eiiciendi</span> <span class='ocrx_word' id='word_1_581' title='bbox 526 3199 591 3223; x_wconf 90' lang='lat' dir='ltr'>iusta</span> <span class='ocrx_word' id='word_1_582' title='bbox 601 3206 678 3223; x_wconf 89' lang='lat' dir='ltr'>causa</span> <span class='ocrx_word' id='word_1_583' title='bbox 692 3198 796 3231; x_wconf 86' lang='lat' dir='ltr'>cogitari</span> <span class='ocrx_word' id='word_1_584' title='bbox 810 3198 853 3222; x_wconf 87' lang='lat' dir='ltr'>vix</span> <span class='ocrx_word' id='word_1_585' title='bbox 867 3203 960 3231; x_wconf 89' lang='lat' dir='ltr'>potest.</span> <span class='ocrx_word' id='word_1_586' title='bbox 972 3199 1052 3223; x_wconf 80' lang='lat' dir='ltr'>»-1n</span> <span class='ocrx_word' id='word_1_587' title='bbox 1062 3204 1151 3223; x_wconf 88' lang='lat' dir='ltr'>nostra</span> <span class='ocrx_word' id='word_1_588' title='bbox 1159 3198 1280 3223; x_wconf 87' lang='lat' dir='ltr'>versione</span> <span class='ocrx_word' id='word_1_589' title='bbox 1290 3191 1353 3222; x_wconf 77' lang='grc' dir='ltr'>εἶναι</span> 
     </span>
     <span class='ocr_line' id='line_1_82' title="bbox 283 3233 1353 3266; baseline -0.001 -8"><span class='ocrx_word' id='word_1_590' title='bbox 283 3241 374 3259; x_wconf 86' lang='lat' dir='ltr'>revera</span> <span class='ocrx_word' id='word_1_591' title='bbox 393 3242 446 3258; x_wconf 92' lang='lat' dir='ltr'>non</span> <span class='ocrx_word' id='word_1_592' title='bbox 465 3234 609 3266; x_wconf 86' lang='lat' dir='ltr'>apponitur,</span> <span class='ocrx_word' id='word_1_593' title='bbox 628 3233 734 3258; x_wconf 81' lang='lat' dir='ltr'>videtur</span> <span class='ocrx_word' id='word_1_594' title='bbox 752 3237 841 3258; x_wconf 80' lang='lat' dir='ltr'>autem</span> <span class='ocrx_word' id='word_1_595' title='bbox 861 3241 930 3263; x_wconf 85' lang='lat' dir='ltr'>non,·</span> <span class='ocrx_word' id='word_1_596' title='bbox 948 3234 995 3258; x_wconf 92' lang='lat' dir='ltr'>sed</span> <span class='ocrx_word' id='word_1_597' title='bbox 1015 3239 1103 3258; x_wconf 85' lang='lat' dir='ltr'>utrum</span> <span class='ocrx_word' id='word_1_598' title='bbox 1122 3234 1261 3258; x_wconf 89' lang='lat' dir='ltr'>delendum</span> <span class='ocrx_word' id='word_1_599' title='bbox 1281 3234 1353 3257; x_wconf 88' lang='lat' dir='ltr'>sitin</span> 
     </span>
     <span class='ocr_line' id='line_1_83' title="bbox 283 3268 1354 3302; baseline -0.002 -8"><span class='ocrx_word' id='word_1_600' title='bbox 283 3274 354 3294; x_wconf 90' lang='lat' dir='ltr'>textu</span> <span class='ocrx_word' id='word_1_601' title='bbox 368 3269 525 3299; x_wconf 85' lang='lat' dir='ltr'>Aristotelis,</span> <span class='ocrx_word' id='word_1_602' title='bbox 539 3269 651 3294; x_wconf 89' lang='lat' dir='ltr'>iudicent</span> <span class='ocrx_word' id='word_1_603' title='bbox 665 3269 842 3302; x_wconf 78' lang='lat' dir='ltr'>sapientiores.</span> <span class='ocrx_word' id='word_1_604' title='bbox 862 3269 984 3293; x_wconf 88' lang='lat' dir='ltr'>Ceterum</span> <span class='ocrx_word' id='word_1_605' title='bbox 999 3276 1041 3294; x_wconf 88' lang='lat' dir='ltr'>res</span> <span class='ocrx_word' id='word_1_606' title='bbox 1056 3269 1152 3293; x_wconf 88' lang='lat' dir='ltr'>nullius</span> <span class='ocrx_word' id='word_1_607' title='bbox 1167 3268 1291 3293; x_wconf 84' lang='lat' dir='ltr'>momenti</span> <span class='ocrx_word' id='word_1_608' title='bbox 1305 3273 1354 3292; x_wconf 85' lang='lat' dir='ltr'>est.</span> 
     </span>
     <span class='ocr_line' id='line_1_84' title="bbox 338 3302 1352 3338; baseline -0.002 -8"><span class='ocrx_word' id='word_1_609' title='bbox 338 3304 362 3338; x_wconf 83' lang='grc' dir='ltr'>δ)</span> <span class='ocrx_word' id='word_1_610' title='bbox 377 3305 436 3330; x_wconf 89' lang='lat' dir='ltr'>Hoc</span> <span class='ocrx_word' id='word_1_611' title='bbox 450 3304 550 3338; x_wconf 79' lang='lat' dir='ltr'>sufficit</span> <span class='ocrx_word' id='word_1_612' title='bbox 564 3304 701 3329; x_wconf 78' lang='lat' dir='ltr'>dialectico</span> <span class='ocrx_word' id='word_1_613' title='bbox 711 3309 778 3329; x_wconf 86' lang='lat' dir='ltr'>etc.—-</span> <span class='ocrx_word' id='word_1_614' title='bbox 786 3304 810 3328; x_wconf 83' lang='lat'>1:</span> <span class='ocrx_word' id='word_1_615' title='bbox 823 3307 850 3328; x_wconf 84' lang='lat' dir='ltr'>et</span> <span class='ocrx_word' id='word_1_616' title='bbox 862 3304 926 3333; x_wconf 88' lang='lat' dir='ltr'>hoc‚·</span> <span class='ocrx_word' id='word_1_617' title='bbox 939 3304 1020 3329; x_wconf 92' lang='lat' dir='ltr'>Codd.</span> <span class='ocrx_word' id='word_1_618' title='bbox 1032 3302 1096 3337; x_wconf 88' lang='lat' dir='ltr'>(exc.</span> <span class='ocrx_word' id='word_1_619' title='bbox 1107 3304 1217 3336; x_wconf 82' lang='lat' dir='ltr'>GHlR):</span> <span class='ocrx_word' id='word_1_620' title='bbox 1231 3303 1352 3337; x_wconf 77' lang='lat' dir='ltr'>sufficiet,</span> 
     </span>
     <span class='ocr_line' id='line_1_85' title="bbox 284 3338 1353 3374; baseline -0.003 -9"><span class='ocrx_word' id='word_1_621' title='bbox 284 3345 311 3365; x_wconf 90' lang='lat' dir='ltr'>et</span> <span class='ocrx_word' id='word_1_622' title='bbox 325 3339 389 3374; x_wconf 82' lang='lat' dir='ltr'>(exc.</span> <span class='ocrx_word' id='word_1_623' title='bbox 405 3339 479 3373; x_wconf 76' lang='lat' dir='ltr'>GR):</span> <span class='ocrx_word' id='word_1_624' title='bbox 493 3347 540 3365; x_wconf 85' lang='lat' dir='ltr'>nec</span> <span class='ocrx_word' id='word_1_625' title='bbox 552 3340 682 3372; x_wconf 80' lang='lat' dir='ltr'>inquiret;</span> <span class='ocrx_word' id='word_1_626' title='bbox 696 3339 734 3364; x_wconf 85' lang='lat' dir='ltr'>G:</span> <span class='ocrx_word' id='word_1_627' title='bbox 753 3339 817 3364; x_wconf 86' lang='lat' dir='ltr'>haec</span> <span class='ocrx_word' id='word_1_628' title='bbox 834 3339 970 3372; x_wconf 80' lang='lat' dir='ltr'>sufficiant</span> <span class='ocrx_word' id='word_1_629' title='bbox 982 3339 1128 3368; x_wconf 80' lang='lat' dir='ltr'>dialectico,</span> <span class='ocrx_word' id='word_1_630' title='bbox 1144 3345 1191 3363; x_wconf 86' lang='lat' dir='ltr'>nec</span> <span class='ocrx_word' id='word_1_631' title='bbox 1205 3338 1353 3363; x_wconf 86' lang='lat' dir='ltr'>etc.—-1nfra</span> 
     </span>
     <span class='ocr_line' id='line_1_86' title="bbox 284 3373 1352 3409; baseline -0.004 -8"><span class='ocrx_word' id='word_1_632' title='bbox 284 3375 356 3408; x_wconf 83' lang='lat' dir='ltr'>(Sed</span> <span class='ocrx_word' id='word_1_633' title='bbox 374 3375 546 3409; x_wconf 76' lang='lat' dir='ltr'>syllogismus</span> <span class='ocrx_word' id='word_1_634' title='bbox 565 3374 790 3400; x_wconf 79' lang='lat' dir='ltr'>demonstrativus</span> <span class='ocrx_word' id='word_1_635' title='bbox 808 3374 876 3406; x_wconf 88' lang='lat' dir='ltr'>etc.),</span> <span class='ocrx_word' id='word_1_636' title='bbox 891 3374 1002 3406; x_wconf 88' lang='lat' dir='ltr'>legimus</span> <span class='ocrx_word' id='word_1_637' title='bbox 1017 3382 1077 3398; x_wconf 87' lang='lat' dir='ltr'>cum</span> <span class='ocrx_word' id='word_1_638' title='bbox 1092 3373 1221 3398; x_wconf 90' lang='lat' dir='ltr'>codicibus</span> <span class='ocrx_word' id='word_1_639' title='bbox 1237 3373 1301 3405; x_wconf 86' lang='lat' dir='ltr'>(exc.</span> <span class='ocrx_word' id='word_1_640' title='bbox 1316 3373 1352 3405; x_wconf 88' lang='lat'>1):</span> 
     </span>
     <span class='ocr_line' id='line_1_87' title="bbox 283 3408 1353 3440; baseline -0.004 -4"><span class='ocrx_word' id='word_1_641' title='bbox 283 3414 312 3436; x_wconf 81' lang='lat' dir='ltr'>et</span> <span class='ocrx_word' id='word_1_642' title='bbox 331 3411 406 3440; x_wconf 67' lang='lat' dir='ltr'>idem</span> <span class='ocrx_word' id='word_1_643' title='bbox 427 3416 453 3436; x_wconf 92' lang='lat' dir='ltr'>et</span> <span class='ocrx_word' id='word_1_644' title='bbox 473 3418 532 3435; x_wconf 90' lang='lat' dir='ltr'>cum</span> <span class='ocrx_word' id='word_1_645' title='bbox 552 3409 802 3440; x_wconf 82' lang='lat' dir='ltr'>BCDKLMNQRS:</span> <span class='ocrx_word' id='word_1_646' title='bbox 825 3409 863 3434; x_wconf 81' lang='lat' dir='ltr'>ad</span> <span class='ocrx_word' id='word_1_647' title='bbox 881 3409 1146 3434; x_wconf 77' lang='lat' dir='ltr'>demonstratorem...</span> <span class='ocrx_word' id='word_1_648' title='bbox 1163 3408 1297 3440; x_wconf 78' lang='lat' dir='ltr'>procedat</span> <span class='ocrx_word' id='word_1_649' title='bbox 1315 3415 1353 3432; x_wconf 85' lang='lat' dir='ltr'>ex</span> 
     </span>
     <span class='ocr_line' id='line_1_88' title="bbox 285 3443 1353 3477; baseline -0.004 -6"><span class='ocrx_word' id='word_1_650' title='bbox 285 3446 342 3472; x_wconf 84' lang='lat' dir='ltr'>his:</span> <span class='ocrx_word' id='word_1_651' title='bbox 356 3447 419 3471; x_wconf 90' lang='lat' dir='ltr'>haec</span> <span class='ocrx_word' id='word_1_652' title='bbox 434 3446 503 3471; x_wconf 90' lang='lat' dir='ltr'>enim</span> <span class='ocrx_word' id='word_1_653' title='bbox 522 3446 598 3471; x_wconf 90' lang='lat' dir='ltr'>lectio</span> <span class='ocrx_word' id='word_1_654' title='bbox 617 3445 754 3470; x_wconf 87' lang='lat' dir='ltr'>manifeste</span> <span class='ocrx_word' id='word_1_655' title='bbox 773 3445 880 3469; x_wconf 83' lang='lat' dir='ltr'>traditur</span> <span class='ocrx_word' id='word_1_656' title='bbox 899 3444 930 3469; x_wconf 89' lang='lat' dir='ltr'>ab</span> <span class='ocrx_word' id='word_1_657' title='bbox 950 3445 1008 3477; x_wconf 88' lang='lat' dir='ltr'>ipso</span> <span class='ocrx_word' id='word_1_658' title='bbox 1028 3444 1163 3469; x_wconf 85' lang='lat' dir='ltr'>s.Thoma</span> <span class='ocrx_word' id='word_1_659' title='bbox 1182 3443 1207 3468; x_wconf 95' lang='lat' dir='ltr'>in</span> <span class='ocrx_word' id='word_1_660' title='bbox 1228 3443 1353 3476; x_wconf 80' lang='lat' dir='ltr'>principio</span> 
     </span>
     <span class='ocr_line' id='line_1_89' title="bbox 283 3478 1351 3515; baseline -0.005 -8"><span class='ocrx_word' id='word_1_661' title='bbox 283 3489 341 3515; x_wconf 85' lang='lat' dir='ltr'>seq.</span> <span class='ocrx_word' id='word_1_662' title='bbox 355 3490 446 3506; x_wconf 88' lang='lat' dir='ltr'>num.-</span> <span class='ocrx_word' id='word_1_663' title='bbox 457 3482 488 3506; x_wconf 85' lang='lat' dir='ltr'>P:</span> <span class='ocrx_word' id='word_1_664' title='bbox 509 3481 568 3506; x_wconf 86' lang='lat' dir='ltr'>ideo</span> <span class='ocrx_word' id='word_1_665' title='bbox 582 3481 646 3513; x_wconf 91' lang='lat' dir='ltr'>(om.</span> <span class='ocrx_word' id='word_1_666' title='bbox 659 3481 695 3513; x_wconf 86' lang='lat' dir='ltr'>et)</span> <span class='ocrx_word' id='word_1_667' title='bbox 715 3480 753 3505; x_wconf 80' lang='lat' dir='ltr'>ad</span> <span class='ocrx_word' id='word_1_668' title='bbox 771 3480 1049 3505; x_wconf 80' lang='lat' dir='ltr'>demonstrationem...</span> <span class='ocrx_word' id='word_1_669' title='bbox 1068 3479 1201 3511; x_wconf 82' lang='lat' dir='ltr'>procedat</span> <span class='ocrx_word' id='word_1_670' title='bbox 1219 3486 1257 3503; x_wconf 82' lang='lat' dir='ltr'>ex</span> <span class='ocrx_word' id='word_1_671' title='bbox 1274 3478 1351 3503; x_wconf 82' lang='lat' dir='ltr'>veris.</span> 
     </span>
     <span class='ocr_line' id='line_1_90' title="bbox 337 3513 1353 3550; baseline -0.006 -7"><span class='ocrx_word' id='word_1_672' title='bbox 337 3517 359 3550; x_wconf 90' lang='grc' dir='ltr'>ε)</span> <span class='ocrx_word' id='word_1_673' title='bbox 381 3517 460 3548; x_wconf 87' lang='lat' dir='ltr'>Quod</span> <span class='ocrx_word' id='word_1_674' title='bbox 478 3517 534 3547; x_wconf 85' lang='lat' dir='ltr'>hoc,</span> <span class='ocrx_word' id='word_1_675' title='bbox 549 3516 621 3549; x_wconf 81' lang='lat' dir='ltr'>quod</span> <span class='ocrx_word' id='word_1_676' title='bbox 639 3516 739 3541; x_wconf 83' lang='lat' dir='ltr'>dictum</span> <span class='ocrx_word' id='word_1_677' title='bbox 758 3518 835 3540; x_wconf 85' lang='lat' dir='ltr'>est.-</span> <span class='ocrx_word' id='word_1_678' title='bbox 845 3515 908 3540; x_wconf 92' lang='lat' dir='ltr'>Cod.</span> <span class='ocrx_word' id='word_1_679' title='bbox 923 3515 933 3539; x_wconf 88' lang='lat'><em>1</em></span> <span class='ocrx_word' id='word_1_680' title='bbox 951 3514 1046 3539; x_wconf 91' lang='lat' dir='ltr'>omittit</span> <span class='ocrx_word' id='word_1_681' title='bbox 1060 3514 1124 3539; x_wconf 88' lang='lat' dir='ltr'>haec</span> <span class='ocrx_word' id='word_1_682' title='bbox 1136 3514 1230 3545; x_wconf 88' lang='lat' dir='ltr'>verba,</span> <span class='ocrx_word' id='word_1_683' title='bbox 1249 3518 1275 3538; x_wconf 93' lang='lat' dir='ltr'>et</span> <span class='ocrx_word' id='word_1_684' title='bbox 1289 3513 1353 3538; x_wconf 86' lang='lat' dir='ltr'>infra</span> 
     </span>
     <span class='ocr_line' id='line_1_91' title="bbox 283 3549 1352 3586; baseline -0.005 -8"><span class='ocrx_word' id='word_1_685' title='bbox 283 3561 344 3578; x_wconf 85' lang='lat' dir='ltr'>cum</span> <span class='ocrx_word' id='word_1_686' title='bbox 364 3553 388 3578; x_wconf 90' lang='lat' dir='ltr'>G</span> <span class='ocrx_word' id='word_1_687' title='bbox 406 3552 550 3586; x_wconf 84' lang='lat' dir='ltr'>transponit</span> <span class='ocrx_word' id='word_1_688' title='bbox 567 3552 654 3582; x_wconf 82' lang='lat' dir='ltr'>verba,</span> <span class='ocrx_word' id='word_1_689' title='bbox 668 3551 706 3576; x_wconf 83' lang='lat' dir='ltr'>ad</span> <span class='ocrx_word' id='word_1_690' title='bbox 718 3551 871 3576; x_wconf 82' lang='lat' dir='ltr'>veritatem:</span> <span class='ocrx_word' id='word_1_691' title='bbox 890 3550 914 3574; x_wconf 91' lang='lat' dir='ltr'>G</span> <span class='ocrx_word' id='word_1_692' title='bbox 928 3550 997 3574; x_wconf 88' lang='lat' dir='ltr'>enim</span> <span class='ocrx_word' id='word_1_693' title='bbox 1011 3549 1086 3581; x_wconf 84' lang='lat' dir='ltr'>legit:</span> <span class='ocrx_word' id='word_1_694' title='bbox 1106 3549 1304 3574; x_wconf 78' lang='lat' dir='ltr'>demonstrator</span> <span class='ocrx_word' id='word_1_695' title='bbox 1315 3556 1352 3573; x_wconf 83' lang='lat' dir='ltr'>ex</span> 
     </span>
     <span class='ocr_line' id='line_1_92' title="bbox 283 3584 1352 3621; baseline -0.005 -8"><span class='ocrx_word' id='word_1_696' title='bbox 283 3588 332 3619; x_wconf 80' lang='lat' dir='ltr'>his,</span> <span class='ocrx_word' id='word_1_697' title='bbox 342 3595 411 3621; x_wconf 84' lang='lat' dir='ltr'>quae</span> <span class='ocrx_word' id='word_1_698' title='bbox 422 3591 485 3613; x_wconf 83' lang='lat' dir='ltr'>sunt</span> <span class='ocrx_word' id='word_1_699' title='bbox 496 3588 640 3613; x_wconf 82' lang='lat' dir='ltr'>secundum</span> <span class='ocrx_word' id='word_1_700' title='bbox 651 3587 790 3612; x_wconf 79' lang='lat' dir='ltr'>veritatem</span> <span class='ocrx_word' id='word_1_701' title='bbox 800 3585 962 3615; x_wconf 83' lang='lat' dir='ltr'>immediata,</span> <span class='ocrx_word' id='word_1_702' title='bbox 973 3585 1097 3617; x_wconf 84' lang='lat' dir='ltr'>procedit</span> <span class='ocrx_word' id='word_1_703' title='bbox 1101 3593 1110 3615; x_wconf 89' lang='lat'>‚·</span> <span class='ocrx_word' id='word_1_704' title='bbox 1119 3585 1142 3609; x_wconf 90' lang='lat'>1:</span> <span class='ocrx_word' id='word_1_705' title='bbox 1154 3584 1352 3609; x_wconf 81' lang='lat' dir='ltr'>demonstrator</span> 
     </span>
    </p>
   </div>
   <div class='ocr_carea' id='block_1_19' title="bbox 2418 281 2493 318">
    <p class='ocr_par' dir='ltr' id='par_1_20' title="bbox 2418 281 2493 318">
     <span class='ocr_line' id='line_1_93' title="bbox 2418 281 2493 318; baseline 0.013 -1"><span class='ocrx_word' id='word_1_706' title='bbox 2418 281 2493 318; x_wconf 85' lang='lat'>263</span> 
     </span>
    </p>
   </div>
   <div class='ocr_carea' id='block_1_20' title="bbox 1416 353 2495 1625">
    <p class='ocr_par' dir='ltr' id='par_1_21' title="bbox 1426 353 2495 507">
     <span class='ocr_line' id='line_1_94' title="bbox 1428 353 2495 405; baseline 0.006 -15"><span class='ocrx_word' id='word_1_707' title='bbox 1428 353 1650 391; x_wconf 90' lang='lat' dir='ltr'>huiusmodi</span> <span class='ocrx_word' id='word_1_708' title='bbox 1679 366 1778 403; x_wconf 86' lang='lat' dir='ltr'>quae</span> <span class='ocrx_word' id='word_1_709' title='bbox 1801 366 1876 403; x_wconf 84' lang='lat' dir='ltr'>per</span> <span class='ocrx_word' id='word_1_710' title='bbox 1900 367 1941 391; x_wconf 82' lang='lat' dir='ltr'>se</span> <span class='ocrx_word' id='word_1_711' title='bbox 1966 355 2244 405; x_wconf 87' lang='lat' dir='ltr'>praedicantur,</span> <span class='ocrx_word' id='word_1_712' title='bbox 2274 370 2353 395; x_wconf 91' lang='lat' dir='ltr'>non</span> <span class='ocrx_word' id='word_1_713' title='bbox 2380 360 2495 396; x_wconf 89' lang='lat' dir='ltr'>habet</span> 
     </span>
     <span class='ocr_line' id='line_1_95' title="bbox 1427 407 2493 461; baseline 0.006 -18"><span class='ocrx_word' id='word_1_714' title='bbox 1427 407 1556 443; x_wconf 92' lang='lat' dir='ltr'>locum</span> <span class='ocrx_word' id='word_1_715' title='bbox 1577 407 1615 444; x_wconf 94' lang='lat' dir='ltr'>in</span> <span class='ocrx_word' id='word_1_716' title='bbox 1635 407 1861 455; x_wconf 89' lang='lat' dir='ltr'>syllogismis</span> <span class='ocrx_word' id='word_1_717' title='bbox 1882 408 2095 457; x_wconf 88' lang='lat' dir='ltr'>dialecticis,</span> <span class='ocrx_word' id='word_1_718' title='bbox 2120 410 2189 446; x_wconf 93' lang='lat' dir='ltr'>sed</span> <span class='ocrx_word' id='word_1_719' title='bbox 2208 411 2333 448; x_wconf 89' lang='lat' dir='ltr'>solum</span> <span class='ocrx_word' id='word_1_720' title='bbox 2361 411 2401 448; x_wconf 93' lang='lat' dir='ltr'>in</span> <span class='ocrx_word' id='word_1_721' title='bbox 2420 413 2493 461; x_wconf 89' lang='lat' dir='ltr'>syl-</span> 
     </span>
     <span class='ocr_line' id='line_1_96' title="bbox 1426 460 1931 507; baseline 0.004 -11"><span class='ocrx_word' id='word_1_722' title='bbox 1426 460 1588 507; x_wconf 87' lang='lat' dir='ltr'>logismo</span> <span class='ocrx_word' id='word_1_723' title='bbox 1619 460 1931 498; x_wconf 63' lang='lat' dir='ltr'>demonstrativa</span> 
     </span>
    </p>

    <p class='ocr_par' dir='ltr' id='par_1_22' title="bbox 1419 513 2491 1186">
     <span class='ocr_line' id='line_1_97' title="bbox 1480 513 2491 566; baseline 0.005 -17"><span class='ocrx_word' id='word_1_724' title='bbox 1480 514 1516 549; x_wconf 86' lang='lat'>6.</span> <span class='ocrx_word' id='word_1_725' title='bbox 1537 513 1687 550; x_wconf 92' lang='lat' dir='ltr'>Deinde</span> <span class='ocrx_word' id='word_1_726' title='bbox 1703 526 1792 550; x_wconf 92' lang='lat' dir='ltr'>cum</span> <span class='ocrx_word' id='word_1_727' title='bbox 1807 514 1912 551; x_wconf 88' lang='lat' dir='ltr'>dicit:</span> <span class='ocrx_word' id='word_1_728' title='bbox 1928 514 1985 550; x_wconf 87' lang='lat' dir='ltr'>Sit</span> <span class='ocrx_word' id='word_1_729' title='bbox 1996 515 2114 564; x_wconf 81' lang='lat' dir='ltr'>igitur</span> <span class='ocrx_word' id='word_1_730' title='bbox 2132 516 2166 552; x_wconf 93' lang='lat' dir='ltr'><em>C</em></span> <span class='ocrx_word' id='word_1_731' title='bbox 2181 516 2396 553; x_wconf 82' lang='lat' dir='ltr'>huiusmodi</span> <span class='ocrx_word' id='word_1_732' title='bbox 2408 524 2491 566; x_wconf 90' lang='lat' dir='ltr'>etc.,</span> 
     </span>
     <span class='ocr_line' id='line_1_98' title="bbox 1425 566 2491 615; baseline 0.006 -14"><span class='ocrx_word' id='word_1_733' title='bbox 1425 573 1559 602; x_wconf 90' lang='lat' dir='ltr'>movet</span> <span class='ocrx_word' id='word_1_734' title='bbox 1586 566 1827 615; x_wconf 93' lang='lat' dir='ltr'>quaestiones</span> <span class='ocrx_word' id='word_1_735' title='bbox 1846 567 2017 604; x_wconf 89' lang='lat' dir='ltr'>intentas.</span> <span class='ocrx_word' id='word_1_736' title='bbox 2039 568 2090 605; x_wconf 95' lang='lat' dir='ltr'>Et</span> <span class='ocrx_word' id='word_1_737' title='bbox 2112 568 2211 605; x_wconf 91' lang='lat' dir='ltr'>circa</span> <span class='ocrx_word' id='word_1_738' title='bbox 2237 569 2313 606; x_wconf 86' lang='lat' dir='ltr'>hoc</span> <span class='ocrx_word' id='word_1_739' title='bbox 2341 570 2418 606; x_wconf 93' lang='lat' dir='ltr'>duo</span> <span class='ocrx_word' id='word_1_740' title='bbox 2439 571 2491 607; x_wconf 87' lang='lat' dir='ltr'>fa-</span> 
     </span>
     <span class='ocr_line' id='line_1_99' title="bbox 1425 618 2491 671; baseline 0.006 -17"><span class='ocrx_word' id='word_1_741' title='bbox 1425 618 1490 654; x_wconf 88' lang='lat' dir='ltr'>cit:</span> <span class='ocrx_word' id='word_1_742' title='bbox 1509 618 1648 667; x_wconf 89' lang='lat' dir='ltr'>primo,</span> <span class='ocrx_word' id='word_1_743' title='bbox 1678 628 1811 657; x_wconf 88' lang='lat' dir='ltr'>movet</span> <span class='ocrx_word' id='word_1_744' title='bbox 1848 621 2089 669; x_wconf 90' lang='lat' dir='ltr'>quaestiones</span> <span class='ocrx_word' id='word_1_745' title='bbox 2122 621 2161 658; x_wconf 91' lang='lat' dir='ltr'>in</span> <span class='ocrx_word' id='word_1_746' title='bbox 2189 622 2328 671; x_wconf 82' lang='lat' dir='ltr'>quibus</span> <span class='ocrx_word' id='word_1_747' title='bbox 2361 623 2491 660; x_wconf 93' lang='lat' dir='ltr'>locum</span> 
     </span>
     <span class='ocr_line' id='line_1_100' title="bbox 1423 671 2491 723; baseline 0.006 -16"><span class='ocrx_word' id='word_1_748' title='bbox 1423 671 1585 718; x_wconf 90' lang='lat' dir='ltr'>habent;</span> <span class='ocrx_word' id='word_1_749' title='bbox 1607 672 1795 719; x_wconf 87' lang='lat' dir='ltr'>seeundo,</span> <span class='ocrx_word' id='word_1_750' title='bbox 1821 674 1985 710; x_wconf 92' lang='lat' dir='ltr'>ostendit</span> <span class='ocrx_word' id='word_1_751' title='bbox 2011 674 2050 710; x_wconf 92' lang='lat' dir='ltr'>in</span> <span class='ocrx_word' id='word_1_752' title='bbox 2079 675 2216 723; x_wconf 92' lang='lat' dir='ltr'>quibus</span> <span class='ocrx_word' id='word_1_753' title='bbox 2253 676 2383 712; x_wconf 92' lang='lat' dir='ltr'>locum</span> <span class='ocrx_word' id='word_1_754' title='bbox 2411 689 2491 713; x_wconf 95' lang='lat' dir='ltr'>non</span> 
     </span>
     <span class='ocr_line' id='line_1_101' title="bbox 1423 724 2489 778; baseline 0.006 -18"><span class='ocrx_word' id='word_1_755' title='bbox 1423 724 1582 770; x_wconf 91' lang='lat' dir='ltr'>habent;</span> <span class='ocrx_word' id='word_1_756' title='bbox 1602 725 1672 761; x_wconf 91' lang='lat' dir='ltr'>ibi:</span> <span class='ocrx_word' id='word_1_757' title='bbox 1693 726 1767 762; x_wconf 87' lang='lat' dir='ltr'>Sed</span> <span class='ocrx_word' id='word_1_758' title='bbox 1784 727 1821 762; x_wconf 91' lang='lat' dir='ltr'>in</span> <span class='ocrx_word' id='word_1_759' title='bbox 1842 728 2137 764; x_wconf 81' lang='lat' dir='ltr'>convertentibus</span> <span class='ocrx_word' id='word_1_760' title='bbox 2153 729 2172 748; x_wconf 65' lang='lat'>⁸</span> <span class='ocrx_word' id='word_1_761' title='bbox 2193 735 2261 767; x_wconf 89' lang='lat' dir='ltr'>etc.</span> <span class='ocrx_word' id='word_1_762' title='bbox 2285 729 2396 766; x_wconf 91' lang='lat' dir='ltr'>Circa</span> <span class='ocrx_word' id='word_1_763' title='bbox 2413 730 2489 778; x_wconf 91' lang='lat' dir='ltr'>pri-</span> 
     </span>
     <span class='ocr_line' id='line_1_102' title="bbox 1423 777 2489 829; baseline 0.007 -17"><span class='ocrx_word' id='word_1_764' title='bbox 1423 789 1533 814; x_wconf 90' lang='lat' dir='ltr'>mum</span> <span class='ocrx_word' id='word_1_765' title='bbox 1562 777 1639 814; x_wconf 90' lang='lat' dir='ltr'>duo</span> <span class='ocrx_word' id='word_1_766' title='bbox 1667 778 1776 815; x_wconf 86' lang='lat' dir='ltr'>facit:</span> <span class='ocrx_word' id='word_1_767' title='bbox 1793 779 1932 827; x_wconf 93' lang='lat' dir='ltr'>primo,</span> <span class='ocrx_word' id='word_1_768' title='bbox 1953 788 2086 817; x_wconf 91' lang='lat' dir='ltr'>movet</span> <span class='ocrx_word' id='word_1_769' title='bbox 2105 781 2346 829; x_wconf 87' lang='lat' dir='ltr'>quaestiones</span> <span class='ocrx_word' id='word_1_770' title='bbox 2365 782 2404 819; x_wconf 95' lang='lat' dir='ltr'>in</span> <span class='ocrx_word' id='word_1_771' title='bbox 2425 782 2489 819; x_wconf 89' lang='lat' dir='ltr'>de-</span> 
     </span>
     <span class='ocr_line' id='line_1_103' title="bbox 1422 830 2490 881; baseline 0.007 -15"><span class='ocrx_word' id='word_1_772' title='bbox 1422 830 1760 868; x_wconf 88' lang='lat' dir='ltr'>monstrationibus</span> <span class='ocrx_word' id='word_1_773' title='bbox 1805 832 2058 879; x_wconf 88' lang='lat' dir='ltr'>affirmativis;</span> <span class='ocrx_word' id='word_1_774' title='bbox 2098 835 2288 881; x_wconf 89' lang='lat' dir='ltr'>secundo,</span> <span class='ocrx_word' id='word_1_775' title='bbox 2325 836 2490 873; x_wconf 91' lang='lat' dir='ltr'>ostendit</span> 
     </span>
     <span class='ocr_line' id='line_1_104' title="bbox 1422 884 2488 932; baseline 0.007 -13"><span class='ocrx_word' id='word_1_776' title='bbox 1422 884 1527 931; x_wconf 90' lang='lat' dir='ltr'>quod</span> <span class='ocrx_word' id='word_1_777' title='bbox 1554 884 1628 920; x_wconf 90' lang='lat' dir='ltr'>hae</span> <span class='ocrx_word' id='word_1_778' title='bbox 1656 884 1896 932; x_wconf 90' lang='lat' dir='ltr'>quaestiones</span> <span class='ocrx_word' id='word_1_779' title='bbox 1925 885 2094 923; x_wconf 90' lang='lat' dir='ltr'>similiter</span> <span class='ocrx_word' id='word_1_780' title='bbox 2119 888 2248 924; x_wconf 92' lang='lat' dir='ltr'>locum</span> <span class='ocrx_word' id='word_1_781' title='bbox 2281 888 2423 925; x_wconf 89' lang='lat' dir='ltr'>habent</span> <span class='ocrx_word' id='word_1_782' title='bbox 2449 889 2488 926; x_wconf 94' lang='lat' dir='ltr'>in</span> 
     </span>
     <span class='ocr_line' id='line_1_105' title="bbox 1422 936 2486 985; baseline 0.007 -13"><span class='ocrx_word' id='word_1_783' title='bbox 1422 936 1808 973; x_wconf 90' lang='lat' dir='ltr'>demonstrationibus</span> <span class='ocrx_word' id='word_1_784' title='bbox 1836 939 2036 985; x_wconf 83' lang='lat' dir='ltr'>negativis3</span> <span class='ocrx_word' id='word_1_785' title='bbox 2057 939 2129 976; x_wconf 90' lang='lat' dir='ltr'>ibi:</span> <span class='ocrx_word' id='word_1_786' title='bbox 2157 941 2334 977; x_wconf 89' lang='lat' dir='ltr'>Similiter</span> <span class='ocrx_word' id='word_1_787' title='bbox 2360 947 2486 979; x_wconf 86' lang='lat' dir='ltr'>autem</span> 
     </span>
     <span class='ocr_line' id='line_1_106' title="bbox 1420 989 2484 1041; baseline 0.007 -16"><span class='ocrx_word' id='word_1_788' title='bbox 1420 989 1503 1025; x_wconf 84' lang='lat' dir='ltr'>dico</span> <span class='ocrx_word' id='word_1_789' title='bbox 1518 995 1555 1026; x_wconf 90' lang='lat' dir='ltr'>et</span> <span class='ocrx_word' id='word_1_790' title='bbox 1567 990 1604 1026; x_wconf 91' lang='lat' dir='ltr'>in</span> <span class='ocrx_word' id='word_1_791' title='bbox 1618 990 1818 1037; x_wconf 81' lang='lat' dir='ltr'>privativis</span> <span class='ocrx_word' id='word_1_792' title='bbox 1834 991 1853 1011; x_wconf 47' lang='grc' dir='ltr'>’Β</span> <span class='ocrx_word' id='word_1_793' title='bbox 1874 998 1942 1027; x_wconf 92' lang='lat' dir='ltr'>etc.</span> <span class='ocrx_word' id='word_1_794' title='bbox 1966 992 2075 1028; x_wconf 90' lang='lat' dir='ltr'>Circa</span> <span class='ocrx_word' id='word_1_795' title='bbox 2093 993 2263 1041; x_wconf 91' lang='lat' dir='ltr'>primum</span> <span class='ocrx_word' id='word_1_796' title='bbox 2284 994 2360 1031; x_wconf 93' lang='lat' dir='ltr'>duo</span> <span class='ocrx_word' id='word_1_797' title='bbox 2381 995 2484 1032; x_wconf 89' lang='lat' dir='ltr'>facit:</span> 
     </span>
     <span class='ocr_line' id='line_1_107' title="bbox 1419 1042 2484 1094; baseline 0.008 -17"><span class='ocrx_word' id='word_1_798' title='bbox 1419 1042 1545 1090; x_wconf 90' lang='lat' dir='ltr'>primo</span> <span class='ocrx_word' id='word_1_799' title='bbox 1567 1042 1600 1089; x_wconf 69' lang='lat'>²⁸,</span> <span class='ocrx_word' id='word_1_800' title='bbox 1622 1050 1756 1079; x_wconf 92' lang='lat' dir='ltr'>movet</span> <span class='ocrx_word' id='word_1_801' title='bbox 1774 1044 2032 1091; x_wconf 88' lang='lat' dir='ltr'>quaestiones;</span> <span class='ocrx_word' id='word_1_802' title='bbox 2054 1048 2236 1094; x_wconf 87' lang='lat' dir='ltr'>secundo,</span> <span class='ocrx_word' id='word_1_803' title='bbox 2253 1048 2416 1085; x_wconf 87' lang='lat' dir='ltr'>ostendit</span> <span class='ocrx_word' id='word_1_804' title='bbox 2435 1048 2484 1085; x_wconf 89' lang='lat' dir='ltr'>ad</span> 
     </span>
     <span class='ocr_line' id='line_1_108' title="bbox 1420 1094 2487 1147; baseline 0.007 -17"><span class='ocrx_word' id='word_1_805' title='bbox 1420 1094 1512 1142; x_wconf 94' lang='lat' dir='ltr'>quid</span> <span class='ocrx_word' id='word_1_806' title='bbox 1538 1095 1760 1132; x_wconf 92' lang='lat' dir='ltr'>huiusmodi</span> <span class='ocrx_word' id='word_1_807' title='bbox 1789 1097 2029 1145; x_wconf 91' lang='lat' dir='ltr'>quaestiones</span> <span class='ocrx_word' id='word_1_808' title='bbox 2056 1099 2286 1147; x_wconf 90' lang='lat' dir='ltr'>pertineant;</span> <span class='ocrx_word' id='word_1_809' title='bbox 2317 1100 2387 1137; x_wconf 89' lang='lat' dir='ltr'>ibi:</span> <span class='ocrx_word' id='word_1_810' title='bbox 2415 1102 2487 1138; x_wconf 80' lang='lat' dir='ltr'>Est</span> 
     </span>
     <span class='ocr_line' id='line_1_109' title="bbox 1419 1148 1998 1186; baseline 0.005 -3"><span class='ocrx_word' id='word_1_811' title='bbox 1419 1153 1545 1184; x_wconf 88' lang='lat' dir='ltr'>autem</span> <span class='ocrx_word' id='word_1_812' title='bbox 1574 1149 1647 1184; x_wconf 86' lang='lat' dir='ltr'>hoc</span> <span class='ocrx_word' id='word_1_813' title='bbox 1673 1148 1863 1186; x_wconf 85' lang='lat' dir='ltr'>intendere</span> <span class='ocrx_word' id='word_1_814' title='bbox 1880 1150 1901 1170; x_wconf 77' lang='lat'><strong><em>*</em></strong></span> <span class='ocrx_word' id='word_1_815' title='bbox 1930 1158 1998 1186; x_wconf 92' lang='lat' dir='ltr'>etc.</span> 
     </span>
    </p>

    <p class='ocr_par' dir='ltr' id='par_1_23' title="bbox 1416 1200 2486 1625">
     <span class='ocr_line' id='line_1_110' title="bbox 1473 1200 2482 1252; baseline 0.007 -16"><span class='ocrx_word' id='word_1_816' title='bbox 1473 1212 1509 1248; x_wconf 92' lang='lat'>7.</span> <span class='ocrx_word' id='word_1_817' title='bbox 1531 1200 1643 1238; x_wconf 93' lang='lat' dir='ltr'>Circa</span> <span class='ocrx_word' id='word_1_818' title='bbox 1660 1201 1830 1249; x_wconf 91' lang='lat' dir='ltr'>primum</span> <span class='ocrx_word' id='word_1_819' title='bbox 1849 1210 1982 1239; x_wconf 89' lang='lat' dir='ltr'>movet</span> <span class='ocrx_word' id='word_1_820' title='bbox 1995 1210 2070 1239; x_wconf 92' lang='lat' dir='ltr'>tres</span> <span class='ocrx_word' id='word_1_821' title='bbox 2089 1205 2330 1252; x_wconf 90' lang='lat' dir='ltr'>quaestiones</span> <span class='ocrx_word' id='word_1_822' title='bbox 2349 1218 2482 1243; x_wconf 86' lang='lat' dir='ltr'>secun-</span> 
     </span>
     <span class='ocr_line' id='line_1_111' title="bbox 1420 1253 2485 1307; baseline 0.007 -18"><span class='ocrx_word' id='word_1_823' title='bbox 1420 1253 1514 1290; x_wconf 92' lang='lat' dir='ltr'>dum</span> <span class='ocrx_word' id='word_1_824' title='bbox 1541 1260 1616 1290; x_wconf 89' lang='lat' dir='ltr'>tres</span> <span class='ocrx_word' id='word_1_825' title='bbox 1644 1254 1828 1292; x_wconf 89' lang='lat' dir='ltr'>terminos</span> <span class='ocrx_word' id='word_1_826' title='bbox 1856 1255 2075 1304; x_wconf 88' lang='lat' dir='ltr'>syllogismi.</span> <span class='ocrx_word' id='word_1_827' title='bbox 2103 1257 2152 1293; x_wconf 92' lang='lat' dir='ltr'>Et</span> <span class='ocrx_word' id='word_1_828' title='bbox 2179 1258 2325 1307; x_wconf 90' lang='lat' dir='ltr'>primo,</span> <span class='ocrx_word' id='word_1_829' title='bbox 2353 1267 2485 1296; x_wconf 91' lang='lat' dir='ltr'>movet</span> 
     </span>
     <span class='ocr_line' id='line_1_112' title="bbox 1419 1306 2483 1359; baseline 0.007 -17"><span class='ocrx_word' id='word_1_830' title='bbox 1419 1306 1681 1355; x_wconf 91' lang='lat' dir='ltr'>quaestionem</span> <span class='ocrx_word' id='word_1_831' title='bbox 1698 1320 1744 1344; x_wconf 89' lang='lat' dir='ltr'>ex</span> <span class='ocrx_word' id='word_1_832' title='bbox 1767 1316 1874 1357; x_wconf 89' lang='lat' dir='ltr'>parte</span> <span class='ocrx_word' id='word_1_833' title='bbox 1888 1310 1908 1330; x_wconf 83' lang='grc'>*</span> <span class='ocrx_word' id='word_1_834' title='bbox 1922 1310 2078 1346; x_wconf 84' lang='lat' dir='ltr'>maioris</span> <span class='ocrx_word' id='word_1_835' title='bbox 2092 1311 2345 1359; x_wconf 89' lang='lat' dir='ltr'>extremitatis,</span> <span class='ocrx_word' id='word_1_836' title='bbox 2355 1319 2483 1349; x_wconf 89' lang='lat' dir='ltr'>utrum</span> 
     </span>
     <span class='ocr_line' id='line_1_113' title="bbox 1418 1360 2485 1402; baseline 0.006 -6"><span class='ocrx_word' id='word_1_837' title='bbox 1418 1360 1464 1396; x_wconf 89' lang='lat' dir='ltr'>sit</span> <span class='ocrx_word' id='word_1_838' title='bbox 1492 1360 1596 1397; x_wconf 90' lang='lat' dir='ltr'>abire</span> <span class='ocrx_word' id='word_1_839' title='bbox 1629 1361 1669 1398; x_wconf 93' lang='lat' dir='ltr'>in</span> <span class='ocrx_word' id='word_1_840' title='bbox 1705 1361 1896 1399; x_wconf 87' lang='lat' dir='ltr'>infinitum</span> <span class='ocrx_word' id='word_1_841' title='bbox 1929 1363 2172 1400; x_wconf 87' lang='lat' dir='ltr'>ascendendo</span> <span class='ocrx_word' id='word_1_842' title='bbox 2201 1365 2232 1400; x_wconf 61' lang='lat'>³².</span> <span class='ocrx_word' id='word_1_843' title='bbox 2266 1365 2316 1401; x_wconf 89' lang='lat' dir='ltr'>Et</span> <span class='ocrx_word' id='word_1_844' title='bbox 2347 1364 2385 1401; x_wconf 93' lang='lat' dir='ltr'>in</span> <span class='ocrx_word' id='word_1_845' title='bbox 2413 1366 2485 1402; x_wconf 90' lang='lat' dir='ltr'>hac</span> 
     </span>
     <span class='ocr_line' id='line_1_114' title="bbox 1418 1413 2484 1466; baseline 0.005 -17"><span class='ocrx_word' id='word_1_846' title='bbox 1418 1413 1640 1462; x_wconf 90' lang='lat' dir='ltr'>quaestione</span> <span class='ocrx_word' id='word_1_847' title='bbox 1668 1416 1894 1464; x_wconf 89' lang='lat' dir='ltr'>supponitur</span> <span class='ocrx_word' id='word_1_848' title='bbox 1920 1416 2097 1453; x_wconf 88' lang='lat' dir='ltr'>ultimum</span> <span class='ocrx_word' id='word_1_849' title='bbox 2126 1417 2355 1464; x_wconf 89' lang='lat' dir='ltr'>subiectum,</span> <span class='ocrx_word' id='word_1_850' title='bbox 2379 1419 2484 1466; x_wconf 92' lang='lat' dir='ltr'>quod</span> 
     </span>
     <span class='ocr_line' id='line_1_115' title="bbox 1416 1467 2484 1519; baseline 0.004 -16"><span class='ocrx_word' id='word_1_851' title='bbox 1416 1479 1496 1503; x_wconf 93' lang='lat' dir='ltr'>non</span> <span class='ocrx_word' id='word_1_852' title='bbox 1523 1467 1762 1515; x_wconf 88' lang='lat' dir='ltr'>praedicatur</span> <span class='ocrx_word' id='word_1_853' title='bbox 1789 1470 1837 1506; x_wconf 92' lang='lat' dir='ltr'>de</span> <span class='ocrx_word' id='word_1_854' title='bbox 1866 1469 1952 1516; x_wconf 87' lang='lat' dir='ltr'>alio,</span> <span class='ocrx_word' id='word_1_855' title='bbox 1978 1477 2015 1506; x_wconf 94' lang='lat' dir='ltr'>et</span> <span class='ocrx_word' id='word_1_856' title='bbox 2042 1469 2114 1506; x_wconf 90' lang='lat' dir='ltr'>alia</span> <span class='ocrx_word' id='word_1_857' title='bbox 2141 1470 2406 1519; x_wconf 89' lang='lat' dir='ltr'>praedicantur</span> <span class='ocrx_word' id='word_1_858' title='bbox 2437 1472 2484 1508; x_wconf 91' lang='lat' dir='ltr'>de</span> 
     </span>
     <span class='ocr_line' id='line_1_116' title="bbox 1416 1519 2484 1571; baseline 0.005 -15"><span class='ocrx_word' id='word_1_859' title='bbox 1416 1519 1512 1568; x_wconf 92' lang='lat' dir='ltr'>ipso.</span> <span class='ocrx_word' id='word_1_860' title='bbox 1535 1521 1591 1557; x_wconf 89' lang='lat' dir='ltr'>Sit</span> <span class='ocrx_word' id='word_1_861' title='bbox 1618 1533 1708 1568; x_wconf 87' lang='lat' dir='ltr'>ergo</span> <span class='ocrx_word' id='word_1_862' title='bbox 1727 1522 1803 1558; x_wconf 89' lang='lat' dir='ltr'>hoc</span> <span class='ocrx_word' id='word_1_863' title='bbox 1832 1523 1875 1568; x_wconf 93' lang='lat' dir='ltr'>C,</span> <span class='ocrx_word' id='word_1_864' title='bbox 1898 1530 1934 1559; x_wconf 93' lang='lat' dir='ltr'>et</span> <span class='ocrx_word' id='word_1_865' title='bbox 1952 1522 1991 1559; x_wconf 95' lang='lat' dir='ltr'>in</span> <span class='ocrx_word' id='word_1_866' title='bbox 2011 1523 2042 1559; x_wconf 94' lang='lat' dir='ltr'>C</span> <span class='ocrx_word' id='word_1_867' title='bbox 2062 1523 2188 1571; x_wconf 91' lang='lat' dir='ltr'>primo</span> <span class='ocrx_word' id='word_1_868' title='bbox 2209 1531 2246 1560; x_wconf 94' lang='lat' dir='ltr'>et</span> <span class='ocrx_word' id='word_1_869' title='bbox 2263 1523 2484 1561; x_wconf 90' lang='lat' dir='ltr'>immediate</span> 
     </span>
     <span class='ocr_line' id='line_1_117' title="bbox 1417 1574 2486 1625; baseline 0.006 -16"><span class='ocrx_word' id='word_1_870' title='bbox 1417 1574 1463 1610; x_wconf 92' lang='lat' dir='ltr'>sit</span> <span class='ocrx_word' id='word_1_871' title='bbox 1490 1574 1542 1620; x_wconf 89' lang='lat' dir='ltr'>B,</span> <span class='ocrx_word' id='word_1_872' title='bbox 1573 1581 1610 1610; x_wconf 89' lang='lat' dir='ltr'>et</span> <span class='ocrx_word' id='word_1_873' title='bbox 1645 1574 1684 1611; x_wconf 91' lang='lat' dir='ltr'>in</span> <span class='ocrx_word' id='word_1_874' title='bbox 1721 1576 1752 1611; x_wconf 93' lang='lat' dir='ltr'>B</span> <span class='ocrx_word' id='word_1_875' title='bbox 1781 1575 1828 1611; x_wconf 91' lang='lat' dir='ltr'>sit</span> <span class='ocrx_word' id='word_1_876' title='bbox 1855 1576 1888 1612; x_wconf 95' lang='lat' dir='ltr'>E</span> <span class='ocrx_word' id='word_1_877' title='bbox 1917 1576 2025 1625; x_wconf 91' lang='lat' dir='ltr'>quasi</span> <span class='ocrx_word' id='word_1_878' title='bbox 2063 1577 2111 1613; x_wconf 93' lang='lat' dir='ltr'>de</span> <span class='ocrx_word' id='word_1_879' title='bbox 2140 1589 2186 1613; x_wconf 93' lang='lat' dir='ltr'>eo</span> <span class='ocrx_word' id='word_1_880' title='bbox 2223 1577 2486 1615; x_wconf 88' lang='lat' dir='ltr'>universaliter</span> 
     </span>
    </p>
   </div>
   <div class='ocr_carea' id='block_1_21' title="bbox 1415 1627 2518 1675">
    <p class='ocr_par' dir='ltr' id='par_1_24' title="bbox 1415 1627 2518 1675">
     <span class='ocr_line' id='line_1_118' title="bbox 1415 1627 2518 1675; baseline 0.005 -12"><span class='ocrx_word' id='word_1_881' title='bbox 1415 1627 1697 1675; x_wconf 88' lang='lat' dir='ltr'>praedicatum,</span> <span class='ocrx_word' id='word_1_882' title='bbox 1728 1636 1765 1665; x_wconf 93' lang='lat' dir='ltr'>et</span> <span class='ocrx_word' id='word_1_883' title='bbox 1791 1628 1928 1665; x_wconf 88' lang='lat' dir='ltr'>iterum</span> <span class='ocrx_word' id='word_1_884' title='bbox 1958 1630 1987 1665; x_wconf 94' lang='lat' dir='ltr'><strong>F</strong></span> <span class='ocrx_word' id='word_1_885' title='bbox 2004 1630 2024 1649; x_wconf 71' lang='lat'>‘⁹</span> <span class='ocrx_word' id='word_1_886' title='bbox 2053 1629 2099 1666; x_wconf 89' lang='lat' dir='ltr'>sit</span> <span class='ocrx_word' id='word_1_887' title='bbox 2126 1629 2164 1666; x_wconf 93' lang='lat' dir='ltr'>in</span> <span class='ocrx_word' id='word_1_888' title='bbox 2184 1631 2217 1666; x_wconf 94' lang='lat' dir='ltr'>E</span> <span class='ocrx_word' id='word_1_889' title='bbox 2238 1630 2406 1668; x_wconf 88' lang='lat' dir='ltr'>similiter</span> <span class='ocrx_word' id='word_1_890' title='bbox 2435 1631 2483 1668; x_wconf 92' lang='lat' dir='ltr'>de</span> <span class='ocrx_word' id='word_1_891' title='bbox 2510 1640 2518 1648; x_wconf 86' lang='lat'><strong>·</strong></span> 
     </span>
    </p>
   </div>
   <div class='ocr_carea' id='block_1_22' title="bbox 1413 1680 2482 2369">
    <p class='ocr_par' dir='ltr' id='par_1_25' title="bbox 1415 1680 2482 1983">
     <span class='ocr_line' id='line_1_119' title="bbox 1417 1680 2480 1732; baseline 0.005 -16"><span class='ocrx_word' id='word_1_892' title='bbox 1417 1692 1464 1716; x_wconf 89' lang='lat' dir='ltr'>eo</span> <span class='ocrx_word' id='word_1_893' title='bbox 1483 1680 1746 1718; x_wconf 88' lang='lat' dir='ltr'>universaliter</span> <span class='ocrx_word' id='word_1_894' title='bbox 1763 1682 2035 1730; x_wconf 90' lang='lat' dir='ltr'>praedicatum.</span> <span class='ocrx_word' id='word_1_895' title='bbox 2057 1683 2126 1719; x_wconf 92' lang='lat' dir='ltr'>Est</span> <span class='ocrx_word' id='word_1_896' title='bbox 2145 1695 2235 1731; x_wconf 90' lang='lat' dir='ltr'>ergo</span> <span class='ocrx_word' id='word_1_897' title='bbox 2257 1684 2429 1732; x_wconf 89' lang='lat' dir='ltr'>quaestio</span> <span class='ocrx_word' id='word_1_898' title='bbox 2448 1690 2480 1721; x_wconf 79' lang='lat'>⁷¹:</span> 
     </span>
     <span class='ocr_line' id='line_1_120' title="bbox 1415 1734 2481 1786; baseline 0.005 -17"><span class='ocrx_word' id='word_1_899' title='bbox 1415 1740 1544 1770; x_wconf 89' lang='lat' dir='ltr'>utrum</span> <span class='ocrx_word' id='word_1_900' title='bbox 1564 1734 1633 1770; x_wconf 92' lang='lat' dir='ltr'>iste</span> <span class='ocrx_word' id='word_1_901' title='bbox 1653 1746 1831 1771; x_wconf 91' lang='lat' dir='ltr'>ascensus</span> <span class='ocrx_word' id='word_1_902' title='bbox 1856 1735 1992 1772; x_wconf 90' lang='lat' dir='ltr'>alicubi</span> <span class='ocrx_word' id='word_1_903' title='bbox 2012 1743 2092 1782; x_wconf 81' lang='lat' dir='ltr'>stet,</span> <span class='ocrx_word' id='word_1_904' title='bbox 2114 1735 2164 1772; x_wconf 91' lang='lat' dir='ltr'>ita</span> <span class='ocrx_word' id='word_1_905' title='bbox 2183 1736 2323 1773; x_wconf 92' lang='lat' dir='ltr'>scilicet</span> <span class='ocrx_word' id='word_1_906' title='bbox 2336 1737 2356 1758; x_wconf 76' lang='grc'><em>*</em></span> <span class='ocrx_word' id='word_1_907' title='bbox 2376 1738 2481 1786; x_wconf 94' lang='lat' dir='ltr'>quod</span> 
     </span>
     <span class='ocr_line' id='line_1_121' title="bbox 1416 1786 2482 1837; baseline 0.005 -15"><span class='ocrx_word' id='word_1_908' title='bbox 1416 1786 1462 1823; x_wconf 88' lang='lat' dir='ltr'>sit</span> <span class='ocrx_word' id='word_1_909' title='bbox 1490 1786 1671 1823; x_wconf 89' lang='lat' dir='ltr'>devenire</span> <span class='ocrx_word' id='word_1_910' title='bbox 1700 1787 1749 1824; x_wconf 88' lang='lat' dir='ltr'>ad</span> <span class='ocrx_word' id='word_1_911' title='bbox 1768 1788 1909 1837; x_wconf 89' lang='lat' dir='ltr'>aliquid</span> <span class='ocrx_word' id='word_1_912' title='bbox 1929 1789 2034 1837; x_wconf 92' lang='lat' dir='ltr'>quod</span> <span class='ocrx_word' id='word_1_913' title='bbox 2060 1789 2298 1837; x_wconf 91' lang='lat' dir='ltr'>praedicetur</span> <span class='ocrx_word' id='word_1_914' title='bbox 2325 1791 2373 1827; x_wconf 93' lang='lat' dir='ltr'>de</span> <span class='ocrx_word' id='word_1_915' title='bbox 2402 1790 2482 1827; x_wconf 90' lang='lat' dir='ltr'>aliis</span> 
     </span>
     <span class='ocr_line' id='line_1_122' title="bbox 1415 1839 2480 1891; baseline 0.004 -15"><span class='ocrx_word' id='word_1_916' title='bbox 1415 1839 1688 1887; x_wconf 89' lang='lat' dir='ltr'>universaliter,</span> <span class='ocrx_word' id='word_1_917' title='bbox 1720 1848 1756 1877; x_wconf 92' lang='lat' dir='ltr'>et</span> <span class='ocrx_word' id='word_1_918' title='bbox 1783 1841 1873 1878; x_wconf 92' lang='lat' dir='ltr'>nihil</span> <span class='ocrx_word' id='word_1_919' title='bbox 1902 1842 2004 1878; x_wconf 92' lang='lat' dir='ltr'>aliud</span> <span class='ocrx_word' id='word_1_920' title='bbox 2032 1842 2270 1890; x_wconf 89' lang='lat' dir='ltr'>praedicetur</span> <span class='ocrx_word' id='word_1_921' title='bbox 2297 1843 2346 1880; x_wconf 90' lang='lat' dir='ltr'>de</span> <span class='ocrx_word' id='word_1_922' title='bbox 2374 1843 2480 1891; x_wconf 90' lang='lat' dir='ltr'>ipso;</span> 
     </span>
     <span class='ocr_line' id='line_1_123' title="bbox 1416 1892 2481 1943; baseline 0.004 -14"><span class='ocrx_word' id='word_1_923' title='bbox 1416 1899 1481 1929; x_wconf 91' lang='lat' dir='ltr'>aut</span> <span class='ocrx_word' id='word_1_924' title='bbox 1507 1894 1583 1930; x_wconf 92' lang='lat' dir='ltr'>hoc</span> <span class='ocrx_word' id='word_1_925' title='bbox 1611 1905 1689 1930; x_wconf 92' lang='lat' dir='ltr'>non</span> <span class='ocrx_word' id='word_1_926' title='bbox 1717 1893 1763 1931; x_wconf 91' lang='lat' dir='ltr'>sit</span> <span class='ocrx_word' id='word_1_927' title='bbox 1781 1907 1953 1942; x_wconf 90' lang='lat' dir='ltr'>necesse,</span> <span class='ocrx_word' id='word_1_928' title='bbox 1981 1896 2048 1932; x_wconf 92' lang='lat' dir='ltr'>sed</span> <span class='ocrx_word' id='word_1_929' title='bbox 2069 1895 2259 1943; x_wconf 87' lang='lat' dir='ltr'>contingat</span> <span class='ocrx_word' id='word_1_930' title='bbox 2277 1892 2481 1934; x_wconf 88' lang='lat' dir='ltr'>ascendere</span> 
     </span>
     <span class='ocr_line' id='line_1_124' title="bbox 1416 1945 2378 1983; baseline 0.002 -1"><span class='ocrx_word' id='word_1_931' title='bbox 1416 1946 1454 1983; x_wconf 90' lang='lat' dir='ltr'>in</span> <span class='ocrx_word' id='word_1_932' title='bbox 1476 1946 1496 1967; x_wconf 85' lang='lat'><strong>*</strong></span> <span class='ocrx_word' id='word_1_933' title='bbox 1515 1945 1734 1983; x_wconf 85' lang='lat' dir='ltr'>infinitum?</span> <span class='ocrx_word' id='word_1_934' title='bbox 2333 1949 2337 1953; x_wconf 84' lang='lat'><em>&#39;</em></span> <span class='ocrx_word' id='word_1_935' title='bbox 2372 1957 2378 1962; x_wconf 84' lang='lat'><strong>·</strong></span> 
     </span>
    </p>

    <p class='ocr_par' dir='ltr' id='par_1_26' title="bbox 1413 1999 2482 2369">
     <span class='ocr_line' id='line_1_125' title="bbox 1471 1999 2479 2050; baseline 0.002 -14"><span class='ocrx_word' id='word_1_936' title='bbox 1471 2000 1506 2036; x_wconf 90' lang='lat'>8.</span> <span class='ocrx_word' id='word_1_937' title='bbox 1528 1999 1719 2046; x_wconf 91' lang='lat' dir='ltr'>Secundo,</span> <span class='ocrx_word' id='word_1_938' title='bbox 1741 1999 1813 2036; x_wconf 92' lang='lat' dir='ltr'>ibi:</span> <span class='ocrx_word' id='word_1_939' title='bbox 1833 2002 1884 2037; x_wconf 91' lang='lat' dir='ltr'>Et</span> <span class='ocrx_word' id='word_1_940' title='bbox 1900 2001 2034 2037; x_wconf 87' lang='lat' dir='ltr'>iterum</span> <span class='ocrx_word' id='word_1_941' title='bbox 2053 2001 2087 2037; x_wconf 86' lang='lat' dir='ltr'>si</span> <span class='ocrx_word' id='word_1_942' title='bbox 2104 2001 2150 2037; x_wconf 86' lang='lat' dir='ltr'>de</span> <span class='ocrx_word' id='word_1_943' title='bbox 2167 2001 2204 2038; x_wconf 86' lang='grc' dir='ltr'><em>Α</em></span> <span class='ocrx_word' id='word_1_944' title='bbox 2222 2002 2371 2050; x_wconf 83' lang='lat' dir='ltr'>quidem</span> <span class='ocrx_word' id='word_1_945' title='bbox 2396 2009 2479 2048; x_wconf 91' lang='lat' dir='ltr'>etc.,</span> 
     </span>
     <span class='ocr_line' id='line_1_126' title="bbox 1415 2053 2480 2102; baseline 0.002 -13"><span class='ocrx_word' id='word_1_946' title='bbox 1415 2060 1550 2090; x_wconf 91' lang='lat' dir='ltr'>movet</span> <span class='ocrx_word' id='word_1_947' title='bbox 1586 2053 1850 2102; x_wconf 90' lang='lat' dir='ltr'>quaestionem</span> <span class='ocrx_word' id='word_1_948' title='bbox 1888 2066 1934 2090; x_wconf 87' lang='lat' dir='ltr'>ex</span> <span class='ocrx_word' id='word_1_949' title='bbox 1969 2061 2076 2102; x_wconf 85' lang='lat' dir='ltr'>parte</span> <span class='ocrx_word' id='word_1_950' title='bbox 2113 2054 2271 2091; x_wconf 90' lang='lat' dir='ltr'>minoris</span> <span class='ocrx_word' id='word_1_951' title='bbox 2310 2055 2480 2102; x_wconf 89' lang='lat' dir='ltr'>termini,</span> 
     </span>
     <span class='ocr_line' id='line_1_127' title="bbox 1414 2106 2480 2145; baseline 0.003 -3"><span class='ocrx_word' id='word_1_952' title='bbox 1414 2113 1543 2143; x_wconf 91' lang='lat' dir='ltr'>utrum</span> <span class='ocrx_word' id='word_1_953' title='bbox 1572 2106 1712 2143; x_wconf 88' lang='lat' dir='ltr'>scilicet</span> <span class='ocrx_word' id='word_1_954' title='bbox 1746 2106 1792 2143; x_wconf 92' lang='lat' dir='ltr'>sit</span> <span class='ocrx_word' id='word_1_955' title='bbox 1819 2106 1872 2143; x_wconf 92' lang='lat' dir='ltr'>ire</span> <span class='ocrx_word' id='word_1_956' title='bbox 1901 2107 1939 2143; x_wconf 92' lang='lat' dir='ltr'>in</span> <span class='ocrx_word' id='word_1_957' title='bbox 1973 2107 2163 2144; x_wconf 91' lang='lat' dir='ltr'>infinitum</span> <span class='ocrx_word' id='word_1_958' title='bbox 2198 2108 2480 2145; x_wconf 86' lang='lat' dir='ltr'>descendendo.</span> 
     </span>
     <span class='ocr_line' id='line_1_128' title="bbox 1416 2159 2482 2210; baseline 0.003 -14"><span class='ocrx_word' id='word_1_959' title='bbox 1416 2160 1466 2196; x_wconf 92' lang='lat' dir='ltr'>Et</span> <span class='ocrx_word' id='word_1_960' title='bbox 1492 2159 1531 2196; x_wconf 93' lang='lat' dir='ltr'>in</span> <span class='ocrx_word' id='word_1_961' title='bbox 1558 2160 1631 2196; x_wconf 91' lang='lat' dir='ltr'>hac</span> <span class='ocrx_word' id='word_1_962' title='bbox 1659 2160 1881 2208; x_wconf 89' lang='lat' dir='ltr'>quaestione</span> <span class='ocrx_word' id='word_1_963' title='bbox 1915 2160 2141 2208; x_wconf 89' lang='lat' dir='ltr'>supponitur</span> <span class='ocrx_word' id='word_1_964' title='bbox 2175 2173 2258 2197; x_wconf 90' lang='lat' dir='ltr'>esse</span> <span class='ocrx_word' id='word_1_965' title='bbox 2280 2162 2300 2183; x_wconf 88' lang='grc'>*</span> <span class='ocrx_word' id='word_1_966' title='bbox 2328 2162 2482 2210; x_wconf 93' lang='lat' dir='ltr'>aliquod</span> 
     </span>
     <span class='ocr_line' id='line_1_129' title="bbox 1413 2212 2481 2262; baseline 0.002 -13"><span class='ocrx_word' id='word_1_967' title='bbox 1413 2212 1584 2261; x_wconf 90' lang='lat' dir='ltr'>primum</span> <span class='ocrx_word' id='word_1_968' title='bbox 1620 2213 1881 2261; x_wconf 81' lang='lat' dir='ltr'>praedicatum</span> <span class='ocrx_word' id='word_1_969' title='bbox 1918 2213 2151 2260; x_wconf 88' lang='lat' dir='ltr'>universale,</span> <span class='ocrx_word' id='word_1_970' title='bbox 2182 2215 2287 2262; x_wconf 92' lang='lat' dir='ltr'>quod</span> <span class='ocrx_word' id='word_1_971' title='bbox 2316 2214 2364 2251; x_wconf 93' lang='lat' dir='ltr'>de</span> <span class='ocrx_word' id='word_1_972' title='bbox 2401 2215 2481 2251; x_wconf 89' lang='lat' dir='ltr'>aliis</span> 
     </span>
     <span class='ocr_line' id='line_1_130' title="bbox 1413 2266 2480 2316; baseline 0.002 -14"><span class='ocrx_word' id='word_1_973' title='bbox 1413 2266 1663 2314; x_wconf 89' lang='lat' dir='ltr'>praedicetur,</span> <span class='ocrx_word' id='word_1_974' title='bbox 1681 2273 1718 2302; x_wconf 93' lang='lat' dir='ltr'>et</span> <span class='ocrx_word' id='word_1_975' title='bbox 1736 2266 1826 2302; x_wconf 88' lang='lat' dir='ltr'>nihil</span> <span class='ocrx_word' id='word_1_976' title='bbox 1846 2266 1892 2303; x_wconf 91' lang='lat' dir='ltr'>sit</span> <span class='ocrx_word' id='word_1_977' title='bbox 1909 2266 2158 2303; x_wconf 89' lang='lat' dir='ltr'>universalius</span> <span class='ocrx_word' id='word_1_978' title='bbox 2179 2279 2237 2314; x_wconf 91' lang='lat' dir='ltr'>eo,</span> <span class='ocrx_word' id='word_1_979' title='bbox 2254 2268 2359 2316; x_wconf 92' lang='lat' dir='ltr'>quod</span> <span class='ocrx_word' id='word_1_980' title='bbox 2373 2280 2480 2316; x_wconf 92' lang='lat' dir='ltr'>prae-</span> 
     </span>
     <span class='ocr_line' id='line_1_131' title="bbox 1415 2319 2478 2369; baseline 0.002 -14"><span class='ocrx_word' id='word_1_981' title='bbox 1415 2319 1560 2356; x_wconf 90' lang='lat' dir='ltr'>dicetur</span> <span class='ocrx_word' id='word_1_982' title='bbox 1579 2320 1627 2356; x_wconf 91' lang='lat' dir='ltr'>de</span> <span class='ocrx_word' id='word_1_983' title='bbox 1646 2319 1729 2367; x_wconf 88' lang='lat' dir='ltr'>ipso</span> <span class='ocrx_word' id='word_1_984' title='bbox 1749 2320 1780 2356; x_wconf 81' lang='grc'>*.</span> <span class='ocrx_word' id='word_1_985' title='bbox 1817 2319 1872 2356; x_wconf 91' lang='lat' dir='ltr'>Sit</span> <span class='ocrx_word' id='word_1_986' title='bbox 1900 2331 1988 2367; x_wconf 89' lang='lat' dir='ltr'>ergo</span> <span class='ocrx_word' id='word_1_987' title='bbox 2017 2321 2052 2357; x_wconf 94' lang='lat' dir='ltr'>A</span> <span class='ocrx_word' id='word_1_988' title='bbox 2080 2320 2164 2366; x_wconf 90' lang='lat' dir='ltr'>tale,</span> <span class='ocrx_word' id='word_1_989' title='bbox 2187 2321 2291 2369; x_wconf 92' lang='lat' dir='ltr'>quod</span> <span class='ocrx_word' id='word_1_990' title='bbox 2310 2320 2401 2357; x_wconf 91' lang='lat' dir='ltr'>nihil</span> <span class='ocrx_word' id='word_1_991' title='bbox 2430 2321 2478 2358; x_wconf 90' lang='lat' dir='ltr'>de</span> 
     </span>
    </p>
   </div>
   <div class='ocr_carea' id='block_1_23' title="bbox 1414 2372 2518 2475">
    <p class='ocr_par' dir='ltr' id='par_1_27' title="bbox 1414 2372 2518 2475">
     <span class='ocr_line' id='line_1_132' title="bbox 1415 2372 2517 2422; baseline 0.002 -14"><span class='ocrx_word' id='word_1_992' title='bbox 1415 2385 1462 2409; x_wconf 92' lang='lat' dir='ltr'>eo</span> <span class='ocrx_word' id='word_1_993' title='bbox 1478 2373 1499 2394; x_wconf 83' lang='grc'>*</span> <span class='ocrx_word' id='word_1_994' title='bbox 1520 2372 1760 2421; x_wconf 89' lang='lat' dir='ltr'>praedicetur</span> <span class='ocrx_word' id='word_1_995' title='bbox 1785 2372 1880 2409; x_wconf 92' lang='lat' dir='ltr'>sicut</span> <span class='ocrx_word' id='word_1_996' title='bbox 1898 2380 2021 2409; x_wconf 90' lang='lat' dir='ltr'>totum</span> <span class='ocrx_word' id='word_1_997' title='bbox 2050 2372 2265 2410; x_wconf 93' lang='lat' dir='ltr'>universale</span> <span class='ocrx_word' id='word_1_998' title='bbox 2294 2373 2341 2410; x_wconf 91' lang='lat' dir='ltr'>de</span> <span class='ocrx_word' id='word_1_999' title='bbox 2360 2382 2480 2422; x_wconf 90' lang='lat' dir='ltr'>parte,</span> <span class='ocrx_word' id='word_1_1000' title='bbox 2508 2391 2517 2399; x_wconf 90' lang='lat'><strong>·</strong></span> 
     </span>
     <span class='ocr_line' id='line_1_133' title="bbox 1414 2421 2518 2475; baseline 0.001 -13"><span class='ocrx_word' id='word_1_1001' title='bbox 1414 2427 1450 2462; x_wconf 93' lang='lat' dir='ltr'>A</span> <span class='ocrx_word' id='word_1_1002' title='bbox 1476 2437 1571 2462; x_wconf 90' lang='lat' dir='ltr'>vero</span> <span class='ocrx_word' id='word_1_1003' title='bbox 1599 2425 1839 2474; x_wconf 90' lang='lat' dir='ltr'>praedicetur</span> <span class='ocrx_word' id='word_1_1004' title='bbox 1866 2426 1914 2463; x_wconf 93' lang='lat' dir='ltr'>de</span> <span class='ocrx_word' id='word_1_1005' title='bbox 1939 2426 1970 2462; x_wconf 93' lang='lat' dir='ltr'>C</span> <span class='ocrx_word' id='word_1_1006' title='bbox 1989 2425 2114 2475; x_wconf 89' lang='lat' dir='ltr'>primo</span> <span class='ocrx_word' id='word_1_1007' title='bbox 2134 2426 2155 2447; x_wconf 71' lang='grc'><em>*</em></span> <span class='ocrx_word' id='word_1_1008' title='bbox 2183 2434 2220 2463; x_wconf 92' lang='lat' dir='ltr'>et</span> <span class='ocrx_word' id='word_1_1009' title='bbox 2247 2426 2480 2475; x_wconf 89' lang='lat' dir='ltr'>immediate,</span> <span class='ocrx_word' id='word_1_1010' title='bbox 2507 2421 2518 2432; x_wconf 63' lang='lat'>⁸</span> 
     </span>
    </p>
   </div>
   <div class='ocr_carea' id='block_1_24' title="bbox 1405 2561 2481 3615">
    <p class='ocr_par' dir='ltr' id='par_1_28' title="bbox 1413 2561 2481 2630">
     <span class='ocr_line' id='line_1_134' title="bbox 1414 2561 2481 2594; baseline 0 -8"><span class='ocrx_word' id='word_1_1011' title='bbox 1414 2561 1510 2587; x_wconf 87' lang='lat' dir='ltr'>habent</span> <span class='ocrx_word' id='word_1_1012' title='bbox 1533 2561 1684 2592; x_wconf 89' lang='lat' dir='ltr'>lectionem,</span> <span class='ocrx_word' id='word_1_1013' title='bbox 1709 2569 1787 2594; x_wconf 86' lang='lat' dir='ltr'>quam</span> <span class='ocrx_word' id='word_1_1014' title='bbox 1807 2569 1867 2585; x_wconf 88' lang='lat' dir='ltr'>cum</span> <span class='ocrx_word' id='word_1_1015' title='bbox 1888 2561 1908 2585; x_wconf 89' lang='lat' dir='ltr'>P</span> <span class='ocrx_word' id='word_1_1016' title='bbox 1928 2565 1954 2586; x_wconf 90' lang='lat' dir='ltr'>et</span> <span class='ocrx_word' id='word_1_1017' title='bbox 1972 2561 2028 2586; x_wconf 83' lang='lat' dir='ltr'>aliis</span> <span class='ocrx_word' id='word_1_1018' title='bbox 2052 2561 2127 2586; x_wconf 88' lang='lat' dir='ltr'>codd.</span> <span class='ocrx_word' id='word_1_1019' title='bbox 2146 2561 2301 2592; x_wconf 87' lang='lat' dir='ltr'>retinemus;</span> <span class='ocrx_word' id='word_1_1020' title='bbox 2326 2566 2437 2587; x_wconf 81' lang='lat' dir='ltr'>attamen</span> <span class='ocrx_word' id='word_1_1021' title='bbox 2456 2562 2481 2586; x_wconf 88' lang='lat' dir='ltr'>M</span> 
     </span>
     <span class='ocr_line' id='line_1_135' title="bbox 1413 2596 2463 2630; baseline 0 -8"><span class='ocrx_word' id='word_1_1022' title='bbox 1413 2597 1487 2630; x_wconf 80' lang='lat' dir='ltr'>tegit:</span> <span class='ocrx_word' id='word_1_1023' title='bbox 1506 2604 1575 2630; x_wconf 80' lang='lat' dir='ltr'>quae</span> <span class='ocrx_word' id='word_1_1024' title='bbox 1592 2600 1655 2622; x_wconf 81' lang='lat' dir='ltr'>sunt</span> <span class='ocrx_word' id='word_1_1025' title='bbox 1668 2604 1720 2629; x_wconf 83' lang='lat' dir='ltr'>per</span> <span class='ocrx_word' id='word_1_1026' title='bbox 1738 2604 1765 2622; x_wconf 84' lang='lat' dir='ltr'>se</span> <span class='ocrx_word' id='word_1_1027' title='bbox 1778 2596 1918 2628; x_wconf 68' lang='lat' dir='ltr'>prot-edit,-</span> <span class='ocrx_word' id='word_1_1028' title='bbox 1937 2597 1976 2621; x_wconf 93' lang='lat'>0:</span> <span class='ocrx_word' id='word_1_1029' title='bbox 1995 2604 2063 2629; x_wconf 81' lang='lat' dir='ltr'>quae</span> <span class='ocrx_word' id='word_1_1030' title='bbox 2081 2600 2144 2621; x_wconf 82' lang='lat' dir='ltr'>sunt</span> <span class='ocrx_word' id='word_1_1031' title='bbox 2162 2597 2316 2622; x_wconf 84' lang='lat' dir='ltr'>immediata</span> <span class='ocrx_word' id='word_1_1032' title='bbox 2330 2597 2463 2628; x_wconf 83' lang='lat' dir='ltr'>procedit.</span> 
     </span>
    </p>

    <p class='ocr_par' dir='ltr' id='par_1_29' title="bbox 1412 2632 2480 2728">
     <span class='ocr_line' id='line_1_136' title="bbox 1511 2632 2480 2661; baseline 0.001 -4"><span class='ocrx_word' id='word_1_1033' title='bbox 1511 2633 1572 2657; x_wconf 82' lang='lat' dir='ltr'>Alio</span> <span class='ocrx_word' id='word_1_1034' title='bbox 1591 2632 1670 2657; x_wconf 87' lang='lat' dir='ltr'>modo</span> <span class='ocrx_word' id='word_1_1035' title='bbox 1683 2632 1958 2657; x_wconf 79' lang='lat' dir='ltr'>dissimiliter.-Cod.</span> <span class='ocrx_word' id='word_1_1036' title='bbox 1974 2632 2013 2656; x_wconf 86' lang='lat' dir='ltr'>H:</span> <span class='ocrx_word' id='word_1_1037' title='bbox 2038 2632 2092 2657; x_wconf 88' lang='lat' dir='ltr'>alio</span> <span class='ocrx_word' id='word_1_1038' title='bbox 2106 2635 2195 2657; x_wconf 84' lang='lat' dir='ltr'>autem</span> <span class='ocrx_word' id='word_1_1039' title='bbox 2216 2632 2311 2661; x_wconf 86' lang='lat' dir='ltr'>modo‚·</span> <span class='ocrx_word' id='word_1_1040' title='bbox 2329 2633 2366 2657; x_wconf 91' lang='lat' dir='ltr'>G:</span> <span class='ocrx_word' id='word_1_1041' title='bbox 2385 2633 2409 2658; x_wconf 86' lang='lat' dir='ltr'>si</span> <span class='ocrx_word' id='word_1_1042' title='bbox 2427 2633 2480 2658; x_wconf 87' lang='lat' dir='ltr'>dis-</span> 
     </span>
     <span class='ocr_line' id='line_1_137' title="bbox 1412 2667 2480 2700; baseline 0 -8"><span class='ocrx_word' id='word_1_1043' title='bbox 1412 2668 1551 2696; x_wconf 84' lang='lat' dir='ltr'>similiter,·</span> <span class='ocrx_word' id='word_1_1044' title='bbox 1569 2667 1826 2698; x_wconf 80' lang='lat' dir='ltr'>ABCDEHIKQRS:</span> <span class='ocrx_word' id='word_1_1045' title='bbox 1846 2668 1926 2693; x_wconf 87' lang='lat' dir='ltr'>modo</span> <span class='ocrx_word' id='word_1_1046' title='bbox 1945 2667 2074 2697; x_wconf 80' lang='lat' dir='ltr'>dissimili,</span> <span class='ocrx_word' id='word_1_1047' title='bbox 2095 2672 2121 2692; x_wconf 92' lang='lat' dir='ltr'>et</span> <span class='ocrx_word' id='word_1_1048' title='bbox 2138 2668 2164 2692; x_wconf 92' lang='lat' dir='ltr'>in</span> <span class='ocrx_word' id='word_1_1049' title='bbox 2188 2675 2270 2699; x_wconf 87' lang='lat' dir='ltr'>marg.</span> <span class='ocrx_word' id='word_1_1050' title='bbox 2287 2668 2309 2692; x_wconf 98' lang='lat' dir='ltr'>A</span> <span class='ocrx_word' id='word_1_1051' title='bbox 2324 2668 2424 2700; x_wconf 83' lang='lat' dir='ltr'>legitur,</span> <span class='ocrx_word' id='word_1_1052' title='bbox 2440 2669 2480 2693; x_wconf 77' lang='lat' dir='ltr'>vel</span> 
     </span>
     <span class='ocr_line' id='line_1_138' title="bbox 1412 2703 1559 2728; baseline 0 0"><span class='ocrx_word' id='word_1_1053' title='bbox 1412 2703 1559 2728; x_wconf 85' lang='lat' dir='ltr'>contrario.</span> 
     </span>
    </p>

    <p class='ocr_par' dir='ltr' id='par_1_30' title="bbox 1410 2738 2479 3011">
     <span class='ocr_line' id='line_1_139' title="bbox 1465 2738 2479 2771; baseline -0.002 -7"><span class='ocrx_word' id='word_1_1054' title='bbox 1465 2739 1492 2771; x_wconf 85' lang='grc' dir='ltr'>η)</span> <span class='ocrx_word' id='word_1_1055' title='bbox 1513 2739 1563 2764; x_wconf 67' lang='lat' dir='ltr'>Est</span> <span class='ocrx_word' id='word_1_1056' title='bbox 1580 2745 1646 2771; x_wconf 81' lang='lat' dir='ltr'>ergo</span> <span class='ocrx_word' id='word_1_1057' title='bbox 1664 2738 1783 2771; x_wconf 79' lang='lat' dir='ltr'>quaestio</span> <span class='ocrx_word' id='word_1_1058' title='bbox 1802 2742 1850 2763; x_wconf 89' lang='lat' dir='ltr'>etc.</span> <span class='ocrx_word' id='word_1_1059' title='bbox 1864 2751 1884 2758; x_wconf 89' lang='lat'>·-</span> <span class='ocrx_word' id='word_1_1060' title='bbox 1897 2738 2010 2763; x_wconf 88' lang='lat' dir='ltr'>Adverte</span> <span class='ocrx_word' id='word_1_1061' title='bbox 2028 2738 2100 2770; x_wconf 88' lang='lat' dir='ltr'>quod</span> <span class='ocrx_word' id='word_1_1062' title='bbox 2119 2739 2184 2763; x_wconf 89' lang='lat' dir='ltr'>sicut</span> <span class='ocrx_word' id='word_1_1063' title='bbox 2202 2739 2376 2770; x_wconf 84' lang='lat' dir='ltr'>praemissum</span> <span class='ocrx_word' id='word_1_1064' title='bbox 2396 2743 2436 2763; x_wconf 87' lang='lat' dir='ltr'>est</span> <span class='ocrx_word' id='word_1_1065' title='bbox 2454 2739 2479 2763; x_wconf 87' lang='lat' dir='ltr'>in</span> 
     </span>
     <span class='ocr_line' id='line_1_140' title="bbox 1412 2774 2478 2807; baseline 0.001 -9"><span class='ocrx_word' id='word_1_1066' title='bbox 1412 2774 1538 2807; x_wconf 85' lang='lat' dir='ltr'>superiori</span> <span class='ocrx_word' id='word_1_1067' title='bbox 1557 2781 1675 2804; x_wconf 80' lang='lat' dir='ltr'>numero,</span> <span class='ocrx_word' id='word_1_1068' title='bbox 1691 2774 1856 2806; x_wconf 87' lang='lat' dir='ltr'>quaestiones</span> <span class='ocrx_word' id='word_1_1069' title='bbox 1876 2775 1939 2798; x_wconf 84' lang='lat' dir='ltr'>istae</span> <span class='ocrx_word' id='word_1_1070' title='bbox 1953 2779 2091 2798; x_wconf 87' lang='lat' dir='ltr'>moventur</span> <span class='ocrx_word' id='word_1_1071' title='bbox 2107 2774 2201 2798; x_wconf 88' lang='lat' dir='ltr'>directe</span> <span class='ocrx_word' id='word_1_1072' title='bbox 2217 2774 2302 2806; x_wconf 86' lang='lat' dir='ltr'>quoad</span> <span class='ocrx_word' id='word_1_1073' title='bbox 2318 2774 2478 2799; x_wconf 86' lang='lat' dir='ltr'>demonstra-</span> 
     </span>
     <span class='ocr_line' id='line_1_141' title="bbox 1411 2808 2478 2842; baseline -0.001 -8"><span class='ocrx_word' id='word_1_1074' title='bbox 1411 2810 1495 2834; x_wconf 86' lang='lat' dir='ltr'>tiones</span> <span class='ocrx_word' id='word_1_1075' title='bbox 1510 2808 1675 2834; x_wconf 83' lang='lat' dir='ltr'>affirmativas</span> <span class='ocrx_word' id='word_1_1076' title='bbox 1687 2809 1730 2841; x_wconf 88' lang='lat' dir='ltr'>(de</span> <span class='ocrx_word' id='word_1_1077' title='bbox 1743 2809 1937 2842; x_wconf 88' lang='lat' dir='ltr'>quaestionibus</span> <span class='ocrx_word' id='word_1_1078' title='bbox 1952 2809 2021 2833; x_wconf 89' lang='lat' dir='ltr'>enim</span> <span class='ocrx_word' id='word_1_1079' title='bbox 2036 2809 2061 2833; x_wconf 93' lang='lat' dir='ltr'>in</span> <span class='ocrx_word' id='word_1_1080' title='bbox 2076 2809 2199 2841; x_wconf 86' lang='lat' dir='ltr'>negativis</span> <span class='ocrx_word' id='word_1_1081' title='bbox 2214 2809 2296 2841; x_wconf 89' lang='lat' dir='ltr'>agitur</span> <span class='ocrx_word' id='word_1_1082' title='bbox 2310 2809 2375 2834; x_wconf 89' lang='lat' dir='ltr'>infra</span> <span class='ocrx_word' id='word_1_1083' title='bbox 2388 2817 2412 2833; x_wconf 90' lang='lat' dir='ltr'>n.</span> <span class='ocrx_word' id='word_1_1084' title='bbox 2428 2810 2478 2842; x_wconf 82' lang='lat'>12).</span> 
     </span>
     <span class='ocr_line' id='line_1_142' title="bbox 1410 2844 2478 2877; baseline -0.001 -8"><span class='ocrx_word' id='word_1_1085' title='bbox 1410 2845 1439 2869; x_wconf 84' lang='lat' dir='ltr'>In</span> <span class='ocrx_word' id='word_1_1086' title='bbox 1459 2844 1615 2870; x_wconf 85' lang='lat' dir='ltr'>affirmativis</span> <span class='ocrx_word' id='word_1_1087' title='bbox 1635 2850 1731 2875; x_wconf 88' lang='lat' dir='ltr'>autem,</span> <span class='ocrx_word' id='word_1_1088' title='bbox 1746 2845 1847 2877; x_wconf 87' lang='lat' dir='ltr'>quoties</span> <span class='ocrx_word' id='word_1_1089' title='bbox 1861 2845 1944 2877; x_wconf 82' lang='lat' dir='ltr'>agitur</span> <span class='ocrx_word' id='word_1_1090' title='bbox 1957 2845 1989 2868; x_wconf 92' lang='lat' dir='ltr'>de</span> <span class='ocrx_word' id='word_1_1091' title='bbox 2003 2844 2221 2876; x_wconf 89' lang='lat' dir='ltr'>propositionibus</span> <span class='ocrx_word' id='word_1_1092' title='bbox 2235 2844 2352 2868; x_wconf 85' lang='lat' dir='ltr'>mediatis</span> <span class='ocrx_word' id='word_1_1093' title='bbox 2366 2844 2478 2876; x_wconf 87' lang='lat' dir='ltr'>proban-</span> 
     </span>
     <span class='ocr_line' id='line_1_143' title="bbox 1412 2877 2477 2913; baseline -0.002 -8"><span class='ocrx_word' id='word_1_1094' title='bbox 1412 2880 1460 2911; x_wconf 86' lang='lat' dir='ltr'>dis,</span> <span class='ocrx_word' id='word_1_1095' title='bbox 1473 2880 1505 2905; x_wconf 89' lang='lat' dir='ltr'>ad</span> <span class='ocrx_word' id='word_1_1096' title='bbox 1518 2881 1629 2913; x_wconf 85' lang='lat' dir='ltr'>primam</span> <span class='ocrx_word' id='word_1_1097' title='bbox 1642 2879 1752 2913; x_wconf 87' lang='lat' dir='ltr'>figuram</span> <span class='ocrx_word' id='word_1_1098' title='bbox 1766 2880 1950 2904; x_wconf 88' lang='lat' dir='ltr'>recurrendum</span> <span class='ocrx_word' id='word_1_1099' title='bbox 1961 2885 2001 2904; x_wconf 85' lang='lat' dir='ltr'>est</span> <span class='ocrx_word' id='word_1_1100' title='bbox 2011 2878 2061 2913; x_wconf 84' lang='lat' dir='ltr'>(Cf.</span> <span class='ocrx_word' id='word_1_1101' title='bbox 2069 2880 2125 2904; x_wconf 91' lang='lat' dir='ltr'>lect.</span> <span class='ocrx_word' id='word_1_1102' title='bbox 2133 2887 2198 2909; x_wconf 79' lang='lat' dir='ltr'>xxvr,</span> <span class='ocrx_word' id='word_1_1103' title='bbox 2205 2888 2229 2903; x_wconf 95' lang='lat' dir='ltr'>n.</span> <span class='ocrx_word' id='word_1_1104' title='bbox 2236 2887 2262 2910; x_wconf 89' lang='lat'>4,</span> <span class='ocrx_word' id='word_1_1105' title='bbox 2269 2884 2294 2903; x_wconf 92' lang='lat' dir='ltr'>et</span> <span class='ocrx_word' id='word_1_1106' title='bbox 2303 2877 2397 2913; x_wconf 51' lang='lat' dir='ltr'>nont).</span> <span class='ocrx_word' id='word_1_1107' title='bbox 2409 2880 2477 2912; x_wconf 84' lang='lat' dir='ltr'>Ergo</span> 
     </span>
     <span class='ocr_line' id='line_1_144' title="bbox 1411 2913 2477 2948; baseline -0.002 -8"><span class='ocrx_word' id='word_1_1108' title='bbox 1411 2916 1577 2948; x_wconf 85' lang='lat' dir='ltr'>quaestiones</span> <span class='ocrx_word' id='word_1_1109' title='bbox 1597 2916 1661 2940; x_wconf 85' lang='lat' dir='ltr'>istae</span> <span class='ocrx_word' id='word_1_1110' title='bbox 1680 2920 1817 2940; x_wconf 88' lang='lat' dir='ltr'>moventur</span> <span class='ocrx_word' id='word_1_1111' title='bbox 1841 2923 1930 2940; x_wconf 82' lang='lat' dir='ltr'>revera</span> <span class='ocrx_word' id='word_1_1112' title='bbox 1949 2915 2034 2947; x_wconf 89' lang='lat' dir='ltr'>quoad</span> <span class='ocrx_word' id='word_1_1113' title='bbox 2053 2915 2286 2939; x_wconf 86' lang='lat' dir='ltr'>demonstrationes</span> <span class='ocrx_word' id='word_1_1114' title='bbox 2312 2913 2477 2939; x_wconf 83' lang='lat' dir='ltr'>affirmativas</span> 
     </span>
     <span class='ocr_line' id='line_1_145' title="bbox 1411 2949 2478 2984; baseline -0.001 -9"><span class='ocrx_word' id='word_1_1115' title='bbox 1411 2951 1437 2975; x_wconf 90' lang='lat' dir='ltr'>in</span> <span class='ocrx_word' id='word_1_1116' title='bbox 1457 2952 1540 2984; x_wconf 85' lang='lat' dir='ltr'>prima</span> <span class='ocrx_word' id='word_1_1117' title='bbox 1558 2950 1648 2983; x_wconf 86' lang='lat' dir='ltr'>figura.</span> <span class='ocrx_word' id='word_1_1118' title='bbox 1667 2951 1738 2975; x_wconf 84' lang='lat' dir='ltr'>Haec</span> <span class='ocrx_word' id='word_1_1119' title='bbox 1757 2956 1853 2981; x_wconf 85' lang='lat' dir='ltr'>autem,</span> <span class='ocrx_word' id='word_1_1120' title='bbox 1867 2955 1896 2975; x_wconf 87' lang='lat' dir='ltr'>ut</span> <span class='ocrx_word' id='word_1_1121' title='bbox 1910 2958 1961 2974; x_wconf 88' lang='lat' dir='ltr'>non</span> <span class='ocrx_word' id='word_1_1122' title='bbox 1971 2950 2053 2974; x_wconf 89' lang='lat' dir='ltr'>semel</span> <span class='ocrx_word' id='word_1_1123' title='bbox 2068 2950 2164 2974; x_wconf 88' lang='lat' dir='ltr'>dictum</span> <span class='ocrx_word' id='word_1_1124' title='bbox 2178 2955 2225 2980; x_wconf 89' lang='lat' dir='ltr'>est,</span> <span class='ocrx_word' id='word_1_1125' title='bbox 2238 2950 2386 2974; x_wconf 85' lang='lat' dir='ltr'>invariatam</span> <span class='ocrx_word' id='word_1_1126' title='bbox 2400 2949 2478 2974; x_wconf 88' lang='lat' dir='ltr'>habet</span> 
     </span>
     <span class='ocr_line' id='line_1_146' title="bbox 1411 2986 1618 3011; baseline 0 0"><span class='ocrx_word' id='word_1_1127' title='bbox 1411 2986 1476 3011; x_wconf 89' lang='lat' dir='ltr'>hanc</span> <span class='ocrx_word' id='word_1_1128' title='bbox 1495 2986 1618 3011; x_wconf 86' lang='lat' dir='ltr'>formam:</span> 
     </span>
    </p>

    <p class='ocr_par' dir='ltr' id='par_1_31' title="bbox 1837 3021 1974 3116">
     <span class='ocr_line' id='line_1_147' title="bbox 1837 3021 1974 3051; baseline 0 -6"><span class='ocrx_word' id='word_1_1129' title='bbox 1837 3021 1860 3045; x_wconf 96' lang='lat' dir='ltr'>A</span> <span class='ocrx_word' id='word_1_1130' title='bbox 1880 3025 1919 3045; x_wconf 91' lang='lat' dir='ltr'>est</span> <span class='ocrx_word' id='word_1_1131' title='bbox 1937 3021 1974 3051; x_wconf 86' lang='lat' dir='ltr'>B;</span> 
     </span>
     <span class='ocr_line' id='line_1_148' title="bbox 1838 3056 1973 3087; baseline 0 -7"><span class='ocrx_word' id='word_1_1132' title='bbox 1838 3056 1859 3080; x_wconf 95' lang='lat' dir='ltr'>C</span> <span class='ocrx_word' id='word_1_1133' title='bbox 1878 3061 1918 3080; x_wconf 88' lang='lat' dir='ltr'>est</span> <span class='ocrx_word' id='word_1_1134' title='bbox 1936 3057 1973 3087; x_wconf 85' lang='lat' dir='ltr'>A;</span> 
     </span>
     <span class='ocr_line' id='line_1_149' title="bbox 1838 3091 1965 3116; baseline -0.008 0"><span class='ocrx_word' id='word_1_1135' title='bbox 1838 3091 1859 3116; x_wconf 94' lang='lat' dir='ltr'>C</span> <span class='ocrx_word' id='word_1_1136' title='bbox 1878 3096 1918 3115; x_wconf 89' lang='lat' dir='ltr'>est</span> <span class='ocrx_word' id='word_1_1137' title='bbox 1936 3092 1965 3116; x_wconf 85' lang='lat' dir='ltr'>B.</span> 
     </span>
    </p>

    <p class='ocr_par' dir='ltr' id='par_1_32' title="bbox 1405 3125 2476 3615">
     <span class='ocr_line' id='line_1_150' title="bbox 1463 3125 2474 3159; baseline -0.001 -8"><span class='ocrx_word' id='word_1_1138' title='bbox 1463 3127 1544 3152; x_wconf 86' lang='lat' dir='ltr'>Porro</span> <span class='ocrx_word' id='word_1_1139' title='bbox 1564 3127 1585 3151; x_wconf 92' lang='lat' dir='ltr'>si</span> <span class='ocrx_word' id='word_1_1140' title='bbox 1604 3125 1626 3151; x_wconf 92' lang='lat' dir='ltr'><strong>B</strong></span> <span class='ocrx_word' id='word_1_1141' title='bbox 1646 3131 1808 3159; x_wconf 85' lang='lat' dir='ltr'>supponatur</span> <span class='ocrx_word' id='word_1_1142' title='bbox 1827 3127 1898 3159; x_wconf 89' lang='lat' dir='ltr'>quod</span> <span class='ocrx_word' id='word_1_1143' title='bbox 1917 3126 1949 3151; x_wconf 85' lang='lat' dir='ltr'>ita</span> <span class='ocrx_word' id='word_1_1144' title='bbox 1974 3126 2008 3150; x_wconf 89' lang='lat' dir='ltr'>sit</span> <span class='ocrx_word' id='word_1_1145' title='bbox 2026 3126 2199 3158; x_wconf 85' lang='lat' dir='ltr'>praedicatum</span> <span class='ocrx_word' id='word_1_1146' title='bbox 2219 3126 2251 3150; x_wconf 93' lang='lat' dir='ltr'>de</span> <span class='ocrx_word' id='word_1_1147' title='bbox 2270 3126 2292 3150; x_wconf 92' lang='lat' dir='ltr'>A</span> <span class='ocrx_word' id='word_1_1148' title='bbox 2311 3126 2337 3150; x_wconf 91' lang='lat' dir='ltr'>in</span> <span class='ocrx_word' id='word_1_1149' title='bbox 2356 3125 2405 3150; x_wconf 89' lang='lat' dir='ltr'>hoc</span> <span class='ocrx_word' id='word_1_1150' title='bbox 2420 3126 2474 3158; x_wconf 88' lang='lat' dir='ltr'>syl—</span> 
     </span>
     <span class='ocr_line' id='line_1_151' title="bbox 1410 3161 2475 3194; baseline -0.001 -8"><span class='ocrx_word' id='word_1_1151' title='bbox 1410 3163 1530 3194; x_wconf 89' lang='lat' dir='ltr'>logismo,</span> <span class='ocrx_word' id='word_1_1152' title='bbox 1544 3167 1573 3186; x_wconf 92' lang='lat' dir='ltr'>ut</span> <span class='ocrx_word' id='word_1_1153' title='bbox 1585 3163 1610 3186; x_wconf 92' lang='lat' dir='ltr'>in</span> <span class='ocrx_word' id='word_1_1154' title='bbox 1624 3162 1674 3186; x_wconf 85' lang='lat' dir='ltr'>alio</span> <span class='ocrx_word' id='word_1_1155' title='bbox 1688 3163 1772 3194; x_wconf 86' lang='lat' dir='ltr'>possit</span> <span class='ocrx_word' id='word_1_1156' title='bbox 1782 3170 1840 3186; x_wconf 91' lang='lat' dir='ltr'>esse</span> <span class='ocrx_word' id='word_1_1157' title='bbox 1851 3162 1994 3186; x_wconf 88' lang='lat' dir='ltr'>subiectum</span> <span class='ocrx_word' id='word_1_1158' title='bbox 2009 3161 2200 3186; x_wconf 88' lang='lat' dir='ltr'>universalioris</span> <span class='ocrx_word' id='word_1_1159' title='bbox 2215 3161 2358 3193; x_wconf 82' lang='lat' dir='ltr'>praedicati,</span> <span class='ocrx_word' id='word_1_1160' title='bbox 2374 3166 2435 3193; x_wconf 88' lang='lat' dir='ltr'>puta</span> <span class='ocrx_word' id='word_1_1161' title='bbox 2444 3161 2475 3191; x_wconf 81' lang='lat' dir='ltr'>E,</span> 
     </span>
     <span class='ocr_line' id='line_1_152' title="bbox 1409 3196 2474 3229; baseline -0.001 -8"><span class='ocrx_word' id='word_1_1162' title='bbox 1409 3197 1446 3229; x_wconf 91' lang='lat' dir='ltr'>(et</span> <span class='ocrx_word' id='word_1_1163' title='bbox 1464 3198 1533 3222; x_wconf 90' lang='lat' dir='ltr'>idem</span> <span class='ocrx_word' id='word_1_1164' title='bbox 1552 3197 1650 3221; x_wconf 88' lang='lat' dir='ltr'>dicatur</span> <span class='ocrx_word' id='word_1_1165' title='bbox 1669 3197 1702 3221; x_wconf 90' lang='lat' dir='ltr'>de</span> <span class='ocrx_word' id='word_1_1166' title='bbox 1719 3198 1742 3221; x_wconf 96' lang='lat' dir='ltr'>A</span> <span class='ocrx_word' id='word_1_1167' title='bbox 1757 3202 1876 3229; x_wconf 89' lang='lat' dir='ltr'>respectu</span> <span class='ocrx_word' id='word_1_1168' title='bbox 1889 3197 1924 3229; x_wconf 94' lang='lat' dir='ltr'>C)</span> <span class='ocrx_word' id='word_1_1169' title='bbox 1939 3196 1993 3221; x_wconf 86' lang='lat' dir='ltr'>fieri</span> <span class='ocrx_word' id='word_1_1170' title='bbox 2008 3197 2100 3221; x_wconf 87' lang='lat' dir='ltr'>iterum</span> <span class='ocrx_word' id='word_1_1171' title='bbox 2118 3202 2207 3228; x_wconf 86' lang='lat' dir='ltr'>posset</span> <span class='ocrx_word' id='word_1_1172' title='bbox 2221 3196 2268 3220; x_wconf 89' lang='lat' dir='ltr'>iste</span> <span class='ocrx_word' id='word_1_1173' title='bbox 2290 3197 2474 3228; x_wconf 84' lang='lat' dir='ltr'>syllogismus:</span> 
     </span>
     <span class='ocr_line' id='line_1_153' title="bbox 1408 3232 2475 3263; baseline -0.001 -7"><span class='ocrx_word' id='word_1_1174' title='bbox 1408 3233 1429 3256; x_wconf 89' lang='lat' dir='ltr'>B</span> <span class='ocrx_word' id='word_1_1175' title='bbox 1440 3237 1480 3256; x_wconf 86' lang='lat' dir='ltr'>est</span> <span class='ocrx_word' id='word_1_1176' title='bbox 1493 3233 1528 3262; x_wconf 84' lang='lat' dir='ltr'>E;</span> <span class='ocrx_word' id='word_1_1177' title='bbox 1549 3232 1569 3256; x_wconf 94' lang='lat' dir='ltr'>C</span> <span class='ocrx_word' id='word_1_1178' title='bbox 1584 3233 1666 3261; x_wconf 88' lang='lat' dir='ltr'>estB;</span> <span class='ocrx_word' id='word_1_1179' title='bbox 1687 3232 1707 3256; x_wconf 94' lang='lat' dir='ltr'>C</span> <span class='ocrx_word' id='word_1_1180' title='bbox 1722 3237 1762 3256; x_wconf 91' lang='lat' dir='ltr'>est</span> <span class='ocrx_word' id='word_1_1181' title='bbox 1776 3232 1805 3256; x_wconf 82' lang='lat' dir='ltr'>E.</span> <span class='ocrx_word' id='word_1_1182' title='bbox 1825 3232 1902 3262; x_wconf 91' lang='lat' dir='ltr'>Quod</span> <span class='ocrx_word' id='word_1_1183' title='bbox 1921 3232 1942 3256; x_wconf 91' lang='lat' dir='ltr'>si</span> <span class='ocrx_word' id='word_1_1184' title='bbox 1957 3232 2049 3256; x_wconf 91' lang='lat' dir='ltr'>iterum</span> <span class='ocrx_word' id='word_1_1185' title='bbox 2069 3232 2090 3256; x_wconf 85' lang='lat' dir='ltr'>E</span> <span class='ocrx_word' id='word_1_1186' title='bbox 2104 3240 2156 3256; x_wconf 88' lang='lat' dir='ltr'>non</span> <span class='ocrx_word' id='word_1_1187' title='bbox 2170 3232 2203 3255; x_wconf 91' lang='lat' dir='ltr'>sit</span> <span class='ocrx_word' id='word_1_1188' title='bbox 2215 3232 2382 3255; x_wconf 90' lang='lat' dir='ltr'>solummodo</span> <span class='ocrx_word' id='word_1_1189' title='bbox 2401 3239 2475 3263; x_wconf 86' lang='lat' dir='ltr'>prae-</span> 
     </span>
     <span class='ocr_line' id='line_1_154' title="bbox 1408 3266 2476 3299; baseline -0.001 -8"><span class='ocrx_word' id='word_1_1190' title='bbox 1408 3268 1529 3297; x_wconf 81' lang='lat' dir='ltr'>dicatum,</span> <span class='ocrx_word' id='word_1_1191' title='bbox 1544 3267 1590 3291; x_wconf 88' lang='lat' dir='ltr'>sed</span> <span class='ocrx_word' id='word_1_1192' title='bbox 1603 3267 1700 3291; x_wconf 86' lang='lat' dir='ltr'>assumi</span> <span class='ocrx_word' id='word_1_1193' title='bbox 1715 3267 1797 3299; x_wconf 90' lang='lat' dir='ltr'>possit</span> <span class='ocrx_word' id='word_1_1194' title='bbox 1810 3272 1839 3291; x_wconf 88' lang='lat' dir='ltr'>ut</span> <span class='ocrx_word' id='word_1_1195' title='bbox 1852 3267 1996 3291; x_wconf 88' lang='lat' dir='ltr'>subiectum</span> <span class='ocrx_word' id='word_1_1196' title='bbox 2011 3267 2116 3291; x_wconf 85' lang='lat' dir='ltr'>alicuius</span> <span class='ocrx_word' id='word_1_1197' title='bbox 2132 3267 2313 3299; x_wconf 85' lang='lat' dir='ltr'>propositionis</span> <span class='ocrx_word' id='word_1_1198' title='bbox 2322 3285 2328 3297; x_wconf 94' lang='lat'>,</span> <span class='ocrx_word' id='word_1_1199' title='bbox 2341 3266 2476 3291; x_wconf 81' lang='lat' dir='ltr'>habebitur</span> 
     </span>
     <span class='ocr_line' id='line_1_155' title="bbox 1407 3302 2473 3334; baseline 0 -8"><span class='ocrx_word' id='word_1_1200' title='bbox 1407 3303 1429 3326; x_wconf 88' lang='lat' dir='ltr'>E</span> <span class='ocrx_word' id='word_1_1201' title='bbox 1444 3307 1484 3327; x_wconf 90' lang='lat' dir='ltr'>est</span> <span class='ocrx_word' id='word_1_1202' title='bbox 1495 3302 1516 3326; x_wconf 88' lang='lat' dir='ltr'>F</span> <span class='ocrx_word' id='word_1_1203' title='bbox 1531 3307 1578 3326; x_wconf 87' lang='lat' dir='ltr'>etc.</span> <span class='ocrx_word' id='word_1_1204' title='bbox 1598 3302 1667 3334; x_wconf 86' lang='lat' dir='ltr'>Ergo</span> <span class='ocrx_word' id='word_1_1205' title='bbox 1686 3307 1730 3326; x_wconf 92' lang='lat' dir='ltr'>aut</span> <span class='ocrx_word' id='word_1_1206' title='bbox 1748 3309 1856 3326; x_wconf 90' lang='lat' dir='ltr'>necesse</span> <span class='ocrx_word' id='word_1_1207' title='bbox 1875 3307 1915 3326; x_wconf 88' lang='lat' dir='ltr'>est</span> <span class='ocrx_word' id='word_1_1208' title='bbox 1929 3302 1981 3326; x_wconf 92' lang='lat' dir='ltr'>dari</span> <span class='ocrx_word' id='word_1_1209' title='bbox 1995 3303 2107 3334; x_wconf 88' lang='lat' dir='ltr'>aliquem</span> <span class='ocrx_word' id='word_1_1210' title='bbox 2120 3302 2258 3326; x_wconf 84' lang='lat' dir='ltr'>terminum</span> <span class='ocrx_word' id='word_1_1211' title='bbox 2273 3302 2298 3325; x_wconf 92' lang='lat' dir='ltr'>in</span> <span class='ocrx_word' id='word_1_1212' title='bbox 2312 3302 2473 3334; x_wconf 86' lang='lat' dir='ltr'>syllogismo,</span> 
     </span>
     <span class='ocr_line' id='line_1_156' title="bbox 1407 3336 2475 3370; baseline 0.001 -9"><span class='ocrx_word' id='word_1_1213' title='bbox 1407 3342 1468 3370; x_wconf 88' lang='lat' dir='ltr'>puta</span> <span class='ocrx_word' id='word_1_1214' title='bbox 1482 3337 1511 3368; x_wconf 83' lang='lat' dir='ltr'>F,</span> <span class='ocrx_word' id='word_1_1215' title='bbox 1525 3341 1569 3361; x_wconf 90' lang='lat' dir='ltr'>aut</span> <span class='ocrx_word' id='word_1_1216' title='bbox 1582 3344 1628 3369; x_wconf 87' lang='lat' dir='ltr'>per</span> <span class='ocrx_word' id='word_1_1217' title='bbox 1641 3337 1662 3361; x_wconf 80' lang='lat' dir='ltr'>F</span> <span class='ocrx_word' id='word_1_1218' title='bbox 1676 3342 1716 3361; x_wconf 89' lang='lat' dir='ltr'>est</span> <span class='ocrx_word' id='word_1_1219' title='bbox 1728 3337 1759 3362; x_wconf 85' lang='lat' dir='ltr'>G.</span> <span class='ocrx_word' id='word_1_1220' title='bbox 1775 3337 1799 3361; x_wconf 91' lang='lat' dir='ltr'>G</span> <span class='ocrx_word' id='word_1_1221' title='bbox 1812 3342 1852 3361; x_wconf 90' lang='lat' dir='ltr'>est</span> <span class='ocrx_word' id='word_1_1222' title='bbox 1870 3338 1902 3367; x_wconf 86' lang='lat' dir='ltr'>H,</span> <span class='ocrx_word' id='word_1_1223' title='bbox 1917 3342 1973 3368; x_wconf 85' lang='lat' dir='ltr'>etc.,</span> <span class='ocrx_word' id='word_1_1224' title='bbox 1993 3342 2033 3361; x_wconf 88' lang='lat' dir='ltr'>est</span> <span class='ocrx_word' id='word_1_1225' title='bbox 2046 3337 2116 3361; x_wconf 86' lang='lat' dir='ltr'>abire</span> <span class='ocrx_word' id='word_1_1226' title='bbox 2129 3337 2154 3361; x_wconf 92' lang='lat' dir='ltr'>in</span> <span class='ocrx_word' id='word_1_1227' title='bbox 2170 3336 2296 3361; x_wconf 88' lang='lat' dir='ltr'>infinitum</span> <span class='ocrx_word' id='word_1_1228' title='bbox 2314 3337 2346 3361; x_wconf 87' lang='lat' dir='ltr'>X.</span> <span class='ocrx_word' id='word_1_1229' title='bbox 2366 3337 2398 3361; x_wconf 81' lang='lat' dir='ltr'>Et</span> <span class='ocrx_word' id='word_1_1230' title='bbox 2411 3337 2475 3362; x_wconf 84' lang='lat' dir='ltr'>haec</span> 
     </span>
     <span class='ocr_line' id='line_1_157' title="bbox 1407 3372 2474 3404; baseline -0.001 -7"><span class='ocrx_word' id='word_1_1231' title='bbox 1407 3377 1447 3397; x_wconf 88' lang='lat' dir='ltr'>est</span> <span class='ocrx_word' id='word_1_1232' title='bbox 1460 3373 1543 3404; x_wconf 89' lang='lat' dir='ltr'>prima</span> <span class='ocrx_word' id='word_1_1233' title='bbox 1561 3372 1686 3404; x_wconf 79' lang='lat' dir='ltr'>quaestio.</span> <span class='ocrx_word' id='word_1_1234' title='bbox 1695 3385 1714 3391; x_wconf 89' lang='lat'>—</span> <span class='ocrx_word' id='word_1_1235' title='bbox 1723 3372 1820 3396; x_wconf 83' lang='lat' dir='ltr'>Dicitur</span> <span class='ocrx_word' id='word_1_1236' title='bbox 1833 3377 1919 3396; x_wconf 86' lang='lat' dir='ltr'>autem</span> <span class='ocrx_word' id='word_1_1237' title='bbox 1939 3373 1986 3396; x_wconf 89' lang='lat' dir='ltr'>iste</span> <span class='ocrx_word' id='word_1_1238' title='bbox 2000 3379 2138 3404; x_wconf 86' lang='lat' dir='ltr'>processus</span> <span class='ocrx_word' id='word_1_1239' title='bbox 2153 3379 2283 3401; x_wconf 81' lang='lat' dir='ltr'>ascensus,</span> <span class='ocrx_word' id='word_1_1240' title='bbox 2300 3372 2360 3404; x_wconf 88' lang='lat' dir='ltr'>quia</span> <span class='ocrx_word' id='word_1_1241' title='bbox 2373 3380 2433 3397; x_wconf 90' lang='lat' dir='ltr'>cum</span> <span class='ocrx_word' id='word_1_1242' title='bbox 2447 3373 2474 3396; x_wconf 89' lang='lat' dir='ltr'>in</span> 
     </span>
     <span class='ocr_line' id='line_1_158' title="bbox 1407 3406 2473 3440; baseline 0 -9"><span class='ocrx_word' id='word_1_1243' title='bbox 1407 3407 1564 3432; x_wconf 79' lang='lat' dir='ltr'>affirmativis</span> <span class='ocrx_word' id='word_1_1244' title='bbox 1588 3407 1762 3439; x_wconf 85' lang='lat' dir='ltr'>praedicatum</span> <span class='ocrx_word' id='word_1_1245' title='bbox 1781 3414 1812 3431; x_wconf 86' lang='lat' dir='ltr'>ex</span> <span class='ocrx_word' id='word_1_1246' title='bbox 1829 3407 1854 3431; x_wconf 88' lang='lat' dir='ltr'>vi</span> <span class='ocrx_word' id='word_1_1247' title='bbox 1877 3406 2059 3439; x_wconf 89' lang='lat' dir='ltr'>propositionis</span> <span class='ocrx_word' id='word_1_1248' title='bbox 2079 3408 2112 3431; x_wconf 90' lang='lat' dir='ltr'>sit</span> <span class='ocrx_word' id='word_1_1249' title='bbox 2130 3415 2219 3439; x_wconf 88' lang='lat' dir='ltr'>supra,</span> <span class='ocrx_word' id='word_1_1250' title='bbox 2244 3415 2291 3432; x_wconf 91' lang='lat' dir='ltr'>seu</span> <span class='ocrx_word' id='word_1_1251' title='bbox 2314 3408 2397 3440; x_wconf 80' lang='lat' dir='ltr'>magis</span> <span class='ocrx_word' id='word_1_1252' title='bbox 2415 3408 2473 3432; x_wconf 88' lang='lat' dir='ltr'>uni-</span> 
     </span>
     <span class='ocr_line' id='line_1_159' title="bbox 1405 3442 2472 3475; baseline 0 -9"><span class='ocrx_word' id='word_1_1253' title='bbox 1405 3443 1515 3473; x_wconf 85' lang='lat' dir='ltr'>versale,</span> <span class='ocrx_word' id='word_1_1254' title='bbox 1530 3450 1609 3475; x_wconf 82' lang='lat' dir='ltr'>quam</span> <span class='ocrx_word' id='word_1_1255' title='bbox 1625 3442 1782 3472; x_wconf 79' lang='lat' dir='ltr'>subiectum,</span> <span class='ocrx_word' id='word_1_1256' title='bbox 1792 3442 1896 3474; x_wconf 88' lang='lat' dir='ltr'>quando</span> <span class='ocrx_word' id='word_1_1257' title='bbox 1906 3442 2038 3474; x_wconf 89' lang='lat' dir='ltr'>quaeritur</span> <span class='ocrx_word' id='word_1_1258' title='bbox 2047 3442 2220 3474; x_wconf 84' lang='lat' dir='ltr'>praedicatum</span> <span class='ocrx_word' id='word_1_1259' title='bbox 2236 3443 2268 3467; x_wconf 88' lang='lat' dir='ltr'>de</span> <span class='ocrx_word' id='word_1_1260' title='bbox 2283 3442 2372 3467; x_wconf 87' lang='lat' dir='ltr'>maiori</span> <span class='ocrx_word' id='word_1_1261' title='bbox 2391 3445 2472 3467; x_wconf 79' lang='lat' dir='ltr'>extre-</span> 
     </span>
     <span class='ocr_line' id='line_1_160' title="bbox 1406 3477 2473 3510; baseline 0.001 -9"><span class='ocrx_word' id='word_1_1262' title='bbox 1406 3478 1502 3508; x_wconf 84' lang='lat' dir='ltr'>mitate,</span> <span class='ocrx_word' id='word_1_1263' title='bbox 1522 3485 1589 3510; x_wconf 88' lang='lat' dir='ltr'>quae</span> <span class='ocrx_word' id='word_1_1264' title='bbox 1607 3485 1637 3502; x_wconf 87' lang='lat' dir='ltr'>ex</span> <span class='ocrx_word' id='word_1_1265' title='bbox 1655 3477 1792 3510; x_wconf 85' lang='lat' dir='ltr'>hypothesi</span> <span class='ocrx_word' id='word_1_1266' title='bbox 1811 3477 1876 3502; x_wconf 89' lang='lat' dir='ltr'>facta</span> <span class='ocrx_word' id='word_1_1267' title='bbox 1895 3482 1935 3501; x_wconf 90' lang='lat' dir='ltr'>est</span> <span class='ocrx_word' id='word_1_1268' title='bbox 1953 3477 2113 3507; x_wconf 84' lang='lat' dir='ltr'>subiectum,</span> <span class='ocrx_word' id='word_1_1269' title='bbox 2133 3485 2222 3502; x_wconf 77' lang='lat' dir='ltr'>revera</span> <span class='ocrx_word' id='word_1_1270' title='bbox 2241 3478 2372 3510; x_wconf 85' lang='lat' dir='ltr'>quaeritur</span> <span class='ocrx_word' id='word_1_1271' title='bbox 2390 3478 2473 3502; x_wconf 86' lang='lat' dir='ltr'>inces-</span> 
     </span>
     <span class='ocr_line' id='line_1_161' title="bbox 1407 3511 2472 3547; baseline 0.001 -10"><span class='ocrx_word' id='word_1_1272' title='bbox 1407 3518 1494 3537; x_wconf 88' lang='lat' dir='ltr'>santer</span> <span class='ocrx_word' id='word_1_1273' title='bbox 1507 3512 1604 3545; x_wconf 83' lang='lat' dir='ltr'>aliquid</span> <span class='ocrx_word' id='word_1_1274' title='bbox 1618 3520 1722 3544; x_wconf 89' lang='lat' dir='ltr'>semper</span> <span class='ocrx_word' id='word_1_1275' title='bbox 1736 3513 1818 3544; x_wconf 83' lang='lat' dir='ltr'>magis</span> <span class='ocrx_word' id='word_1_1276' title='bbox 1833 3512 1985 3542; x_wconf 82' lang='lat' dir='ltr'>universale,</span> <span class='ocrx_word' id='word_1_1277' title='bbox 2002 3520 2080 3545; x_wconf 80' lang='lat' dir='ltr'>quam</span> <span class='ocrx_word' id='word_1_1278' title='bbox 2095 3513 2151 3545; x_wconf 88' lang='lat' dir='ltr'>ipsa</span> <span class='ocrx_word' id='word_1_1279' title='bbox 2165 3513 2247 3537; x_wconf 87' lang='lat' dir='ltr'>maior</span> <span class='ocrx_word' id='word_1_1280' title='bbox 2261 3514 2407 3538; x_wconf 86' lang='lat' dir='ltr'>extremitas</span> <span class='ocrx_word' id='word_1_1281' title='bbox 2420 3511 2472 3547; x_wconf 84' lang='lat' dir='ltr'>(Cf.</span> 
     </span>
     <span class='ocr_line' id='line_1_162' title="bbox 1406 3547 2472 3580; baseline 0.001 -8"><span class='ocrx_word' id='word_1_1282' title='bbox 1406 3548 1464 3573; x_wconf 91' lang='lat' dir='ltr'>lect.</span> <span class='ocrx_word' id='word_1_1283' title='bbox 1478 3555 1534 3580; x_wconf 84' lang='lat' dir='ltr'>seq.</span> <span class='ocrx_word' id='word_1_1284' title='bbox 1549 3556 1574 3572; x_wconf 95' lang='lat' dir='ltr'>n.</span> <span class='ocrx_word' id='word_1_1285' title='bbox 1591 3548 1625 3580; x_wconf 78' lang='lat'>2).</span> <span class='ocrx_word' id='word_1_1286' title='bbox 1646 3548 1818 3572; x_wconf 84' lang='lat' dir='ltr'>Praemittitur</span> <span class='ocrx_word' id='word_1_1287' title='bbox 1836 3548 1947 3580; x_wconf 89' lang='lat' dir='ltr'>supponi</span> <span class='ocrx_word' id='word_1_1288' title='bbox 1966 3547 1991 3571; x_wconf 88' lang='lat' dir='ltr'>in</span> <span class='ocrx_word' id='word_1_1289' title='bbox 2011 3547 2058 3572; x_wconf 90' lang='lat' dir='ltr'>hac</span> <span class='ocrx_word' id='word_1_1290' title='bbox 2076 3549 2229 3580; x_wconf 84' lang='lat' dir='ltr'>quaestione</span> <span class='ocrx_word' id='word_1_1291' title='bbox 2246 3548 2367 3572; x_wconf 88' lang='lat' dir='ltr'>ultimum</span> <span class='ocrx_word' id='word_1_1292' title='bbox 2386 3549 2472 3573; x_wconf 87' lang='lat' dir='ltr'>subie-</span> 
     </span>
     <span class='ocr_line' id='line_1_163' title="bbox 1406 3583 2472 3615; baseline 0.001 -8"><span class='ocrx_word' id='word_1_1293' title='bbox 1406 3588 1484 3614; x_wconf 89' lang='lat' dir='ltr'>ctum,</span> <span class='ocrx_word' id='word_1_1294' title='bbox 1499 3583 1569 3615; x_wconf 89' lang='lat' dir='ltr'>quod</span> <span class='ocrx_word' id='word_1_1295' title='bbox 1583 3583 1617 3607; x_wconf 85' lang='lat' dir='ltr'>ita</span> <span class='ocrx_word' id='word_1_1296' title='bbox 1636 3587 1676 3607; x_wconf 88' lang='lat' dir='ltr'>est</span> <span class='ocrx_word' id='word_1_1297' title='bbox 1694 3583 1845 3614; x_wconf 89' lang='lat' dir='ltr'>subiectum,</span> <span class='ocrx_word' id='word_1_1298' title='bbox 1859 3587 1888 3607; x_wconf 92' lang='lat' dir='ltr'>ut</span> <span class='ocrx_word' id='word_1_1299' title='bbox 1906 3591 1958 3607; x_wconf 92' lang='lat' dir='ltr'>non</span> <span class='ocrx_word' id='word_1_1300' title='bbox 1977 3583 2011 3607; x_wconf 87' lang='lat' dir='ltr'>sit</span> <span class='ocrx_word' id='word_1_1301' title='bbox 2024 3583 2211 3615; x_wconf 84' lang='lat' dir='ltr'>praedicatum:</span> <span class='ocrx_word' id='word_1_1302' title='bbox 2231 3591 2292 3608; x_wconf 81' lang='lat' dir='ltr'>nam</span> <span class='ocrx_word' id='word_1_1303' title='bbox 2310 3584 2342 3608; x_wconf 88' lang='lat' dir='ltr'>de</span> <span class='ocrx_word' id='word_1_1304' title='bbox 2356 3583 2413 3614; x_wconf 90' lang='lat' dir='ltr'>hoc,</span> <span class='ocrx_word' id='word_1_1305' title='bbox 2425 3591 2472 3608; x_wconf 89' lang='lat' dir='ltr'>seu</span> 
     </span>
    </p>
   </div>
   <div class='ocr_carea' id='block_1_25' title="bbox 282 3618 2133 3657">
    <p class='ocr_par' dir='ltr' id='par_1_33' title="bbox 282 3618 2133 3657">
     <span class='ocr_line' id='line_1_164' title="bbox 282 3618 2133 3657; baseline -0.003 -7"><span class='ocrx_word' id='word_1_1306' title='bbox 282 3630 322 3649; x_wconf 82' lang='lat' dir='ltr'>ex</span> <span class='ocrx_word' id='word_1_1307' title='bbox 334 3624 383 3654; x_wconf 84' lang='lat' dir='ltr'>his,</span> <span class='ocrx_word' id='word_1_1308' title='bbox 398 3631 466 3657; x_wconf 79' lang='lat' dir='ltr'>quae</span> <span class='ocrx_word' id='word_1_1309' title='bbox 474 3627 537 3649; x_wconf 83' lang='lat' dir='ltr'>sunt</span> <span class='ocrx_word' id='word_1_1310' title='bbox 545 3623 689 3649; x_wconf 84' lang='lat' dir='ltr'>secundum</span> <span class='ocrx_word' id='word_1_1311' title='bbox 704 3622 852 3652; x_wconf 82' lang='lat' dir='ltr'>veritatem,</span> <span class='ocrx_word' id='word_1_1312' title='bbox 862 3621 988 3654; x_wconf 78' lang='lat' dir='ltr'>procedit</span> <span class='ocrx_word' id='word_1_1313' title='bbox 1002 3620 1051 3654; x_wconf 86' lang='lat' dir='ltr'>(Cf.</span> <span class='ocrx_word' id='word_1_1314' title='bbox 1061 3619 1291 3653; x_wconf 86' lang='lat' dir='ltr'>textum).-Codd.</span> <span class='ocrx_word' id='word_1_1315' title='bbox 1299 3619 1351 3644; x_wconf 92' lang='grc' dir='ltr'>ΜΟ</span> <span class='ocrx_word' id='word_1_1316' title='bbox 1376 3621 1380 3648; x_wconf 90' lang='grc'>1</span> <span class='ocrx_word' id='word_1_1317' title='bbox 1407 3619 1438 3643; x_wconf 91' lang='lat' dir='ltr'>de</span> <span class='ocrx_word' id='word_1_1318' title='bbox 1457 3618 1549 3643; x_wconf 88' lang='lat' dir='ltr'>minori</span> <span class='ocrx_word' id='word_1_1319' title='bbox 1568 3619 1734 3649; x_wconf 85' lang='lat' dir='ltr'>extremitate,</span> <span class='ocrx_word' id='word_1_1320' title='bbox 1754 3618 1857 3651; x_wconf 86' lang='lat' dir='ltr'>ponitur</span> <span class='ocrx_word' id='word_1_1321' title='bbox 1875 3618 1988 3643; x_wconf 85' lang='lat' dir='ltr'>secunda</span> <span class='ocrx_word' id='word_1_1322' title='bbox 2007 3619 2133 3651; x_wconf 82' lang='lat' dir='ltr'>quaestio.</span> 
     </span>
    </p>
   </div>
   <div class='ocr_carea' id='block_1_26' title="bbox 2518 740 2647 769">
    <p class='ocr_par' dir='ltr' id='par_1_34' title="bbox 2518 740 2647 769">
     <span class='ocr_line' id='line_1_165' title="bbox 2518 740 2647 769; baseline 0.008 -7"><span class='ocrx_word' id='word_1_1323' title='bbox 2518 741 2527 750; x_wconf 88' lang='grc'>·</span> <span class='ocrx_word' id='word_1_1324' title='bbox 2536 740 2607 763; x_wconf 85' lang='lat' dir='ltr'>Num.</span> <span class='ocrx_word' id='word_1_1325' title='bbox 2618 747 2647 769; x_wconf 80' lang='lat'>¹3-</span> 
     </span>
    </p>
   </div>
   <div class='ocr_carea' id='block_1_27' title="bbox 2514 1006 2647 1029">
    <p class='ocr_par' dir='ltr' id='par_1_35' title="bbox 2514 1006 2647 1029">
     <span class='ocr_line' id='line_1_166' title="bbox 2514 1006 2647 1029; baseline 0.008 -1"><span class='ocrx_word' id='word_1_1326' title='bbox 2514 1007 2522 1016; x_wconf 88' lang='grc'><strong>’</strong></span> <span class='ocrx_word' id='word_1_1327' title='bbox 2531 1006 2602 1028; x_wconf 80' lang='lat' dir='ltr'>Num.</span> <span class='ocrx_word' id='word_1_1328' title='bbox 2618 1013 2647 1029; x_wconf 81' lang='lat'>12.</span> 
     </span>
    </p>
   </div>
   <div class='ocr_carea' id='block_1_28' title="bbox 2511 1059 2730 1108">
    <p class='ocr_par' dir='ltr' id='par_1_36' title="bbox 2511 1059 2730 1108">
     <span class='ocr_line' id='line_1_167' title="bbox 2513 1059 2730 1091; baseline 0.009 -11"><span class='ocrx_word' id='word_1_1329' title='bbox 2513 1060 2522 1068; x_wconf 83' lang='lat'><strong>·</strong></span> <span class='ocrx_word' id='word_1_1330' title='bbox 2532 1059 2606 1091; x_wconf 60' lang='lat' dir='ltr'>Codd:</span> <span class='ocrx_word' id='word_1_1331' title='bbox 2614 1066 2660 1081; x_wconf 73' lang='lat' dir='ltr'>—r:</span> <span class='ocrx_word' id='word_1_1332' title='bbox 2676 1061 2730 1088; x_wconf 75' lang='lat' dir='ltr'>pri-</span> 
     </span>
     <span class='ocr_line' id='line_1_168' title="bbox 2511 1091 2698 1108; baseline 0.011 -2"><span class='ocrx_word' id='word_1_1333' title='bbox 2511 1091 2549 1107; x_wconf 87' lang='lat' dir='ltr'>mo</span> <span class='ocrx_word' id='word_1_1334' title='bbox 2563 1092 2624 1107; x_wconf 84' lang='lat' dir='ltr'>emm</span> <span class='ocrx_word' id='word_1_1335' title='bbox 2637 1092 2698 1108; x_wconf 77' lang='lat' dir='ltr'>mov.</span> 
     </span>
    </p>
   </div>
   <div class='ocr_carea' id='block_1_29' title="bbox 2511 1165 2639 1187">
    <p class='ocr_par' dir='ltr' id='par_1_37' title="bbox 2511 1165 2639 1187">
     <span class='ocr_line' id='line_1_169' title="bbox 2511 1165 2639 1187; baseline 0.008 -1"><span class='ocrx_word' id='word_1_1336' title='bbox 2511 1166 2518 1173; x_wconf 90' lang='grc'>·</span> <span class='ocrx_word' id='word_1_1337' title='bbox 2527 1165 2599 1187; x_wconf 89' lang='lat' dir='ltr'>Num.</span> <span class='ocrx_word' id='word_1_1338' title='bbox 2614 1171 2639 1187; x_wconf 90' lang='grc'>11.</span> 
     </span>
    </p>
   </div>
   <div class='ocr_carea' id='block_1_30' title="bbox 2511 1322 2728 1455">
    <p class='ocr_par' dir='ltr' id='par_1_38' title="bbox 2511 1322 2728 1455">
     <span class='ocr_line' id='line_1_170' title="bbox 2511 1322 2724 1346; baseline 0.014 -3"><span class='ocrx_word' id='word_1_1339' title='bbox 2511 1323 2519 1331; x_wconf 89' lang='grc'>·</span> <span class='ocrx_word' id='word_1_1340' title='bbox 2544 1322 2581 1343; x_wconf 82' lang='lat' dir='ltr'>Ex</span> <span class='ocrx_word' id='word_1_1341' title='bbox 2619 1326 2674 1345; x_wconf 82' lang='lat' dir='ltr'>arte</span> <span class='ocrx_word' id='word_1_1342' title='bbox 2695 1331 2724 1346; x_wconf 82' lang='lat' dir='ltr'>ex</span> 
     </span>
     <span class='ocr_line' id='line_1_171' title="bbox 2511 1349 2724 1383; baseline 0.019 -14"><span class='ocrx_word' id='word_1_1343' title='bbox 2511 1349 2592 1370; x_wconf 90' lang='lat' dir='ltr'>codd.-</span> <span class='ocrx_word' id='word_1_1344' title='bbox 2622 1350 2636 1370; x_wconf 80' lang='lat' dir='ltr'>f.</span> <span class='ocrx_word' id='word_1_1345' title='bbox 2645 1357 2667 1372; x_wconf 89' lang='lat' dir='ltr'>n.</span> <span class='ocrx_word' id='word_1_1346' title='bbox 2675 1357 2724 1383; x_wconf 82' lang='lat' dir='ltr'>seq.</span> 
     </span>
     <span class='ocr_line' id='line_1_172' title="bbox 2511 1375 2726 1399; baseline 0.014 -3"><span class='ocrx_word' id='word_1_1347' title='bbox 2511 1375 2522 1386; x_wconf 66' lang='lat'>⁶</span> <span class='ocrx_word' id='word_1_1348' title='bbox 2531 1375 2607 1397; x_wconf 81' lang='lat' dir='ltr'>Codd.</span> <span class='ocrx_word' id='word_1_1349' title='bbox 2620 1388 2636 1392; x_wconf 98' lang='lat'><em>-</em></span> <span class='ocrx_word' id='word_1_1350' title='bbox 2648 1383 2690 1399; x_wconf 68' lang='lat' dir='ltr'>ru:</span> <span class='ocrx_word' id='word_1_1351' title='bbox 2701 1384 2726 1399; x_wconf 86' lang='lat' dir='ltr'>m</span> 
     </span>
     <span class='ocr_line' id='line_1_173' title="bbox 2511 1403 2728 1425; baseline 0.014 -3"><span class='ocrx_word' id='word_1_1352' title='bbox 2511 1403 2606 1423; x_wconf 71' lang='lat' dir='ltr'>ascen-1.</span> <span class='ocrx_word' id='word_1_1353' title='bbox 2620 1414 2636 1418; x_wconf 96' lang='lat'>-</span> <span class='ocrx_word' id='word_1_1354' title='bbox 2649 1403 2686 1425; x_wconf 79' lang='lat' dir='ltr'>Cf.</span> <span class='ocrx_word' id='word_1_1355' title='bbox 2704 1410 2728 1425; x_wconf 87' lang='grc'>11.</span> 
     </span>
     <span class='ocr_line' id='line_1_174' title="bbox 2513 1434 2562 1455; baseline 0.02 -7"><span class='ocrx_word' id='word_1_1356' title='bbox 2513 1434 2562 1455; x_wconf 75' lang='lat' dir='ltr'>seq.</span> 
     </span>
    </p>
   </div>
   <div class='ocr_carea' id='block_1_31' title="bbox 2509 1646 2727 1793">
    <p class='ocr_par' dir='ltr' id='par_1_39' title="bbox 2509 1646 2727 1793">
     <span class='ocr_line' id='line_1_175' title="bbox 2546 1646 2722 1666; baseline 0.011 -6"><span class='ocrx_word' id='word_1_1357' title='bbox 2546 1646 2696 1662; x_wconf 60' lang='lat' dir='ltr'>autumnos</span> <span class='ocrx_word' id='word_1_1358' title='bbox 2716 1657 2722 1666; x_wconf 88' lang='grc'>,</span> 
     </span>
     <span class='ocr_line' id='line_1_176' title="bbox 2510 1671 2725 1692; baseline 0.014 -6"><span class='ocrx_word' id='word_1_1359' title='bbox 2510 1672 2533 1692; x_wconf 88' lang='lat' dir='ltr'>p.</span> <span class='ocrx_word' id='word_1_1360' title='bbox 2545 1672 2577 1687; x_wconf 90' lang='lat' dir='ltr'>m.</span> <span class='ocrx_word' id='word_1_1361' title='bbox 2587 1672 2608 1691; x_wconf 89' lang='grc'>6,</span> <span class='ocrx_word' id='word_1_1362' title='bbox 2625 1671 2647 1688; x_wconf 90' lang='lat' dir='ltr'>et</span> <span class='ocrx_word' id='word_1_1363' title='bbox 2661 1674 2680 1688; x_wconf 83' lang='lat' dir='ltr'>s.</span> <span class='ocrx_word' id='word_1_1364' title='bbox 2692 1674 2725 1689; x_wconf 88' lang='lat' dir='ltr'>m.</span> 
     </span>
     <span class='ocr_line' id='line_1_177' title="bbox 2509 1693 2725 1716; baseline 0.014 -3"><span class='ocrx_word' id='word_1_1365' title='bbox 2509 1698 2528 1713; x_wconf 83' lang='lat' dir='ltr'>l:</span> <span class='ocrx_word' id='word_1_1366' title='bbox 2545 1694 2569 1713; x_wconf 81' lang='lat' dir='ltr'>et</span> <span class='ocrx_word' id='word_1_1367' title='bbox 2579 1693 2632 1714; x_wconf 84' lang='lat' dir='ltr'>iter.</span> <span class='ocrx_word' id='word_1_1368' title='bbox 2642 1693 2667 1714; x_wconf 89' lang='lat' dir='ltr'>C.</span> <span class='ocrx_word' id='word_1_1369' title='bbox 2679 1694 2725 1716; x_wconf 79' lang='lat' dir='ltr'>Sed</span> 
     </span>
     <span class='ocr_line' id='line_1_178' title="bbox 2509 1720 2727 1742; baseline 0.009 -2"><span class='ocrx_word' id='word_1_1370' title='bbox 2509 1725 2556 1740; x_wconf 92' lang='lat' dir='ltr'>non</span> <span class='ocrx_word' id='word_1_1371' title='bbox 2563 1720 2727 1742; x_wconf 62' lang='lat' dir='ltr'>recreentext.</span> 
     </span>
     <span class='ocr_line' id='line_1_179' title="bbox 2514 1747 2724 1769; baseline 0.014 -3"><span class='ocrx_word' id='word_1_1372' title='bbox 2514 1757 2530 1760; x_wconf 98' lang='lat'><em>-</em></span> <span class='ocrx_word' id='word_1_1373' title='bbox 2543 1751 2571 1766; x_wconf 83' lang='lat' dir='ltr'>o:</span> <span class='ocrx_word' id='word_1_1374' title='bbox 2591 1748 2616 1767; x_wconf 85' lang='lat' dir='ltr'>et</span> <span class='ocrx_word' id='word_1_1375' title='bbox 2631 1747 2685 1769; x_wconf 76' lang='lat' dir='ltr'>iter.</span> <span class='ocrx_word' id='word_1_1376' title='bbox 2702 1747 2724 1768; x_wconf 92' lang='lat' dir='ltr'>D</span> 
     </span>
     <span class='ocr_line' id='line_1_180' title="bbox 2509 1772 2576 1793; baseline 0.015 -1"><span class='ocrx_word' id='word_1_1377' title='bbox 2509 1772 2533 1793; x_wconf 85' lang='lat' dir='ltr'>in</span> <span class='ocrx_word' id='word_1_1378' title='bbox 2548 1772 2576 1793; x_wconf 89' lang='lat' dir='ltr'>E.</span> 
     </span>
    </p>
   </div>
   <div class='ocr_carea' id='block_1_32' title="bbox 2509 1834 2702 1887">
    <p class='ocr_par' dir='ltr' id='par_1_40' title="bbox 2509 1834 2702 1887">
     <span class='ocr_line' id='line_1_181' title="bbox 2509 1834 2702 1856; baseline 0.016 -3"><span class='ocrx_word' id='word_1_1379' title='bbox 2509 1835 2518 1843; x_wconf 89' lang='grc'>·</span> <span class='ocrx_word' id='word_1_1380' title='bbox 2546 1834 2641 1855; x_wconf 80' lang='lat' dir='ltr'>Scilicet</span> <span class='ocrx_word' id='word_1_1381' title='bbox 2674 1841 2702 1856; x_wconf 87' lang='lat' dir='ltr'>ex</span> 
     </span>
     <span class='ocr_line' id='line_1_182' title="bbox 2510 1860 2673 1887; baseline 0.006 -6"><span class='ocrx_word' id='word_1_1382' title='bbox 2510 1860 2586 1887; x_wconf 70' lang='lat' dir='ltr'>codd„</span> <span class='ocrx_word' id='word_1_1383' title='bbox 2596 1867 2646 1882; x_wconf 82' lang='lat' dir='ltr'>exc.</span> <span class='ocrx_word' id='word_1_1384' title='bbox 2657 1867 2673 1882; x_wconf 86' lang='lat'>1.</span> 
     </span>
    </p>
   </div>
   <div class='ocr_carea' id='block_1_33' title="bbox 2508 1958 2690 1986">
    <p class='ocr_par' dir='ltr' id='par_1_41' title="bbox 2508 1958 2690 1986">
     <span class='ocr_line' id='line_1_183' title="bbox 2508 1958 2690 1986; baseline 0.016 -8"><span class='ocrx_word' id='word_1_1385' title='bbox 2508 1958 2518 1969; x_wconf 59' lang='lat'>³</span> <span class='ocrx_word' id='word_1_1386' title='bbox 2526 1964 2555 1979; x_wconf 84' lang='lat' dir='ltr'>o:</span> <span class='ocrx_word' id='word_1_1387' title='bbox 2570 1964 2644 1986; x_wconf 75' lang='lat' dir='ltr'>usque</span> <span class='ocrx_word' id='word_1_1388' title='bbox 2657 1959 2690 1981; x_wconf 82' lang='lat' dir='ltr'>in.</span> 
     </span>
    </p>
   </div>
   <div class='ocr_carea' id='block_1_34' title="bbox 2508 2177 2721 2227">
    <p class='ocr_par' dir='ltr' id='par_1_42' title="bbox 2508 2177 2721 2227">
     <span class='ocr_line' id='line_1_184' title="bbox 2508 2177 2721 2206; baseline 0.009 -8"><span class='ocrx_word' id='word_1_1389' title='bbox 2508 2178 2520 2188; x_wconf 74' lang='lat'>&#39;⁸</span> <span class='ocrx_word' id='word_1_1390' title='bbox 2530 2177 2591 2199; x_wconf 84' lang='lat' dir='ltr'>Esse</span> <span class='ocrx_word' id='word_1_1391' title='bbox 2602 2184 2630 2199; x_wconf 83' lang='lat' dir='ltr'>ex</span> <span class='ocrx_word' id='word_1_1392' title='bbox 2640 2178 2721 2206; x_wconf 63' lang='lat' dir='ltr'>codd„</span> 
     </span>
     <span class='ocr_line' id='line_1_185' title="bbox 2510 2210 2718 2227; baseline 0.01 -2"><span class='ocrx_word' id='word_1_1393' title='bbox 2510 2210 2559 2225; x_wconf 90' lang='lat' dir='ltr'>exc.</span> <span class='ocrx_word' id='word_1_1394' title='bbox 2570 2211 2607 2225; x_wconf 74' lang='grc' dir='ltr'>κκ.</span> <span class='ocrx_word' id='word_1_1395' title='bbox 2621 2216 2632 2221; x_wconf 94' lang='grc'>-</span> <span class='ocrx_word' id='word_1_1396' title='bbox 2647 2211 2718 2227; x_wconf 72' lang='lat' dir='ltr'>sota:</span> 
     </span>
    </p>
   </div>
   <div class='ocr_carea' id='block_1_35' title="bbox 2508 2230 2608 2258">
    <p class='ocr_par' dir='ltr' id='par_1_43' title="bbox 2508 2230 2608 2258">
     <span class='ocr_line' id='line_1_186' title="bbox 2508 2230 2608 2258; baseline 0.01 -7"><span class='ocrx_word' id='word_1_1397' title='bbox 2508 2230 2608 2258; x_wconf 79' lang='lat' dir='ltr'>aliquid.</span> 
     </span>
    </p>
   </div>
   <div class='ocr_carea' id='block_1_36' title="bbox 2508 2337 2723 2360">
    <p class='ocr_par' dir='ltr' id='par_1_44' title="bbox 2508 2337 2723 2360">
     <span class='ocr_line' id='line_1_187' title="bbox 2508 2337 2723 2360; baseline 0.009 -2"><span class='ocrx_word' id='word_1_1398' title='bbox 2508 2338 2518 2347; x_wconf 72' lang='lat'>⁸</span> <span class='ocrx_word' id='word_1_1399' title='bbox 2533 2337 2672 2360; x_wconf 73' lang='lat' dir='ltr'>Codd.-m:</span> <span class='ocrx_word' id='word_1_1400' title='bbox 2687 2340 2723 2360; x_wconf 79' lang='lat' dir='ltr'>eo‘.</span> 
     </span>
    </p>
   </div>
   <div class='ocr_carea' id='block_1_37' title="bbox 2505 2447 2726 2476">
    <p class='ocr_par' dir='ltr' id='par_1_45' title="bbox 2505 2447 2726 2476">
     <span class='ocr_line' id='line_1_188' title="bbox 2505 2447 2726 2476; baseline 0.009 -7"><span class='ocrx_word' id='word_1_1401' title='bbox 2505 2447 2592 2475; x_wconf 76' lang='lat' dir='ltr'>praed.</span> <span class='ocrx_word' id='word_1_1402' title='bbox 2600 2450 2624 2469; x_wconf 83' lang='lat' dir='ltr'>et</span> <span class='ocrx_word' id='word_1_1403' title='bbox 2637 2450 2726 2476; x_wconf 75' lang='lat' dir='ltr'>primo.</span> 
     </span>
    </p>
   </div>
  </div>
 </body>
</html>
