2548 4192
2292 271 2402 297 XXXIX

182 342 400 391 revelatis,
436 340 641 382 subaudit
683 339 952 395 theologiam
985 339 1330 394 philosophicam
1363 353 1441 381 seu
1475 353 1530 381 ex
1562 339 1781 395 principiis
1814 341 1994 381 naturali
2029 341 2205 383 rationis
2238 343 2400 385 lumine

182 406 296 448 notis
331 409 643 459 comparatam,
675 402 876 457 quamvis
910 401 1089 442 scientia
1121 402 1228 443 haec
1255 402 1311 443 sit
1338 403 1471 458 longe
1504 402 1679 444 inferior
1710 416 1833 444 sacra
1865 403 2099 459 theologia.
2135 405 2255 460 Ergo
2286 412 2328 446 et
2356 407 2400 447 in

181 468 410 510 christiana
443 465 715 507 ordinatione
745 464 1019 505 scientiarum
1048 464 1198 505 ultima
1239 465 1450 506 tradenda
1478 471 1544 506 est
1584 465 1808 521 theologia
1836 479 1969 515 sacra,
2005 479 2208 521 suprema
2242 481 2399 522 nempe

181 529 489 586 metaphysica,
522 528 578 569 ad
615 541 748 583 quam
793 526 982 568 ordinari
1017 526 1149 568 debet
1181 527 1373 568 studium
1410 528 1613 569 naturalis
1643 527 1963 583 metaphysicae
1993 534 2036 569 et
2071 528 2205 583 ipsius
2229 530 2398 571 theolo-

181 594 281 650 giae
308 591 645 648 philosophicae.
672 591 759 631 Ista
788 595 854 630 est
887 589 1138 639 methodus,
1177 603 1310 644 quarn
1346 604 1379 632 s.
1406 590 1602 631 Thomas
1640 591 1843 640 inculcat,
1880 597 1923 632 et
1958 605 1984 631 a
2020 605 2107 646 qua
2140 591 2322 646 proinde
2357 593 2401 634 in

183 655 364 697 edendis
394 653 590 696 eiusdem
621 667 654 694 s.
672 652 888 706 >Doctoris
918 652 1137 707 Operibus
1167 666 1255 693 non
1279 652 1604 694 abscedendum
1639 667 1736 694 esse
1768 659 1982 708 putamus.
2018 653 2152 695 Hisce
2186 654 2316 710 igitur
2344 654 2399 707 de

183 718 325 760 causis
359 717 556 759 ordinem
590 729 722 770 quem
757 714 960 756 Editores
993 715 1114 756 Piani
1144 715 1316 770 sequuti
1353 722 1473 765 sunt,
1508 715 1657 771 paucis
1692 716 1948 765 immutatis,
1981 730 2094 771 quae
2128 716 2396 758 immutanda

182 781 291 822 forte
326 780 433 822 ratio
468 778 680 827 suadebit,
716 778 896 819 omnino
931 777 1195 819 servandum
1230 791 1470 819 censemus.

310 843 484 884 Fuisset
530 841 573 882 in
613 841 759 882 animo
794 854 960 882 novum
1006 840 1241 895 quemdam
1281 847 1534 896 apparatum
1572 841 1822 896 generalem
1867 841 1909 882 in
1948 842 2095 883 omnia
2133 856 2166 883 s.
2199 842 2400 884 Thomae

183 907 331 962 Opera
353 905 468 954 dare,
493 904 571 946 sed
594 910 896 959 praeterquam
924 903 1045 958 quod
1078 903 1286 958 temporis
1319 903 1546 959 angustiae
1579 909 1745 943 tantum
1779 903 1973 944 laborem
1998 918 2085 945 non
2114 905 2401 960 patiebantur,

183 968 475 1010 necessarium
509 967 652 1008 visum
686 980 775 1007 non
819 972 884 1007 est
920 966 1004 1007 hoc
1043 966 1269 1022 negotium
1312 965 1458 1006 denuo
1501 965 1731 1020 suscipere.
1767 965 2042 1007 Clarissimus
2077 967 2191 1009 enim
2228 967 2402 1009 Echard

184 1027 333 1073 noster
365 1037 483 1072 tanta
517 1029 757 1071 eruditione
791 1029 952 1083 talique
976 1028 1157 1083 sapienti
1193 1027 1335 1069 critica
1369 1027 1458 1083 egit
1486 1027 1541 1068 de
1566 1027 1655 1068 vita
1688 1033 1731 1068 et
1763 1028 1930 1083 scriptis
1964 1043 1997 1069 s.
2022 1029 2221 1071 Thomae
2247 1030 2289 1071 in
2318 1044 2401 1072 suo

183 1094 324 1150 primo
358 1092 581 1134 volumine
614 1091 667 1132 de
699 1091 994 1147 Scrsztoribus
1041 1090 1220 1132 Ordinis
1251 1090 1614 1130 Praedicatorum
1648 1089 1771 1143 (Vol.
1796 1091 1832 1139 I,
1866 1090 1923 1131 ad
1956 1105 2023 1132 an.
2055 1092 2214 1147 1274),
2248 1099 2294 1133 ut
2327 1093 2401 1134 vix

181 1155 346 1212 aliquid
379 1154 630 1196 addendum
665 1153 1028 1210 corrigendumve
1051 1152 1365 1208 posterioribus
1384 1152 1666 1207 scriptoribus
1689 1152 1916 1207 reliquerit.
1941 1152 2031 1194 Sed
2060 1161 2280 1208 praeterea
2303 1169 2400 1196 sae-

183 1218 282 1260 culo
310 1218 454 1259 XVIII
480 1216 697 1258 mediante
732 1222 880 1257 noster
912 1217 983 1257 De
1016 1215 1182 1256 Rubeis
1216 1215 1390 1271 triginta
1423 1214 1532 1256 duas
1567 1214 1701 1256 edidit
1731 1215 2070 1257 Dissertationes
2096 1216 2336 1258 eruditione
2360 1224 2403 1259 et

184 1280 328 1323 critica
356 1279 673 1336 sapientissima
707 1279 894 1328 refertas,
928 1278 1153 1334 plausibus
1187 1277 1383 1319 omnium
1417 1277 1727 1333 sapientiorum
1762 1284 1985 1333 exceptas,
2016 1278 2059 1319 in
2093 1279 2251 1334 quibus
2286 1293 2398 1334 quae

182 1339 477 1386 abEchh‘r‘do
517 1342 699 1383 disserta
741 1347 863 1383 erant
895 1341 1049 1382 iterum
1084 1340 1399 1389 examinantur,
1433 1354 1484 1382 ac
1517 1340 1607 1382 vita
1639 1346 1683 1381 et
1717 1341 1874 1396 scripta
1912 1355 1946 1382 s.
1972 1341 2170 1383 Thomae
2210 1342 2401 1397 splendi-

183 1405 295 1448 diori
329 1405 424 1447 luce
467 1404 690 1461 refulgent.
732 1405 829 1446 Hae
864 1418 971 1461 ergo
1005 1404 1346 1445 Dissertationes
1385 1410 1433 1445 ut
1471 1403 1568 1445 huic
1608 1403 1799 1445 Editioni
1839 1403 2211 1459 praemitterentur
2252 1411 2405 1446 auctor

182 1468 261 1511 fuit
293 1468 375 1510 SS.
398 1469 454 1509 D.
470 1468 524 1509 N.
551 1469 646 1509 Leo
670 1468 753 1509 ΡΡ.
782 1468 894 1516 XIII,
930 1467 1051 1508 cuius
1085 1467 1450 1522 sapientissimum
1485 1466 1713 1508 consilium
1736 1466 1851 1507 docti
1885 1466 1964 1507 viri
1999 1473 2116 1507 certo
2140 1467 2401 1522 probabunt.

182 1531 322 1574 Porro
356 1531 559 1586 quamvis
593 1530 709 1571 nulla
741 1530 941 1585 apposita
974 1536 1078 1571 nota
1111 1530 1240 1571 hasce
1274 1529 1615 1571 Dissertationes
1650 1528 1816 1578 damus,
1843 1543 1931 1570 non
1956 1543 2138 1584 parvum
2173 1535 2317 1570 tamen
2340 1530 2402 1571 la-

182 1593 340 1636 borem
374 1593 657 1635 sustinuimus
691 1593 734 1634 in
772 1592 1040 1649 corrigendis
1076 1593 1307 1642 erroribus,
1343 1593 1503 1648 quibus
1537 1605 1615 1633 eae
1648 1592 1884 1633 scatebant.
1925 1591 2050 1647 Opus
2091 1591 2205 1633 enim
2238 1592 2315 1633 fuit
2347 1592 2405 1633 ad

184 1662 385 1699 auctores
409 1656 672 1706 innumeros,
698 1656 772 1711 qui
795 1656 851 1697 ab
876 1655 1167 1697 eruditissimo
1201 1655 1297 1696 viro
1332 1655 1525 1709 citantur,
1549 1668 1778 1704 recurrere,
1803 1661 1856 1703 et,
1881 1660 2091 1709 quantum
2125 1654 2215 1695 fieri
2249 1655 2402 1710 potuit,

184 1719 284 1761 loca
315 1718 504 1760 adducta
538 1732 802 1774 comparare,
838 1724 881 1760 et
902 1718 1125 1760 restituere
1148 1717 1223 1759 ubi
1246 1724 1384 1759 errata
1407 1723 1538 1759 erant.
1574 1717 1665 1759 Sed
1693 1723 1915 1772 praeterea
1938 1731 1965 1758 a
1988 1717 2116 1758 novis
2139 1717 2292 1758 studiis
2316 1731 2405 1758 non

185 1781 493 1823 abstinendum
528 1795 625 1823 esse
659 1794 909 1830 censemus;
953 1780 1070 1822 unde
1103 1780 1286 1837 singulis
1324 1795 1357 1822 s.
1383 1779 1591 1821 Doctoris
1625 1780 1844 1835 Operibus
1877 1780 2083 1835 parvulae
2116 1780 2406 1835 praefationes

185 1850 288 1886 sunt
319 1844 672 1900 praemittendae,
696 1844 739 1885 in
766 1843 926 1899 quibus
958 1842 1166 1898 quicquid
1198 1843 1255 1885 ad
1289 1856 1342 1884 ea
1374 1843 1558 1898 pertinet
1590 1842 1824 1884 commode
1858 1842 2062 1884 declarari
2096 1843 2265 1898 poterit.
