2548 4192
213 269 344 294 CLXVIII

212 338 370 369 rationem
393 338 530 369 adfuisse
554 338 686 376 nullam,
711 348 775 379 qua
798 344 962 378 permotus
980 346 1168 376 germanum
1186 336 1286 377 Aqui-

213 382 294 413 natis
317 389 439 413 textum
463 383 673 421 supprimeret
691 383 855 412 Morelles:
873 381 951 411 nihil
970 381 1056 410 enim
1074 380 1176 410 verbis
1195 381 1285 411 Tho-

213 436 285 457 mae
307 427 419 466 inesse,
445 428 534 468 quod
565 427 788 457 Immaculatae
812 424 1023 465 Conceptioni
1048 424 1198 463 conferat,
1222 425 1287 455 iam

213 471 375 502 adnotavit
398 472 530 502 Ioannes
553 470 685 501 Nicolai.

601 574 798 617 CAPUT
828 574 896 610 1V.

214 672 318 697 Innoxia
336 671 416 696 thesis
434 670 588 701 ostenditur,
613 677 691 702 quam
714 668 910 694 Francischinus
934 669 1037 694 Curtius
1061 674 1087 694 et
1105 670 1140 695 Io.
1158 670 1286 695 Antonius

285 706 462 731 Summontius
488 705 658 730 audacissime
682 710 817 736 notarunt,
847 704 926 730 veluti
949 705 1096 730 damnatam
1121 705 1147 730 in
1171 705 1286 731 Concilio

285 741 482 766 Constantiensi.
501 740 636 766 Refellitur
653 747 752 773 nupera
770 748 818 773 pro
832 740 996 765 Summontio
1011 740 1147 774 Apologia.
1161 741 1286 766 Animad-

283 777 378 802 versio.

214 869 237 899 Ι.
337 867 450 897 heseos
474 865 639 896 cuiusdam
663 866 701 896 ab
721 865 874 905 Angelico
896 866 1035 896 Doctore
1058 865 1091 896 in
1110 865 1285 896 Commen-

337 911 416 943 tario
436 910 469 941 in
485 910 662 941 secundum
677 910 795 940 librum
814 910 1048 941 Sententiarum
1067 917 1285 951 propugnatae

211 957 376 988 veritatem
400 955 675 995 integritatemque
705 954 880 985 recentium
910 954 1056 995 Operum
1080 955 1148 985 eius
1172 954 1284 985 editio-

211 1012 307 1040 num,
337 1007 373 1031 ut
395 999 458 1030 hoc
484 999 558 1030 loco
581 999 740 1029 vindicem
774 999 885 1030 latiore
913 1009 1060 1030 sermone
1089 999 1188 1030 nimia
1211 998 1286 1030 facit

213 1045 387 1086 nuperrimi
411 1044 570 1084 scriptoris
590 1043 790 1074 confidentia.
816 1044 845 1074 ls
864 1050 910 1074 est
929 1043 1035 1084 Scipio
1061 1043 1284 1084 Christophori

212 1090 434 1131 neapolitanus
464 1089 497 1119 in
525 1088 589 1119 vita
612 1088 658 1119 Io.
682 1088 815 1119 Antonii
839 1088 1045 1119 Summontii.
1077 1088 1179 1128 Regni
1202 1089 1284 1118 Nea-

211 1134 345 1176 politani
374 1134 541 1164 historicus
564 1133 622 1163 iste
652 1138 828 1163 narraverat
851 1133 973 1163 facinus
1001 1132 1137 1163 Comitis
1162 1133 1200 1163 de
1224 1132 1284 1164 Ca-

213 1186 313 1218 serta,
333 1179 389 1220 qui
409 1188 482 1209 cum
502 1178 535 1208 in
564 1177 670 1208 castris
689 1177 844 1208 Manfredi
863 1177 958 1217 Regis
977 1177 1125 1208 militaret
1143 1177 1285 1218 situsque

213 1223 388 1254 difficillimi
412 1222 591 1253 custodiam
614 1222 851 1262 adsumpsisset,
876 1221 963 1252 aditu
985 1231 1052 1252 non
1075 1222 1175 1252 arcuit
1193 1222 1285 1252 adve-

211 1268 333 1299 nientes
357 1267 464 1298 Caroli
487 1266 723 1306 Andegavensis
752 1266 859 1306 copias
891 1266 1052 1306 suasitque
1076 1265 1197 1297 Comiti
1221 1267 1285 1296 lor-

213 1314 297 1343 dano
313 1311 449 1343 Lanciae
463 1318 499 1342 ut
517 1311 685 1342 transitum
699 1311 900 1351 permitteret.
918 1310 1136 1341 Proditorium
1151 1311 1284 1352 facinus,

212 1358 301 1399 quod
324 1366 390 1387 non
414 1356 507 1396 pauci
531 1362 728 1393 execrantur,
758 1365 892 1395 purgare
915 1356 1020 1386 studet
1043 1355 1284 1395 Summontius,

212 1402 360 1433 Thomae
379 1400 478 1431 nostri
497 1398 617 1443 (inepte
636 1399 703 1430 sine
722 1398 835 1442 dubio)
855 1399 994 1430 adhibita
1013 1400 1166 1439 doctrina,
1186 1411 1285 1441 quam

212 1457 289 1477 mox
307 1445 505 1476 anathemate
524 1444 733 1475 ecclesiastico
752 1454 934 1484 percussam
952 1444 1004 1475 ait.
1020 1444 1181 1476 Vindicias
1195 1446 1284 1476 Tho-

213 1501 285 1522 mae
309 1496 412 1530 egerat
434 1489 598 1530 Rhaphael
621 1488 719 1519 Maria
742 1488 951 1519 Filamondus
975 1489 1104 1520 Ordinis
1122 1490 1284 1521 Praedica-

213 1542 335 1567 torum:
359 1534 580 1575 vindicemque
599 1534 699 1564 modo
723 1533 901 1573 aggreditur
922 1533 1029 1573 Scipio
1049 1533 1283 1575 Christophori,

210 1581 342 1611 inlatam
369 1578 536 1620 Aquinatis
564 1578 725 1608 doctrinae
754 1577 902 1607 iniuriam
930 1587 1152 1618 propugnans,
1177 1589 1283 1610 recen-

211 1631 321 1666 tesque
344 1624 490 1664 Operum
509 1622 575 1653 eius
599 1621 752 1652 editiones
771 1621 868 1652 veluti
888 1622 1086 1654 detruncatas
1105 1624 1281 1656 traducens.

277 1670 339 1699 Res
362 1669 401 1698 ab
425 1677 488 1698 ovo
508 1666 723 1707 pertractanda
742 1666 821 1696 mihi
840 1672 886 1697 est
904 1666 973 1697 miti
992 1668 1112 1706 animo,
1131 1669 1216 1708 gravi
1236 1679 1282 1699 se-

208 1713 320 1754 rioque
349 1711 517 1743 certamine
548 1711 711 1749 instituto,
740 1718 1002 1750 argumentorum
1032 1712 1156 1743 robore.
1188 1713 1281 1744 Sum-

207 1757 321 1788 montii
343 1757 438 1787 verba
460 1762 535 1786 sunt
556 1762 647 1786 tomo
665 1755 703 1793 11,
722 1754 803 1785 libro
823 1755 849 1785 11
874 1753 1026 1797 (secunda
1047 1762 1122 1786 utor
1143 1757 1281 1789 editione

207 1802 281 1833 anni
310 1799 426 1844 1675):
455 1813 470 1829 ι
494 1800 556 1831 San
586 1800 765 1830 Tommaso
789 1799 968 1840 d’Aquino,
993 1801 1116 1831 avendo
1139 1801 1223 1833 forse
1242 1802 1282 1832 ri-

210 1859 224 1874 »
247 1846 369 1886 guardo
392 1856 411 1875 a
429 1851 543 1886 questo
567 1853 640 1874 caso
659 1844 711 1874 del
733 1843 791 1874 Zio
815 1842 965 1885 (Rinaldi
982 1845 1164 1886 Aquinatis,
1187 1857 1279 1887 quem

211 1904 225 1919 »
249 1896 350 1928 vocat,
378 1890 511 1920 Comitis
533 1888 572 1919 de
598 1886 760 1930 Caserta),
786 1888 867 1919 disse
891 1899 955 1920 una
978 1899 1051 1920 cosa
1079 1889 1134 1930 piu
1159 1890 1240 1922 forte
1264 1902 1281 1922 e

211 1948 225 1963 »
248 1934 390 1965 mirabile
406 1933 456 1975 (in
473 1933 514 1963 II
526 1933 613 1963 Sent.
638 1933 701 1963 art.
712 1933 857 1975 penult.)
873 1933 921 1964 ch’
938 1936 954 1964 e
974 1934 1162 1974 opra'lecita
1182 1945 1199 1966 e
1216 1946 1281 1966 me-

211 1993 226 2008 »
248 1979 355 2010 ritoria
386 1979 416 2009 al
445 1978 579 2008 vassallo
609 1977 642 2007 in
670 1984 784 2018 questo
816 1987 888 2008 caso
917 1978 1060 2009 uccidere
1091 1979 1113 2009 il
1137 1979 1279 2019 Signore.

210 2036 225 2051 »
247 2024 327 2054 Pero
344 2023 377 2054 in
394 2022 552 2054 contrario
575 2032 593 2052 a
617 2028 730 2062 questo
750 2028 844 2052 tenne
863 2023 1019 2062 Agostino
1039 2023 1069 2053 d’
1080 2025 1215 2054 Ancona
1230 2025 1282 2055 nel

211 2081 226 2096 »
254 2069 399 2098 Trattato
427 2067 512 2098 della
535 2067 663 2097 Potesta
692 2066 906 2098 ecclesiastica
930 2068 1016 2098 nella
1039 2077 1068 2108 q.
1086 2068 1149 2106 54,
1167 2074 1229 2099 art.
1251 2070 1280 2107 3,

211 2125 226 2140 »
249 2122 332 2144 vers.
356 2111 473 2142 Omnia
492 2116 599 2142 autem
617 2112 695 2141 ista:
718 2121 734 2141 e
751 2117 862 2141 contro
885 2108 906 2141 l'
918 2111 1071 2152 opinione
1087 2112 1119 2142 di
1135 2123 1159 2144 s.
1180 2113 1282 2144 Tom-

209 2169 223 2184 »
247 2167 337 2187 maso
362 2156 396 2187 fu
425 2156 477 2187 nel
501 2155 648 2186 Concilio
672 2154 915 2186 Constantiense
945 2156 1165 2196 determinato,
1189 2168 1281 2189 come

209 2214 223 2230 »
246 2201 382 2232 riferisce
401 2201 453 2231 nel
471 2199 647 2230 medesimo
666 2199 766 2239 luogo
782 2199 900 2230 Curzio
920 2199 981 2241 (de
998 2201 1118 2232 Feudis
1136 2203 1169 2232 in
1188 2208 1281 2234 sexta

208 2259 222 2273 >
240 2245 364 2288 parte).
382 2257 396 2272 ›
424 2246 485 2276 Pro
510 2254 601 2275 carne
625 2250 656 2275 et
678 2244 831 2284 sanguine
850 2245 1005 2276 strinxerit
1028 2255 1103 2286 ergo
1122 2247 1281 2278 calamum

206 2291 350 2321 Thomas
373 2290 528 2331 Aquinas,
547 2289 657 2319 locum
681 2288 707 2318 si
730 2288 843 2319 habeat
861 2289 1056 2321 Summontii
1076 2290 1279 2323 coniectatio:

205 2335 294 2376 quod
327 2341 374 2365 est
400 2334 458 2364 viri
482 2333 667 2364 sanctissimi
691 2333 901 2373 integritatem
925 2334 1195 2376 castissimamque
1223 2336 1279 2367 do-

207 2379 340 2410 ctrinam
363 2379 534 2418 denigrare.
557 2377 668 2408 Nolim
692 2387 751 2417 ego
775 2377 956 2418 diligentius
979 2379 1170 2420 perquirere,
1199 2390 1279 2412 num

207 2423 326 2454 Comes
349 2423 401 2454 ille
420 2423 459 2453 de
478 2422 606 2453 Caserta
625 2422 664 2452 ad
684 2421 915 2453 nobilissimam
938 2430 1065 2463 gentem
1085 2424 1279 2465 Aquinatem

206 2467 374 2508 pertineret
407 2477 442 2498 ac
473 2473 604 2507 patruus
639 2473 719 2497 esset
748 2467 895 2497 Thomae
928 2468 1071 2508 Angelici
1099 2479 1155 2500 seu
1186 2469 1280 2501 frater

207 2511 389 2552 Landulphi
413 2511 519 2552 patris.
543 2511 639 2541 Hunc
658 2511 819 2550 sanguinis
838 2521 955 2542 nexum
974 2519 1081 2543 tuetur
1099 2513 1150 2544 ille
1170 2521 1278 2546 aucto-

207 2556 296 2587 ritate
320 2555 469 2587 Matthaei
494 2554 656 2592 Iovenatii‚
681 2555 807 2585 Ioannis
830 2555 956 2586 Villanii
981 2563 1011 2587 et
1034 2556 1185 2598 Cypriani
1210 2560 1277 2590 Ma-

205 2600 319 2638 nentis,
344 2600 475 2641 aliisque
497 2598 628 2630 vetustis
651 2598 843 2639 quibusdam
866 2599 990 2638 chartis,
1015 2611 1093 2642 quas
1112 2603 1277 2634 attentiore

206 2651 312 2675 mente
336 2644 510 2686 expendere
529 2653 595 2674 non
613 2649 712 2674 vacat.
732 2642 853 2674 Contra
876 2644 1062 2675 sentientem
1080 2646 1188 2678 laudat
1210 2647 1277 2688 ipse

206 2688 374 2720 historicus
397 2688 623 2725 Ammiratum,
655 2687 931 2727 diligentissimum
955 2689 1139 2720 huiusmodi
1170 2701 1277 2722 rerum

206 2734 440 2773 indagatorem
461 2732 511 2764 cui
530 2731 704 2762 addiderim
723 2742 783 2772 ego
793 2731 968 2763 Camillum
977 2733 1204 2774 Peregrinium,
1221 2736 1277 2777 qui

205 2779 238 2809 in
262 2778 391 2809 historia
414 2777 598 2818 Principum
621 2776 910 2816 Longobardorum
930 2778 962 2808 in
980 2783 1110 2818 partem
1135 2779 1181 2809 VI
1191 2781 1276 2811 Ano-

206 2824 299 2864 nymi
314 2822 524 2860 Salernitani,
542 2820 717 2862 perillustre
733 2830 833 2861 genus
848 2821 995 2852 Thomae
1018 2823 1186 2864 Aquinatis
1206 2825 1277 2855 data

206 2877 303 2907 opera
326 2873 498 2904 scrutatur,
530 2864 631 2905 gentis
660 2864 803 2896 eiusdem
826 2865 900 2897 facit
923 2866 1066 2897 Comites
1090 2869 1276 2907 Acerranos,

206 2911 438 2952 Comitumque
457 2911 495 2941 de
512 2909 640 2941 caserta
659 2909 780 2940 nullam
796 2909 909 2950 ingerit
927 2911 1134 2943 mentionem.
1150 2914 1194 2943 At
1208 2923 1277 2954 per-

205 2956 334 2987 tinuerit
356 2956 414 2986 iste
438 2955 476 2986 ad
500 2961 628 2995 gentem
650 2954 859 2996 Aquinatem:
883 2955 916 2985 in
940 2955 1071 2995 gratiam
1095 2956 1163 2987 eius
1186 2957 1277 2998 quid-

206 3000 293 3040 piam
317 3000 475 3040 scripsisse
498 2999 673 3035 Thomam‚
698 2999 978 3039 consanguinitatis
1002 2999 1112 3031 affectu
1133 3001 1277 3042 ductum,

207 3045 345 3085 suspicio
370 3045 450 3075 foret
473 3043 682 3084 putidissima.

273 3090 408 3126 Locum,
433 3088 487 3119 ubi
506 3088 641 3119 indicata
666 3087 875 3129 perquirenda
898 3089 938 3120 sit
959 3089 1100 3120 doctrina
1118 3090 1277 3129 Thomae,

206 3133 335 3163 denotat
354 3133 577 3164 Summontius
593 3134 625 3163 in
646 3134 687 3164 II
701 3132 787 3163 Sent.
799 3138 862 3164 art.
874 3134 998 3173 penult.
1013 3134 1137 3175 Nempe
1156 3142 1278 3166 textum

208 3177 378 3208 certissime
401 3177 533 3215 adludit,
549 3177 605 3218 qui
628 3179 761 3209 habetur
784 3178 816 3208 in
836 3177 877 3207 II
892 3177 1085 3209 Sententiar.
1106 3179 1177 3210 dist.
1194 3190 1277 3218 xtrv,

206 3227 328 3262 quaest.
352 3232 390 3259 11,
415 3227 476 3252 art.
502 3232 523 3252 ιι
547 3219 592 3264 (is
617 3230 662 3254 est
685 3221 880 3263 penultimus
909 3222 1006 3253 totius
1034 3223 1103 3253 libri
1128 3222 1276 3267 secundi)

205 3266 250 3296 ad
267 3266 300 3296 5.
324 3266 426 3296 Verba
451 3273 541 3297 sunt:
566 3267 691 3298 Tullius
714 3264 786 3307 (qui
809 3267 842 3296 in
859 3266 939 3297 libro
963 3267 1003 3298 de
1028 3266 1155 3309 Officiis
1172 3269 1278 3300 salvat

205 3319 259 3341 eos
281 3311 337 3351 qui
359 3310 479 3341 Iulium
507 3310 679 3342 Caesarem
705 3310 948 3351 interfecerunt,
971 3313 1118 3352 quamvis
1138 3313 1276 3344 amicum

205 3359 236 3384 et
257 3354 482 3395 familiarem,
506 3356 562 3396 qui
584 3357 678 3396 quasi
700 3362 865 3397 tyrannus
888 3357 962 3386 iura
987 3357 1113 3397 imperii
1139 3367 1276 3398 usurpa-

206 3398 318 3440 verat)
349 3399 491 3440 loquitur
521 3400 553 3430 in
582 3409 659 3431 casu
691 3401 763 3438 illo,
794 3400 923 3441 quando
954 3400 1071 3442 aliquis
1100 3401 1276 3433 dominium

205 3443 264 3473 sibi
282 3453 345 3483 per
368 3444 549 3474 violentiam
573 3446 720 3486 surripit,
742 3444 921 3476 nolentibus
943 3445 1077 3476 subditis
1105 3446 1156 3477 vel
1180 3447 1275 3478 etiam

206 3487 249 3517 ad
272 3497 459 3518 consensum
484 3489 612 3527 coactis,
634 3495 664 3521 et
682 3489 812 3531 quando
836 3499 899 3520 non
924 3495 971 3520 est
989 3499 1142 3521 recursus
1160 3491 1204 3522 ad
1223 3501 1276 3522 su-

201 3532 375 3570 periorem,
391 3541 454 3572 per
471 3542 563 3572 quem
584 3534 735 3565 iudicium
755 3534 795 3564 de
814 3535 963 3565 invasore
973 3535 1076 3575 possit
1077 3535 1183 3576 fieri:
1201 3541 1278 3567 tunc

209 3575 291 3604 enim
315 3577 370 3615 qui
393 3576 436 3606 ad
459 3576 676 3608 liberationem
695 3579 828 3619 patriae
855 3584 1033 3619 tyrannum
1057 3579 1181 3617 occidit,
1207 3580 1276 3611 lau-

209 3618 309 3648 datur
331 3624 360 3649 et
383 3621 565 3659 praemium
590 3623 714 3662 accipit.
745 3622 967 3653 Animadverte
997 3622 1050 3653 illa
1073 3624 1159 3663 apud
1182 3624 1276 3655 Sum-

931 257 1391 295 DISSERTATIONES
1422 258 1671 295 CRITICAE

1343 337 1505 368 montium
1523 338 1618 368 verba
1636 338 1748 377 italice,
1769 339 1844 370 ch’e
1862 350 1942 380 opra
1962 339 2055 372 lecita
2075 351 2092 372 e
2110 343 2298 381 meritoria‚·
2316 350 2347 374 et
2364 344 2418 374 illa

1343 381 1429 421 apud
1460 379 1655 422 Aquinatem
1684 383 1799 421 latine,
1830 384 1987 415 laudatur
2016 391 2047 416 et
2070 388 2255 426 praemium
2286 390 2418 429 accipit:

1342 435 1425 466 quae
1449 425 1639 457 certissimos
1670 427 1709 457 de
1732 427 1871 458 indicato
1895 435 1980 460 textu
2012 430 2159 461 Thomae
2183 441 2243 461 nos
2267 431 2417 464 efficiunt.

1342 470 1430 500 Haec
1460 480 1536 500 vero
1570 470 1707 501 Comitis
1743 471 1905 503 Casertani
1934 473 2065 504 facinori
2094 474 2197 505 favere
2230 476 2361 517 eiusque
2384 477 2418 507 in

1341 514 1474 553 gratiam
1489 514 1603 555 scripta
1622 515 1754 546 fortasse
1767 515 1864 547 fuisse
1878 523 1970 557 putat
1984 518 2216 550 Summontius.
2232 522 2276 551 At
2295 520 2417 551 facinus

1341 557 1421 588 illud
1445 559 1484 588 ad
1507 569 1629 590 annum
1658 560 1739 590 1266
1759 567 1893 600 spectat:
1918 571 1994 592 suos
2013 572 2088 593 vero
2108 563 2367 595 Commentarios
2382 565 2415 595 in

1342 602 1576 633 Sententiarum
1598 603 1713 642 libros,
1745 605 1848 635 adhuc
1871 605 1987 644 iunior,
2012 606 2248 639 elucubraverat
2271 609 2416 640 Thomas

1343 647 1381 676 ab
1405 656 1490 677 anno
1520 648 1601 678 1253
1627 649 1667 678 ad
1691 658 1812 679 annum
1841 650 1933 691 1257.
1966 650 2047 688 Quis
2076 651 2189 682 deinde
2217 663 2283 683 non
2312 654 2418 685 videat

1342 690 1469 721 nonnisi
1488 691 1683 731 ineptissime
1702 692 1783 724 hanc
1798 693 1946 724 Thomae
1966 695 2143 726 doctrinam
2162 696 2303 727 adhiberi
2322 708 2416 738 posse

1341 734 1382 764 ad
1405 736 1609 775 purgandum
1633 736 1754 767 facinus
1778 737 1915 768 Comitis
1939 738 1977 768 de
2001 738 2140 777 Caserta‚
2169 740 2225 781 qui
2248 741 2415 772 Manfredo

1341 778 1420 818 Regi
1443 778 1540 809 fidem
1564 780 1785 819 obstrinxerat,
1813 781 1845 811 in
1871 781 1938 812 eius
1968 783 2074 813 castris
2102 784 2257 815 militabat
2286 786 2416 817 simula-

1341 823 1457 863 batque
1480 823 1588 862 fidem,
1612 824 1675 854 loci
1699 825 1877 855 custodiam
1899 835 1959 865 pro
1983 836 2042 857 suo
2071 838 2203 859 munere
2227 829 2415 870 adsumpsit,

1341 867 1580 898 advenientibus
1598 868 1701 912 ‘Ducis
1724 869 1962 909 Andegavensis
1985 871 2085 911 copiis
2106 881 2173 902 non
2197 873 2331 912 obsistit,
2350 875 2415 904 adi-

1341 917 1411 941 tum
1439 912 1672 953 transitumque
1701 913 1812 944 suadet
1840 914 1899 944 sub
1923 914 2027 954 specie
2050 915 2127 945 boni
2156 917 2295 955 consilii,
2318 918 2415 959 idque

1341 956 1473 986 demum
1505 956 1570 996 agit
1592 956 1750 988 incestum
1780 957 1871 988 uxori
1899 968 1917 988 a
1947 958 2113 989 Manfredo
2143 961 2266 991 sororio
2290 961 2416 993 illatum

1340 998 1484 1031 ulturus?
1499 1000 1759 1032 Circumstantias
1773 1001 1971 1041 huiusmodi,
1989 1003 2160 1033 nonnullas
2174 1004 2237 1043 alii,
2254 1005 2306 1035 alii
2320 1005 2417 1037 simul

1340 1054 1472 1083 omnes,
1497 1050 1624 1076 narrant
1651 1046 1818 1086 scriptores
1841 1047 2065 1087 probatissimi,
2096 1048 2248 1079 Nicolaus
2272 1049 2311 1080 de
2335 1050 2416 1080 lam-

1340 1089 1419 1128 silla,
1436 1090 1633 1121 Ricordanus
1652 1091 1838 1131 Malespina,
1855 1091 1989 1122 Ioannes
2005 1092 2172 1131 villamus,
2192 1093 2416 1125 Summontius

1339 1133 1418 1174 ipse,
1443 1134 1602 1165 Odoricus
1631 1135 1831 1176 Raynafflus,
1855 1135 1907 1166 alii
1930 1136 2053 1176 plures:
2078 1147 2158 1178 quas
2180 1137 2230 1167 vel
2253 1137 2286 1168 in
2316 1137 2416 1178 ipsius

1340 1178 1476 1218 tyranni,
1500 1179 1555 1220 qui
1574 1179 1665 1210 nullo
1684 1180 1778 1220 plane
1797 1180 1890 1211 titulo
1914 1180 2086 1221 imperium
2104 1181 2235 1220 invadit,
2255 1182 2416 1214 occisione

1341 1230 1500 1254 execratur
1523 1223 1688 1262 Thomas,
1714 1230 1750 1255 ut
1772 1224 1854 1255 infra
1877 1224 2058 1256 dicendum.
2084 1225 2247 1256 Casertani
2278 1226 2415 1259 Comitis

1341 1266 1463 1298 facinus
1486 1268 1616 1299 scrutari
1649 1268 1829 1309 diligentius
1852 1268 1915 1300 hoc
1937 1269 2012 1300 loco
2044 1279 2111 1300 non
2139 1277 2249 1301 vacat:
2272 1271 2416 1313 illudque

1340 1321 1518 1343 memorare
1542 1312 1620 1343 mihi
1643 1313 1746 1352 liceat,
1763 1313 1856 1354 quale
1879 1313 1946 1354 ipse
1970 1313 2066 1344 etiam
2089 1314 2314 1347 Summontius
2345 1326 2415 1347 nar-

1340 1362 1397 1394 rat,
1414 1363 1450 1387 ut
1465 1357 1515 1387 vel
1531 1366 1568 1387 ex
1591 1357 1732 1395 historia,
1749 1367 1848 1398 quam
1863 1358 1930 1398 ipse
1956 1358 2110 1398 adprobat
2131 1366 2161 1390 et
2191 1360 2413 1400 amplectitur,

1341 1399 1486 1440 depromi
1510 1408 1619 1432 contra
1641 1401 1749 1442 ipsum
1773 1412 1860 1432 arma
1882 1409 2010 1443 queant.
2221 1432 2226 1437 .

1406 1445 1528 1475 Verum
1551 1446 1704 1477 admonet
1726 1446 1894 1477 historicus
1915 1454 2134 1487 propugnatae
2157 1458 2175 1478 a
2191 1448 2321 1479 Thoma
2343 1459 2413 1480 sen-

1339 1488 1455 1519 tentiae
1487 1489 1634 1530 refragari
1674 1490 1893 1530 Augustinum
1930 1491 2150 1532 Triumphum
2187 1490 2415 1525 anconitanum

1339 1532 1470 1563 Ordinis
1493 1544 1518 1564 s.
1537 1534 1726 1574 Augustini3
1753 1534 2036 1577 definitionemque
2065 1543 2175 1567 contra
2197 1537 2285 1567 illam
2307 1537 2416 1569 haberi

1338 1576 1371 1607 in
1396 1576 1543 1608 Concilio
1567 1577 1804 1609 Constantiensi
1835 1579 1943 1611 latam.
1967 1580 2048 1618 Quis
2077 1590 2144 1611 non
2167 1581 2340 1612 admiretur
2363 1592 2415 1613 so·

1337 1621 1460 1652 lertiam
1480 1622 1632 1661 historici,
1655 1622 1711 1664 qui
1728 1623 1906 1654 doctrinam
1929 1623 2027 1662 affert,
2043 1634 2062 1654 a
2077 1625 2263 1656 doctissimo
2283 1626 2414 1658 Trium-

1338 1665 1404 1705 pho
1428 1666 1648 1707 propulsatam
1669 1673 1700 1698 et
1727 1667 1759 1697 in
1789 1667 1937 1698 Concilio
1963 1668 2202 1700 Constantiensi
2231 1679 2416 1710 percussam

1337 1710 1548 1749 anathemate,
1573 1718 1610 1742 ut
1632 1711 1755 1743 facinus
1786 1711 1924 1743 Comitis
1955 1713 1994 1743 de
2024 1712 2154 1744 Caserta
2176 1713 2254 1745 vitio
2278 1713 2415 1755 purget?

1336 1755 1502 1786 Adversari
1519 1756 1738 1796 Triumphum
1754 1756 1860 1797 inquis
1876 1757 2037 1788 doctrinae
2053 1756 2244 1799 Aquinatis?
2268 1759 2344 1789 Non
2359 1759 2414 1791 ita.

1336 1799 1462 1830 Locum
1477 1800 1517 1830 ab
1532 1799 1604 1840 ipso
1624 1800 1830 1832 Summontio
1846 1801 2021 1832 indicatum
2037 1802 2253 1842 expendamus
2270 1801 2340 1844 (qu.
2363 1813 2416 1835 mv

1336 1845 1429 1875 artic.
1444 1842 1503 1887 111).
1529 1845 1690 1885 integrum
1713 1845 1852 1886 profero.
1878 1858 1892 1873 ε
1912 1845 2107 1884 Dicendum,
2133 1847 2223 1888 quod
2247 1847 2345 1888 aliqui
2369 1848 2415 1879 di·

1339 1900 1353 1915 »
1377 1895 1454 1919 cunt
1475 1899 1646 1929 personam
1669 1899 1687 1920 a
1710 1899 1774 1931 qua
1798 1889 1911 1921 furtive
1934 1890 2055 1931 aliquid
2078 1890 2246 1931 accipitur,
2275 1898 2331 1923 aut
2352 1902 2412 1933 pu-

1339 1945 1354 1960 »
1376 1933 1492 1964 blicam
1515 1943 1583 1964 esse
1605 1941 1637 1965 et
1658 1934 1696 1965 de
1712 1934 1876 1974 stipendiis
1892 1934 2131 1966 communitatis
2150 1935 2266 1974 vivere,
2282 1935 2333 1967 vel
2348 1936 2413 1977 pri-

1339 1989 1354 2004 »
1376 1983 1492 2008 vatam.
1510 1978 1551 2009 Et
1574 1978 1600 2008 si
1624 1985 1670 2010 est
1693 1979 1830 2019 publica,
1856 1978 2040 2019 dupliciter:
2061 1979 2136 2020 quia
2159 1979 2208 2010 vel
2237 1980 2333 2011 habet
2355 1981 2413 2012 do-

1339 2034 1354 2048 »
1376 2022 1515 2053 minium
1543 2022 1744 2064 tyrannicum
1776 2021 1848 2065 (per
1878 2023 2030 2054 iniustam
2062 2023 2262 2054 invasionem
2292 2025 2413 2066 absque

1340 2078 1354 2093 ›
1377 2066 1445 2097 ullo
1469 2065 1586 2110 titulo)
1610 2067 1660 2098 vel
1683 2067 1768 2098 iusto
1792 2066 1886 2098 titulo
1910 2068 2115 2108 adquisitum.
2142 2068 2288 2110 Utroque
2310 2069 2412 2100 modo

1340 2123 1354 2137 ⁷>
1377 2110 1486 2142 dicunt
1508 2111 1597 2152 quod
1613 2111 1735 2142 licitum
1752 2118 1798 2142 est
1821 2111 1917 2142 furari
1938 2122 1956 2142 a
1977 2122 2113 2152 persona
2136 2113 2264 2153 publica
2286 2113 2320 2144 in
2335 2123 2412 2145 casu

1340 2167 1354 2182 »
1374 2155 1564 2187 necessitatis
1588 2155 1734 2196 propriae
1759 2155 1809 2186 vel
1833 2155 1970 2186 alienae:
1995 2156 2071 2197 quia
2086 2166 2152 2187 non
2177 2163 2224 2188 est
2244 2163 2355 2189 contra
2368 2157 2413 2189 le-

1340 2211 1354 2226 »
1377 2209 1450 2240 gem
1466 2207 1595 2231 naturae
1619 2207 1791 2242 tyrannum
1807 2200 1953 2240 spoliare,
1970 2210 2068 2241 quem
2091 2200 2264 2232 honestum
2288 2208 2335 2233 est
2356 2211 2412 2233 ne-

1340 2256 1353 2271 »
1377 2254 1466 2283 care,
1492 2251 1528 2276 ut
1551 2244 1626 2276 dicit
1658 2245 1786 2276 Tullius
1809 2245 1849 2276 de
1875 2244 2012 2286 Officiis.
2041 2244 2192 2276 Similiter
2217 2245 2342 2277 licitum
2365 2253 2413 2278 est

1339 2300 1353 2315 »
1376 2288 1472 2319 furari
1497 2289 1535 2319 de
1559 2289 1651 2320 bonis
1683 2289 1828 2330 publicae
1857 2299 2029 2329 personae,
2054 2289 2198 2321 habentis
2228 2290 2411 2322 dominium

1339 2345 1353 2360 ²>
1376 2333 1461 2364 iusto
1485 2333 1580 2364 titulo
1604 2334 1818 2375 adquisitum,
1843 2334 1919 2375 quia
1942 2334 2027 2364 bona
2050 2333 2118 2365 eius
2151 2334 2307 2375 stipendia
2334 2341 2411 2367 sunt

1339 2390 1353 2404 »
1376 2377 1647 2409 communitatis..
1670 2378 1790 2410 Omnia
1806 2386 1914 2409 autem
1936 2378 1995 2409 ista
2019 2377 2122 2419 (Nota
2145 2379 2250 2410 locum
2274 2389 2295 2410 a
2314 2379 2409 2411 Sum-

1338 2434 1352 2449 »
1375 2423 1495 2453 montio
1519 2423 1712 2465 indicatum)
1736 2433 1803 2454 non
1818 2423 1965 2454 videntur
1987 2432 2055 2454 esse
2075 2423 2154 2454 bene
2178 2423 2270 2454 dicta.
2287 2423 2410 2462 Quam-

1337 2479 1351 2494 »
1374 2467 1421 2497 vis
1445 2467 1531 2498 enirn
1554 2467 1680 2498 hostem
1702 2467 1753 2498 vel
1780 2474 1952 2509 tyrannum
1981 2467 2118 2508 spoliare
2141 2467 2264 2499 licitum
2291 2468 2331 2500 sit
2353 2478 2410 2500 au—

1338 2523 1352 2538 »
1375 2511 1517 2542 ctoritate
1541 2511 1732 2552 superioris,
1758 2522 1825 2542 non
1849 2518 1896 2543 est
1918 2518 2025 2542 tamen
2048 2511 2171 2543 licitum
2200 2512 2329 2553 propria
2350 2522 2408 2544 vo—

1337 2568 1351 2583 »
1373 2556 1514 2594 luntate,
1541 2563 1577 2587 ut
1599 2556 1675 2587 dicit
1697 2556 1906 2596 Augustinus.
1922 2556 2013 2587 Bona
2031 2565 2107 2587 vero
2131 2556 2276 2596 publicae
2299 2566 2408 2597 perso-

1337 2613 1351 2627 »
1374 2610 1444 2638 nae,
1461 2600 1604 2632 habentis
1620 2601 1803 2631 dominium
1818 2601 1903 2631 iusto
1919 2600 2014 2631 titulo
2031 2600 2238 2641 adquisitum,
2254 2601 2327 2632 licet
2344 2600 2408 2632 sint

1337 2657 1351 2671 »
1374 2645 1529 2685 stipendia
1561 2645 1764 2682 communia;
1791 2651 1865 2675 sunt
1887 2651 1994 2675 tamen
2021 2644 2080 2674 sibi
2113 2644 2315 2685 appropriata
2346 2654 2406 2686 pro

1337 2700 1351 2716 »
1375 2689 1540 2719 communi
1556 2689 1839 2727 administratione,
1857 2698 1956 2729 quam
1971 2694 2110 2719 exercet:
2130 2688 2216 2718 unde
2232 2698 2268 2719 ea
2286 2688 2408 2720 ratione

1337 2745 1352 2759 a>
1374 2742 1440 2763 non
1465 2740 1511 2763 est
1525 2733 1648 2764 licitum
1665 2733 1760 2763 furari
1784 2733 1823 2763 de
1847 2732 1939 2763 bonis
1956 2732 2034 2763 eius.
2055 2744 2069 2759 ›
2089 2732 2176 2763 Haec
2200 2732 2322 2764 disserit
2342 2732 2406 2772 ille,

1333 2786 1351 2806 a
1375 2787 1426 2807 me
1450 2777 1603 2817 descripta
1633 2787 1670 2807 ex
1701 2776 1840 2807 editione
1862 2777 2010 2807 Romana
2043 2776 2076 2806 in
2100 2783 2214 2816 quarto
2247 2777 2280 2807 in
2312 2777 2407 2808 domo

1334 2821 1449 2852 nobilis
1481 2823 1543 2852 viri
1575 2821 1743 2852 Francisci
1765 2821 1806 2851 de
1831 2821 2000 2862 Cinquinis
2030 2820 2119 2861 apud
2145 2830 2171 2851 s.
2198 2821 2343 2852 Mariam
2365 2821 2407 2853 de

1327 2866 1450 2906 populo
1473 2871 1579 2896 curata
1594 2875 1681 2896 anno
1704 2866 1837 2896 Domini
1860 2871 1955 2907 1479,
1975 2864 2027 2896 die
2040 2873 2080 2895 20
2100 2865 2297 2897 Decembris.
2316 2865 2406 2897 Osci-

1333 2910 1418 2941 tabat
1439 2910 1679 2951 dormiebatque
1708 2909 1775 2940 sine
1804 2909 1902 2940 dubio
1931 2909 2173 2948 Summontius,
2199 2919 2274 2940 cum
2296 2909 2407 2941 locum

1332 2954 1430 2985 istum
1453 2954 1624 2995 Triumphi
1649 2954 1706 2984 sibi
1730 2954 1895 2985 videbatur
1917 2953 2068 2995 Aquinati
2096 2953 2265 2984 adversum
2287 2953 2403 2986 videre.

1332 2999 1407 3039 Agit
1429 2998 1481 3030 ille
1505 2999 1544 3029 de
1572 2998 1762 3039 spoliatione
1784 2999 1966 3036 bonorum;
1995 2998 2059 3038 agit
2090 2998 2147 3029 iste
2175 2998 2214 3028 de
2247 2998 2408 3030 occisione

1333 3053 1436 3084 eoque
1460 3043 1560 3084 magis
1584 3043 1622 3074 de
1646 3043 1741 3074 furto.
1759 3042 1870 3075 Occidi
1886 3042 1969 3074 licite
1992 3052 2086 3083 posse
2109 3043 2255 3084 adeoque
2275 3049 2306 3074 et
2327 3052 2403 3084 spo-

1332 3087 1399 3118 liari
1432 3087 1524 3118 bonis
1547 3094 1739 3129 tyrannum,
1765 3087 1821 3128 qui
1845 3087 1964 3128 absque
1987 3087 2082 3118 titulo
2115 3087 2255 3118 alienum
2286 3086 2407 3118 invadit

1332 3132 1519 3173 imperium,
1537 3132 1644 3163 habito
1668 3131 1755 3172 prius
1779 3141 1914 3163 recursu
1938 3130 1987 3174 (si
2010 3131 2076 3162 fieri
2100 3130 2224 3174 possit)
2247 3131 2291 3162 ad
2311 3140 2406 3173 supe-

1333 3178 1463 3214 riorem,
1485 3177 1675 3218 caeterisque
1692 3176 1819 3207 servatis
1842 3176 1966 3207 candidi
1984 3183 2014 3207 et
2030 3175 2185 3207 moderati
2208 3175 2306 3206 animi
2330 3184 2406 3206 con-

1332 3221 1517 3260 ditionibus,
1533 3221 1681 3252 Thomae
1705 3221 1847 3252 doctrina
1863 3227 1909 3251 est
1931 3220 2005 3251 loco
2023 3220 2129 3251 citato.
2146 3220 2221 3250 Non
2239 3225 2406 3260 repugnat,

1332 3266 1481 3296 convenit
1504 3265 1646 3306 apprime
1670 3265 1812 3296 doctrina
1835 3264 2023 3305 Triumphi:
2043 3265 2191 3302 Hostem,
2209 3262 2401 3305 inquientis,

1332 3310 1383 3341 vel
1405 3315 1584 3351 tyrannum
1608 3308 1690 3352 (iure
1712 3310 1801 3340 nullo
1826 3309 1966 3340 alienum
1981 3309 2153 3350 imperium
2176 3304 2403 3350 invadentem),

1331 3355 1472 3395 spoliare
1495 3355 1615 3386 licitum
1640 3360 1687 3386 est
1709 3355 1902 3385 auctoritate
1923 3354 2111 3395 superioris,
2139 3362 2202 3384 non
2227 3357 2274 3383 est
2295 3355 2403 3382 tamen

1331 3400 1453 3430 licitum
1472 3400 1610 3440 propria
1635 3399 1799 3430 voluntate
1824 3404 1854 3430 et
1876 3399 2080 3430 auctoritate.
2099 3397 2257 3438 Soporem
2279 3401 2400 3434 excute,

1331 3444 1416 3484 aperi
1439 3444 1564 3482 oculos,
1579 3443 1690 3474 locum
1714 3450 1887 3485 utrumque
1911 3452 2071 3484 compara,
2096 3442 2145 3472 iac
2168 3447 2204 3472 ut
2225 3438 2403 3479 intelligas;

1331 3488 1499 3530 capiesque
1522 3488 1783 3529 perfectissimam
1799 3487 2052 3519 consonantiam.
2078 3486 2114 3516 Id
2136 3494 2250 3522 unum,
2269 3483 2302 3533 si·
2314 3483 2404 3524 quod

1331 3539 1387 3571 est,
1412 3533 1511 3564 afferri
1544 3532 1712 3564 discrimen
1735 3539 1860 3573 potest,
1885 3531 1976 3574 quod
1998 3529 2171 3578 Ciceronis.
2183 3534 2404 3559 auctoritatem

1331 3577 1530 3618 Triumphus
1554 3577 1683 3617 insuper
1706 3577 1818 3607 habet:
1839 3575 1969 3617 exponit
1991 3584 2062 3605 eam
2087 3575 2231 3614 Aquinas
2253 3578 2404 3622 rectoque

1331 3631 1425 3653 sensu
1450 3622 1557 3652 donat.
1575 3621 1675 3659 Quod
1697 3621 1723 3651 si
1746 3621 1785 3651 de
1801 3627 1936 3662 tyranno
1959 3627 2064 3650 sermo
2081 3617 2131 3656 sit,
2148 3616 2204 3658 qui
2227 3626 2303 3647 cum
2318 3622 2404 3647 iusto
