<?xml version="1.0" encoding="UTF-8"?>
<!DOCTYPE html PUBLIC "-//W3C//DTD XHTML 1.0 Transitional//EN"
    "http://www.w3.org/TR/xhtml1/DTD/xhtml1-transitional.dtd">
<html xmlns="http://www.w3.org/1999/xhtml" xml:lang="en" lang="en">
 <head>
  <title>
</title>
<meta http-equiv="Content-Type" content="text/html;charset=utf-8" />
  <meta name='ocr-system' content='tesseract 3.04.00' />
  <meta name='ocr-capabilities' content='ocr_page ocr_carea ocr_par ocr_line ocrx_word'/>
</head>
<body>
  <div class='ocr_page' id='page_1' title='image "./operaomniaiussui01thom/operaomniaiussui01thom_0217.png"; bbox 0 0 2548 4192; ppageno 0'>
   <div class='ocr_carea' id='block_1_1' title="bbox 943 255 1684 303">
    <p class='ocr_par' dir='ltr' id='par_1_1' title="bbox 943 255 1684 303">
     <span class='ocr_line' id='line_1_1' title="bbox 943 255 1684 303; baseline 0 -11"><span class='ocrx_word' id='word_1_1' title='bbox 943 256 998 292; x_wconf 95' lang='lat' dir='ltr'>IN</span> <span class='ocrx_word' id='word_1_2' title='bbox 1029 256 1066 292; x_wconf 90' lang='lat' dir='ltr'>S.</span> <span class='ocrx_word' id='word_1_3' title='bbox 1093 255 1334 293; x_wconf 93' lang='lat' dir='ltr'>THOMAM</span> <span class='ocrx_word' id='word_1_4' title='bbox 1361 256 1684 303; x_wconf 91' lang='lat' dir='ltr'>AQUINATEM</span> 
     </span>
    </p>
   </div>
   <div class='ocr_carea' id='block_1_2' title="bbox 603 335 882 372">
    <p class='ocr_par' dir='ltr' id='par_1_2' title="bbox 603 335 882 372">
     <span class='ocr_line' id='line_1_2' title="bbox 603 335 882 372; baseline 0.004 -1"><span class='ocrx_word' id='word_1_5' title='bbox 603 335 802 372; x_wconf 92' lang='lat' dir='ltr'><strong>CAPUT</strong></span> <span class='ocrx_word' id='word_1_6' title='bbox 835 335 882 372; x_wconf 93' lang='lat' dir='ltr'>V.</span> 
     </span>
    </p>
   </div>
   <div class='ocr_carea' id='block_1_3' title="bbox 208 432 1282 573">
    <p class='ocr_par' dir='ltr' id='par_1_3' title="bbox 208 432 1282 573">
     <span class='ocr_line' id='line_1_3' title="bbox 208 432 1282 467; baseline -0.001 -7"><span class='ocrx_word' id='word_1_7' title='bbox 208 434 296 460; x_wconf 83' lang='lat' dir='ltr'>Tertia</span> <span class='ocrx_word' id='word_1_8' title='bbox 315 434 438 459; x_wconf 85' lang='lat' dir='ltr'>Summae</span> <span class='ocrx_word' id='word_1_9' title='bbox 457 432 630 466; x_wconf 87' lang='lat' dir='ltr'>Theologicae</span> <span class='ocrx_word' id='word_1_10' title='bbox 649 441 709 467; x_wconf 82' lang='lat' dir='ltr'>pars</span> <span class='ocrx_word' id='word_1_11' title='bbox 734 434 766 459; x_wconf 89' lang='lat' dir='ltr'>ad</span> <span class='ocrx_word' id='word_1_12' title='bbox 784 441 817 459; x_wconf 86' lang='lat' dir='ltr'>xc</span> <span class='ocrx_word' id='word_1_13' title='bbox 835 441 920 466; x_wconf 88' lang='lat' dir='ltr'>usque</span> <span class='ocrx_word' id='word_1_14' title='bbox 945 434 1139 467; x_wconf 86' lang='lat' dir='ltr'>quaestionem,</span> <span class='ocrx_word' id='word_1_15' title='bbox 1165 439 1282 459; x_wconf 85' lang='lat' dir='ltr'>veterum</span> 
     </span>
     <span class='ocr_line' id='line_1_4' title="bbox 278 468 1282 502; baseline -0.001 -7"><span class='ocrx_word' id='word_1_16' title='bbox 278 469 428 495; x_wconf 75' lang='lat' dir='ltr'>testimonio</span> <span class='ocrx_word' id='word_1_17' title='bbox 452 473 478 494; x_wconf 90' lang='lat' dir='ltr'>et</span> <span class='ocrx_word' id='word_1_18' title='bbox 502 469 583 502; x_wconf 87' lang='lat' dir='ltr'>ipsius</span> <span class='ocrx_word' id='word_1_19' title='bbox 608 469 727 494; x_wconf 88' lang='lat' dir='ltr'>Thomae</span> <span class='ocrx_word' id='word_1_20' title='bbox 752 468 819 500; x_wconf 83' lang='lat' dir='ltr'>fide,</span> <span class='ocrx_word' id='word_1_21' title='bbox 845 469 972 502; x_wconf 85' lang='lat' dir='ltr'>genuinus</span> <span class='ocrx_word' id='word_1_22' title='bbox 997 469 1140 494; x_wconf 82' lang='lat' dir='ltr'>ostenditur</span> <span class='ocrx_word' id='word_1_23' title='bbox 1165 469 1282 495; x_wconf 89' lang='lat' dir='ltr'>eiusdem</span> 
     </span>
     <span class='ocr_line' id='line_1_5' title="bbox 279 503 1281 564; baseline -0.001 -34"><span class='ocrx_word' id='word_1_24' title='bbox 279 504 415 564; x_wconf 50' lang='lat' dir='ltr'>quinantli?</span> <span class='ocrx_word' id='word_1_25' title='bbox 439 503 533 530; x_wconf 84' lang='lat' dir='ltr'>foetus.</span> <span class='ocrx_word' id='word_1_26' title='bbox 558 504 626 529; x_wconf 87' lang='lat' dir='ltr'>Petri</span> <span class='ocrx_word' id='word_1_27' title='bbox 650 505 683 529; x_wconf 92' lang='lat' dir='ltr'>de</span> <span class='ocrx_word' id='word_1_28' title='bbox 701 505 766 529; x_wconf 86' lang='lat' dir='ltr'>Alva</span> <span class='ocrx_word' id='word_1_29' title='bbox 791 509 816 530; x_wconf 90' lang='lat' dir='ltr'>et</span> <span class='ocrx_word' id='word_1_30' title='bbox 834 505 945 538; x_wconf 87' lang='lat' dir='ltr'>Astorga</span> <span class='ocrx_word' id='word_1_31' title='bbox 970 504 1046 530; x_wconf 87' lang='lat' dir='ltr'>dubia</span> <span class='ocrx_word' id='word_1_32' title='bbox 1071 510 1096 529; x_wconf 93' lang='lat' dir='ltr'>et</span> <span class='ocrx_word' id='word_1_33' title='bbox 1119 504 1219 530; x_wconf 89' lang='lat' dir='ltr'>obiecta</span> <span class='ocrx_word' id='word_1_34' title='bbox 1238 506 1281 530; x_wconf 91' lang='lat' dir='ltr'>de-</span> 
     </span>
     <span class='ocr_line' id='line_1_6' title="bbox 278 541 417 573; baseline 0.007 -9"><span class='ocrx_word' id='word_1_35' title='bbox 278 541 367 573; x_wconf 86' lang='lat' dir='ltr'>pelun</span> <span class='ocrx_word' id='word_1_36' title='bbox 409 557 417 565; x_wconf 88' lang='lat'>.</span> 
     </span>
    </p>
   </div>
   <div class='ocr_carea' id='block_1_4' title="bbox 180 644 1284 3647">
    <p class='ocr_par' dir='ltr' id='par_1_4' title="bbox 180 644 1284 1130">
     <span class='ocr_line' id='line_1_7' title="bbox 208 644 1282 685; baseline 0 -10"><span class='ocrx_word' id='word_1_37' title='bbox 208 648 233 678; x_wconf 87' lang='lat' dir='ltr'>l.</span> <span class='ocrx_word' id='word_1_38' title='bbox 317 645 482 685; x_wconf 89' lang='lat' dir='ltr'>gregium,</span> <span class='ocrx_word' id='word_1_39' title='bbox 512 644 602 685; x_wconf 92' lang='lat' dir='ltr'>quod</span> <span class='ocrx_word' id='word_1_40' title='bbox 624 644 776 674; x_wconf 89' lang='lat' dir='ltr'>hactenus</span> <span class='ocrx_word' id='word_1_41' title='bbox 800 644 949 674; x_wconf 91' lang='lat' dir='ltr'>adversus</span> <span class='ocrx_word' id='word_1_42' title='bbox 972 644 1158 675; x_wconf 90' lang='lat' dir='ltr'>Launoium</span> <span class='ocrx_word' id='word_1_43' title='bbox 1179 645 1282 675; x_wconf 89' lang='lat' dir='ltr'>vindi-</span> 
     </span>
     <span class='ocr_line' id='line_1_8' title="bbox 318 687 1284 728; baseline -0.001 -8"><span class='ocrx_word' id='word_1_44' title='bbox 318 689 459 720; x_wconf 88' lang='lat' dir='ltr'>cavimus</span> <span class='ocrx_word' id='word_1_45' title='bbox 488 688 580 728; x_wconf 88' lang='lat' dir='ltr'>Opus</span> <span class='ocrx_word' id='word_1_46' title='bbox 610 687 742 718; x_wconf 91' lang='lat' dir='ltr'>Doctori</span> <span class='ocrx_word' id='word_1_47' title='bbox 765 687 941 728; x_wconf 87' lang='lat' dir='ltr'>Angelico,</span> <span class='ocrx_word' id='word_1_48' title='bbox 970 689 1053 719; x_wconf 89' lang='lat' dir='ltr'>Petri</span> <span class='ocrx_word' id='word_1_49' title='bbox 1082 689 1120 719; x_wconf 91' lang='lat' dir='ltr'>de</span> <span class='ocrx_word' id='word_1_50' title='bbox 1144 689 1225 719; x_wconf 89' lang='lat' dir='ltr'>Alva</span> <span class='ocrx_word' id='word_1_51' title='bbox 1253 695 1284 719; x_wconf 94' lang='lat' dir='ltr'>et</span> 
     </span>
     <span class='ocr_line' id='line_1_9' title="bbox 208 732 1282 777; baseline -0.005 -9"><span class='ocrx_word' id='word_1_52' title='bbox 208 738 345 777; x_wconf 85' lang='lat' dir='ltr'>Astorga</span> <span class='ocrx_word' id='word_1_53' title='bbox 363 734 396 764; x_wconf 93' lang='lat' dir='ltr'>in</span> <span class='ocrx_word' id='word_1_54' title='bbox 421 734 528 764; x_wconf 87' lang='lat' dir='ltr'>Tertia</span> <span class='ocrx_word' id='word_1_55' title='bbox 545 739 576 763; x_wconf 89' lang='lat' dir='ltr'>et</span> <span class='ocrx_word' id='word_1_56' title='bbox 591 739 752 773; x_wconf 87' lang='lat' dir='ltr'>postrema</span> <span class='ocrx_word' id='word_1_57' title='bbox 767 733 865 763; x_wconf 87' lang='lat' dir='ltr'>Parte</span> <span class='ocrx_word' id='word_1_58' title='bbox 881 732 1015 772; x_wconf 86' lang='lat' dir='ltr'>effugere</span> <span class='ocrx_word' id='word_1_59' title='bbox 1035 743 1200 764; x_wconf 90' lang='lat' dir='ltr'>censuram</span> <span class='ocrx_word' id='word_1_60' title='bbox 1216 744 1282 764; x_wconf 91' lang='lat' dir='ltr'>non</span> 
     </span>
     <span class='ocr_line' id='line_1_10' title="bbox 209 776 1282 822; baseline 0 -14"><span class='ocrx_word' id='word_1_61' title='bbox 209 781 325 822; x_wconf 81' lang='lat' dir='ltr'>potuit,</span> <span class='ocrx_word' id='word_1_62' title='bbox 355 779 446 808; x_wconf 91' lang='lat' dir='ltr'>Hanc</span> <span class='ocrx_word' id='word_1_63' title='bbox 478 777 531 807; x_wconf 89' lang='lat' dir='ltr'>ille</span> <span class='ocrx_word' id='word_1_64' title='bbox 562 777 743 817; x_wconf 84' lang='lat' dir='ltr'>suppletam</span> <span class='ocrx_word' id='word_1_65' title='bbox 772 786 847 807; x_wconf 91' lang='lat' dir='ltr'>cum</span> <span class='ocrx_word' id='word_1_66' title='bbox 874 776 991 817; x_wconf 90' lang='lat' dir='ltr'>legeret</span> <span class='ocrx_word' id='word_1_67' title='bbox 1025 778 1282 819; x_wconf 87' lang='lat' dir='ltr'>completamque</span> 
     </span>
     <span class='ocr_line' id='line_1_11' title="bbox 209 820 1281 866; baseline -0.005 -9"><span class='ocrx_word' id='word_1_68' title='bbox 209 832 284 866; x_wconf 92' lang='lat' dir='ltr'>post</span> <span class='ocrx_word' id='word_1_69' title='bbox 302 822 429 856; x_wconf 90' lang='lat' dir='ltr'>obitum</span> <span class='ocrx_word' id='word_1_70' title='bbox 447 821 626 862; x_wconf 90' lang='lat' dir='ltr'>Aquinatis,</span> <span class='ocrx_word' id='word_1_71' title='bbox 647 820 857 852; x_wconf 89' lang='lat' dir='ltr'>confidentius</span> <span class='ocrx_word' id='word_1_72' title='bbox 876 821 1086 861; x_wconf 86' lang='lat' dir='ltr'>pronunciare</span> <span class='ocrx_word' id='word_1_73' title='bbox 1105 832 1200 852; x_wconf 90' lang='lat' dir='ltr'>ausus</span> <span class='ocrx_word' id='word_1_74' title='bbox 1221 829 1281 852; x_wconf 90' lang='lat' dir='ltr'>est:</span> 
     </span>
     <span class='ocr_line' id='line_1_12' title="bbox 208 865 1282 907; baseline -0.004 -6"><span class='ocrx_word' id='word_1_75' title='bbox 208 869 255 900; x_wconf 91' lang='lat' dir='ltr'>illi</span> <span class='ocrx_word' id='word_1_76' title='bbox 283 868 412 900; x_wconf 86' lang='lat' dir='ltr'>Tertiae</span> <span class='ocrx_word' id='word_1_77' title='bbox 434 866 526 896; x_wconf 88' lang='lat' dir='ltr'>Parti</span> <span class='ocrx_word' id='word_1_78' title='bbox 549 875 612 896; x_wconf 90' lang='lat' dir='ltr'>non</span> <span class='ocrx_word' id='word_1_79' title='bbox 636 865 751 896; x_wconf 88' lang='lat' dir='ltr'>debere</span> <span class='ocrx_word' id='word_1_80' title='bbox 773 865 952 896; x_wconf 85' lang='lat' dir='ltr'>absolutam</span> <span class='ocrx_word' id='word_1_81' title='bbox 971 866 1075 907; x_wconf 88' lang='lat' dir='ltr'>fidem</span> <span class='ocrx_word' id='word_1_82' title='bbox 1093 867 1282 906; x_wconf 85' lang='lat' dir='ltr'>praestari:</span> 
     </span>
     <span class='ocr_line' id='line_1_13' title="bbox 209 907 1282 952; baseline -0.001 -11"><span class='ocrx_word' id='word_1_83' title='bbox 209 914 284 952; x_wconf 87' lang='lat' dir='ltr'>imo,</span> <span class='ocrx_word' id='word_1_84' title='bbox 309 921 390 949; x_wconf 61' lang='lat' dir='ltr'>cum,</span> <span class='ocrx_word' id='word_1_85' title='bbox 402 911 589 952; x_wconf 83' lang='lat' dir='ltr'>ignoremus</span> <span class='ocrx_word' id='word_1_86' title='bbox 621 907 678 952; x_wconf 92' lang='lat' dir='ltr'>(ut</span> <span class='ocrx_word' id='word_1_87' title='bbox 699 907 822 952; x_wconf 87' lang='lat' dir='ltr'>inquit)</span> <span class='ocrx_word' id='word_1_88' title='bbox 847 910 901 940; x_wconf 86' lang='lat' dir='ltr'>ubi</span> <span class='ocrx_word' id='word_1_89' title='bbox 914 909 1024 950; x_wconf 89' lang='lat' dir='ltr'>suerit</span> <span class='ocrx_word' id='word_1_90' title='bbox 1050 910 1132 940; x_wconf 89' lang='lat' dir='ltr'>illud</span> <span class='ocrx_word' id='word_1_91' title='bbox 1147 910 1282 950; x_wconf 87' lang='lat' dir='ltr'>comple-</span> 
     </span>
     <span class='ocr_line' id='line_1_14' title="bbox 208 953 1282 995; baseline -0.005 -6"><span class='ocrx_word' id='word_1_92' title='bbox 208 963 363 993; x_wconf 85' lang='lat' dir='ltr'>mentum,</span> <span class='ocrx_word' id='word_1_93' title='bbox 384 965 426 985; x_wconf 92' lang='lat' dir='ltr'>an</span> <span class='ocrx_word' id='word_1_94' title='bbox 443 956 475 985; x_wconf 91' lang='lat' dir='ltr'>in</span> <span class='ocrx_word' id='word_1_95' title='bbox 494 955 668 995; x_wconf 83' lang='lat' dir='ltr'>principio,</span> <span class='ocrx_word' id='word_1_96' title='bbox 684 954 769 995; x_wconf 87' lang='lat' dir='ltr'>fine,</span> <span class='ocrx_word' id='word_1_97' title='bbox 790 953 904 991; x_wconf 88' lang='lat' dir='ltr'>medio,</span> <span class='ocrx_word' id='word_1_98' title='bbox 926 959 1023 984; x_wconf 90' lang='lat' dir='ltr'>totam</span> <span class='ocrx_word' id='word_1_99' title='bbox 1043 955 1183 984; x_wconf 82' lang='lat' dir='ltr'>Tertiam</span> <span class='ocrx_word' id='word_1_100' title='bbox 1202 964 1282 994; x_wconf 90' lang='lat' dir='ltr'>par-</span> 
     </span>
     <span class='ocr_line' id='line_1_15' title="bbox 180 998 1282 1040; baseline -0.005 -7"><span class='ocrx_word' id='word_1_101' title='bbox 180 1018 182 1020; x_wconf 59' lang='lat'>&gt;</span> <span class='ocrx_word' id='word_1_102' title='bbox 211 1007 272 1033; x_wconf 89' lang='lat' dir='ltr'>tem</span> <span class='ocrx_word' id='word_1_103' title='bbox 297 1004 477 1040; x_wconf 82' lang='lat' dir='ltr'>suspectam</span> <span class='ocrx_word' id='word_1_104' title='bbox 502 1008 580 1029; x_wconf 90' lang='lat' dir='ltr'>esse.</span> <span class='ocrx_word' id='word_1_105' title='bbox 604 998 691 1028; x_wconf 89' lang='lat' dir='ltr'>Haec</span> <span class='ocrx_word' id='word_1_106' title='bbox 714 998 767 1028; x_wconf 91' lang='lat' dir='ltr'>ille</span> <span class='ocrx_word' id='word_1_107' title='bbox 794 1004 825 1028; x_wconf 91' lang='lat' dir='ltr'>et</span> <span class='ocrx_word' id='word_1_108' title='bbox 855 998 969 1028; x_wconf 87' lang='lat' dir='ltr'>similia</span> <span class='ocrx_word' id='word_1_109' title='bbox 991 998 1024 1028; x_wconf 93' lang='lat' dir='ltr'>in</span> <span class='ocrx_word' id='word_1_110' title='bbox 1049 1008 1109 1029; x_wconf 90' lang='lat' dir='ltr'>suo</span> <span class='ocrx_word' id='word_1_111' title='bbox 1133 998 1208 1029; x_wconf 87' lang='lat' dir='ltr'>Sole</span> <span class='ocrx_word' id='word_1_112' title='bbox 1230 1008 1282 1029; x_wconf 80' lang='lat' dir='ltr'>ve-</span> 
     </span>
     <span class='ocr_line' id='line_1_16' title="bbox 209 1042 1283 1084; baseline -0.005 -7"><span class='ocrx_word' id='word_1_113' title='bbox 209 1047 328 1084; x_wconf 86' lang='lat' dir='ltr'>ritatis,</span> <span class='ocrx_word' id='word_1_114' title='bbox 354 1053 478 1084; x_wconf 91' lang='lat' dir='ltr'>suoque</span> <span class='ocrx_word' id='word_1_115' title='bbox 501 1043 535 1073; x_wconf 90' lang='lat' dir='ltr'>in</span> <span class='ocrx_word' id='word_1_116' title='bbox 558 1042 652 1073; x_wconf 90' lang='lat' dir='ltr'>Nodo</span> <span class='ocrx_word' id='word_1_117' title='bbox 676 1047 707 1072; x_wconf 89' lang='lat' dir='ltr'>et</span> <span class='ocrx_word' id='word_1_118' title='bbox 728 1042 897 1072; x_wconf 89' lang='lat' dir='ltr'>Funiculis</span> <span class='ocrx_word' id='word_1_119' title='bbox 921 1052 956 1072; x_wconf 88' lang='lat' dir='ltr'>ac</span> <span class='ocrx_word' id='word_1_120' title='bbox 979 1042 1012 1072; x_wconf 91' lang='lat' dir='ltr'>in</span> <span class='ocrx_word' id='word_1_121' title='bbox 1036 1042 1160 1080; x_wconf 89' lang='lat' dir='ltr'>libello,</span> <span class='ocrx_word' id='word_1_122' title='bbox 1184 1052 1283 1082; x_wconf 93' lang='lat' dir='ltr'>quem</span> 
     </span>
     <span class='ocr_line' id='line_1_17' title="bbox 208 1085 1044 1130; baseline -0.006 -9"><span class='ocrx_word' id='word_1_123' title='bbox 208 1090 378 1130; x_wconf 85' lang='lat' dir='ltr'>inscripsit,</span> <span class='ocrx_word' id='word_1_124' title='bbox 405 1087 536 1118; x_wconf 87' lang='lat' dir='ltr'>Certum</span> <span class='ocrx_word' id='word_1_125' title='bbox 559 1086 638 1126; x_wconf 86' lang='lat' dir='ltr'>quid</span> <span class='ocrx_word' id='word_1_126' title='bbox 660 1087 857 1116; x_wconf 83' lang='lat' dir='ltr'>certissimae</span> <span class='ocrx_word' id='word_1_127' title='bbox 870 1085 1044 1126; x_wconf 87' lang='lat' dir='ltr'>falsitatis.</span> 
     </span>
    </p>

    <p class='ocr_par' dir='ltr' id='par_1_5' title="bbox 199 1129 1284 2147">
     <span class='ocr_line' id='line_1_18' title="bbox 277 1129 1282 1171; baseline -0.005 -7"><span class='ocrx_word' id='word_1_128' title='bbox 277 1134 445 1171; x_wconf 89' lang='lat' dir='ltr'>Quantum</span> <span class='ocrx_word' id='word_1_129' title='bbox 468 1141 486 1161; x_wconf 93' lang='lat' dir='ltr'>a</span> <span class='ocrx_word' id='word_1_130' title='bbox 508 1140 584 1160; x_wconf 88' lang='lat' dir='ltr'>vero</span> <span class='ocrx_word' id='word_1_131' title='bbox 613 1129 783 1160; x_wconf 84' lang='lat' dir='ltr'>deviaverit</span> <span class='ocrx_word' id='word_1_132' title='bbox 804 1129 905 1168; x_wconf 90' lang='lat' dir='ltr'>Alva,</span> <span class='ocrx_word' id='word_1_133' title='bbox 936 1140 1035 1170; x_wconf 91' lang='lat' dir='ltr'>quarn</span> <span class='ocrx_word' id='word_1_134' title='bbox 1057 1129 1144 1169; x_wconf 89' lang='lat' dir='ltr'>gravi</span> <span class='ocrx_word' id='word_1_135' title='bbox 1167 1129 1282 1160; x_wconf 89' lang='lat' dir='ltr'>mentis</span> 
     </span>
     <span class='ocr_line' id='line_1_19' title="bbox 207 1173 1283 1218; baseline -0.005 -10"><span class='ocrx_word' id='word_1_136' title='bbox 207 1177 363 1218; x_wconf 87' lang='lat' dir='ltr'>vertigine</span> <span class='ocrx_word' id='word_1_137' title='bbox 382 1186 415 1206; x_wconf 90' lang='lat' dir='ltr'>se</span> <span class='ocrx_word' id='word_1_138' title='bbox 433 1175 467 1205; x_wconf 91' lang='lat' dir='ltr'>in</span> <span class='ocrx_word' id='word_1_139' title='bbox 482 1174 581 1205; x_wconf 91' lang='lat' dir='ltr'>hocce</span> <span class='ocrx_word' id='word_1_140' title='bbox 597 1173 727 1213; x_wconf 86' lang='lat' dir='ltr'>negotio</span> <span class='ocrx_word' id='word_1_141' title='bbox 746 1173 823 1204; x_wconf 87' lang='lat' dir='ltr'>verti</span> <span class='ocrx_word' id='word_1_142' title='bbox 843 1179 873 1204; x_wconf 91' lang='lat' dir='ltr'>et</span> <span class='ocrx_word' id='word_1_143' title='bbox 893 1173 1063 1213; x_wconf 85' lang='lat' dir='ltr'>circumagi</span> <span class='ocrx_word' id='word_1_144' title='bbox 1082 1173 1197 1212; x_wconf 87' lang='lat' dir='ltr'>siverit,</span> <span class='ocrx_word' id='word_1_145' title='bbox 1212 1174 1283 1204; x_wconf 92' lang='lat' dir='ltr'>luce</span> 
     </span>
     <span class='ocr_line' id='line_1_20' title="bbox 208 1217 1282 1258; baseline -0.006 -5"><span class='ocrx_word' id='word_1_146' title='bbox 208 1221 383 1253; x_wconf 90' lang='lat' dir='ltr'>meridiana</span> <span class='ocrx_word' id='word_1_147' title='bbox 411 1218 524 1250; x_wconf 91' lang='lat' dir='ltr'>clarius</span> <span class='ocrx_word' id='word_1_148' title='bbox 553 1217 746 1258; x_wconf 87' lang='lat' dir='ltr'>patefaciunt</span> <span class='ocrx_word' id='word_1_149' title='bbox 774 1217 944 1258; x_wconf 88' lang='lat' dir='ltr'>synchroni</span> <span class='ocrx_word' id='word_1_150' title='bbox 973 1217 1187 1258; x_wconf 86' lang='lat' dir='ltr'>probatissimi</span> <span class='ocrx_word' id='word_1_151' title='bbox 1211 1217 1282 1248; x_wconf 90' lang='lat' dir='ltr'>scri-</span> 
     </span>
     <span class='ocr_line' id='line_1_21' title="bbox 207 1261 1282 1307; baseline -0.005 -10"><span class='ocrx_word' id='word_1_152' title='bbox 207 1272 325 1307; x_wconf 90' lang='lat' dir='ltr'>ptores.</span> <span class='ocrx_word' id='word_1_153' title='bbox 335 1265 462 1296; x_wconf 89' lang='lat' dir='ltr'>Partem</span> <span class='ocrx_word' id='word_1_154' title='bbox 479 1262 560 1293; x_wconf 91' lang='lat' dir='ltr'>hanc</span> <span class='ocrx_word' id='word_1_155' title='bbox 570 1262 723 1293; x_wconf 88' lang='lat' dir='ltr'>Summae</span> <span class='ocrx_word' id='word_1_156' title='bbox 746 1261 939 1302; x_wconf 75' lang='lat' dir='ltr'>Theologiae</span> <span class='ocrx_word' id='word_1_157' title='bbox 954 1261 1097 1292; x_wconf 83' lang='lat' dir='ltr'>Tertiam</span> <span class='ocrx_word' id='word_1_158' title='bbox 1115 1262 1154 1292; x_wconf 89' lang='lat' dir='ltr'>ab</span> <span class='ocrx_word' id='word_1_159' title='bbox 1174 1268 1282 1292; x_wconf 87' lang='lat' dir='ltr'>sancto</span> 
     </span>
     <span class='ocr_line' id='line_1_22' title="bbox 208 1305 1282 1349; baseline -0.005 -8"><span class='ocrx_word' id='word_1_160' title='bbox 208 1310 339 1341; x_wconf 90' lang='lat' dir='ltr'>Thoma</span> <span class='ocrx_word' id='word_1_161' title='bbox 359 1307 518 1349; x_wconf 79' lang='lat' dir='ltr'>Aquinate</span> <span class='ocrx_word' id='word_1_162' title='bbox 542 1307 759 1337; x_wconf 85' lang='lat' dir='ltr'>elucubratam</span> <span class='ocrx_word' id='word_1_163' title='bbox 783 1305 939 1337; x_wconf 87' lang='lat' dir='ltr'>scribunt:</span> <span class='ocrx_word' id='word_1_164' title='bbox 965 1312 1092 1346; x_wconf 91' lang='lat' dir='ltr'>tempus</span> <span class='ocrx_word' id='word_1_165' title='bbox 1116 1305 1282 1344; x_wconf 88' lang='lat' dir='ltr'>definiunt,</span> 
     </span>
     <span class='ocr_line' id='line_1_23' title="bbox 207 1350 1283 1396; baseline -0.005 -11"><span class='ocrx_word' id='word_1_166' title='bbox 207 1364 275 1396; x_wconf 86' lang='lat' dir='ltr'>quo</span> <span class='ocrx_word' id='word_1_167' title='bbox 286 1353 390 1385; x_wconf 83' lang='lat' dir='ltr'>eidem</span> <span class='ocrx_word' id='word_1_168' title='bbox 400 1351 642 1392; x_wconf 83' lang='lat' dir='ltr'>componendae</span> <span class='ocrx_word' id='word_1_169' title='bbox 657 1360 788 1391; x_wconf 87' lang='lat' dir='ltr'>operam</span> <span class='ocrx_word' id='word_1_170' title='bbox 802 1350 974 1390; x_wconf 89' lang='lat' dir='ltr'>impendit:</span> <span class='ocrx_word' id='word_1_171' title='bbox 990 1357 1176 1390; x_wconf 89' lang='lat' dir='ltr'>argumenta</span> <span class='ocrx_word' id='word_1_172' title='bbox 1186 1360 1283 1391; x_wconf 91' lang='lat' dir='ltr'>quae-</span> 
     </span>
     <span class='ocr_line' id='line_1_24' title="bbox 209 1394 1282 1438; baseline -0.005 -8"><span class='ocrx_word' id='word_1_173' title='bbox 209 1398 363 1436; x_wconf 86' lang='lat' dir='ltr'>stionum,</span> <span class='ocrx_word' id='word_1_174' title='bbox 380 1406 462 1438; x_wconf 89' lang='lat' dir='ltr'>quae</span> <span class='ocrx_word' id='word_1_175' title='bbox 478 1396 511 1426; x_wconf 90' lang='lat' dir='ltr'>in</span> <span class='ocrx_word' id='word_1_176' title='bbox 526 1395 638 1426; x_wconf 90' lang='lat' dir='ltr'>eadem</span> <span class='ocrx_word' id='word_1_177' title='bbox 654 1400 892 1435; x_wconf 83' lang='lat' dir='ltr'>pertractantur,</span> <span class='ocrx_word' id='word_1_178' title='bbox 907 1394 980 1425; x_wconf 89' lang='lat' dir='ltr'>satis</span> <span class='ocrx_word' id='word_1_179' title='bbox 994 1394 1149 1425; x_wconf 81' lang='lat' dir='ltr'>indicant:</span> <span class='ocrx_word' id='word_1_180' title='bbox 1165 1394 1282 1435; x_wconf 79' lang='lat' dir='ltr'>ipsam-</span> 
     </span>
     <span class='ocr_line' id='line_1_25' title="bbox 208 1440 1283 1484; baseline -0.005 -10"><span class='ocrx_word' id='word_1_181' title='bbox 208 1453 272 1484; x_wconf 93' lang='lat' dir='ltr'>que</span> <span class='ocrx_word' id='word_1_182' title='bbox 291 1442 423 1473; x_wconf 90' lang='lat' dir='ltr'>demum</span> <span class='ocrx_word' id='word_1_183' title='bbox 442 1440 662 1482; x_wconf 90' lang='lat' dir='ltr'>quaestionem</span> <span class='ocrx_word' id='word_1_184' title='bbox 685 1445 876 1478; x_wconf 89' lang='lat' dir='ltr'>memorant,</span> <span class='ocrx_word' id='word_1_185' title='bbox 900 1449 999 1480; x_wconf 88' lang='lat' dir='ltr'>quam</span> <span class='ocrx_word' id='word_1_186' title='bbox 1022 1445 1218 1479; x_wconf 86' lang='lat' dir='ltr'>postremam</span> <span class='ocrx_word' id='word_1_187' title='bbox 1236 1449 1283 1469; x_wconf 93' lang='lat' dir='ltr'>re-</span> 
     </span>
     <span class='ocr_line' id='line_1_26' title="bbox 206 1483 1282 1528; baseline -0.005 -10"><span class='ocrx_word' id='word_1_188' title='bbox 206 1487 302 1528; x_wconf 87' lang='lat' dir='ltr'>liquit</span> <span class='ocrx_word' id='word_1_189' title='bbox 321 1485 448 1517; x_wconf 87' lang='lat' dir='ltr'>mortali</span> <span class='ocrx_word' id='word_1_190' title='bbox 472 1484 537 1515; x_wconf 86' lang='lat' dir='ltr'>fato</span> <span class='ocrx_word' id='word_1_191' title='bbox 561 1484 714 1515; x_wconf 90' lang='lat' dir='ltr'>sublatus.</span> <span class='ocrx_word' id='word_1_192' title='bbox 738 1483 864 1514; x_wconf 86' lang='lat' dir='ltr'>Primus</span> <span class='ocrx_word' id='word_1_193' title='bbox 888 1484 976 1514; x_wconf 88' lang='lat' dir='ltr'>adest</span> <span class='ocrx_word' id='word_1_194' title='bbox 994 1483 1199 1514; x_wconf 90' lang='lat' dir='ltr'>Ptolomaeus</span> <span class='ocrx_word' id='word_1_195' title='bbox 1218 1484 1282 1514; x_wconf 93' lang='lat' dir='ltr'>Lu-</span> 
     </span>
     <span class='ocr_line' id='line_1_27' title="bbox 209 1527 1281 1569; baseline -0.005 -6"><span class='ocrx_word' id='word_1_196' title='bbox 209 1531 321 1569; x_wconf 87' lang='lat' dir='ltr'>censis,</span> <span class='ocrx_word' id='word_1_197' title='bbox 346 1530 436 1562; x_wconf 88' lang='lat' dir='ltr'>cuius</span> <span class='ocrx_word' id='word_1_198' title='bbox 454 1529 549 1560; x_wconf 90' lang='lat' dir='ltr'>verba</span> <span class='ocrx_word' id='word_1_199' title='bbox 568 1534 642 1559; x_wconf 92' lang='lat' dir='ltr'>sunt</span> <span class='ocrx_word' id='word_1_200' title='bbox 657 1527 739 1559; x_wconf 91' lang='lat' dir='ltr'>libro</span> <span class='ocrx_word' id='word_1_201' title='bbox 756 1528 858 1558; x_wconf 90' lang='lat' dir='ltr'>XXIII</span> <span class='ocrx_word' id='word_1_202' title='bbox 876 1528 995 1558; x_wconf 90' lang='lat' dir='ltr'>Histor.</span> <span class='ocrx_word' id='word_1_203' title='bbox 1014 1528 1101 1566; x_wconf 67' lang='lat' dir='ltr'>eccl„</span> <span class='ocrx_word' id='word_1_204' title='bbox 1119 1528 1220 1568; x_wconf 90' lang='lat' dir='ltr'>capite</span> <span class='ocrx_word' id='word_1_205' title='bbox 1234 1535 1281 1558; x_wconf 75' lang='lat'>11:</span> 
     </span>
     <span class='ocr_line' id='line_1_28' title="bbox 210 1570 1284 1614; baseline -0.005 -7"><span class='ocrx_word' id='word_1_206' title='bbox 210 1576 280 1607; x_wconf 84' lang='lat' dir='ltr'>Hic</span> <span class='ocrx_word' id='word_1_207' title='bbox 292 1576 416 1606; x_wconf 91' lang='lat' dir='ltr'>Doctor</span> <span class='ocrx_word' id='word_1_208' title='bbox 435 1579 577 1614; x_wconf 87' lang='lat' dir='ltr'>tempore</span> <span class='ocrx_word' id='word_1_209' title='bbox 598 1573 695 1604; x_wconf 87' lang='lat' dir='ltr'>huius</span> <span class='ocrx_word' id='word_1_210' title='bbox 715 1572 879 1613; x_wconf 68' lang='lat' dir='ltr'>Pontificis</span> <span class='ocrx_word' id='word_1_211' title='bbox 901 1570 1065 1614; x_wconf 88' lang='lat' dir='ltr'>(Gregorii</span> <span class='ocrx_word' id='word_1_212' title='bbox 1084 1570 1132 1614; x_wconf 91' lang='lat' dir='ltr'>X)</span> <span class='ocrx_word' id='word_1_213' title='bbox 1155 1573 1284 1613; x_wconf 83' lang='lat' dir='ltr'>scripsit</span> 
     </span>
     <span class='ocr_line' id='line_1_29' title="bbox 211 1616 1281 1659; baseline -0.005 -8"><span class='ocrx_word' id='word_1_214' title='bbox 211 1620 358 1651; x_wconf 88' lang='lat' dir='ltr'>ultimam</span> <span class='ocrx_word' id='word_1_215' title='bbox 383 1624 513 1659; x_wconf 85' lang='lat' dir='ltr'>partem</span> <span class='ocrx_word' id='word_1_216' title='bbox 545 1617 716 1655; x_wconf 88' lang='lat' dir='ltr'>Summae,</span> <span class='ocrx_word' id='word_1_217' title='bbox 750 1626 834 1657; x_wconf 82' lang='lat' dir='ltr'>quae</span> <span class='ocrx_word' id='word_1_218' title='bbox 861 1616 1115 1647; x_wconf 85' lang='lat' dir='ltr'>Sacramentalis</span> <span class='ocrx_word' id='word_1_219' title='bbox 1142 1616 1281 1654; x_wconf 87' lang='lat' dir='ltr'>dicitur,</span> 
     </span>
     <span class='ocr_line' id='line_1_30' title="bbox 211 1660 1282 1705; baseline -0.004 -10"><span class='ocrx_word' id='word_1_220' title='bbox 211 1665 288 1705; x_wconf 79' lang='lat' dir='ltr'>quia</span> <span class='ocrx_word' id='word_1_221' title='bbox 297 1664 338 1695; x_wconf 91' lang='lat' dir='ltr'>de</span> <span class='ocrx_word' id='word_1_222' title='bbox 346 1662 566 1694; x_wconf 90' lang='lat' dir='ltr'>Sacramentis</span> <span class='ocrx_word' id='word_1_223' title='bbox 581 1661 694 1692; x_wconf 86' lang='lat' dir='ltr'>ibidem</span> <span class='ocrx_word' id='word_1_224' title='bbox 709 1662 823 1702; x_wconf 79' lang='lat' dir='ltr'>agitur</span> <span class='ocrx_word' id='word_1_225' title='bbox 837 1666 867 1691; x_wconf 83' lang='lat' dir='ltr'>et</span> <span class='ocrx_word' id='word_1_226' title='bbox 879 1661 919 1692; x_wconf 87' lang='lat' dir='ltr'>de</span> <span class='ocrx_word' id='word_1_227' title='bbox 933 1660 1164 1692; x_wconf 88' lang='lat' dir='ltr'>Incarnatione</span> <span class='ocrx_word' id='word_1_228' title='bbox 1179 1661 1282 1699; x_wconf 86' lang='lat' dir='ltr'>Verbi,</span> 
     </span>
     <span class='ocr_line' id='line_1_31' title="bbox 211 1705 1283 1749; baseline -0.004 -10"><span class='ocrx_word' id='word_1_229' title='bbox 211 1709 245 1739; x_wconf 86' lang='lat' dir='ltr'>in</span> <span class='ocrx_word' id='word_1_230' title='bbox 269 1718 334 1749; x_wconf 82' lang='lat' dir='ltr'>qua</span> <span class='ocrx_word' id='word_1_231' title='bbox 357 1707 489 1738; x_wconf 84' lang='lat' dir='ltr'>articuli</span> <span class='ocrx_word' id='word_1_232' title='bbox 510 1705 591 1746; x_wconf 89' lang='lat' dir='ltr'>fidei</span> <span class='ocrx_word' id='word_1_233' title='bbox 620 1706 826 1736; x_wconf 84' lang='lat' dir='ltr'>continentur</span> <span class='ocrx_word' id='word_1_234' title='bbox 849 1705 1024 1736; x_wconf 87' lang='lat' dir='ltr'>secundum</span> <span class='ocrx_word' id='word_1_235' title='bbox 1049 1706 1149 1745; x_wconf 88' lang='lat' dir='ltr'>ipsius</span> <span class='ocrx_word' id='word_1_236' title='bbox 1171 1705 1283 1736; x_wconf 86' lang='lat' dir='ltr'>huma-</span> 
     </span>
     <span class='ocr_line' id='line_1_32' title="bbox 211 1749 1282 1790; baseline -0.005 -6"><span class='ocrx_word' id='word_1_237' title='bbox 211 1753 364 1784; x_wconf 82' lang='lat' dir='ltr'>nitatem:</span> <span class='ocrx_word' id='word_1_238' title='bbox 385 1751 443 1782; x_wconf 85' lang='lat' dir='ltr'>sed</span> <span class='ocrx_word' id='word_1_239' title='bbox 465 1760 529 1781; x_wconf 90' lang='lat' dir='ltr'>non</span> <span class='ocrx_word' id='word_1_240' title='bbox 553 1750 720 1790; x_wconf 80' lang='lat' dir='ltr'>complevit</span> <span class='ocrx_word' id='word_1_241' title='bbox 743 1755 845 1780; x_wconf 91' lang='lat' dir='ltr'>morte</span> <span class='ocrx_word' id='word_1_242' title='bbox 861 1750 1102 1790; x_wconf 81' lang='lat' dir='ltr'>praeveniente.</span> <span class='ocrx_word' id='word_1_243' title='bbox 1129 1749 1282 1788; x_wconf 87' lang='lat' dir='ltr'>Tertiam,</span> 
     </span>
     <span class='ocr_line' id='line_1_33' title="bbox 210 1793 1282 1837; baseline -0.005 -9"><span class='ocrx_word' id='word_1_244' title='bbox 210 1806 267 1827; x_wconf 85' lang='lat' dir='ltr'>seu</span> <span class='ocrx_word' id='word_1_245' title='bbox 288 1801 487 1837; x_wconf 83' lang='lat' dir='ltr'>postremam</span> <span class='ocrx_word' id='word_1_246' title='bbox 504 1800 634 1835; x_wconf 88' lang='lat' dir='ltr'>partem</span> <span class='ocrx_word' id='word_1_247' title='bbox 659 1793 772 1824; x_wconf 90' lang='lat' dir='ltr'>diserte</span> <span class='ocrx_word' id='word_1_248' title='bbox 795 1800 1006 1824; x_wconf 85' lang='lat' dir='ltr'>memoratam</span> <span class='ocrx_word' id='word_1_249' title='bbox 1029 1793 1144 1831; x_wconf 87' lang='lat' dir='ltr'>habes,</span> <span class='ocrx_word' id='word_1_250' title='bbox 1167 1793 1282 1834; x_wconf 86' lang='lat' dir='ltr'>irnper-</span> 
     </span>
     <span class='ocr_line' id='line_1_34' title="bbox 199 1838 1282 1881; baseline -0.004 -9"><span class='ocrx_word' id='word_1_251' title='bbox 199 1840 326 1872; x_wconf 24' lang='lat' dir='ltr'>rfectam</span> <span class='ocrx_word' id='word_1_252' title='bbox 348 1839 481 1881; x_wconf 89' lang='lat' dir='ltr'>quidem</span> <span class='ocrx_word' id='word_1_253' title='bbox 503 1838 796 1878; x_wconf 85' lang='lat' dir='ltr'>incompletamque</span> <span class='ocrx_word' id='word_1_254' title='bbox 826 1843 929 1868; x_wconf 89' lang='lat' dir='ltr'>morte</span> <span class='ocrx_word' id='word_1_255' title='bbox 951 1839 1183 1878; x_wconf 80' lang='lat' dir='ltr'>praeveniente</span> <span class='ocrx_word' id='word_1_256' title='bbox 1211 1838 1282 1868; x_wconf 93' lang='lat' dir='ltr'>reli-</span> 
     </span>
     <span class='ocr_line' id='line_1_35' title="bbox 209 1881 1282 1924; baseline -0.003 -8"><span class='ocrx_word' id='word_1_257' title='bbox 209 1891 310 1923; x_wconf 84' lang='lat' dir='ltr'>ctam;</span> <span class='ocrx_word' id='word_1_258' title='bbox 335 1884 390 1915; x_wconf 90' lang='lat' dir='ltr'>sed</span> <span class='ocrx_word' id='word_1_259' title='bbox 413 1893 495 1924; x_wconf 88' lang='lat' dir='ltr'>quae</span> <span class='ocrx_word' id='word_1_260' title='bbox 517 1889 624 1914; x_wconf 85' lang='lat' dir='ltr'>tamen</span> <span class='ocrx_word' id='word_1_261' title='bbox 647 1881 849 1923; x_wconf 86' lang='lat' dir='ltr'>quaestiones</span> <span class='ocrx_word' id='word_1_262' title='bbox 873 1881 1135 1922; x_wconf 87' lang='lat' dir='ltr'>complecteretur</span> <span class='ocrx_word' id='word_1_263' title='bbox 1156 1882 1208 1912; x_wconf 90' lang='lat' dir='ltr'>De</span> <span class='ocrx_word' id='word_1_264' title='bbox 1226 1882 1282 1913; x_wconf 90' lang='lat' dir='ltr'>In-</span> 
     </span>
     <span class='ocr_line' id='line_1_36' title="bbox 209 1926 1282 1967; baseline -0.004 -7"><span class='ocrx_word' id='word_1_265' title='bbox 209 1930 399 1960; x_wconf 83' lang='lat' dir='ltr'>carnatione</span> <span class='ocrx_word' id='word_1_266' title='bbox 430 1927 522 1958; x_wconf 85' lang='lat' dir='ltr'>Verbi</span> <span class='ocrx_word' id='word_1_267' title='bbox 549 1927 652 1967; x_wconf 92' lang='lat' dir='ltr'>deque</span> <span class='ocrx_word' id='word_1_268' title='bbox 675 1926 915 1964; x_wconf 89' lang='lat' dir='ltr'>Sacramentis;</span> <span class='ocrx_word' id='word_1_269' title='bbox 939 1926 1084 1967; x_wconf 88' lang='lat' dir='ltr'>adeoque</span> <span class='ocrx_word' id='word_1_270' title='bbox 1106 1926 1205 1967; x_wconf 87' lang='lat' dir='ltr'>vulgo</span> <span class='ocrx_word' id='word_1_271' title='bbox 1224 1927 1282 1957; x_wconf 93' lang='lat' dir='ltr'>Sa-</span> 
     </span>
     <span class='ocr_line' id='line_1_37' title="bbox 208 1970 1283 2012; baseline -0.003 -8"><span class='ocrx_word' id='word_1_272' title='bbox 208 1973 438 2004; x_wconf 85' lang='lat' dir='ltr'>cramentalem</span> <span class='ocrx_word' id='word_1_273' title='bbox 458 1971 663 2012; x_wconf 87' lang='lat' dir='ltr'>appellatam:</span> <span class='ocrx_word' id='word_1_274' title='bbox 685 1970 895 2011; x_wconf 89' lang='lat' dir='ltr'>eamdemque</span> <span class='ocrx_word' id='word_1_275' title='bbox 915 1971 1047 2001; x_wconf 88' lang='lat' dir='ltr'>demum</span> <span class='ocrx_word' id='word_1_276' title='bbox 1066 1971 1104 2001; x_wconf 90' lang='lat' dir='ltr'>ab</span> <span class='ocrx_word' id='word_1_277' title='bbox 1123 1970 1283 2011; x_wconf 89' lang='lat' dir='ltr'>Aquinate</span> 
     </span>
     <span class='ocr_line' id='line_1_38' title="bbox 209 2014 1283 2057; baseline -0.004 -8"><span class='ocrx_word' id='word_1_278' title='bbox 209 2017 387 2049; x_wconf 86' lang='lat' dir='ltr'>confectam</span> <span class='ocrx_word' id='word_1_279' title='bbox 402 2022 544 2057; x_wconf 86' lang='lat' dir='ltr'>tempore</span> <span class='ocrx_word' id='word_1_280' title='bbox 559 2015 723 2057; x_wconf 72' lang='lat' dir='ltr'>Pontificis</span> <span class='ocrx_word' id='word_1_281' title='bbox 743 2014 886 2055; x_wconf 89' lang='lat' dir='ltr'>Gregorii</span> <span class='ocrx_word' id='word_1_282' title='bbox 902 2016 932 2046; x_wconf 93' lang='lat' dir='ltr'>X</span> <span class='ocrx_word' id='word_1_283' title='bbox 955 2025 1064 2056; x_wconf 91' lang='lat' dir='ltr'>quem,</span> <span class='ocrx_word' id='word_1_284' title='bbox 1082 2025 1156 2046; x_wconf 89' lang='lat' dir='ltr'>cum</span> <span class='ocrx_word' id='word_1_285' title='bbox 1171 2016 1283 2046; x_wconf 87' lang='lat' dir='ltr'>absens</span> 
     </span>
     <span class='ocr_line' id='line_1_39' title="bbox 207 2059 1284 2101; baseline -0.002 -9"><span class='ocrx_word' id='word_1_286' title='bbox 207 2060 300 2101; x_wconf 87' lang='lat' dir='ltr'>foret,</span> <span class='ocrx_word' id='word_1_287' title='bbox 320 2061 458 2092; x_wconf 90' lang='lat' dir='ltr'>electum</span> <span class='ocrx_word' id='word_1_288' title='bbox 477 2070 562 2090; x_wconf 90' lang='lat' dir='ltr'>anno</span> <span class='ocrx_word' id='word_1_289' title='bbox 591 2069 668 2101; x_wconf 90' lang='lat'>1271</span> <span class='ocrx_word' id='word_1_290' title='bbox 698 2059 748 2090; x_wconf 91' lang='lat' dir='ltr'>die</span> <span class='ocrx_word' id='word_1_291' title='bbox 773 2070 782 2090; x_wconf 91' lang='lat'>1</span> <span class='ocrx_word' id='word_1_292' title='bbox 808 2059 1005 2100; x_wconf 86' lang='lat' dir='ltr'>septembris,</span> <span class='ocrx_word' id='word_1_293' title='bbox 1030 2066 1284 2101; x_wconf 88' lang='lat' dir='ltr'>coronatumque</span> 
     </span>
     <span class='ocr_line' id='line_1_40' title="bbox 208 2103 1106 2147; baseline -0.003 -10"><span class='ocrx_word' id='word_1_294' title='bbox 208 2115 294 2137; x_wconf 83' lang='lat' dir='ltr'>anno</span> <span class='ocrx_word' id='word_1_295' title='bbox 313 2106 499 2147; x_wconf 83' lang='lat' dir='ltr'>insequente</span> <span class='ocrx_word' id='word_1_296' title='bbox 523 2114 604 2146; x_wconf 89' lang='lat'>1272</span> <span class='ocrx_word' id='word_1_297' title='bbox 626 2103 675 2134; x_wconf 91' lang='lat' dir='ltr'>die</span> <span class='ocrx_word' id='word_1_298' title='bbox 697 2113 737 2145; x_wconf 90' lang='lat'>27</span> <span class='ocrx_word' id='word_1_299' title='bbox 757 2103 861 2134; x_wconf 86' lang='lat' dir='ltr'>martii</span> <span class='ocrx_word' id='word_1_300' title='bbox 881 2103 980 2135; x_wconf 90' lang='lat' dir='ltr'>nescit</span> <span class='ocrx_word' id='word_1_301' title='bbox 999 2114 1106 2134; x_wconf 90' lang='lat' dir='ltr'>nemo.</span> 
     </span>
    </p>

    <p class='ocr_par' dir='ltr' id='par_1_6' title="bbox 197 2147 1283 3285">
     <span class='ocr_line' id='line_1_41' title="bbox 274 2147 1280 2181; baseline -0.003 0"><span class='ocrx_word' id='word_1_302' title='bbox 274 2151 335 2181; x_wconf 90' lang='lat' dir='ltr'>Par</span> <span class='ocrx_word' id='word_1_303' title='bbox 358 2157 405 2180; x_wconf 90' lang='lat' dir='ltr'>est</span> <span class='ocrx_word' id='word_1_304' title='bbox 427 2148 551 2180; x_wconf 89' lang='lat' dir='ltr'>Nicolai</span> <span class='ocrx_word' id='word_1_305' title='bbox 574 2148 694 2179; x_wconf 90' lang='lat' dir='ltr'>Triveti</span> <span class='ocrx_word' id='word_1_306' title='bbox 723 2155 753 2178; x_wconf 94' lang='lat' dir='ltr'>et</span> <span class='ocrx_word' id='word_1_307' title='bbox 778 2148 928 2179; x_wconf 90' lang='lat' dir='ltr'>Bernardi</span> <span class='ocrx_word' id='word_1_308' title='bbox 952 2147 1111 2179; x_wconf 90' lang='lat' dir='ltr'>Guidonis</span> <span class='ocrx_word' id='word_1_309' title='bbox 1139 2148 1280 2179; x_wconf 89' lang='lat' dir='ltr'>testimo-</span> 
     </span>
     <span class='ocr_line' id='line_1_42' title="bbox 207 2192 1283 2233; baseline -0.002 -8"><span class='ocrx_word' id='word_1_310' title='bbox 207 2194 309 2225; x_wconf 87' lang='lat' dir='ltr'>nium.</span> <span class='ocrx_word' id='word_1_311' title='bbox 335 2194 371 2225; x_wconf 91' lang='lat' dir='ltr'>In</span> <span class='ocrx_word' id='word_1_312' title='bbox 387 2192 549 2225; x_wconf 88' lang='lat' dir='ltr'>Chronico</span> <span class='ocrx_word' id='word_1_313' title='bbox 569 2192 656 2233; x_wconf 89' lang='lat' dir='ltr'>apud</span> <span class='ocrx_word' id='word_1_314' title='bbox 671 2192 864 2223; x_wconf 88' lang='lat' dir='ltr'>Dacherium</span> <span class='ocrx_word' id='word_1_315' title='bbox 878 2192 983 2233; x_wconf 91' lang='lat' dir='ltr'>inquit</span> <span class='ocrx_word' id='word_1_316' title='bbox 997 2192 1067 2223; x_wconf 84' lang='lat' dir='ltr'>ine:</span> <span class='ocrx_word' id='word_1_317' title='bbox 1091 2193 1172 2223; x_wconf 91' lang='lat' dir='ltr'>Item</span> <span class='ocrx_word' id='word_1_318' title='bbox 1189 2193 1283 2223; x_wconf 92' lang='lat' dir='ltr'>Sum-</span> 
     </span>
     <span class='ocr_line' id='line_1_43' title="bbox 206 2237 1280 2279; baseline -0.003 -9"><span class='ocrx_word' id='word_1_319' title='bbox 206 2249 293 2270; x_wconf 89' lang='lat' dir='ltr'>mam</span> <span class='ocrx_word' id='word_1_320' title='bbox 313 2238 517 2279; x_wconf 66' lang='lat' dir='ltr'>sseologiae,</span> <span class='ocrx_word' id='word_1_321' title='bbox 533 2247 629 2278; x_wconf 85' lang='lat' dir='ltr'>quam</span> <span class='ocrx_word' id='word_1_322' title='bbox 647 2237 679 2267; x_wconf 91' lang='lat' dir='ltr'>in</span> <span class='ocrx_word' id='word_1_323' title='bbox 702 2237 780 2268; x_wconf 88' lang='lat' dir='ltr'>Tres</span> <span class='ocrx_word' id='word_1_324' title='bbox 796 2241 912 2277; x_wconf 89' lang='lat' dir='ltr'>partes</span> <span class='ocrx_word' id='word_1_325' title='bbox 925 2237 1033 2268; x_wconf 86' lang='lat' dir='ltr'>divisit</span> <span class='ocrx_word' id='word_1_326' title='bbox 1051 2242 1082 2267; x_wconf 89' lang='lat' dir='ltr'>et</span> <span class='ocrx_word' id='word_1_327' title='bbox 1099 2237 1280 2271; x_wconf 83' lang='lat' dir='ltr'>Secundam</span> 
     </span>
     <span class='ocr_line' id='line_1_44' title="bbox 207 2271 1283 2323; baseline -0.003 -9"><span class='ocrx_word' id='word_1_328' title='bbox 207 2284 240 2314; x_wconf 88' lang='lat' dir='ltr'>in</span> <span class='ocrx_word' id='word_1_329' title='bbox 263 2271 358 2314; x_wconf 65' lang='lat' dir='ltr'>Dua⁸s</span> <span class='ocrx_word' id='word_1_330' title='bbox 374 2287 509 2323; x_wconf 90' lang='lat' dir='ltr'>partes:</span> <span class='ocrx_word' id='word_1_331' title='bbox 532 2287 635 2312; x_wconf 91' lang='lat' dir='ltr'>morte</span> <span class='ocrx_word' id='word_1_332' title='bbox 657 2286 764 2312; x_wconf 83' lang='lat' dir='ltr'>autem</span> <span class='ocrx_word' id='word_1_333' title='bbox 782 2286 983 2322; x_wconf 80' lang='lat' dir='ltr'>praeventus</span> <span class='ocrx_word' id='word_1_334' title='bbox 1021 2282 1161 2312; x_wconf 88' lang='lat' dir='ltr'>Tertiam</span> <span class='ocrx_word' id='word_1_335' title='bbox 1186 2283 1283 2312; x_wconf 86' lang='lat' dir='ltr'>totius</span> 
     </span>
     <span class='ocr_line' id='line_1_45' title="bbox 206 2325 1282 2366; baseline -0.002 -8"><span class='ocrx_word' id='word_1_336' title='bbox 206 2331 238 2358; x_wconf 88' lang='lat' dir='ltr'>et</span> <span class='ocrx_word' id='word_1_337' title='bbox 261 2328 406 2358; x_wconf 85' lang='lat' dir='ltr'>ultimam</span> <span class='ocrx_word' id='word_1_338' title='bbox 431 2336 494 2357; x_wconf 89' lang='lat' dir='ltr'>non</span> <span class='ocrx_word' id='word_1_339' title='bbox 520 2326 696 2366; x_wconf 78' lang='lat' dir='ltr'>complevit.</span> <span class='ocrx_word' id='word_1_340' title='bbox 726 2326 823 2366; x_wconf 92' lang='lat' dir='ltr'>Apud</span> <span class='ocrx_word' id='word_1_341' title='bbox 847 2325 1030 2356; x_wconf 89' lang='lat' dir='ltr'>Echardum</span> <span class='ocrx_word' id='word_1_342' title='bbox 1044 2332 1090 2356; x_wconf 86' lang='lat' dir='ltr'>-et</span> <span class='ocrx_word' id='word_1_343' title='bbox 1113 2325 1282 2357; x_wconf 89' lang='lat' dir='ltr'>Oudinum</span> 
     </span>
     <span class='ocr_line' id='line_1_46' title="bbox 206 2369 1279 2410; baseline -0.002 -8"><span class='ocrx_word' id='word_1_344' title='bbox 206 2370 283 2402; x_wconf 90' lang='lat' dir='ltr'>haec</span> <span class='ocrx_word' id='word_1_345' title='bbox 307 2371 401 2402; x_wconf 85' lang='lat' dir='ltr'>habet</span> <span class='ocrx_word' id='word_1_346' title='bbox 424 2370 518 2401; x_wconf 84' lang='lat' dir='ltr'>alter:</span> <span class='ocrx_word' id='word_1_347' title='bbox 542 2370 708 2401; x_wconf 90' lang='lat' dir='ltr'>Summam</span> <span class='ocrx_word' id='word_1_348' title='bbox 726 2369 931 2410; x_wconf 83' lang='lat' dir='ltr'>praedictam</span> <span class='ocrx_word' id='word_1_349' title='bbox 949 2371 982 2400; x_wconf 89' lang='lat' dir='ltr'>in</span> <span class='ocrx_word' id='word_1_350' title='bbox 1004 2370 1083 2400; x_wconf 91' lang='lat' dir='ltr'>Tres</span> <span class='ocrx_word' id='word_1_351' title='bbox 1099 2375 1214 2410; x_wconf 88' lang='lat' dir='ltr'>partes</span> <span class='ocrx_word' id='word_1_352' title='bbox 1231 2370 1279 2400; x_wconf 84' lang='lat' dir='ltr'>di-</span> 
     </span>
     <span class='ocr_line' id='line_1_47' title="bbox 204 2414 1280 2454; baseline -0.003 -7"><span class='ocrx_word' id='word_1_353' title='bbox 204 2417 338 2454; x_wconf 86' lang='lat' dir='ltr'>stinxit,</span> <span class='ocrx_word' id='word_1_354' title='bbox 371 2415 516 2447; x_wconf 83' lang='lat' dir='ltr'>videlicet</span> <span class='ocrx_word' id='word_1_355' title='bbox 545 2415 577 2445; x_wconf 88' lang='lat' dir='ltr'>in</span> <span class='ocrx_word' id='word_1_356' title='bbox 601 2414 796 2446; x_wconf 89' lang='lat' dir='ltr'>Naturalem</span> <span class='ocrx_word' id='word_1_357' title='bbox 806 2437 818 2452; x_wconf 94' lang='lat'>,</span> <span class='ocrx_word' id='word_1_358' title='bbox 849 2415 1011 2445; x_wconf 89' lang='lat' dir='ltr'>Moralem</span> <span class='ocrx_word' id='word_1_359' title='bbox 1036 2419 1067 2445; x_wconf 92' lang='lat' dir='ltr'>et</span> <span class='ocrx_word' id='word_1_360' title='bbox 1089 2414 1280 2445; x_wconf 88' lang='lat' dir='ltr'>Sacramen-</span> 
     </span>
     <span class='ocr_line' id='line_1_48' title="bbox 205 2458 1275 2499; baseline -0.003 -8"><span class='ocrx_word' id='word_1_361' title='bbox 205 2460 335 2491; x_wconf 82' lang='lat' dir='ltr'>talem...</span> <span class='ocrx_word' id='word_1_362' title='bbox 356 2460 464 2490; x_wconf 89' lang='lat' dir='ltr'>Tertia</span> <span class='ocrx_word' id='word_1_363' title='bbox 487 2464 594 2489; x_wconf 90' lang='lat' dir='ltr'>autem</span> <span class='ocrx_word' id='word_1_364' title='bbox 613 2468 697 2499; x_wconf 89' lang='lat' dir='ltr'>pars</span> <span class='ocrx_word' id='word_1_365' title='bbox 719 2458 872 2489; x_wconf 89' lang='lat' dir='ltr'>Summae</span> <span class='ocrx_word' id='word_1_366' title='bbox 890 2463 937 2488; x_wconf 87' lang='lat' dir='ltr'>est</span> <span class='ocrx_word' id='word_1_367' title='bbox 955 2463 1106 2499; x_wconf 87' lang='lat' dir='ltr'>quartum</span> <span class='ocrx_word' id='word_1_368' title='bbox 1127 2459 1275 2489; x_wconf 83' lang='lat' dir='ltr'>volumen</span> 
     </span>
     <span class='ocr_line' id='line_1_49' title="bbox 207 2503 1279 2544; baseline -0.003 -9"><span class='ocrx_word' id='word_1_369' title='bbox 207 2504 360 2541; x_wconf 81' lang='lat' dir='ltr'>eiusdem,</span> <span class='ocrx_word' id='word_1_370' title='bbox 377 2513 461 2544; x_wconf 83' lang='lat' dir='ltr'>quae</span> <span class='ocrx_word' id='word_1_371' title='bbox 471 2503 548 2538; x_wconf 60' lang='lat' dir='ltr'>‚ideo</span> <span class='ocrx_word' id='word_1_372' title='bbox 564 2503 819 2533; x_wconf 85' lang='lat' dir='ltr'>Sacramentalis</span> <span class='ocrx_word' id='word_1_373' title='bbox 836 2507 981 2539; x_wconf 80' lang='lat' dir='ltr'>vocatur,</span> <span class='ocrx_word' id='word_1_374' title='bbox 1006 2503 1082 2542; x_wconf 84' lang='lat' dir='ltr'>quia</span> <span class='ocrx_word' id='word_1_375' title='bbox 1102 2503 1134 2532; x_wconf 86' lang='lat' dir='ltr'>in</span> <span class='ocrx_word' id='word_1_376' title='bbox 1152 2512 1190 2532; x_wconf 90' lang='lat' dir='ltr'>ea</span> <span class='ocrx_word' id='word_1_377' title='bbox 1206 2503 1279 2543; x_wconf 86' lang='lat' dir='ltr'>agi-</span> 
     </span>
     <span class='ocr_line' id='line_1_50' title="bbox 205 2546 1279 2587; baseline -0.003 -8"><span class='ocrx_word' id='word_1_378' title='bbox 205 2553 263 2579; x_wconf 89' lang='lat' dir='ltr'>tur</span> <span class='ocrx_word' id='word_1_379' title='bbox 276 2548 320 2586; x_wconf 66' lang='lat' dir='ltr'>de⁴</span> <span class='ocrx_word' id='word_1_380' title='bbox 331 2548 552 2578; x_wconf 89' lang='lat' dir='ltr'>Sacramentis</span> <span class='ocrx_word' id='word_1_381' title='bbox 573 2547 694 2577; x_wconf 85' lang='lat' dir='ltr'>Christi</span> <span class='ocrx_word' id='word_1_382' title='bbox 709 2551 740 2577; x_wconf 88' lang='lat' dir='ltr'>et</span> <span class='ocrx_word' id='word_1_383' title='bbox 755 2547 920 2578; x_wconf 86' lang='lat' dir='ltr'>Ecclesiae</span> <span class='ocrx_word' id='word_1_384' title='bbox 942 2552 972 2577; x_wconf 88' lang='lat' dir='ltr'>et</span> <span class='ocrx_word' id='word_1_385' title='bbox 986 2546 1027 2577; x_wconf 88' lang='lat' dir='ltr'>de</span> <span class='ocrx_word' id='word_1_386' title='bbox 1042 2551 1107 2577; x_wconf 88' lang='lat' dir='ltr'>toto</span> <span class='ocrx_word' id='word_1_387' title='bbox 1123 2547 1279 2587; x_wconf 85' lang='lat' dir='ltr'>mysterio</span> 
     </span>
     <span class='ocr_line' id='line_1_51' title="bbox 202 2590 1277 2631; baseline -0.002 -8"><span class='ocrx_word' id='word_1_388' title='bbox 202 2592 448 2623; x_wconf 87' lang='lat' dir='ltr'>Incarnationis</span> <span class='ocrx_word' id='word_1_389' title='bbox 461 2592 539 2622; x_wconf 88' lang='lat' dir='ltr'>Filii</span> <span class='ocrx_word' id='word_1_390' title='bbox 551 2591 632 2622; x_wconf 85' lang='lat' dir='ltr'>Dei:</span> <span class='ocrx_word' id='word_1_391' title='bbox 647 2596 678 2622; x_wconf 87' lang='lat' dir='ltr'>et</span> <span class='ocrx_word' id='word_1_392' title='bbox 692 2591 880 2622; x_wconf 85' lang='lat' dir='ltr'>intitulatur</span> <span class='ocrx_word' id='word_1_393' title='bbox 894 2591 1007 2621; x_wconf 84' lang='lat' dir='ltr'>ultima</span> <span class='ocrx_word' id='word_1_394' title='bbox 1017 2600 1101 2631; x_wconf 86' lang='lat' dir='ltr'>pars</span> <span class='ocrx_word' id='word_1_395' title='bbox 1114 2590 1277 2629; x_wconf 90' lang='lat' dir='ltr'>Summae,</span> 
     </span>
     <span class='ocr_line' id='line_1_52' title="bbox 205 2634 1277 2678; baseline -0.001 -11"><span class='ocrx_word' id='word_1_396' title='bbox 205 2638 281 2678; x_wconf 84' lang='lat' dir='ltr'>quia</span> <span class='ocrx_word' id='word_1_397' title='bbox 294 2637 380 2677; x_wconf 87' lang='lat' dir='ltr'>finis</span> <span class='ocrx_word' id='word_1_398' title='bbox 402 2641 449 2667; x_wconf 90' lang='lat' dir='ltr'>est</span> <span class='ocrx_word' id='word_1_399' title='bbox 471 2636 612 2666; x_wconf 88' lang='lat' dir='ltr'>aliarum</span> <span class='ocrx_word' id='word_1_400' title='bbox 637 2641 668 2666; x_wconf 91' lang='lat' dir='ltr'>et</span> <span class='ocrx_word' id='word_1_401' title='bbox 691 2635 804 2666; x_wconf 89' lang='lat' dir='ltr'>ultima</span> <span class='ocrx_word' id='word_1_402' title='bbox 819 2635 918 2676; x_wconf 86' lang='lat' dir='ltr'>sacta</span> <span class='ocrx_word' id='word_1_403' title='bbox 937 2634 1028 2676; x_wconf 84' lang='lat' dir='ltr'>suit,</span> <span class='ocrx_word' id='word_1_404' title='bbox 1053 2636 1086 2665; x_wconf 88' lang='lat' dir='ltr'>in</span> <span class='ocrx_word' id='word_1_405' title='bbox 1110 2645 1175 2675; x_wconf 87' lang='lat' dir='ltr'>qua</span> <span class='ocrx_word' id='word_1_406' title='bbox 1197 2636 1277 2666; x_wconf 86' lang='lat' dir='ltr'>scri-</span> 
     </span>
     <span class='ocr_line' id='line_1_53' title="bbox 204 2679 1277 2721; baseline -0.003 -9"><span class='ocrx_word' id='word_1_407' title='bbox 204 2681 300 2712; x_wconf 88' lang='lat' dir='ltr'>bendi</span> <span class='ocrx_word' id='word_1_408' title='bbox 314 2686 346 2712; x_wconf 89' lang='lat' dir='ltr'>et</span> <span class='ocrx_word' id='word_1_409' title='bbox 361 2681 446 2712; x_wconf 84' lang='lat' dir='ltr'>vitae</span> <span class='ocrx_word' id='word_1_410' title='bbox 460 2690 541 2711; x_wconf 90' lang='lat' dir='ltr'>suae</span> <span class='ocrx_word' id='word_1_411' title='bbox 553 2680 659 2721; x_wconf 87' lang='lat' dir='ltr'>finem</span> <span class='ocrx_word' id='word_1_412' title='bbox 674 2679 760 2720; x_wconf 87' lang='lat' dir='ltr'>fecit</span> <span class='ocrx_word' id='word_1_413' title='bbox 775 2685 806 2710; x_wconf 92' lang='lat' dir='ltr'>et</span> <span class='ocrx_word' id='word_1_414' title='bbox 821 2684 924 2710; x_wconf 88' lang='lat' dir='ltr'>morte</span> <span class='ocrx_word' id='word_1_415' title='bbox 939 2684 1139 2720; x_wconf 79' lang='lat' dir='ltr'>praeventus</span> <span class='ocrx_word' id='word_1_416' title='bbox 1158 2680 1277 2710; x_wconf 87' lang='lat' dir='ltr'>incom-</span> 
     </span>
     <span class='ocr_line' id='line_1_54' title="bbox 197 2723 1277 2766; baseline -0.002 -10"><span class='ocrx_word' id='word_1_417' title='bbox 197 2725 322 2766; x_wconf 88' lang='lat' dir='ltr'>pletam</span> <span class='ocrx_word' id='word_1_418' title='bbox 345 2725 485 2765; x_wconf 85' lang='lat' dir='ltr'>reliquit.</span> <span class='ocrx_word' id='word_1_419' title='bbox 509 2724 600 2755; x_wconf 90' lang='lat' dir='ltr'>Mens</span> <span class='ocrx_word' id='word_1_420' title='bbox 622 2723 722 2754; x_wconf 87' lang='lat' dir='ltr'>fuerat</span> <span class='ocrx_word' id='word_1_421' title='bbox 736 2723 879 2764; x_wconf 88' lang='lat' dir='ltr'>Angelici</span> <span class='ocrx_word' id='word_1_422' title='bbox 901 2723 1116 2764; x_wconf 88' lang='lat' dir='ltr'>Praeceptoris</span> <span class='ocrx_word' id='word_1_423' title='bbox 1135 2723 1277 2754; x_wconf 91' lang='lat' dir='ltr'>Theolo-</span> 
     </span>
     <span class='ocr_line' id='line_1_55' title="bbox 202 2767 1276 2810; baseline -0.002 -10"><span class='ocrx_word' id='word_1_424' title='bbox 202 2769 273 2810; x_wconf 84' lang='lat' dir='ltr'>giae</span> <span class='ocrx_word' id='word_1_425' title='bbox 295 2769 465 2800; x_wconf 85' lang='lat' dir='ltr'>Summam</span> <span class='ocrx_word' id='word_1_426' title='bbox 488 2768 670 2799; x_wconf 89' lang='lat' dir='ltr'>elucubrare</span> <span class='ocrx_word' id='word_1_427' title='bbox 701 2769 733 2799; x_wconf 87' lang='lat' dir='ltr'>in</span> <span class='ocrx_word' id='word_1_428' title='bbox 770 2769 848 2799; x_wconf 89' lang='lat' dir='ltr'>Tres</span> <span class='ocrx_word' id='word_1_429' title='bbox 870 2773 985 2808; x_wconf 86' lang='lat' dir='ltr'>partes</span> <span class='ocrx_word' id='word_1_430' title='bbox 1007 2767 1175 2798; x_wconf 85' lang='lat' dir='ltr'>tributam:</span> <span class='ocrx_word' id='word_1_431' title='bbox 1206 2778 1276 2808; x_wconf 87' lang='lat' dir='ltr'>par-</span> 
     </span>
     <span class='ocr_line' id='line_1_56' title="bbox 201 2812 1276 2855; baseline -0.003 -10"><span class='ocrx_word' id='word_1_432' title='bbox 201 2820 332 2855; x_wconf 86' lang='lat' dir='ltr'>temque</span> <span class='ocrx_word' id='word_1_433' title='bbox 355 2813 536 2844; x_wconf 84' lang='lat' dir='ltr'>Secundam</span> <span class='ocrx_word' id='word_1_434' title='bbox 561 2812 700 2844; x_wconf 84' lang='lat' dir='ltr'>distinxit</span> <span class='ocrx_word' id='word_1_435' title='bbox 716 2813 749 2843; x_wconf 89' lang='lat' dir='ltr'>in</span> <span class='ocrx_word' id='word_1_436' title='bbox 763 2813 867 2843; x_wconf 89' lang='lat' dir='ltr'>Duas.</span> <span class='ocrx_word' id='word_1_437' title='bbox 892 2812 1018 2843; x_wconf 89' lang='lat' dir='ltr'>Tertiae</span> <span class='ocrx_word' id='word_1_438' title='bbox 1036 2812 1119 2843; x_wconf 88' lang='lat' dir='ltr'>Parti</span> <span class='ocrx_word' id='word_1_439' title='bbox 1139 2812 1276 2843; x_wconf 90' lang='lat' dir='ltr'>conscri-</span> 
     </span>
     <span class='ocr_line' id='line_1_57' title="bbox 202 2853 1274 2898; baseline -0.002 -10"><span class='ocrx_word' id='word_1_440' title='bbox 202 2853 324 2889; x_wconf 87' lang='lat' dir='ltr'>bendae</span> <span class='ocrx_word' id='word_1_441' title='bbox 347 2857 534 2898; x_wconf 86' lang='lat' dir='ltr'>applicuerit</span> <span class='ocrx_word' id='word_1_442' title='bbox 556 2867 597 2888; x_wconf 93' lang='lat' dir='ltr'>ne</span> <span class='ocrx_word' id='word_1_443' title='bbox 620 2855 776 2888; x_wconf 90' lang='lat' dir='ltr'>manum?</span> <span class='ocrx_word' id='word_1_444' title='bbox 799 2857 912 2887; x_wconf 86' lang='lat' dir='ltr'>Testes</span> <span class='ocrx_word' id='word_1_445' title='bbox 935 2857 1069 2895; x_wconf 86' lang='lat' dir='ltr'>adsunt,</span> <span class='ocrx_word' id='word_1_446' title='bbox 1093 2856 1148 2898; x_wconf 93' lang='lat' dir='ltr'>qui</span> <span class='ocrx_word' id='word_1_447' title='bbox 1171 2857 1274 2897; x_wconf 89' lang='lat' dir='ltr'>perhi-</span> 
     </span>
     <span class='ocr_line' id='line_1_58' title="bbox 202 2900 1276 2942; baseline -0.002 -9"><span class='ocrx_word' id='word_1_448' title='bbox 202 2902 278 2933; x_wconf 86' lang='lat' dir='ltr'>bent</span> <span class='ocrx_word' id='word_1_449' title='bbox 310 2912 382 2932; x_wconf 89' lang='lat' dir='ltr'>eam</span> <span class='ocrx_word' id='word_1_450' title='bbox 419 2902 458 2932; x_wconf 90' lang='lat' dir='ltr'>ab</span> <span class='ocrx_word' id='word_1_451' title='bbox 485 2901 645 2942; x_wconf 88' lang='lat' dir='ltr'>Aquinate</span> <span class='ocrx_word' id='word_1_452' title='bbox 674 2901 851 2932; x_wconf 90' lang='lat' dir='ltr'>confectam</span> <span class='ocrx_word' id='word_1_453' title='bbox 880 2900 1173 2942; x_wconf 90' lang='lat' dir='ltr'>incompletamque</span> <span class='ocrx_word' id='word_1_454' title='bbox 1205 2901 1276 2931; x_wconf 90' lang='lat' dir='ltr'>reli-</span> 
     </span>
     <span class='ocr_line' id='line_1_59' title="bbox 205 2945 1274 2986; baseline -0.001 -10"><span class='ocrx_word' id='word_1_455' title='bbox 205 2952 305 2976; x_wconf 85' lang='lat' dir='ltr'>ctam:</span> <span class='ocrx_word' id='word_1_456' title='bbox 330 2945 530 2986; x_wconf 89' lang='lat' dir='ltr'>dubiumque</span> <span class='ocrx_word' id='word_1_457' title='bbox 548 2946 676 2976; x_wconf 90' lang='lat' dir='ltr'>nullum</span> <span class='ocrx_word' id='word_1_458' title='bbox 694 2952 731 2976; x_wconf 91' lang='lat' dir='ltr'>ut</span> <span class='ocrx_word' id='word_1_459' title='bbox 749 2945 894 2986; x_wconf 88' lang='lat' dir='ltr'>supersit,</span> <span class='ocrx_word' id='word_1_460' title='bbox 919 2946 1060 2976; x_wconf 89' lang='lat' dir='ltr'>Tertiam</span> <span class='ocrx_word' id='word_1_461' title='bbox 1080 2951 1110 2976; x_wconf 84' lang='lat' dir='ltr'>et</span> <span class='ocrx_word' id='word_1_462' title='bbox 1129 2945 1274 2975; x_wconf 89' lang='lat' dir='ltr'>ultimam</span> 
     </span>
     <span class='ocr_line' id='line_1_60' title="bbox 203 2989 1274 3030; baseline 0.001 -11"><span class='ocrx_word' id='word_1_463' title='bbox 203 2989 356 3023; x_wconf 89' lang='lat' dir='ltr'>Summae</span> <span class='ocrx_word' id='word_1_464' title='bbox 367 2995 497 3030; x_wconf 88' lang='lat' dir='ltr'>partem</span> <span class='ocrx_word' id='word_1_465' title='bbox 515 2997 642 3028; x_wconf 87' lang='lat' dir='ltr'>vocant,</span> <span class='ocrx_word' id='word_1_466' title='bbox 660 3000 695 3021; x_wconf 88' lang='lat' dir='ltr'>ac</span> <span class='ocrx_word' id='word_1_467' title='bbox 710 2990 840 3030; x_wconf 88' lang='lat' dir='ltr'>insuper</span> <span class='ocrx_word' id='word_1_468' title='bbox 855 2995 1006 3030; x_wconf 87' lang='lat' dir='ltr'>quartum</span> <span class='ocrx_word' id='word_1_469' title='bbox 1027 2990 1174 3020; x_wconf 78' lang='lat' dir='ltr'>volumen</span> <span class='ocrx_word' id='word_1_470' title='bbox 1191 2990 1274 3020; x_wconf 88' lang='lat' dir='ltr'>eius-</span> 
     </span>
     <span class='ocr_line' id='line_1_61' title="bbox 203 3031 1273 3074; baseline 0 -10"><span class='ocrx_word' id='word_1_471' title='bbox 203 3032 286 3064; x_wconf 88' lang='lat' dir='ltr'>dem.</span> <span class='ocrx_word' id='word_1_472' title='bbox 303 3033 471 3070; x_wconf 90' lang='lat' dir='ltr'>Quaenam</span> <span class='ocrx_word' id='word_1_473' title='bbox 485 3044 561 3064; x_wconf 90' lang='lat' dir='ltr'>vero</span> <span class='ocrx_word' id='word_1_474' title='bbox 580 3034 620 3064; x_wconf 91' lang='lat' dir='ltr'>ab</span> <span class='ocrx_word' id='word_1_475' title='bbox 638 3034 710 3074; x_wconf 92' lang='lat' dir='ltr'>ipso</span> <span class='ocrx_word' id='word_1_476' title='bbox 729 3040 916 3074; x_wconf 88' lang='lat' dir='ltr'>argumenta</span> <span class='ocrx_word' id='word_1_477' title='bbox 933 3040 1118 3074; x_wconf 89' lang='lat' dir='ltr'>pertractata</span> <span class='ocrx_word' id='word_1_478' title='bbox 1137 3031 1273 3064; x_wconf 85' lang='lat' dir='ltr'>fuerint?</span> 
     </span>
     <span class='ocr_line' id='line_1_62' title="bbox 203 3077 1275 3118; baseline 0.001 -11"><span class='ocrx_word' id='word_1_479' title='bbox 203 3077 284 3108; x_wconf 89' lang='lat' dir='ltr'>Satis</span> <span class='ocrx_word' id='word_1_480' title='bbox 297 3083 375 3107; x_wconf 92' lang='lat' dir='ltr'>voto</span> <span class='ocrx_word' id='word_1_481' title='bbox 390 3077 509 3108; x_wconf 88' lang='lat' dir='ltr'>faciunt</span> <span class='ocrx_word' id='word_1_482' title='bbox 526 3077 644 3108; x_wconf 86' lang='lat' dir='ltr'>laudati</span> <span class='ocrx_word' id='word_1_483' title='bbox 658 3084 762 3116; x_wconf 91' lang='lat' dir='ltr'>testes,</span> <span class='ocrx_word' id='word_1_484' title='bbox 781 3077 974 3118; x_wconf 85' lang='lat' dir='ltr'>inquientes:</span> <span class='ocrx_word' id='word_1_485' title='bbox 994 3078 1027 3108; x_wconf 89' lang='lat' dir='ltr'>in</span> <span class='ocrx_word' id='word_1_486' title='bbox 1043 3078 1153 3108; x_wconf 89' lang='lat' dir='ltr'>eadem</span> <span class='ocrx_word' id='word_1_487' title='bbox 1167 3078 1275 3108; x_wconf 90' lang='lat' dir='ltr'>Tertia</span> 
     </span>
     <span class='ocr_line' id='line_1_63' title="bbox 203 3120 1274 3162; baseline 0.001 -11"><span class='ocrx_word' id='word_1_488' title='bbox 203 3127 291 3162; x_wconf 89' lang='lat' dir='ltr'>parte</span> <span class='ocrx_word' id='word_1_489' title='bbox 314 3120 364 3161; x_wconf 89' lang='lat' dir='ltr'>agi</span> <span class='ocrx_word' id='word_1_490' title='bbox 386 3121 427 3151; x_wconf 86' lang='lat' dir='ltr'>de</span> <span class='ocrx_word' id='word_1_491' title='bbox 449 3126 514 3152; x_wconf 89' lang='lat' dir='ltr'>toto</span> <span class='ocrx_word' id='word_1_492' title='bbox 544 3123 700 3162; x_wconf 80' lang='lat' dir='ltr'>mysterio</span> <span class='ocrx_word' id='word_1_493' title='bbox 723 3122 963 3153; x_wconf 89' lang='lat' dir='ltr'>Incarnationis</span> <span class='ocrx_word' id='word_1_494' title='bbox 986 3122 1063 3152; x_wconf 91' lang='lat' dir='ltr'>Filii</span> <span class='ocrx_word' id='word_1_495' title='bbox 1084 3122 1148 3152; x_wconf 90' lang='lat' dir='ltr'>Dei</span> <span class='ocrx_word' id='word_1_496' title='bbox 1171 3128 1201 3152; x_wconf 93' lang='lat' dir='ltr'>et</span> <span class='ocrx_word' id='word_1_497' title='bbox 1225 3122 1274 3161; x_wconf 87' lang='lat' dir='ltr'>agi</span> 
     </span>
     <span class='ocr_line' id='line_1_64' title="bbox 203 3165 1274 3206; baseline 0 -10"><span class='ocrx_word' id='word_1_498' title='bbox 203 3165 244 3196; x_wconf 88' lang='lat' dir='ltr'>de</span> <span class='ocrx_word' id='word_1_499' title='bbox 259 3165 478 3196; x_wconf 89' lang='lat' dir='ltr'>Sacramentis</span> <span class='ocrx_word' id='word_1_500' title='bbox 495 3165 616 3196; x_wconf 88' lang='lat' dir='ltr'>Christi</span> <span class='ocrx_word' id='word_1_501' title='bbox 630 3171 661 3197; x_wconf 89' lang='lat' dir='ltr'>et</span> <span class='ocrx_word' id='word_1_502' title='bbox 675 3166 849 3198; x_wconf 88' lang='lat' dir='ltr'>Ecclesiae.</span> <span class='ocrx_word' id='word_1_503' title='bbox 864 3166 999 3196; x_wconf 86' lang='lat' dir='ltr'>Manum</span> <span class='ocrx_word' id='word_1_504' title='bbox 1014 3166 1161 3197; x_wconf 88' lang='lat' dir='ltr'>ultimam</span> <span class='ocrx_word' id='word_1_505' title='bbox 1176 3165 1274 3206; x_wconf 91' lang='lat' dir='ltr'>Operi</span> 
     </span>
     <span class='ocr_line' id='line_1_65' title="bbox 203 3209 1274 3251; baseline 0.001 -12"><span class='ocrx_word' id='word_1_506' title='bbox 203 3219 263 3240; x_wconf 92' lang='lat' dir='ltr'>suo</span> <span class='ocrx_word' id='word_1_507' title='bbox 273 3219 340 3239; x_wconf 92' lang='lat' dir='ltr'>non</span> <span class='ocrx_word' id='word_1_508' title='bbox 350 3209 504 3249; x_wconf 91' lang='lat' dir='ltr'>imposuit</span> <span class='ocrx_word' id='word_1_509' title='bbox 514 3209 658 3240; x_wconf 91' lang='lat' dir='ltr'>Thomas</span> <span class='ocrx_word' id='word_1_510' title='bbox 673 3217 775 3241; x_wconf 92' lang='lat' dir='ltr'>morte</span> <span class='ocrx_word' id='word_1_511' title='bbox 785 3217 982 3251; x_wconf 88' lang='lat' dir='ltr'>praeventus:</span> <span class='ocrx_word' id='word_1_512' title='bbox 994 3210 1079 3240; x_wconf 89' lang='lat' dir='ltr'>unde</span> <span class='ocrx_word' id='word_1_513' title='bbox 1089 3220 1174 3240; x_wconf 92' lang='lat' dir='ltr'>anno</span> <span class='ocrx_word' id='word_1_514' title='bbox 1191 3219 1274 3251; x_wconf 90' lang='lat'>1274</span> 
     </span>
     <span class='ocr_line' id='line_1_66' title="bbox 203 3253 1030 3285; baseline 0.001 -2"><span class='ocrx_word' id='word_1_515' title='bbox 203 3253 372 3284; x_wconf 89' lang='lat' dir='ltr'>emortuali</span> <span class='ocrx_word' id='word_1_516' title='bbox 387 3253 491 3284; x_wconf 90' lang='lat' dir='ltr'>adhuc</span> <span class='ocrx_word' id='word_1_517' title='bbox 509 3253 543 3283; x_wconf 90' lang='lat' dir='ltr'>in</span> <span class='ocrx_word' id='word_1_518' title='bbox 562 3263 600 3284; x_wconf 92' lang='lat' dir='ltr'>eo</span> <span class='ocrx_word' id='word_1_519' title='bbox 620 3253 834 3285; x_wconf 89' lang='lat' dir='ltr'>elucubrando</span> <span class='ocrx_word' id='word_1_520' title='bbox 853 3254 1030 3285; x_wconf 88' lang='lat' dir='ltr'>insudabat.</span> 
     </span>
    </p>

    <p class='ocr_par' dir='ltr' id='par_1_7' title="bbox 200 3297 1274 3647">
     <span class='ocr_line' id='line_1_67' title="bbox 269 3297 1272 3339; baseline 0 -11"><span class='ocrx_word' id='word_1_521' title='bbox 269 3297 332 3328; x_wconf 87' lang='lat' dir='ltr'>Sed</span> <span class='ocrx_word' id='word_1_522' title='bbox 346 3297 427 3327; x_wconf 92' lang='lat' dir='ltr'>hanc</span> <span class='ocrx_word' id='word_1_523' title='bbox 443 3297 580 3338; x_wconf 84' lang='lat' dir='ltr'>denique</span> <span class='ocrx_word' id='word_1_524' title='bbox 593 3298 736 3329; x_wconf 86' lang='lat' dir='ltr'>Tertiam</span> <span class='ocrx_word' id='word_1_525' title='bbox 749 3305 871 3338; x_wconf 87' lang='lat' dir='ltr'>partem</span> <span class='ocrx_word' id='word_1_526' title='bbox 890 3308 929 3329; x_wconf 93' lang='lat' dir='ltr'>eo</span> <span class='ocrx_word' id='word_1_527' title='bbox 946 3308 1047 3339; x_wconf 89' lang='lat' dir='ltr'>usque</span> <span class='ocrx_word' id='word_1_528' title='bbox 1064 3299 1102 3328; x_wconf 90' lang='lat' dir='ltr'>ab</span> <span class='ocrx_word' id='word_1_529' title='bbox 1118 3297 1272 3337; x_wconf 89' lang='lat' dir='ltr'>Angelico</span> 
     </span>
     <span class='ocr_line' id='line_1_68' title="bbox 201 3341 1272 3382; baseline -0.002 -9"><span class='ocrx_word' id='word_1_530' title='bbox 201 3342 342 3373; x_wconf 91' lang='lat' dir='ltr'>Doctore</span> <span class='ocrx_word' id='word_1_531' title='bbox 358 3341 527 3372; x_wconf 90' lang='lat' dir='ltr'>deductam</span> <span class='ocrx_word' id='word_1_532' title='bbox 546 3341 653 3380; x_wconf 86' lang='lat' dir='ltr'>fuisse,</span> <span class='ocrx_word' id='word_1_533' title='bbox 677 3348 774 3382; x_wconf 91' lang='lat' dir='ltr'>prout</span> <span class='ocrx_word' id='word_1_534' title='bbox 791 3342 826 3372; x_wconf 88' lang='lat' dir='ltr'>in</span> <span class='ocrx_word' id='word_1_535' title='bbox 842 3342 1003 3372; x_wconf 88' lang='lat' dir='ltr'>codicibus</span> <span class='ocrx_word' id='word_1_536' title='bbox 1018 3352 1094 3372; x_wconf 89' lang='lat' dir='ltr'>mss.</span> <span class='ocrx_word' id='word_1_537' title='bbox 1110 3341 1272 3380; x_wconf 90' lang='lat' dir='ltr'>omnibus,</span> 
     </span>
     <span class='ocr_line' id='line_1_69' title="bbox 202 3385 1272 3426; baseline -0.002 -9"><span class='ocrx_word' id='word_1_538' title='bbox 202 3386 417 3426; x_wconf 91' lang='lat' dir='ltr'>omnibusque</span> <span class='ocrx_word' id='word_1_539' title='bbox 447 3385 538 3416; x_wconf 90' lang='lat' dir='ltr'>editis</span> <span class='ocrx_word' id='word_1_540' title='bbox 568 3386 720 3426; x_wconf 88' lang='lat' dir='ltr'>exemplis</span> <span class='ocrx_word' id='word_1_541' title='bbox 747 3392 869 3426; x_wconf 87' lang='lat' dir='ltr'>prostat</span> <span class='ocrx_word' id='word_1_542' title='bbox 897 3386 986 3426; x_wconf 87' lang='lat' dir='ltr'>ipsa,</span> <span class='ocrx_word' id='word_1_543' title='bbox 1019 3385 1272 3416; x_wconf 88' lang='lat' dir='ltr'>luculentissimo</span> 
     </span>
     <span class='ocr_line' id='line_1_70' title="bbox 202 3429 1274 3470; baseline -0.002 -9"><span class='ocrx_word' id='word_1_544' title='bbox 202 3431 296 3461; x_wconf 93' lang='lat' dir='ltr'>docet</span> <span class='ocrx_word' id='word_1_545' title='bbox 323 3429 507 3460; x_wconf 90' lang='lat' dir='ltr'>testimonio</span> <span class='ocrx_word' id='word_1_546' title='bbox 534 3430 735 3470; x_wconf 76' lang='lat' dir='ltr'>Magnificus</span> <span class='ocrx_word' id='word_1_547' title='bbox 763 3429 911 3460; x_wconf 86' lang='lat' dir='ltr'>dominus</span> <span class='ocrx_word' id='word_1_548' title='bbox 937 3430 1207 3460; x_wconf 85' lang='lat' dir='ltr'>Bartholomaeus</span> <span class='ocrx_word' id='word_1_549' title='bbox 1233 3429 1274 3459; x_wconf 89' lang='lat' dir='ltr'>de</span> 
     </span>
     <span class='ocr_line' id='line_1_71' title="bbox 204 3473 1271 3515; baseline -0.003 -10"><span class='ocrx_word' id='word_1_550' title='bbox 204 3474 330 3515; x_wconf 86' lang='lat' dir='ltr'>Capua,</span> <span class='ocrx_word' id='word_1_551' title='bbox 346 3474 523 3515; x_wconf 84' lang='lat' dir='ltr'>Logotheta</span> <span class='ocrx_word' id='word_1_552' title='bbox 547 3479 578 3504; x_wconf 92' lang='lat' dir='ltr'>et</span> <span class='ocrx_word' id='word_1_553' title='bbox 599 3474 845 3504; x_wconf 88' lang='lat' dir='ltr'>Protonotarius</span> <span class='ocrx_word' id='word_1_554' title='bbox 864 3474 960 3514; x_wconf 83' lang='lat' dir='ltr'>regni</span> <span class='ocrx_word' id='word_1_555' title='bbox 973 3473 1113 3510; x_wconf 86' lang='lat' dir='ltr'>Siciliae,</span> <span class='ocrx_word' id='word_1_556' title='bbox 1138 3473 1172 3502; x_wconf 92' lang='lat' dir='ltr'>in</span> <span class='ocrx_word' id='word_1_557' title='bbox 1194 3473 1271 3503; x_wconf 92' lang='lat' dir='ltr'>Pro-</span> 
     </span>
     <span class='ocr_line' id='line_1_72' title="bbox 202 3517 1270 3556; baseline -0.003 -7"><span class='ocrx_word' id='word_1_558' title='bbox 202 3528 292 3549; x_wconf 88' lang='lat' dir='ltr'>cessu</span> <span class='ocrx_word' id='word_1_559' title='bbox 321 3518 570 3549; x_wconf 87' lang='lat' dir='ltr'>canonizationis</span> <span class='ocrx_word' id='word_1_560' title='bbox 594 3519 681 3548; x_wconf 85' lang='lat' dir='ltr'>testis</span> <span class='ocrx_word' id='word_1_561' title='bbox 711 3518 828 3548; x_wconf 89' lang='lat' dir='ltr'>citatus</span> <span class='ocrx_word' id='word_1_562' title='bbox 850 3522 881 3548; x_wconf 87' lang='lat' dir='ltr'>et</span> <span class='ocrx_word' id='word_1_563' title='bbox 904 3518 1049 3555; x_wconf 86' lang='lat' dir='ltr'>iuratus,</span> <span class='ocrx_word' id='word_1_564' title='bbox 1074 3526 1158 3546; x_wconf 90' lang='lat' dir='ltr'>anno</span> <span class='ocrx_word' id='word_1_565' title='bbox 1188 3517 1270 3556; x_wconf 87' lang='lat'>1319</span> 
     </span>
     <span class='ocr_line' id='line_1_73' title="bbox 201 3561 1270 3604; baseline -0.003 -11"><span class='ocrx_word' id='word_1_566' title='bbox 201 3562 316 3604; x_wconf 77' lang='lat' dir='ltr'>dieque</span> <span class='ocrx_word' id='word_1_567' title='bbox 340 3562 359 3592; x_wconf 93' lang='lat'>8</span> <span class='ocrx_word' id='word_1_568' title='bbox 384 3562 519 3602; x_wconf 89' lang='lat' dir='ltr'>augusti.</span> <span class='ocrx_word' id='word_1_569' title='bbox 551 3562 638 3592; x_wconf 90' lang='lat' dir='ltr'>Haec</span> <span class='ocrx_word' id='word_1_570' title='bbox 662 3562 700 3592; x_wconf 88' lang='lat' dir='ltr'>ab</span> <span class='ocrx_word' id='word_1_571' title='bbox 724 3561 795 3602; x_wconf 92' lang='lat' dir='ltr'>ipso</span> <span class='ocrx_word' id='word_1_572' title='bbox 819 3561 915 3591; x_wconf 89' lang='lat' dir='ltr'>relata</span> <span class='ocrx_word' id='word_1_573' title='bbox 942 3561 1090 3600; x_wconf 87' lang='lat' dir='ltr'>leguntur</span> <span class='ocrx_word' id='word_1_574' title='bbox 1116 3570 1206 3590; x_wconf 92' lang='lat' dir='ltr'>num.</span> <span class='ocrx_word' id='word_1_575' title='bbox 1228 3571 1270 3601; x_wconf 89' lang='lat'>79</span> 
     </span>
     <span class='ocr_line' id='line_1_74' title="bbox 200 3603 1271 3647; baseline -0.004 -9"><span class='ocrx_word' id='word_1_576' title='bbox 200 3607 287 3647; x_wconf 84' lang='lat' dir='ltr'>apud</span> <span class='ocrx_word' id='word_1_577' title='bbox 304 3606 451 3637; x_wconf 92' lang='lat' dir='ltr'>Bollandi</span> <span class='ocrx_word' id='word_1_578' title='bbox 475 3606 720 3638; x_wconf 89' lang='lat' dir='ltr'>Continuatores</span> <span class='ocrx_word' id='word_1_579' title='bbox 739 3606 779 3636; x_wconf 90' lang='lat' dir='ltr'>ad</span> <span class='ocrx_word' id='word_1_580' title='bbox 803 3605 887 3636; x_wconf 91' lang='lat' dir='ltr'>diem</span> <span class='ocrx_word' id='word_1_581' title='bbox 906 3615 926 3646; x_wconf 92' lang='lat'><strong><em>7</em></strong></span> <span class='ocrx_word' id='word_1_582' title='bbox 950 3604 1071 3636; x_wconf 87' lang='lat' dir='ltr'>martii:</span> <span class='ocrx_word' id='word_1_583' title='bbox 1095 3603 1172 3635; x_wconf 89' lang='lat' dir='ltr'>item</span> <span class='ocrx_word' id='word_1_584' title='bbox 1195 3603 1271 3635; x_wconf 85' lang='lat' dir='ltr'>dixit</span> 
     </span>
    </p>
   </div>
   <div class='ocr_carea' id='block_1_5' title="bbox 2311 270 2403 295">
    <p class='ocr_par' dir='ltr' id='par_1_8' title="bbox 2311 270 2403 295">
     <span class='ocr_line' id='line_1_75' title="bbox 2311 270 2403 295; baseline 0.011 -1"><span class='ocrx_word' id='word_1_585' title='bbox 2311 270 2403 295; x_wconf 91' lang='lat' dir='ltr'>CXCV</span> 
     </span>
    </p>
   </div>
   <div class='ocr_carea' id='block_1_6' title="bbox 1319 335 2410 3643">
    <p class='ocr_par' dir='ltr' id='par_1_9' title="bbox 1331 335 2406 863">
     <span class='ocr_line' id='line_1_76' title="bbox 1337 335 2405 376; baseline 0.003 -10"><span class='ocrx_word' id='word_1_586' title='bbox 1337 335 1422 366; x_wconf 90' lang='lat' dir='ltr'>idem</span> <span class='ocrx_word' id='word_1_587' title='bbox 1445 335 1546 366; x_wconf 85' lang='lat' dir='ltr'>testis:</span> <span class='ocrx_word' id='word_1_588' title='bbox 1572 335 1661 376; x_wconf 92' lang='lat' dir='ltr'>quod</span> <span class='ocrx_word' id='word_1_589' title='bbox 1684 345 1758 366; x_wconf 91' lang='lat' dir='ltr'>cum</span> <span class='ocrx_word' id='word_1_590' title='bbox 1783 335 1884 366; x_wconf 91' lang='lat' dir='ltr'>dictus</span> <span class='ocrx_word' id='word_1_591' title='bbox 1911 348 1925 363; x_wconf 70' lang='grc' dir='ltr'><strong>α</strong></span> <span class='ocrx_word' id='word_1_592' title='bbox 1942 335 2048 366; x_wconf 88' lang='lat' dir='ltr'>Frater</span> <span class='ocrx_word' id='word_1_593' title='bbox 2071 335 2214 366; x_wconf 91' lang='lat' dir='ltr'>Thomas</span> <span class='ocrx_word' id='word_1_594' title='bbox 2238 338 2405 370; x_wconf 85' lang='lat' dir='ltr'>celebraret</span> 
     </span>
     <span class='ocr_line' id='line_1_77' title="bbox 1340 379 2404 420; baseline 0.003 -10"><span class='ocrx_word' id='word_1_595' title='bbox 1340 392 1354 407; x_wconf 82' lang='lat'>»</span> <span class='ocrx_word' id='word_1_596' title='bbox 1377 380 1508 411; x_wconf 88' lang='lat' dir='ltr'>Missam</span> <span class='ocrx_word' id='word_1_597' title='bbox 1523 379 1555 410; x_wconf 91' lang='lat' dir='ltr'>in</span> <span class='ocrx_word' id='word_1_598' title='bbox 1575 379 1657 410; x_wconf 89' lang='lat' dir='ltr'>dicta</span> <span class='ocrx_word' id='word_1_599' title='bbox 1671 379 1813 420; x_wconf 85' lang='lat' dir='ltr'>cappella</span> <span class='ocrx_word' id='word_1_600' title='bbox 1827 390 1851 410; x_wconf 80' lang='lat' dir='ltr'>s,</span> <span class='ocrx_word' id='word_1_601' title='bbox 1863 379 1985 410; x_wconf 89' lang='lat' dir='ltr'>Nicolai</span> <span class='ocrx_word' id='word_1_602' title='bbox 2000 380 2146 420; x_wconf 89' lang='lat' dir='ltr'>Neapoli,</span> <span class='ocrx_word' id='word_1_603' title='bbox 2163 380 2222 411; x_wconf 88' lang='lat' dir='ltr'>fuit</span> <span class='ocrx_word' id='word_1_604' title='bbox 2238 381 2317 412; x_wconf 90' lang='lat' dir='ltr'>mira</span> <span class='ocrx_word' id='word_1_605' title='bbox 2332 393 2404 413; x_wconf 92' lang='lat' dir='ltr'>mu-</span> 
     </span>
     <span class='ocr_line' id='line_1_78' title="bbox 1340 423 2406 466; baseline 0.002 -11"><span class='ocrx_word' id='word_1_606' title='bbox 1340 437 1355 451; x_wconf 84' lang='lat'>»</span> <span class='ocrx_word' id='word_1_607' title='bbox 1377 424 1496 455; x_wconf 87' lang='lat' dir='ltr'>tatione</span> <span class='ocrx_word' id='word_1_608' title='bbox 1519 430 1721 462; x_wconf 89' lang='lat' dir='ltr'>commotus;</span> <span class='ocrx_word' id='word_1_609' title='bbox 1753 430 1783 454; x_wconf 93' lang='lat' dir='ltr'>et</span> <span class='ocrx_word' id='word_1_610' title='bbox 1806 430 1879 464; x_wconf 91' lang='lat' dir='ltr'>post</span> <span class='ocrx_word' id='word_1_611' title='bbox 1901 423 2004 464; x_wconf 90' lang='lat' dir='ltr'>ipsam</span> <span class='ocrx_word' id='word_1_612' title='bbox 2026 424 2157 455; x_wconf 89' lang='lat' dir='ltr'>Missam</span> <span class='ocrx_word' id='word_1_613' title='bbox 2186 435 2249 455; x_wconf 91' lang='lat' dir='ltr'>non</span> <span class='ocrx_word' id='word_1_614' title='bbox 2278 428 2406 466; x_wconf 86' lang='lat' dir='ltr'>scripsit</span> 
     </span>
     <span class='ocr_line' id='line_1_79' title="bbox 1340 468 2406 509; baseline 0.003 -12"><span class='ocrx_word' id='word_1_615' title='bbox 1340 481 1355 495; x_wconf 77' lang='lat'>»</span> <span class='ocrx_word' id='word_1_616' title='bbox 1378 478 1480 509; x_wconf 84' lang='lat' dir='ltr'>neque</span> <span class='ocrx_word' id='word_1_617' title='bbox 1501 468 1634 499; x_wconf 77' lang='lat' dir='ltr'>dictavit</span> <span class='ocrx_word' id='word_1_618' title='bbox 1655 468 1788 508; x_wconf 86' lang='lat' dir='ltr'>aliquid,</span> <span class='ocrx_word' id='word_1_619' title='bbox 1813 468 1881 498; x_wconf 92' lang='lat' dir='ltr'>imo</span> <span class='ocrx_word' id='word_1_620' title='bbox 1905 468 2069 508; x_wconf 90' lang='lat' dir='ltr'>suspendit</span> <span class='ocrx_word' id='word_1_621' title='bbox 2091 478 2208 508; x_wconf 86' lang='lat' dir='ltr'>organa</span> <span class='ocrx_word' id='word_1_622' title='bbox 2228 470 2406 509; x_wconf 88' lang='lat' dir='ltr'>scriptionis</span> 
     </span>
     <span class='ocr_line' id='line_1_80' title="bbox 1340 512 2402 553; baseline 0.001 -11"><span class='ocrx_word' id='word_1_623' title='bbox 1340 525 1355 540; x_wconf 76' lang='grc'>»</span> <span class='ocrx_word' id='word_1_624' title='bbox 1378 513 1410 543; x_wconf 84' lang='grc' dir='ltr'>ίη</span> <span class='ocrx_word' id='word_1_625' title='bbox 1441 513 1549 543; x_wconf 90' lang='lat' dir='ltr'>Tertia</span> <span class='ocrx_word' id='word_1_626' title='bbox 1566 517 1665 552; x_wconf 88' lang='lat' dir='ltr'>parte</span> <span class='ocrx_word' id='word_1_627' title='bbox 1687 512 1854 550; x_wconf 89' lang='lat' dir='ltr'>Summae,</span> <span class='ocrx_word' id='word_1_628' title='bbox 1880 513 1912 542; x_wconf 89' lang='lat' dir='ltr'>in</span> <span class='ocrx_word' id='word_1_629' title='bbox 1937 517 2077 543; x_wconf 84' lang='lat' dir='ltr'>tractatu</span> <span class='ocrx_word' id='word_1_630' title='bbox 2107 512 2147 543; x_wconf 91' lang='lat' dir='ltr'>de</span> <span class='ocrx_word' id='word_1_631' title='bbox 2163 514 2372 553; x_wconf 86' lang='lat' dir='ltr'>poenitentia.</span> <span class='ocrx_word' id='word_1_632' title='bbox 2387 527 2402 543; x_wconf 78' lang='lat'><strong>»</strong></span> 
     </span>
     <span class='ocr_line' id='line_1_81' title="bbox 1337 554 2406 597; baseline 0.003 -11"><span class='ocrx_word' id='word_1_633' title='bbox 1337 559 1389 586; x_wconf 92' lang='lat' dir='ltr'>An</span> <span class='ocrx_word' id='word_1_634' title='bbox 1412 556 1623 587; x_wconf 89' lang='lat' dir='ltr'>luculentiora</span> <span class='ocrx_word' id='word_1_635' title='bbox 1654 556 1756 596; x_wconf 86' lang='lat' dir='ltr'>optari</span> <span class='ocrx_word' id='word_1_636' title='bbox 1785 554 1930 596; x_wconf 88' lang='lat' dir='ltr'>possint?</span> <span class='ocrx_word' id='word_1_637' title='bbox 1961 557 2037 587; x_wconf 90' lang='lat' dir='ltr'>Non</span> <span class='ocrx_word' id='word_1_638' title='bbox 2069 557 2207 597; x_wconf 90' lang='lat' dir='ltr'>ambigat</span> <span class='ocrx_word' id='word_1_639' title='bbox 2239 567 2313 597; x_wconf 88' lang='lat' dir='ltr'>ergo</span> <span class='ocrx_word' id='word_1_640' title='bbox 2346 559 2406 589; x_wconf 90' lang='lat' dir='ltr'>nisi</span> 
     </span>
     <span class='ocr_line' id='line_1_82' title="bbox 1339 600 2406 642; baseline 0.003 -12"><span class='ocrx_word' id='word_1_641' title='bbox 1339 607 1434 640; x_wconf 89' lang='lat' dir='ltr'>caput</span> <span class='ocrx_word' id='word_1_642' title='bbox 1456 600 1621 631; x_wconf 90' lang='lat' dir='ltr'>infirmum</span> <span class='ocrx_word' id='word_1_643' title='bbox 1650 600 1825 631; x_wconf 86' lang='lat' dir='ltr'>elucubrari</span> <span class='ocrx_word' id='word_1_644' title='bbox 1849 607 1996 641; x_wconf 89' lang='lat' dir='ltr'>coeptam</span> <span class='ocrx_word' id='word_1_645' title='bbox 2018 601 2057 631; x_wconf 89' lang='lat' dir='ltr'>ab</span> <span class='ocrx_word' id='word_1_646' title='bbox 2080 601 2239 642; x_wconf 85' lang='lat' dir='ltr'>Aquinate</span> <span class='ocrx_word' id='word_1_647' title='bbox 2267 602 2406 633; x_wconf 90' lang='lat' dir='ltr'>Tertiam</span> 
     </span>
     <span class='ocr_line' id='line_1_83' title="bbox 1331 644 2406 687; baseline 0.002 -12"><span class='ocrx_word' id='word_1_648' title='bbox 1331 650 1482 685; x_wconf 86' lang='lat' dir='ltr'>partem,</span> <span class='ocrx_word' id='word_1_649' title='bbox 1513 645 1703 685; x_wconf 90' lang='lat' dir='ltr'>perductum</span> <span class='ocrx_word' id='word_1_650' title='bbox 1732 645 1826 675; x_wconf 91' lang='lat' dir='ltr'>etiam</span> <span class='ocrx_word' id='word_1_651' title='bbox 1850 644 1942 685; x_wconf 89' lang='lat' dir='ltr'>Opus</span> <span class='ocrx_word' id='word_1_652' title='bbox 1970 645 2010 675; x_wconf 88' lang='lat' dir='ltr'>ad</span> <span class='ocrx_word' id='word_1_653' title='bbox 2033 650 2206 676; x_wconf 86' lang='lat' dir='ltr'>tractatum</span> <span class='ocrx_word' id='word_1_654' title='bbox 2230 645 2270 676; x_wconf 89' lang='lat' dir='ltr'>de</span> <span class='ocrx_word' id='word_1_655' title='bbox 2292 648 2406 687; x_wconf 84' lang='lat' dir='ltr'>poeni-</span> 
     </span>
     <span class='ocr_line' id='line_1_84' title="bbox 1338 689 2406 731; baseline 0.002 -12"><span class='ocrx_word' id='word_1_656' title='bbox 1338 690 1457 726; x_wconf 88' lang='lat' dir='ltr'>tentia,</span> <span class='ocrx_word' id='word_1_657' title='bbox 1488 689 1659 729; x_wconf 90' lang='lat' dir='ltr'>ipsumque</span> <span class='ocrx_word' id='word_1_658' title='bbox 1687 689 1918 729; x_wconf 91' lang='lat' dir='ltr'>incompletum</span> <span class='ocrx_word' id='word_1_659' title='bbox 1944 690 1982 719; x_wconf 93' lang='lat' dir='ltr'>ab</span> <span class='ocrx_word' id='word_1_660' title='bbox 2007 690 2121 720; x_wconf 90' lang='lat' dir='ltr'>eodem</span> <span class='ocrx_word' id='word_1_661' title='bbox 2148 690 2294 720; x_wconf 91' lang='lat' dir='ltr'>relictum</span> <span class='ocrx_word' id='word_1_662' title='bbox 2317 701 2406 731; x_wconf 90' lang='lat' dir='ltr'>prae-</span> 
     </span>
     <span class='ocr_line' id='line_1_85' title="bbox 1337 733 2406 774; baseline 0.003 -11"><span class='ocrx_word' id='word_1_663' title='bbox 1337 739 1433 764; x_wconf 89' lang='lat' dir='ltr'>vento</span> <span class='ocrx_word' id='word_1_664' title='bbox 1457 740 1569 764; x_wconf 91' lang='lat' dir='ltr'>morte.</span> <span class='ocrx_word' id='word_1_665' title='bbox 1594 733 1706 773; x_wconf 91' lang='lat' dir='ltr'>Incipit</span> <span class='ocrx_word' id='word_1_666' title='bbox 1732 733 1766 763; x_wconf 89' lang='lat' dir='ltr'>in</span> <span class='ocrx_word' id='word_1_667' title='bbox 1792 733 1882 764; x_wconf 89' lang='lat' dir='ltr'>editis</span> <span class='ocrx_word' id='word_1_668' title='bbox 1911 740 1942 764; x_wconf 92' lang='lat' dir='ltr'>et</span> <span class='ocrx_word' id='word_1_669' title='bbox 1964 743 2023 764; x_wconf 91' lang='lat' dir='ltr'>ms.</span> <span class='ocrx_word' id='word_1_670' title='bbox 2049 734 2199 774; x_wconf 87' lang='lat' dir='ltr'>exemplis</span> <span class='ocrx_word' id='word_1_671' title='bbox 2228 735 2406 774; x_wconf 85' lang='lat' dir='ltr'>praedictus</span> 
     </span>
     <span class='ocr_line' id='line_1_86' title="bbox 1338 777 2405 818; baseline 0.003 -11"><span class='ocrx_word' id='word_1_672' title='bbox 1338 782 1496 808; x_wconf 90' lang='lat' dir='ltr'>tractatus</span> <span class='ocrx_word' id='word_1_673' title='bbox 1518 777 1558 808; x_wconf 87' lang='lat' dir='ltr'>de</span> <span class='ocrx_word' id='word_1_674' title='bbox 1579 778 1778 817; x_wconf 86' lang='lat' dir='ltr'>poenitentia</span> <span class='ocrx_word' id='word_1_675' title='bbox 1802 788 1820 807; x_wconf 89' lang='lat' dir='ltr'>a</span> <span class='ocrx_word' id='word_1_676' title='bbox 1843 778 2028 818; x_wconf 89' lang='lat' dir='ltr'>quaestione</span> <span class='ocrx_word' id='word_1_677' title='bbox 2051 788 2173 817; x_wconf 75' lang='lat' dir='ltr'>Lxxxrv,</span> <span class='ocrx_word' id='word_1_678' title='bbox 2192 788 2227 809; x_wconf 90' lang='lat' dir='ltr'>ac</span> <span class='ocrx_word' id='word_1_679' title='bbox 2244 779 2357 810; x_wconf 90' lang='lat' dir='ltr'>desinit</span> <span class='ocrx_word' id='word_1_680' title='bbox 2371 780 2405 810; x_wconf 90' lang='lat' dir='ltr'>in</span> 
     </span>
     <span class='ocr_line' id='line_1_87' title="bbox 1337 821 2182 863; baseline 0.002 -12"><span class='ocrx_word' id='word_1_681' title='bbox 1337 821 1523 862; x_wconf 90' lang='lat' dir='ltr'>quaestione</span> <span class='ocrx_word' id='word_1_682' title='bbox 1541 831 1579 851; x_wconf 87' lang='lat' dir='ltr'>xc</span> <span class='ocrx_word' id='word_1_683' title='bbox 1598 821 1731 851; x_wconf 89' lang='lat' dir='ltr'>minime</span> <span class='ocrx_word' id='word_1_684' title='bbox 1750 821 1914 852; x_wconf 89' lang='lat' dir='ltr'>absolutus</span> <span class='ocrx_word' id='word_1_685' title='bbox 1931 822 2182 863; x_wconf 91' lang='lat' dir='ltr'>completusque.</span> 
     </span>
    </p>

    <p class='ocr_par' dir='ltr' id='par_1_10' title="bbox 1331 865 2409 1524">
     <span class='ocr_line' id='line_1_88' title="bbox 1405 865 2406 907; baseline 0.004 -12"><span class='ocrx_word' id='word_1_686' title='bbox 1405 865 1517 895; x_wconf 90' lang='lat' dir='ltr'>Fidem</span> <span class='ocrx_word' id='word_1_687' title='bbox 1535 865 1733 905; x_wconf 90' lang='lat' dir='ltr'>Logothetae</span> <span class='ocrx_word' id='word_1_688' title='bbox 1751 865 1828 895; x_wconf 86' lang='lat' dir='ltr'>haec</span> <span class='ocrx_word' id='word_1_689' title='bbox 1847 865 2006 900; x_wconf 83' lang='lat' dir='ltr'>referentis</span> <span class='ocrx_word' id='word_1_690' title='bbox 2021 866 2099 896; x_wconf 91' lang='lat' dir='ltr'>fides</span> <span class='ocrx_word' id='word_1_691' title='bbox 2115 874 2209 907; x_wconf 90' lang='lat' dir='ltr'>auget</span> <span class='ocrx_word' id='word_1_692' title='bbox 2224 867 2350 898; x_wconf 91' lang='lat' dir='ltr'>Ioannis</span> <span class='ocrx_word' id='word_1_693' title='bbox 2367 869 2406 899; x_wconf 96' lang='lat' dir='ltr'>de</span> 
     </span>
     <span class='ocr_line' id='line_1_89' title="bbox 1338 909 2406 948; baseline 0.004 -9"><span class='ocrx_word' id='word_1_694' title='bbox 1338 909 1445 940; x_wconf 88' lang='lat' dir='ltr'>Iudice</span> <span class='ocrx_word' id='word_1_695' title='bbox 1474 915 1504 940; x_wconf 94' lang='lat' dir='ltr'>et</span> <span class='ocrx_word' id='word_1_696' title='bbox 1533 909 1699 948; x_wconf 88' lang='lat' dir='ltr'>Reginaldi</span> <span class='ocrx_word' id='word_1_697' title='bbox 1731 909 1918 940; x_wconf 89' lang='lat' dir='ltr'>Privernatis</span> <span class='ocrx_word' id='word_1_698' title='bbox 1948 909 2091 940; x_wconf 88' lang='lat' dir='ltr'>fidissimi</span> <span class='ocrx_word' id='word_1_699' title='bbox 2127 911 2225 942; x_wconf 91' lang='lat' dir='ltr'>sancti</span> <span class='ocrx_word' id='word_1_700' title='bbox 2259 912 2406 943; x_wconf 90' lang='lat' dir='ltr'>Thomae</span> 
     </span>
     <span class='ocr_line' id='line_1_90' title="bbox 1338 953 2406 993; baseline 0.004 -10"><span class='ocrx_word' id='word_1_701' title='bbox 1338 953 1426 984; x_wconf 85' lang='lat' dir='ltr'>socii.</span> <span class='ocrx_word' id='word_1_702' title='bbox 1456 953 1503 983; x_wconf 83' lang='lat' dir='ltr'>Ex</span> <span class='ocrx_word' id='word_1_703' title='bbox 1526 953 1599 983; x_wconf 91' lang='lat' dir='ltr'>loco</span> <span class='ocrx_word' id='word_1_704' title='bbox 1623 963 1762 993; x_wconf 89' lang='lat' dir='ltr'>namque</span> <span class='ocrx_word' id='word_1_705' title='bbox 1791 953 1885 983; x_wconf 91' lang='lat' dir='ltr'>citato</span> <span class='ocrx_word' id='word_1_706' title='bbox 1914 953 1946 983; x_wconf 91' lang='lat' dir='ltr'>in</span> <span class='ocrx_word' id='word_1_707' title='bbox 1975 954 2127 985; x_wconf 88' lang='lat' dir='ltr'>Processu</span> <span class='ocrx_word' id='word_1_708' title='bbox 2159 956 2406 987; x_wconf 88' lang='lat' dir='ltr'>canonizationis</span> 
     </span>
     <span class='ocr_line' id='line_1_91' title="bbox 1339 996 2408 1040; baseline 0.005 -13"><span class='ocrx_word' id='word_1_709' title='bbox 1339 1003 1462 1027; x_wconf 91' lang='lat' dir='ltr'>constat</span> <span class='ocrx_word' id='word_1_710' title='bbox 1494 996 1707 1036; x_wconf 86' lang='lat' dir='ltr'>Logothetam</span> <span class='ocrx_word' id='word_1_711' title='bbox 1730 1006 1798 1027; x_wconf 84' lang='lat' dir='ltr'>rem</span> <span class='ocrx_word' id='word_1_712' title='bbox 1820 996 1901 1027; x_wconf 91' lang='lat' dir='ltr'>hanc</span> <span class='ocrx_word' id='word_1_713' title='bbox 1925 998 2079 1038; x_wconf 88' lang='lat' dir='ltr'>accepisse</span> <span class='ocrx_word' id='word_1_714' title='bbox 2103 1009 2121 1029; x_wconf 90' lang='lat' dir='ltr'>a</span> <span class='ocrx_word' id='word_1_715' title='bbox 2144 999 2197 1040; x_wconf 88' lang='lat' dir='ltr'>fr.</span> <span class='ocrx_word' id='word_1_716' title='bbox 2218 1000 2343 1031; x_wconf 88' lang='lat' dir='ltr'>Ioanne</span> <span class='ocrx_word' id='word_1_717' title='bbox 2367 1001 2408 1032; x_wconf 85' lang='lat' dir='ltr'>de</span> 
     </span>
     <span class='ocr_line' id='line_1_92' title="bbox 1337 1041 2407 1084; baseline 0.005 -13"><span class='ocrx_word' id='word_1_718' title='bbox 1337 1041 1450 1071; x_wconf 89' lang='lat' dir='ltr'>Iudice</span> <span class='ocrx_word' id='word_1_719' title='bbox 1470 1041 1662 1081; x_wconf 83' lang='lat' dir='ltr'>Anagniae,</span> <span class='ocrx_word' id='word_1_720' title='bbox 1679 1041 1797 1080; x_wconf 83' lang='lat' dir='ltr'>paullo</span> <span class='ocrx_word' id='word_1_721' title='bbox 1821 1046 1991 1081; x_wconf 84' lang='lat' dir='ltr'>antequam</span> <span class='ocrx_word' id='word_1_722' title='bbox 2014 1043 2174 1074; x_wconf 90' lang='lat' dir='ltr'>Dominus</span> <span class='ocrx_word' id='word_1_723' title='bbox 2195 1045 2285 1084; x_wconf 84' lang='lat' dir='ltr'>Papa</span> <span class='ocrx_word' id='word_1_724' title='bbox 2307 1045 2407 1076; x_wconf 90' lang='lat' dir='ltr'>Boni-</span> 
     </span>
     <span class='ocr_line' id='line_1_93' title="bbox 1331 1083 2409 1127; baseline 0.006 -13"><span class='ocrx_word' id='word_1_725' title='bbox 1331 1084 1445 1126; x_wconf 86' lang='lat' dir='ltr'>sacius</span> <span class='ocrx_word' id='word_1_726' title='bbox 1468 1083 1578 1127; x_wconf 91' lang='lat' dir='ltr'>(VIII)</span> <span class='ocrx_word' id='word_1_727' title='bbox 1603 1090 1773 1125; x_wconf 86' lang='lat' dir='ltr'>caperetur</span> <span class='ocrx_word' id='word_1_728' title='bbox 1790 1085 1979 1125; x_wconf 88' lang='lat' dir='ltr'>intempesta</span> <span class='ocrx_word' id='word_1_729' title='bbox 2001 1093 2094 1117; x_wconf 89' lang='lat' dir='ltr'>nocte</span> <span class='ocrx_word' id='word_1_730' title='bbox 2118 1087 2178 1117; x_wconf 88' lang='lat' dir='ltr'>diei</span> <span class='ocrx_word' id='word_1_731' title='bbox 2198 1089 2317 1119; x_wconf 88' lang='lat' dir='ltr'>sabbati</span> <span class='ocrx_word' id='word_1_732' title='bbox 2335 1096 2409 1120; x_wconf 89' lang='lat' dir='ltr'>ante</span> 
     </span>
     <span class='ocr_line' id='line_1_94' title="bbox 1337 1128 2408 1171; baseline 0.006 -13"><span class='ocrx_word' id='word_1_733' title='bbox 1337 1139 1392 1158; x_wconf 87' lang='lat' dir='ltr'>vm</span> <span class='ocrx_word' id='word_1_734' title='bbox 1414 1128 1486 1158; x_wconf 91' lang='lat' dir='ltr'>idus</span> <span class='ocrx_word' id='word_1_735' title='bbox 1511 1128 1695 1168; x_wconf 88' lang='lat' dir='ltr'>septembris</span> <span class='ocrx_word' id='word_1_736' title='bbox 1719 1139 1803 1159; x_wconf 91' lang='lat' dir='ltr'>anno</span> <span class='ocrx_word' id='word_1_737' title='bbox 1833 1130 1927 1168; x_wconf 83' lang='lat'>1303,</span> <span class='ocrx_word' id='word_1_738' title='bbox 1952 1129 2141 1171; x_wconf 90' lang='lat' dir='ltr'>fratremque</span> <span class='ocrx_word' id='word_1_739' title='bbox 2165 1132 2317 1163; x_wconf 89' lang='lat' dir='ltr'>Ioannem</span> <span class='ocrx_word' id='word_1_740' title='bbox 2340 1143 2408 1164; x_wconf 91' lang='lat' dir='ltr'>rem</span> 
     </span>
     <span class='ocr_line' id='line_1_95' title="bbox 1338 1172 2406 1214; baseline 0.006 -12"><span class='ocrx_word' id='word_1_741' title='bbox 1338 1172 1484 1203; x_wconf 90' lang='lat' dir='ltr'>eamdem</span> <span class='ocrx_word' id='word_1_742' title='bbox 1504 1172 1647 1203; x_wconf 89' lang='lat' dir='ltr'>didicisse</span> <span class='ocrx_word' id='word_1_743' title='bbox 1671 1183 1691 1202; x_wconf 93' lang='lat' dir='ltr'>a</span> <span class='ocrx_word' id='word_1_744' title='bbox 1706 1172 1821 1213; x_wconf 87' lang='lat' dir='ltr'>fratre</span> <span class='ocrx_word' id='word_1_745' title='bbox 1838 1173 2013 1213; x_wconf 86' lang='lat' dir='ltr'>Raynaldo</span> <span class='ocrx_word' id='word_1_746' title='bbox 2031 1175 2231 1214; x_wconf 82' lang='lat' dir='ltr'>Privernate,</span> <span class='ocrx_word' id='word_1_747' title='bbox 2257 1177 2336 1207; x_wconf 91' lang='lat' dir='ltr'>dum</span> <span class='ocrx_word' id='word_1_748' title='bbox 2355 1188 2406 1208; x_wconf 85' lang='lat' dir='ltr'>ex-</span> 
     </span>
     <span class='ocr_line' id='line_1_96' title="bbox 1337 1216 2407 1252; baseline 0.006 -6"><span class='ocrx_word' id='word_1_749' title='bbox 1337 1223 1439 1247; x_wconf 90' lang='lat' dir='ltr'>tremo</span> <span class='ocrx_word' id='word_1_750' title='bbox 1465 1216 1545 1247; x_wconf 91' lang='lat' dir='ltr'>circa</span> <span class='ocrx_word' id='word_1_751' title='bbox 1568 1226 1690 1247; x_wconf 90' lang='lat' dir='ltr'>annum</span> <span class='ocrx_word' id='word_1_752' title='bbox 1718 1217 1800 1247; x_wconf 83' lang='lat'>1300</span> <span class='ocrx_word' id='word_1_753' title='bbox 1824 1218 1938 1248; x_wconf 90' lang='lat' dir='ltr'>morbo</span> <span class='ocrx_word' id='word_1_754' title='bbox 1955 1218 2125 1249; x_wconf 84' lang='lat' dir='ltr'>laboraret:</span> <span class='ocrx_word' id='word_1_755' title='bbox 2150 1229 2257 1250; x_wconf 89' lang='lat' dir='ltr'>coram</span> <span class='ocrx_word' id='word_1_756' title='bbox 2276 1221 2407 1252; x_wconf 90' lang='lat' dir='ltr'>demum</span> 
     </span>
     <span class='ocr_line' id='line_1_97' title="bbox 1338 1260 2408 1303; baseline 0.006 -13"><span class='ocrx_word' id='word_1_757' title='bbox 1338 1260 1508 1301; x_wconf 91' lang='lat' dir='ltr'>palamque</span> <span class='ocrx_word' id='word_1_758' title='bbox 1536 1260 1569 1290; x_wconf 88' lang='lat' dir='ltr'>id</span> <span class='ocrx_word' id='word_1_759' title='bbox 1597 1271 1616 1291; x_wconf 89' lang='lat' dir='ltr'>a</span> <span class='ocrx_word' id='word_1_760' title='bbox 1643 1260 1823 1300; x_wconf 89' lang='lat' dir='ltr'>Logotheta</span> <span class='ocrx_word' id='word_1_761' title='bbox 1850 1261 2016 1301; x_wconf 86' lang='lat' dir='ltr'>vulgatum</span> <span class='ocrx_word' id='word_1_762' title='bbox 2034 1262 2145 1303; x_wconf 84' lang='lat' dir='ltr'>fratri</span> <span class='ocrx_word' id='word_1_763' title='bbox 2175 1264 2345 1296; x_wconf 90' lang='lat' dir='ltr'>Guillelmo</span> <span class='ocrx_word' id='word_1_764' title='bbox 2368 1266 2408 1297; x_wconf 87' lang='lat' dir='ltr'>de</span> 
     </span>
     <span class='ocr_line' id='line_1_98' title="bbox 1343 1305 2405 1350; baseline 0.006 -15"><span class='ocrx_word' id='word_1_765' title='bbox 1343 1305 1443 1336; x_wconf 89' lang='lat' dir='ltr'>Tocco</span> <span class='ocrx_word' id='word_1_766' title='bbox 1467 1310 1497 1335; x_wconf 88' lang='lat' dir='ltr'>et</span> <span class='ocrx_word' id='word_1_767' title='bbox 1513 1305 1666 1345; x_wconf 89' lang='lat' dir='ltr'>pluribus</span> <span class='ocrx_word' id='word_1_768' title='bbox 1688 1305 1762 1336; x_wconf 86' lang='lat' dir='ltr'>aliis</span> <span class='ocrx_word' id='word_1_769' title='bbox 1784 1306 2065 1337; x_wconf 87' lang='lat' dir='ltr'>Praedicatoribus</span> <span class='ocrx_word' id='word_1_770' title='bbox 2084 1313 2114 1337; x_wconf 91' lang='lat' dir='ltr'>et</span> <span class='ocrx_word' id='word_1_771' title='bbox 2130 1313 2244 1347; x_wconf 87' lang='lat' dir='ltr'>postea</span> <span class='ocrx_word' id='word_1_772' title='bbox 2259 1309 2323 1350; x_wconf 88' lang='lat' dir='ltr'>fel.</span> <span class='ocrx_word' id='word_1_773' title='bbox 2341 1320 2405 1341; x_wconf 91' lang='lat' dir='ltr'>rec.</span> 
     </span>
     <span class='ocr_line' id='line_1_99' title="bbox 1336 1349 2406 1393; baseline 0.005 -14"><span class='ocrx_word' id='word_1_774' title='bbox 1336 1349 1477 1380; x_wconf 87' lang='lat' dir='ltr'>Domino</span> <span class='ocrx_word' id='word_1_775' title='bbox 1499 1349 1673 1380; x_wconf 78' lang='lat' dir='ltr'>Benedicta</span> <span class='ocrx_word' id='word_1_776' title='bbox 1696 1350 1805 1390; x_wconf 88' lang='lat' dir='ltr'>Papae</span> <span class='ocrx_word' id='word_1_777' title='bbox 1834 1350 1866 1380; x_wconf 92' lang='lat' dir='ltr'>in</span> <span class='ocrx_word' id='word_1_778' title='bbox 1900 1350 1985 1381; x_wconf 88' lang='lat' dir='ltr'>Urbe</span> <span class='ocrx_word' id='word_1_779' title='bbox 2008 1353 2163 1389; x_wconf 89' lang='lat' dir='ltr'>moranti,</span> <span class='ocrx_word' id='word_1_780' title='bbox 2195 1353 2251 1393; x_wconf 89' lang='lat' dir='ltr'>qui</span> <span class='ocrx_word' id='word_1_781' title='bbox 2279 1353 2406 1384; x_wconf 90' lang='lat' dir='ltr'>Bonifa-</span> 
     </span>
     <span class='ocr_line' id='line_1_100' title="bbox 1337 1393 2407 1438; baseline 0.006 -15"><span class='ocrx_word' id='word_1_782' title='bbox 1337 1393 1387 1424; x_wconf 92' lang='lat' dir='ltr'>cio</span> <span class='ocrx_word' id='word_1_783' title='bbox 1411 1394 1482 1424; x_wconf 92' lang='lat' dir='ltr'>VIII</span> <span class='ocrx_word' id='word_1_784' title='bbox 1507 1393 1656 1424; x_wconf 88' lang='lat' dir='ltr'>successit</span> <span class='ocrx_word' id='word_1_785' title='bbox 1679 1404 1763 1424; x_wconf 90' lang='lat' dir='ltr'>anno</span> <span class='ocrx_word' id='word_1_786' title='bbox 1793 1394 1873 1424; x_wconf 84' lang='lat'>1303</span> <span class='ocrx_word' id='word_1_787' title='bbox 1904 1394 1955 1425; x_wconf 93' lang='lat' dir='ltr'>die</span> <span class='ocrx_word' id='word_1_788' title='bbox 1980 1404 2020 1425; x_wconf 87' lang='lat'>22</span> <span class='ocrx_word' id='word_1_789' title='bbox 2046 1396 2192 1427; x_wconf 87' lang='lat' dir='ltr'>octobris.</span> <span class='ocrx_word' id='word_1_790' title='bbox 2221 1397 2333 1438; x_wconf 92' lang='lat' dir='ltr'>Neque</span> <span class='ocrx_word' id='word_1_791' title='bbox 2356 1398 2407 1429; x_wconf 92' lang='lat' dir='ltr'>fir—</span> 
     </span>
     <span class='ocr_line' id='line_1_101' title="bbox 1337 1437 2407 1482; baseline 0.005 -14"><span class='ocrx_word' id='word_1_792' title='bbox 1337 1437 1422 1468; x_wconf 91' lang='lat' dir='ltr'>mius</span> <span class='ocrx_word' id='word_1_793' title='bbox 1445 1437 1559 1468; x_wconf 90' lang='lat' dir='ltr'>adduci</span> <span class='ocrx_word' id='word_1_794' title='bbox 1583 1448 1687 1479; x_wconf 91' lang='lat' dir='ltr'>neque</span> <span class='ocrx_word' id='word_1_795' title='bbox 1710 1438 1812 1478; x_wconf 90' lang='lat' dir='ltr'>optari</span> <span class='ocrx_word' id='word_1_796' title='bbox 1835 1438 2055 1469; x_wconf 90' lang='lat' dir='ltr'>testimonium</span> <span class='ocrx_word' id='word_1_797' title='bbox 2078 1447 2202 1480; x_wconf 91' lang='lat' dir='ltr'>potest,</span> <span class='ocrx_word' id='word_1_798' title='bbox 2230 1442 2319 1482; x_wconf 93' lang='lat' dir='ltr'>quod</span> <span class='ocrx_word' id='word_1_799' title='bbox 2338 1452 2407 1473; x_wconf 91' lang='lat' dir='ltr'>mo-</span> 
     </span>
     <span class='ocr_line' id='line_1_102' title="bbox 1337 1482 2220 1524; baseline 0.002 -11"><span class='ocrx_word' id='word_1_800' title='bbox 1337 1489 1408 1514; x_wconf 89' lang='lat' dir='ltr'>tum</span> <span class='ocrx_word' id='word_1_801' title='bbox 1426 1493 1444 1512; x_wconf 91' lang='lat' dir='ltr'>a</span> <span class='ocrx_word' id='word_1_802' title='bbox 1460 1483 1552 1513; x_wconf 92' lang='lat' dir='ltr'>Petro</span> <span class='ocrx_word' id='word_1_803' title='bbox 1573 1483 1611 1513; x_wconf 91' lang='lat' dir='ltr'>de</span> <span class='ocrx_word' id='word_1_804' title='bbox 1630 1482 1711 1513; x_wconf 89' lang='lat' dir='ltr'>Alva</span> <span class='ocrx_word' id='word_1_805' title='bbox 1729 1482 1864 1513; x_wconf 89' lang='lat' dir='ltr'>dubium</span> <span class='ocrx_word' id='word_1_806' title='bbox 1884 1483 2009 1514; x_wconf 90' lang='lat' dir='ltr'>dirimat</span> <span class='ocrx_word' id='word_1_807' title='bbox 2027 1494 2062 1514; x_wconf 91' lang='lat' dir='ltr'>ac</span> <span class='ocrx_word' id='word_1_808' title='bbox 2082 1484 2220 1524; x_wconf 88' lang='lat' dir='ltr'>dissipet.</span> 
     </span>
    </p>

    <p class='ocr_par' dir='ltr' id='par_1_11' title="bbox 1319 1527 2410 2941">
     <span class='ocr_line' id='line_1_103' title="bbox 1404 1527 2407 1571; baseline 0.006 -15"><span class='ocrx_word' id='word_1_809' title='bbox 1404 1527 1612 1567; x_wconf 89' lang='lat' dir='ltr'>Quamquam</span> <span class='ocrx_word' id='word_1_810' title='bbox 1630 1527 1763 1558; x_wconf 88' lang='lat' dir='ltr'>demum</span> <span class='ocrx_word' id='word_1_811' title='bbox 1777 1533 1808 1558; x_wconf 92' lang='lat' dir='ltr'>et</span> <span class='ocrx_word' id='word_1_812' title='bbox 1821 1527 1888 1567; x_wconf 89' lang='lat' dir='ltr'>ipse</span> <span class='ocrx_word' id='word_1_813' title='bbox 1903 1527 2048 1558; x_wconf 89' lang='lat' dir='ltr'>Thomas</span> <span class='ocrx_word' id='word_1_814' title='bbox 2062 1535 2240 1568; x_wconf 88' lang='lat' dir='ltr'>postremae</span> <span class='ocrx_word' id='word_1_815' title='bbox 2259 1530 2308 1560; x_wconf 91' lang='lat' dir='ltr'>sui</span> <span class='ocrx_word' id='word_1_816' title='bbox 2323 1530 2407 1571; x_wconf 92' lang='lat' dir='ltr'>Ope-</span> 
     </span>
     <span class='ocr_line' id='line_1_104' title="bbox 1337 1570 2407 1614; baseline 0.004 -13"><span class='ocrx_word' id='word_1_817' title='bbox 1337 1571 1378 1602; x_wconf 91' lang='lat' dir='ltr'>ris</span> <span class='ocrx_word' id='word_1_818' title='bbox 1401 1571 1482 1611; x_wconf 89' lang='lat' dir='ltr'>parti</span> <span class='ocrx_word' id='word_1_819' title='bbox 1505 1570 1725 1602; x_wconf 89' lang='lat' dir='ltr'>testimonium</span> <span class='ocrx_word' id='word_1_820' title='bbox 1749 1571 1910 1612; x_wconf 91' lang='lat' dir='ltr'>perhibet,</span> <span class='ocrx_word' id='word_1_821' title='bbox 1935 1578 2101 1613; x_wconf 88' lang='lat' dir='ltr'>tamquam</span> <span class='ocrx_word' id='word_1_822' title='bbox 2122 1573 2263 1613; x_wconf 88' lang='lat' dir='ltr'>genuino</span> <span class='ocrx_word' id='word_1_823' title='bbox 2287 1574 2407 1614; x_wconf 84' lang='lat' dir='ltr'>foetui,</span> 
     </span>
     <span class='ocr_line' id='line_1_105' title="bbox 1337 1615 2407 1658; baseline 0.004 -13"><span class='ocrx_word' id='word_1_824' title='bbox 1337 1626 1435 1657; x_wconf 91' lang='lat' dir='ltr'>quem</span> <span class='ocrx_word' id='word_1_825' title='bbox 1458 1622 1564 1646; x_wconf 90' lang='lat' dir='ltr'>mente</span> <span class='ocrx_word' id='word_1_826' title='bbox 1588 1615 1733 1656; x_wconf 90' lang='lat' dir='ltr'>concepit</span> <span class='ocrx_word' id='word_1_827' title='bbox 1762 1616 1954 1657; x_wconf 89' lang='lat' dir='ltr'>propriaque</span> <span class='ocrx_word' id='word_1_828' title='bbox 1984 1627 2083 1647; x_wconf 87' lang='lat' dir='ltr'>manu</span> <span class='ocrx_word' id='word_1_829' title='bbox 2107 1618 2302 1658; x_wconf 91' lang='lat' dir='ltr'>conscripsit.</span> <span class='ocrx_word' id='word_1_830' title='bbox 2335 1620 2407 1650; x_wconf 90' lang='lat' dir='ltr'>Fre-</span> 
     </span>
     <span class='ocr_line' id='line_1_106' title="bbox 1338 1659 2407 1705; baseline 0.004 -15"><span class='ocrx_word' id='word_1_831' title='bbox 1338 1659 1486 1701; x_wconf 90' lang='lat' dir='ltr'>quentius</span> <span class='ocrx_word' id='word_1_832' title='bbox 1510 1659 1597 1690; x_wconf 90' lang='lat' dir='ltr'>enim</span> <span class='ocrx_word' id='word_1_833' title='bbox 1620 1659 1653 1690; x_wconf 90' lang='lat' dir='ltr'>in</span> <span class='ocrx_word' id='word_1_834' title='bbox 1678 1659 1735 1690; x_wconf 91' lang='lat' dir='ltr'>hac</span> <span class='ocrx_word' id='word_1_835' title='bbox 1750 1660 1857 1690; x_wconf 89' lang='lat' dir='ltr'>Tertia</span> <span class='ocrx_word' id='word_1_836' title='bbox 1873 1667 1960 1700; x_wconf 89' lang='lat' dir='ltr'>parte</span> <span class='ocrx_word' id='word_1_837' title='bbox 1983 1661 2023 1691; x_wconf 94' lang='lat' dir='ltr'>ad</span> <span class='ocrx_word' id='word_1_838' title='bbox 2046 1662 2287 1702; x_wconf 88' lang='lat' dir='ltr'>nonagesimam</span> <span class='ocrx_word' id='word_1_839' title='bbox 2306 1673 2407 1705; x_wconf 90' lang='lat' dir='ltr'>usque</span> 
     </span>
     <span class='ocr_line' id='line_1_107' title="bbox 1337 1704 2406 1747; baseline 0.005 -13"><span class='ocrx_word' id='word_1_840' title='bbox 1337 1704 1559 1745; x_wconf 89' lang='lat' dir='ltr'>quaestionem</span> <span class='ocrx_word' id='word_1_841' title='bbox 1582 1710 1753 1735; x_wconf 88' lang='lat' dir='ltr'>occurrunt</span> <span class='ocrx_word' id='word_1_842' title='bbox 1770 1704 1908 1743; x_wconf 89' lang='lat' dir='ltr'>indices,</span> <span class='ocrx_word' id='word_1_843' title='bbox 1933 1705 2050 1746; x_wconf 89' lang='lat' dir='ltr'>quibus</span> <span class='ocrx_word' id='word_1_844' title='bbox 2079 1706 2119 1736; x_wconf 91' lang='lat' dir='ltr'>ad</span> <span class='ocrx_word' id='word_1_845' title='bbox 2142 1717 2178 1736; x_wconf 92' lang='lat' dir='ltr'>ea</span> <span class='ocrx_word' id='word_1_846' title='bbox 2201 1717 2234 1737; x_wconf 92' lang='lat' dir='ltr'>se</span> <span class='ocrx_word' id='word_1_847' title='bbox 2257 1708 2406 1747; x_wconf 90' lang='lat' dir='ltr'>remittit,</span> 
     </span>
     <span class='ocr_line' id='line_1_108' title="bbox 1337 1748 2407 1790; baseline 0.005 -12"><span class='ocrx_word' id='word_1_848' title='bbox 1337 1759 1419 1790; x_wconf 89' lang='lat' dir='ltr'>quae</span> <span class='ocrx_word' id='word_1_849' title='bbox 1442 1748 1547 1779; x_wconf 90' lang='lat' dir='ltr'>Prima</span> <span class='ocrx_word' id='word_1_850' title='bbox 1569 1754 1656 1788; x_wconf 87' lang='lat' dir='ltr'>parte</span> <span class='ocrx_word' id='word_1_851' title='bbox 1680 1754 1710 1779; x_wconf 90' lang='lat' dir='ltr'>et</span> <span class='ocrx_word' id='word_1_852' title='bbox 1724 1748 1830 1779; x_wconf 87' lang='lat' dir='ltr'>Prima</span> <span class='ocrx_word' id='word_1_853' title='bbox 1846 1749 2008 1780; x_wconf 90' lang='lat' dir='ltr'>Secundae</span> <span class='ocrx_word' id='word_1_854' title='bbox 2032 1756 2063 1780; x_wconf 92' lang='lat' dir='ltr'>et</span> <span class='ocrx_word' id='word_1_855' title='bbox 2086 1750 2230 1781; x_wconf 90' lang='lat' dir='ltr'>Secunda</span> <span class='ocrx_word' id='word_1_856' title='bbox 2245 1751 2407 1783; x_wconf 90' lang='lat' dir='ltr'>Secundae</span> 
     </span>
     <span class='ocr_line' id='line_1_109' title="bbox 1338 1792 2405 1836; baseline 0.006 -14"><span class='ocrx_word' id='word_1_857' title='bbox 1338 1799 1587 1833; x_wconf 87' lang='lat' dir='ltr'>pertractaverat,</span> <span class='ocrx_word' id='word_1_858' title='bbox 1611 1792 1660 1822; x_wconf 88' lang='lat' dir='ltr'>his</span> <span class='ocrx_word' id='word_1_859' title='bbox 1683 1792 1784 1823; x_wconf 91' lang='lat' dir='ltr'>verbis</span> <span class='ocrx_word' id='word_1_860' title='bbox 1808 1803 1844 1824; x_wconf 91' lang='lat' dir='ltr'>ac</span> <span class='ocrx_word' id='word_1_861' title='bbox 1868 1793 2033 1833; x_wconf 88' lang='lat' dir='ltr'>similibus,</span> <span class='ocrx_word' id='word_1_862' title='bbox 2058 1800 2094 1825; x_wconf 88' lang='lat' dir='ltr'>ut</span> <span class='ocrx_word' id='word_1_863' title='bbox 2116 1796 2148 1825; x_wconf 88' lang='lat' dir='ltr'>in</span> <span class='ocrx_word' id='word_1_864' title='bbox 2168 1796 2278 1826; x_wconf 88' lang='lat' dir='ltr'>Prima</span> <span class='ocrx_word' id='word_1_865' title='bbox 2295 1802 2405 1836; x_wconf 84' lang='lat' dir='ltr'>parte,</span> 
     </span>
     <span class='ocr_line' id='line_1_110' title="bbox 1336 1836 2406 1880; baseline 0.004 -13"><span class='ocrx_word' id='word_1_866' title='bbox 1336 1837 1387 1868; x_wconf 93' lang='lat' dir='ltr'>vel</span> <span class='ocrx_word' id='word_1_867' title='bbox 1410 1838 1443 1867; x_wconf 89' lang='lat' dir='ltr'>in</span> <span class='ocrx_word' id='word_1_868' title='bbox 1467 1836 1615 1868; x_wconf 84' lang='lat' dir='ltr'>Secunda</span> <span class='ocrx_word' id='word_1_869' title='bbox 1633 1842 1731 1877; x_wconf 85' lang='lat' dir='ltr'>parte</span> <span class='ocrx_word' id='word_1_870' title='bbox 1753 1837 1893 1868; x_wconf 87' lang='lat' dir='ltr'>habitum</span> <span class='ocrx_word' id='word_1_871' title='bbox 1919 1844 1980 1876; x_wconf 84' lang='lat' dir='ltr'>est,</span> <span class='ocrx_word' id='word_1_872' title='bbox 2005 1838 2124 1869; x_wconf 86' lang='lat' dir='ltr'>dictum</span> <span class='ocrx_word' id='word_1_873' title='bbox 2147 1845 2194 1870; x_wconf 85' lang='lat' dir='ltr'>est</span> <span class='ocrx_word' id='word_1_874' title='bbox 2217 1846 2273 1871; x_wconf 90' lang='lat' dir='ltr'>etc.</span> <span class='ocrx_word' id='word_1_875' title='bbox 2298 1841 2406 1880; x_wconf 90' lang='lat' dir='ltr'>Adde,</span> 
     </span>
     <span class='ocr_line' id='line_1_111' title="bbox 1338 1881 2408 1922; baseline 0.005 -11"><span class='ocrx_word' id='word_1_876' title='bbox 1338 1881 1596 1912; x_wconf 90' lang='lat' dir='ltr'>Commentarios</span> <span class='ocrx_word' id='word_1_877' title='bbox 1627 1881 1660 1911; x_wconf 88' lang='lat' dir='ltr'>in</span> <span class='ocrx_word' id='word_1_878' title='bbox 1691 1888 1829 1922; x_wconf 87' lang='lat' dir='ltr'>quatuor</span> <span class='ocrx_word' id='word_1_879' title='bbox 1858 1882 2091 1914; x_wconf 90' lang='lat' dir='ltr'>Sententiarum</span> <span class='ocrx_word' id='word_1_880' title='bbox 2119 1883 2216 1914; x_wconf 88' lang='lat' dir='ltr'>libros</span> <span class='ocrx_word' id='word_1_881' title='bbox 2246 1885 2408 1916; x_wconf 89' lang='lat' dir='ltr'>neminem</span> 
     </span>
     <span class='ocr_line' id='line_1_112' title="bbox 1337 1925 2407 1970; baseline 0.004 -14"><span class='ocrx_word' id='word_1_882' title='bbox 1337 1926 1489 1957; x_wconf 90' lang='lat' dir='ltr'>hactenus</span> <span class='ocrx_word' id='word_1_883' title='bbox 1513 1925 1545 1955; x_wconf 91' lang='lat' dir='ltr'>in</span> <span class='ocrx_word' id='word_1_884' title='bbox 1570 1925 1705 1956; x_wconf 88' lang='lat' dir='ltr'>dubium</span> <span class='ocrx_word' id='word_1_885' title='bbox 1728 1935 1867 1965; x_wconf 88' lang='lat' dir='ltr'>vocasse,</span> <span class='ocrx_word' id='word_1_886' title='bbox 1892 1937 1972 1957; x_wconf 92' lang='lat' dir='ltr'>num</span> <span class='ocrx_word' id='word_1_887' title='bbox 1994 1928 2135 1967; x_wconf 89' lang='lat' dir='ltr'>germani</span> <span class='ocrx_word' id='word_1_888' title='bbox 2159 1928 2221 1959; x_wconf 92' lang='lat' dir='ltr'>sint</span> <span class='ocrx_word' id='word_1_889' title='bbox 2238 1929 2407 1970; x_wconf 89' lang='lat' dir='ltr'>Aquinatis</span> 
     </span>
     <span class='ocr_line' id='line_1_113' title="bbox 1339 1969 2406 2014; baseline 0.004 -14"><span class='ocrx_word' id='word_1_890' title='bbox 1339 1969 1460 2001; x_wconf 89' lang='lat' dir='ltr'>foetus:</span> <span class='ocrx_word' id='word_1_891' title='bbox 1481 1969 1675 2011; x_wconf 89' lang='lat' dir='ltr'>eosdemque</span> <span class='ocrx_word' id='word_1_892' title='bbox 1691 1970 1724 2000; x_wconf 91' lang='lat' dir='ltr'>in</span> <span class='ocrx_word' id='word_1_893' title='bbox 1740 1970 1799 2001; x_wconf 88' lang='lat' dir='ltr'>hac</span> <span class='ocrx_word' id='word_1_894' title='bbox 1817 1971 1925 2001; x_wconf 87' lang='lat' dir='ltr'>Tertia</span> <span class='ocrx_word' id='word_1_895' title='bbox 1939 1971 2090 2002; x_wconf 88' lang='lat' dir='ltr'>Summae</span> <span class='ocrx_word' id='word_1_896' title='bbox 2105 1978 2192 2012; x_wconf 89' lang='lat' dir='ltr'>parte</span> <span class='ocrx_word' id='word_1_897' title='bbox 2210 1972 2254 2003; x_wconf 91' lang='lat' dir='ltr'>ita</span> <span class='ocrx_word' id='word_1_898' title='bbox 2269 1973 2406 2014; x_wconf 89' lang='lat' dir='ltr'>allegari,</span> 
     </span>
     <span class='ocr_line' id='line_1_114' title="bbox 1338 2014 2410 2058; baseline 0.004 -14"><span class='ocrx_word' id='word_1_899' title='bbox 1338 2021 1374 2045; x_wconf 93' lang='lat' dir='ltr'>ut</span> <span class='ocrx_word' id='word_1_900' title='bbox 1397 2024 1481 2045; x_wconf 89' lang='lat' dir='ltr'>unus</span> <span class='ocrx_word' id='word_1_901' title='bbox 1505 2014 1654 2055; x_wconf 87' lang='lat' dir='ltr'>idemque</span> <span class='ocrx_word' id='word_1_902' title='bbox 1678 2014 1843 2055; x_wconf 88' lang='lat' dir='ltr'>utriusque</span> <span class='ocrx_word' id='word_1_903' title='bbox 1867 2015 1981 2055; x_wconf 91' lang='lat' dir='ltr'>Operis</span> <span class='ocrx_word' id='word_1_904' title='bbox 2011 2023 2159 2056; x_wconf 88' lang='lat' dir='ltr'>appareat</span> <span class='ocrx_word' id='word_1_905' title='bbox 2182 2023 2312 2056; x_wconf 87' lang='lat' dir='ltr'>auctor,</span> <span class='ocrx_word' id='word_1_906' title='bbox 2341 2018 2410 2058; x_wconf 86' lang='lat' dir='ltr'>ipse</span> 
     </span>
     <span class='ocr_line' id='line_1_115' title="bbox 1338 2058 2408 2102; baseline 0.004 -13"><span class='ocrx_word' id='word_1_907' title='bbox 1338 2069 1454 2099; x_wconf 88' lang='lat' dir='ltr'>nempe</span> <span class='ocrx_word' id='word_1_908' title='bbox 1478 2058 1634 2089; x_wconf 89' lang='lat' dir='ltr'>Thomas.</span> <span class='ocrx_word' id='word_1_909' title='bbox 1659 2059 1747 2089; x_wconf 89' lang='lat' dir='ltr'>Haec</span> <span class='ocrx_word' id='word_1_910' title='bbox 1769 2059 1864 2089; x_wconf 89' lang='lat' dir='ltr'>verba</span> <span class='ocrx_word' id='word_1_911' title='bbox 1886 2059 2021 2100; x_wconf 89' lang='lat' dir='ltr'>legimus</span> <span class='ocrx_word' id='word_1_912' title='bbox 2045 2061 2086 2090; x_wconf 92' lang='lat'>111</span> <span class='ocrx_word' id='word_1_913' title='bbox 2111 2071 2196 2101; x_wconf 71' lang='lat' dir='ltr'>pan,</span> <span class='ocrx_word' id='word_1_914' title='bbox 2221 2069 2341 2102; x_wconf 91' lang='lat' dir='ltr'>quaest.</span> <span class='ocrx_word' id='word_1_915' title='bbox 2362 2073 2408 2102; x_wconf 86' lang='lat' dir='ltr'>1x,</span> 
     </span>
     <span class='ocr_line' id='line_1_116' title="bbox 1337 2103 2407 2145; baseline 0.004 -12"><span class='ocrx_word' id='word_1_916' title='bbox 1337 2110 1394 2134; x_wconf 89' lang='lat' dir='ltr'>art.</span> <span class='ocrx_word' id='word_1_917' title='bbox 1414 2110 1462 2133; x_wconf 88' lang='lat' dir='ltr'>1v:</span> <span class='ocrx_word' id='word_1_918' title='bbox 1487 2103 1530 2134; x_wconf 82' lang='lat' dir='ltr'>Et</span> <span class='ocrx_word' id='word_1_919' title='bbox 1546 2103 1616 2134; x_wconf 86' lang='lat' dir='ltr'>ideo</span> <span class='ocrx_word' id='word_1_920' title='bbox 1635 2104 1782 2144; x_wconf 79' lang='lat' dir='ltr'>quamvis</span> <span class='ocrx_word' id='word_1_921' title='bbox 1803 2103 1900 2134; x_wconf 85' lang='lat' dir='ltr'>aliter</span> <span class='ocrx_word' id='word_1_922' title='bbox 1921 2104 1999 2134; x_wconf 90' lang='lat' dir='ltr'>alibi</span> <span class='ocrx_word' id='word_1_923' title='bbox 2018 2106 2212 2145; x_wconf 85' lang='lat' dir='ltr'>scripserim,</span> <span class='ocrx_word' id='word_1_924' title='bbox 2238 2106 2407 2137; x_wconf 89' lang='lat' dir='ltr'>dicendum</span> 
     </span>
     <span class='ocr_line' id='line_1_117' title="bbox 1338 2147 2407 2190; baseline 0.003 -12"><span class='ocrx_word' id='word_1_925' title='bbox 1338 2153 1385 2179; x_wconf 88' lang='lat' dir='ltr'>est</span> <span class='ocrx_word' id='word_1_926' title='bbox 1409 2149 1441 2178; x_wconf 89' lang='lat' dir='ltr'>in</span> <span class='ocrx_word' id='word_1_927' title='bbox 1464 2147 1592 2178; x_wconf 86' lang='lat' dir='ltr'>Christo</span> <span class='ocrx_word' id='word_1_928' title='bbox 1606 2147 1718 2188; x_wconf 90' lang='lat' dir='ltr'>fuisse</span> <span class='ocrx_word' id='word_1_929' title='bbox 1732 2148 1897 2178; x_wconf 87' lang='lat' dir='ltr'>scientiam</span> <span class='ocrx_word' id='word_1_930' title='bbox 1914 2150 2102 2189; x_wconf 88' lang='lat' dir='ltr'>acquisitam</span> <span class='ocrx_word' id='word_1_931' title='bbox 2123 2155 2181 2180; x_wconf 89' lang='lat' dir='ltr'>etc.</span> <span class='ocrx_word' id='word_1_932' title='bbox 2201 2150 2317 2190; x_wconf 91' lang='lat' dir='ltr'>quibus</span> <span class='ocrx_word' id='word_1_933' title='bbox 2337 2161 2407 2181; x_wconf 92' lang='lat' dir='ltr'>sen-</span> 
     </span>
     <span class='ocr_line' id='line_1_118' title="bbox 1337 2191 2407 2234; baseline 0.003 -12"><span class='ocrx_word' id='word_1_934' title='bbox 1337 2191 1470 2223; x_wconf 89' lang='lat' dir='ltr'>tentiam</span> <span class='ocrx_word' id='word_1_935' title='bbox 1492 2198 1629 2230; x_wconf 86' lang='lat' dir='ltr'>revocat‚</span> <span class='ocrx_word' id='word_1_936' title='bbox 1654 2202 1752 2232; x_wconf 89' lang='lat' dir='ltr'>quam</span> <span class='ocrx_word' id='word_1_937' title='bbox 1775 2191 1808 2222; x_wconf 92' lang='lat' dir='ltr'>in</span> <span class='ocrx_word' id='word_1_938' title='bbox 1832 2192 1885 2231; x_wconf 90' lang='lat'>111,</span> <span class='ocrx_word' id='word_1_939' title='bbox 1910 2192 1979 2223; x_wconf 93' lang='lat' dir='ltr'>dist.</span> <span class='ocrx_word' id='word_1_940' title='bbox 1998 2203 2066 2231; x_wconf 87' lang='lat' dir='ltr'>x1v‚</span> <span class='ocrx_word' id='word_1_941' title='bbox 2091 2200 2211 2234; x_wconf 90' lang='lat' dir='ltr'>quaest.</span> <span class='ocrx_word' id='word_1_942' title='bbox 2234 2205 2261 2232; x_wconf 90' lang='lat'>1,</span> <span class='ocrx_word' id='word_1_943' title='bbox 2285 2201 2341 2225; x_wconf 86' lang='lat' dir='ltr'>art.</span> <span class='ocrx_word' id='word_1_944' title='bbox 2358 2206 2407 2234; x_wconf 91' lang='lat'>111,</span> 
     </span>
     <span class='ocr_line' id='line_1_119' title="bbox 1338 2236 2406 2278; baseline 0.003 -12"><span class='ocrx_word' id='word_1_945' title='bbox 1338 2246 1392 2277; x_wconf 92' lang='lat' dir='ltr'>qu.</span> <span class='ocrx_word' id='word_1_946' title='bbox 1410 2247 1430 2266; x_wconf 95' lang='lat' dir='ltr'>v</span> <span class='ocrx_word' id='word_1_947' title='bbox 1449 2236 1489 2266; x_wconf 91' lang='lat' dir='ltr'>ad</span> <span class='ocrx_word' id='word_1_948' title='bbox 1511 2237 1526 2267; x_wconf 90' lang='lat'>3</span> <span class='ocrx_word' id='word_1_949' title='bbox 1552 2236 1738 2267; x_wconf 87' lang='lat' dir='ltr'>tradiderat:</span> <span class='ocrx_word' id='word_1_950' title='bbox 1767 2237 1831 2267; x_wconf 88' lang='lat' dir='ltr'>Per</span> <span class='ocrx_word' id='word_1_951' title='bbox 1854 2237 1961 2267; x_wconf 88' lang='lat' dir='ltr'>lumen</span> <span class='ocrx_word' id='word_1_952' title='bbox 1986 2238 2165 2268; x_wconf 87' lang='lat' dir='ltr'>intellectus</span> <span class='ocrx_word' id='word_1_953' title='bbox 2188 2240 2334 2278; x_wconf 82' lang='lat' dir='ltr'>agentis,</span> <span class='ocrx_word' id='word_1_954' title='bbox 2359 2239 2406 2269; x_wconf 89' lang='lat' dir='ltr'>in-</span> 
     </span>
     <span class='ocr_line' id='line_1_120' title="bbox 1337 2280 2405 2323; baseline 0.004 -13"><span class='ocrx_word' id='word_1_955' title='bbox 1337 2281 1461 2321; x_wconf 87' lang='lat' dir='ltr'>quiens,</span> <span class='ocrx_word' id='word_1_956' title='bbox 1486 2281 1518 2311; x_wconf 90' lang='lat' dir='ltr'>in</span> <span class='ocrx_word' id='word_1_957' title='bbox 1542 2280 1669 2311; x_wconf 83' lang='lat' dir='ltr'>Christo</span> <span class='ocrx_word' id='word_1_958' title='bbox 1686 2290 1748 2311; x_wconf 89' lang='lat' dir='ltr'>non</span> <span class='ocrx_word' id='word_1_959' title='bbox 1764 2280 1837 2321; x_wconf 90' lang='lat' dir='ltr'>suit</span> <span class='ocrx_word' id='word_1_960' title='bbox 1852 2281 1962 2321; x_wconf 83' lang='lat' dir='ltr'>aliqua</span> <span class='ocrx_word' id='word_1_961' title='bbox 1978 2282 2108 2322; x_wconf 87' lang='lat' dir='ltr'>species,</span> <span class='ocrx_word' id='word_1_962' title='bbox 2125 2282 2165 2312; x_wconf 89' lang='lat' dir='ltr'>de</span> <span class='ocrx_word' id='word_1_963' title='bbox 2180 2292 2261 2313; x_wconf 79' lang='lat' dir='ltr'>novo</span> <span class='ocrx_word' id='word_1_964' title='bbox 2278 2289 2405 2323; x_wconf 88' lang='lat' dir='ltr'>recepta</span> 
     </span>
     <span class='ocr_line' id='line_1_121' title="bbox 1337 2324 2406 2365; baseline 0.003 -10"><span class='ocrx_word' id='word_1_965' title='bbox 1337 2326 1369 2355; x_wconf 93' lang='lat' dir='ltr'>in</span> <span class='ocrx_word' id='word_1_966' title='bbox 1394 2325 1555 2355; x_wconf 89' lang='lat' dir='ltr'>intellectu</span> <span class='ocrx_word' id='word_1_967' title='bbox 1573 2324 1720 2364; x_wconf 87' lang='lat' dir='ltr'>possibili</span> <span class='ocrx_word' id='word_1_968' title='bbox 1739 2326 1827 2355; x_wconf 86' lang='lat' dir='ltr'>eius:</span> <span class='ocrx_word' id='word_1_969' title='bbox 1849 2335 1915 2365; x_wconf 90' lang='lat' dir='ltr'>quo</span> <span class='ocrx_word' id='word_1_970' title='bbox 1934 2325 2040 2365; x_wconf 91' lang='lat' dir='ltr'>posito</span> <span class='ocrx_word' id='word_1_971' title='bbox 2068 2325 2221 2356; x_wconf 89' lang='lat' dir='ltr'>inferebat</span> <span class='ocrx_word' id='word_1_972' title='bbox 2244 2327 2406 2358; x_wconf 88' lang='lat' dir='ltr'>scientiam</span> 
     </span>
     <span class='ocr_line' id='line_1_122' title="bbox 1336 2368 2404 2409; baseline 0.003 -10"><span class='ocrx_word' id='word_1_973' title='bbox 1336 2369 1523 2409; x_wconf 90' lang='lat' dir='ltr'>acquisitam</span> <span class='ocrx_word' id='word_1_974' title='bbox 1546 2369 1655 2399; x_wconf 91' lang='lat' dir='ltr'>locum</span> <span class='ocrx_word' id='word_1_975' title='bbox 1677 2368 1710 2398; x_wconf 90' lang='lat' dir='ltr'>in</span> <span class='ocrx_word' id='word_1_976' title='bbox 1734 2368 1861 2399; x_wconf 90' lang='lat' dir='ltr'>Christo</span> <span class='ocrx_word' id='word_1_977' title='bbox 1877 2379 1944 2399; x_wconf 91' lang='lat' dir='ltr'>non</span> <span class='ocrx_word' id='word_1_978' title='bbox 1959 2369 2083 2400; x_wconf 91' lang='lat' dir='ltr'>habere.</span> <span class='ocrx_word' id='word_1_979' title='bbox 2108 2370 2225 2401; x_wconf 88' lang='lat' dir='ltr'>Similis</span> <span class='ocrx_word' id='word_1_980' title='bbox 2246 2372 2404 2402; x_wconf 88' lang='lat' dir='ltr'>revocatio</span> 
     </span>
     <span class='ocr_line' id='line_1_123' title="bbox 1336 2412 2405 2455; baseline 0.003 -12"><span class='ocrx_word' id='word_1_981' title='bbox 1336 2413 1506 2444; x_wconf 88' lang='lat' dir='ltr'>sententiae</span> <span class='ocrx_word' id='word_1_982' title='bbox 1530 2419 1651 2453; x_wconf 91' lang='lat' dir='ltr'>prostat</span> <span class='ocrx_word' id='word_1_983' title='bbox 1666 2412 1698 2443; x_wconf 90' lang='lat' dir='ltr'>in</span> <span class='ocrx_word' id='word_1_984' title='bbox 1718 2412 1862 2443; x_wconf 89' lang='lat' dir='ltr'>eiusdem</span> <span class='ocrx_word' id='word_1_985' title='bbox 1876 2413 2001 2444; x_wconf 90' lang='lat' dir='ltr'>Tertiae</span> <span class='ocrx_word' id='word_1_986' title='bbox 2017 2414 2112 2454; x_wconf 89' lang='lat' dir='ltr'>partis</span> <span class='ocrx_word' id='word_1_987' title='bbox 2132 2415 2316 2455; x_wconf 88' lang='lat' dir='ltr'>quaestione</span> <span class='ocrx_word' id='word_1_988' title='bbox 2335 2426 2405 2455; x_wconf 77' lang='lat' dir='ltr'>Lxx,</span> 
     </span>
     <span class='ocr_line' id='line_1_124' title="bbox 1335 2456 2404 2499; baseline 0.003 -12"><span class='ocrx_word' id='word_1_989' title='bbox 1335 2457 1467 2488; x_wconf 89' lang='lat' dir='ltr'>articulo</span> <span class='ocrx_word' id='word_1_990' title='bbox 1486 2467 1518 2487; x_wconf 94' lang='lat' dir='ltr'>1v</span> <span class='ocrx_word' id='word_1_991' title='bbox 1542 2457 1596 2488; x_wconf 92' lang='lat' dir='ltr'>ubi</span> <span class='ocrx_word' id='word_1_992' title='bbox 1622 2457 1665 2487; x_wconf 91' lang='lat' dir='ltr'>sic</span> <span class='ocrx_word' id='word_1_993' title='bbox 1684 2456 1743 2487; x_wconf 86' lang='lat' dir='ltr'>ait:</span> <span class='ocrx_word' id='word_1_994' title='bbox 1772 2470 1787 2485; x_wconf 65' lang='lat' dir='ltr'>a&lt;</span> <span class='ocrx_word' id='word_1_995' title='bbox 1800 2457 1864 2488; x_wconf 89' lang='lat' dir='ltr'>Alii</span> <span class='ocrx_word' id='word_1_996' title='bbox 1884 2457 2044 2497; x_wconf 87' lang='lat' dir='ltr'>dixerunt,</span> <span class='ocrx_word' id='word_1_997' title='bbox 2072 2459 2162 2499; x_wconf 92' lang='lat' dir='ltr'>quod</span> <span class='ocrx_word' id='word_1_998' title='bbox 2183 2458 2217 2489; x_wconf 91' lang='lat' dir='ltr'>in</span> <span class='ocrx_word' id='word_1_999' title='bbox 2243 2459 2404 2491; x_wconf 91' lang='lat' dir='ltr'>circumci-</span> 
     </span>
     <span class='ocr_line' id='line_1_125' title="bbox 1337 2501 2405 2543; baseline 0.004 -12"><span class='ocrx_word' id='word_1_1000' title='bbox 1337 2514 1352 2529; x_wconf 78' lang='grc'>»</span> <span class='ocrx_word' id='word_1_1001' title='bbox 1375 2502 1463 2532; x_wconf 90' lang='lat' dir='ltr'>sione</span> <span class='ocrx_word' id='word_1_1002' title='bbox 1480 2501 1699 2539; x_wconf 80' lang='lat' dir='ltr'>conferebatur</span> <span class='ocrx_word' id='word_1_1003' title='bbox 1713 2501 1864 2541; x_wconf 79' lang='lat' dir='ltr'>gratia...»</span> <span class='ocrx_word' id='word_1_1004' title='bbox 1883 2502 1940 2533; x_wconf 87' lang='lat' dir='ltr'>sed</span> <span class='ocrx_word' id='word_1_1005' title='bbox 1957 2512 2041 2543; x_wconf 81' lang='lat' dir='ltr'>quae</span> <span class='ocrx_word' id='word_1_1006' title='bbox 2059 2516 2073 2530; x_wconf 67' lang='grc' dir='ltr'><strong><em>α</em></strong></span> <span class='ocrx_word' id='word_1_1007' title='bbox 2086 2513 2153 2533; x_wconf 90' lang='lat' dir='ltr'>non</span> <span class='ocrx_word' id='word_1_1008' title='bbox 2169 2503 2342 2535; x_wconf 88' lang='lat' dir='ltr'>sufficiebat</span> <span class='ocrx_word' id='word_1_1009' title='bbox 2357 2514 2405 2535; x_wconf 88' lang='lat' dir='ltr'>re-</span> 
     </span>
     <span class='ocr_line' id='line_1_126' title="bbox 1337 2545 2404 2588; baseline 0.004 -13"><span class='ocrx_word' id='word_1_1010' title='bbox 1337 2558 1352 2573; x_wconf 84' lang='lat'><strong>»</strong></span> <span class='ocrx_word' id='word_1_1011' title='bbox 1374 2545 1510 2586; x_wconf 89' lang='lat' dir='ltr'>primere</span> <span class='ocrx_word' id='word_1_1012' title='bbox 1525 2545 1814 2586; x_wconf 89' lang='lat' dir='ltr'>concupiscentiam</span> <span class='ocrx_word' id='word_1_1013' title='bbox 1830 2545 1960 2585; x_wconf 88' lang='lat' dir='ltr'>fomitis,</span> <span class='ocrx_word' id='word_1_1014' title='bbox 1976 2557 2033 2578; x_wconf 91' lang='lat' dir='ltr'>nec</span> <span class='ocrx_word' id='word_1_1015' title='bbox 2047 2547 2088 2577; x_wconf 90' lang='lat' dir='ltr'>ad</span> <span class='ocrx_word' id='word_1_1016' title='bbox 2102 2547 2302 2588; x_wconf 89' lang='lat' dir='ltr'>implendum</span> <span class='ocrx_word' id='word_1_1017' title='bbox 2316 2559 2404 2579; x_wconf 90' lang='lat' dir='ltr'>man-</span> 
     </span>
     <span class='ocr_line' id='line_1_127' title="bbox 1336 2590 2404 2631; baseline 0.004 -12"><span class='ocrx_word' id='word_1_1018' title='bbox 1336 2603 1351 2617; x_wconf 79' lang='lat'><strong>»</strong></span> <span class='ocrx_word' id='word_1_1019' title='bbox 1374 2590 1446 2620; x_wconf 91' lang='lat' dir='ltr'>data</span> <span class='ocrx_word' id='word_1_1020' title='bbox 1469 2590 1563 2630; x_wconf 83' lang='lat' dir='ltr'>legis:</span> <span class='ocrx_word' id='word_1_1021' title='bbox 1588 2590 1674 2630; x_wconf 87' lang='lat' dir='ltr'>quod</span> <span class='ocrx_word' id='word_1_1022' title='bbox 1691 2591 1786 2620; x_wconf 87' lang='lat' dir='ltr'>etiam</span> <span class='ocrx_word' id='word_1_1023' title='bbox 1803 2590 1977 2631; x_wconf 85' lang='lat' dir='ltr'>aliquando</span> <span class='ocrx_word' id='word_1_1024' title='bbox 1996 2592 2073 2622; x_wconf 82' lang='lat' dir='ltr'>mihi</span> <span class='ocrx_word' id='word_1_1025' title='bbox 2088 2593 2190 2623; x_wconf 84' lang='lat' dir='ltr'>visum</span> <span class='ocrx_word' id='word_1_1026' title='bbox 2207 2598 2263 2623; x_wconf 89' lang='lat' dir='ltr'>est.</span> <span class='ocrx_word' id='word_1_1027' title='bbox 2281 2593 2342 2623; x_wconf 93' lang='lat' dir='ltr'>Sed</span> <span class='ocrx_word' id='word_1_1028' title='bbox 2359 2593 2404 2623; x_wconf 89' lang='lat' dir='ltr'>di-</span> 
     </span>
     <span class='ocr_line' id='line_1_128' title="bbox 1336 2634 2402 2678; baseline 0.004 -14"><span class='ocrx_word' id='word_1_1029' title='bbox 1336 2647 1351 2662; x_wconf 81' lang='lat'><strong>»</strong></span> <span class='ocrx_word' id='word_1_1030' title='bbox 1373 2634 1505 2674; x_wconf 90' lang='lat' dir='ltr'>ligenter</span> <span class='ocrx_word' id='word_1_1031' title='bbox 1528 2634 1738 2665; x_wconf 88' lang='lat' dir='ltr'>consideranti</span> <span class='ocrx_word' id='word_1_1032' title='bbox 1761 2641 1891 2675; x_wconf 88' lang='lat' dir='ltr'>apparet</span> <span class='ocrx_word' id='word_1_1033' title='bbox 1913 2635 1975 2666; x_wconf 92' lang='lat' dir='ltr'>hoc</span> <span class='ocrx_word' id='word_1_1034' title='bbox 1999 2645 2065 2666; x_wconf 91' lang='lat' dir='ltr'>non</span> <span class='ocrx_word' id='word_1_1035' title='bbox 2084 2646 2150 2666; x_wconf 92' lang='lat' dir='ltr'>esse</span> <span class='ocrx_word' id='word_1_1036' title='bbox 2173 2646 2302 2676; x_wconf 89' lang='lat' dir='ltr'>verum,</span> <span class='ocrx_word' id='word_1_1037' title='bbox 2327 2637 2402 2678; x_wconf 91' lang='lat' dir='ltr'>quia</span> 
     </span>
     <span class='ocr_line' id='line_1_129' title="bbox 1331 2675 2399 2721; baseline 0.001 -13"><span class='ocrx_word' id='word_1_1038' title='bbox 1331 2691 1350 2708; x_wconf 79' lang='grc'><strong><em>&gt;</em></strong></span> <span class='ocrx_word' id='word_1_1039' title='bbox 1373 2678 1507 2709; x_wconf 87' lang='lat' dir='ltr'>minima</span> <span class='ocrx_word' id='word_1_1040' title='bbox 1529 2675 1627 2719; x_wconf 77' lang='lat' dir='ltr'>gr&#39;atia</span> <span class='ocrx_word' id='word_1_1041' title='bbox 1650 2685 1755 2719; x_wconf 89' lang='lat' dir='ltr'>potest</span> <span class='ocrx_word' id='word_1_1042' title='bbox 1777 2679 1917 2710; x_wconf 92' lang='lat' dir='ltr'>resistere</span> <span class='ocrx_word' id='word_1_1043' title='bbox 1941 2679 2068 2711; x_wconf 91' lang='lat' dir='ltr'>cuilibet</span> <span class='ocrx_word' id='word_1_1044' title='bbox 2087 2681 2369 2721; x_wconf 88' lang='lat' dir='ltr'>concupiscentiae.</span> <span class='ocrx_word' id='word_1_1045' title='bbox 2383 2694 2399 2709; x_wconf 71' lang='lat'>1&gt;</span> 
     </span>
     <span class='ocr_line' id='line_1_130' title="bbox 1333 2723 2399 2765; baseline 0.003 -12"><span class='ocrx_word' id='word_1_1046' title='bbox 1333 2723 1373 2754; x_wconf 94' lang='lat' dir='ltr'>Se</span> <span class='ocrx_word' id='word_1_1047' title='bbox 1396 2733 1512 2763; x_wconf 90' lang='lat' dir='ltr'>nempe</span> <span class='ocrx_word' id='word_1_1048' title='bbox 1535 2723 1575 2753; x_wconf 92' lang='lat' dir='ltr'>ad</span> <span class='ocrx_word' id='word_1_1049' title='bbox 1595 2733 1666 2753; x_wconf 89' lang='lat' dir='ltr'>eam</span> <span class='ocrx_word' id='word_1_1050' title='bbox 1689 2723 1876 2764; x_wconf 90' lang='lat' dir='ltr'>opinionem</span> <span class='ocrx_word' id='word_1_1051' title='bbox 1899 2723 2002 2762; x_wconf 90' lang='lat' dir='ltr'>refert,</span> <span class='ocrx_word' id='word_1_1052' title='bbox 2026 2734 2124 2765; x_wconf 92' lang='lat' dir='ltr'>quam</span> <span class='ocrx_word' id='word_1_1053' title='bbox 2147 2725 2180 2754; x_wconf 90' lang='lat' dir='ltr'>in</span> <span class='ocrx_word' id='word_1_1054' title='bbox 2197 2725 2250 2763; x_wconf 92' lang='lat' dir='ltr'>IV,</span> <span class='ocrx_word' id='word_1_1055' title='bbox 2275 2725 2345 2756; x_wconf 91' lang='lat' dir='ltr'>dist.</span> <span class='ocrx_word' id='word_1_1056' title='bbox 2372 2736 2399 2765; x_wconf 92' lang='lat'>1,</span> 
     </span>
     <span class='ocr_line' id='line_1_131' title="bbox 1332 2767 2400 2810; baseline 0.001 -12"><span class='ocrx_word' id='word_1_1057' title='bbox 1332 2774 1452 2808; x_wconf 87' lang='lat' dir='ltr'>quaest.</span> <span class='ocrx_word' id='word_1_1058' title='bbox 1472 2769 1585 2806; x_wconf 86' lang='lat' dir='ltr'>n,&#39;art.</span> <span class='ocrx_word' id='word_1_1059' title='bbox 1603 2777 1645 2806; x_wconf 79' lang='lat' dir='ltr'>tv,</span> <span class='ocrx_word' id='word_1_1060' title='bbox 1669 2777 1724 2808; x_wconf 94' lang='lat' dir='ltr'>qu.</span> <span class='ocrx_word' id='word_1_1061' title='bbox 1741 2778 1775 2797; x_wconf 85' lang='lat'>111</span> <span class='ocrx_word' id='word_1_1062' title='bbox 1798 2767 1962 2808; x_wconf 87' lang='lat' dir='ltr'>amplexus</span> <span class='ocrx_word' id='word_1_1063' title='bbox 1991 2768 2092 2799; x_wconf 89' lang='lat' dir='ltr'>fuerat</span> <span class='ocrx_word' id='word_1_1064' title='bbox 2122 2769 2333 2810; x_wconf 90' lang='lat' dir='ltr'>docueratque</span> <span class='ocrx_word' id='word_1_1065' title='bbox 2351 2769 2400 2800; x_wconf 90' lang='lat' dir='ltr'>his</span> 
     </span>
     <span class='ocr_line' id='line_1_132' title="bbox 1331 2809 2402 2854; baseline 0.002 -12"><span class='ocrx_word' id='word_1_1066' title='bbox 1331 2811 1451 2842; x_wconf 85' lang='lat' dir='ltr'>verbis:</span> <span class='ocrx_word' id='word_1_1067' title='bbox 1475 2811 1527 2842; x_wconf 88' lang='lat' dir='ltr'>Ad</span> <span class='ocrx_word' id='word_1_1068' title='bbox 1555 2811 1641 2852; x_wconf 84' lang='lat' dir='ltr'>quod</span> <span class='ocrx_word' id='word_1_1069' title='bbox 1669 2809 1824 2854; x_wconf 90' lang='lat' dir='ltr'>(totaliter</span> <span class='ocrx_word' id='word_1_1070' title='bbox 1854 2812 2141 2852; x_wconf 89' lang='lat' dir='ltr'>concupiscentiam</span> <span class='ocrx_word' id='word_1_1071' title='bbox 2169 2813 2402 2853; x_wconf 89' lang='lat' dir='ltr'>reprimendam</span> 
     </span>
     <span class='ocr_line' id='line_1_133' title="bbox 1332 2854 2400 2899; baseline 0.002 -13"><span class='ocrx_word' id='word_1_1072' title='bbox 1332 2862 1362 2887; x_wconf 93' lang='lat' dir='ltr'>et</span> <span class='ocrx_word' id='word_1_1073' title='bbox 1384 2855 1544 2886; x_wconf 90' lang='lat' dir='ltr'>meritorie</span> <span class='ocrx_word' id='word_1_1074' title='bbox 1567 2854 1748 2898; x_wconf 90' lang='lat' dir='ltr'>agendum)</span> <span class='ocrx_word' id='word_1_1075' title='bbox 1771 2857 1882 2897; x_wconf 83' lang='lat' dir='ltr'>gratia</span> <span class='ocrx_word' id='word_1_1076' title='bbox 1906 2857 1938 2886; x_wconf 88' lang='lat' dir='ltr'>in</span> <span class='ocrx_word' id='word_1_1077' title='bbox 1963 2858 2202 2888; x_wconf 83' lang='lat' dir='ltr'>circumcisione</span> <span class='ocrx_word' id='word_1_1078' title='bbox 2228 2857 2305 2888; x_wconf 86' lang='lat' dir='ltr'>data</span> <span class='ocrx_word' id='word_1_1079' title='bbox 2330 2858 2400 2899; x_wconf 91' lang='lat' dir='ltr'>suf-</span> 
     </span>
     <span class='ocr_line' id='line_1_134' title="bbox 1319 2900 1674 2941; baseline 0 -10"><span class='ocrx_word' id='word_1_1080' title='bbox 1319 2900 1427 2941; x_wconf 89' lang='lat' dir='ltr'>ficere</span> <span class='ocrx_word' id='word_1_1081' title='bbox 1450 2910 1513 2931; x_wconf 92' lang='lat' dir='ltr'>non</span> <span class='ocrx_word' id='word_1_1082' title='bbox 1539 2900 1674 2931; x_wconf 78' lang='lat' dir='ltr'>valebat.</span> 
     </span>
    </p>

    <p class='ocr_par' dir='ltr' id='par_1_12' title="bbox 1323 2943 2401 3643">
     <span class='ocr_line' id='line_1_135' title="bbox 1397 2943 2401 2985; baseline 0.002 -11"><span class='ocrx_word' id='word_1_1083' title='bbox 1397 2945 1434 2975; x_wconf 92' lang='lat'>11.</span> <span class='ocrx_word' id='word_1_1084' title='bbox 1460 2945 1548 2975; x_wconf 88' lang='lat' dir='ltr'>Haec</span> <span class='ocrx_word' id='word_1_1085' title='bbox 1571 2944 1730 2984; x_wconf 86' lang='lat' dir='ltr'>ignorasse</span> <span class='ocrx_word' id='word_1_1086' title='bbox 1754 2943 1863 2975; x_wconf 89' lang='lat' dir='ltr'>omnia</span> <span class='ocrx_word' id='word_1_1087' title='bbox 1880 2944 2009 2975; x_wconf 85' lang='lat' dir='ltr'>Petrum</span> <span class='ocrx_word' id='word_1_1088' title='bbox 2024 2945 2062 2975; x_wconf 91' lang='lat' dir='ltr'>de</span> <span class='ocrx_word' id='word_1_1089' title='bbox 2076 2945 2157 2975; x_wconf 87' lang='lat' dir='ltr'>Alva</span> <span class='ocrx_word' id='word_1_1090' title='bbox 2173 2951 2308 2985; x_wconf 92' lang='lat' dir='ltr'>oportet,</span> <span class='ocrx_word' id='word_1_1091' title='bbox 2325 2955 2401 2976; x_wconf 90' lang='lat' dir='ltr'>cum</span> 
     </span>
     <span class='ocr_line' id='line_1_136' title="bbox 1335 2988 2399 3029; baseline 0.001 -10"><span class='ocrx_word' id='word_1_1092' title='bbox 1335 2989 1476 3019; x_wconf 89' lang='lat' dir='ltr'>Tertiam</span> <span class='ocrx_word' id='word_1_1093' title='bbox 1496 2989 1647 3019; x_wconf 90' lang='lat' dir='ltr'>Summae</span> <span class='ocrx_word' id='word_1_1094' title='bbox 1666 2988 1880 3028; x_wconf 89' lang='lat' dir='ltr'>Theologicae</span> <span class='ocrx_word' id='word_1_1095' title='bbox 1896 2994 2025 3028; x_wconf 89' lang='lat' dir='ltr'>partem</span> <span class='ocrx_word' id='word_1_1096' title='bbox 2049 2989 2082 3018; x_wconf 93' lang='lat' dir='ltr'>in</span> <span class='ocrx_word' id='word_1_1097' title='bbox 2106 2989 2319 3029; x_wconf 91' lang='lat' dir='ltr'>suspicionem</span> <span class='ocrx_word' id='word_1_1098' title='bbox 2342 3000 2399 3020; x_wconf 89' lang='lat' dir='ltr'>vo-</span> 
     </span>
     <span class='ocr_line' id='line_1_137' title="bbox 1329 3032 2398 3074; baseline 0.002 -11"><span class='ocrx_word' id='word_1_1099' title='bbox 1329 3043 1398 3063; x_wconf 91' lang='lat' dir='ltr'>care</span> <span class='ocrx_word' id='word_1_1100' title='bbox 1421 3043 1517 3064; x_wconf 89' lang='lat' dir='ltr'>ausus</span> <span class='ocrx_word' id='word_1_1101' title='bbox 1548 3039 1603 3063; x_wconf 88' lang='lat' dir='ltr'>est.</span> <span class='ocrx_word' id='word_1_1102' title='bbox 1629 3032 1710 3071; x_wconf 92' lang='lat' dir='ltr'>Quis</span> <span class='ocrx_word' id='word_1_1103' title='bbox 1733 3032 1819 3063; x_wconf 89' lang='lat' dir='ltr'>enim</span> <span class='ocrx_word' id='word_1_1104' title='bbox 1842 3042 1934 3063; x_wconf 87' lang='lat' dir='ltr'>sanae</span> <span class='ocrx_word' id='word_1_1105' title='bbox 1965 3032 2079 3063; x_wconf 92' lang='lat' dir='ltr'>mentis</span> <span class='ocrx_word' id='word_1_1106' title='bbox 2103 3033 2211 3072; x_wconf 90' lang='lat' dir='ltr'>fuerit,</span> <span class='ocrx_word' id='word_1_1107' title='bbox 2235 3034 2291 3074; x_wconf 91' lang='lat' dir='ltr'>qui</span> <span class='ocrx_word' id='word_1_1108' title='bbox 2314 3034 2398 3065; x_wconf 89' lang='lat' dir='ltr'>testi-</span> 
     </span>
     <span class='ocr_line' id='line_1_138' title="bbox 1328 3077 2397 3117; baseline 0.002 -11"><span class='ocrx_word' id='word_1_1109' title='bbox 1328 3077 1438 3107; x_wconf 90' lang='lat' dir='ltr'>monia</span> <span class='ocrx_word' id='word_1_1110' title='bbox 1460 3084 1526 3107; x_wconf 89' lang='lat' dir='ltr'>tam</span> <span class='ocrx_word' id='word_1_1111' title='bbox 1549 3077 1709 3108; x_wconf 88' lang='lat' dir='ltr'>luculenta</span> <span class='ocrx_word' id='word_1_1112' title='bbox 1733 3083 1763 3107; x_wconf 94' lang='lat' dir='ltr'>et</span> <span class='ocrx_word' id='word_1_1113' title='bbox 1784 3083 1968 3116; x_wconf 84' lang='lat' dir='ltr'>argumenta</span> <span class='ocrx_word' id='word_1_1114' title='bbox 1991 3083 2057 3107; x_wconf 88' lang='lat' dir='ltr'>tam</span> <span class='ocrx_word' id='word_1_1115' title='bbox 2080 3077 2181 3107; x_wconf 90' lang='lat' dir='ltr'>solida</span> <span class='ocrx_word' id='word_1_1116' title='bbox 2203 3078 2336 3117; x_wconf 90' lang='lat' dir='ltr'>noverit,</span> <span class='ocrx_word' id='word_1_1117' title='bbox 2357 3078 2397 3108; x_wconf 92' lang='lat' dir='ltr'>si-</span> 
     </span>
     <span class='ocr_line' id='line_1_139' title="bbox 1327 3121 2398 3163; baseline 0.002 -12"><span class='ocrx_word' id='word_1_1118' title='bbox 1327 3121 1460 3162; x_wconf 88' lang='lat' dir='ltr'>mulque</span> <span class='ocrx_word' id='word_1_1119' title='bbox 1484 3121 1715 3152; x_wconf 90' lang='lat' dir='ltr'>dubitationem</span> <span class='ocrx_word' id='word_1_1120' title='bbox 1737 3127 1882 3159; x_wconf 88' lang='lat' dir='ltr'>moveat,</span> <span class='ocrx_word' id='word_1_1121' title='bbox 1906 3130 1987 3151; x_wconf 91' lang='lat' dir='ltr'>num</span> <span class='ocrx_word' id='word_1_1122' title='bbox 2009 3121 2120 3151; x_wconf 90' lang='lat' dir='ltr'>eadem</span> <span class='ocrx_word' id='word_1_1123' title='bbox 2142 3122 2249 3152; x_wconf 87' lang='lat' dir='ltr'>Tertia</span> <span class='ocrx_word' id='word_1_1124' title='bbox 2264 3132 2336 3163; x_wconf 90' lang='lat' dir='ltr'>pars</span> <span class='ocrx_word' id='word_1_1125' title='bbox 2359 3123 2398 3153; x_wconf 92' lang='lat' dir='ltr'>ab</span> 
     </span>
     <span class='ocr_line' id='line_1_140' title="bbox 1326 3162 2396 3206; baseline 0.002 -11"><span class='ocrx_word' id='word_1_1126' title='bbox 1326 3165 1486 3205; x_wconf 89' lang='lat' dir='ltr'>Aquinate</span> <span class='ocrx_word' id='word_1_1127' title='bbox 1518 3165 1669 3205; x_wconf 90' lang='lat' dir='ltr'>prodierit</span> <span class='ocrx_word' id='word_1_1128' title='bbox 1698 3162 1847 3195; x_wconf 84' lang='lat' dir='ltr'>auctore?</span> <span class='ocrx_word' id='word_1_1129' title='bbox 1878 3166 1930 3195; x_wconf 88' lang='lat' dir='ltr'>An</span> <span class='ocrx_word' id='word_1_1130' title='bbox 1962 3175 2070 3205; x_wconf 89' lang='lat' dir='ltr'>graves</span> <span class='ocrx_word' id='word_1_1131' title='bbox 2094 3166 2171 3196; x_wconf 88' lang='lat' dir='ltr'>aliae</span> <span class='ocrx_word' id='word_1_1132' title='bbox 2203 3173 2328 3206; x_wconf 87' lang='lat' dir='ltr'>praesto</span> <span class='ocrx_word' id='word_1_1133' title='bbox 2350 3166 2396 3196; x_wconf 93' lang='lat' dir='ltr'>illi</span> 
     </span>
     <span class='ocr_line' id='line_1_141' title="bbox 1327 3206 2396 3250; baseline 0.001 -11"><span class='ocrx_word' id='word_1_1134' title='bbox 1327 3209 1444 3240; x_wconf 86' lang='lat' dir='ltr'>fuerint</span> <span class='ocrx_word' id='word_1_1135' title='bbox 1466 3209 1640 3240; x_wconf 89' lang='lat' dir='ltr'>haesitandi</span> <span class='ocrx_word' id='word_1_1136' title='bbox 1663 3206 1820 3240; x_wconf 85' lang='lat' dir='ltr'>rationes?</span> <span class='ocrx_word' id='word_1_1137' title='bbox 1843 3208 2041 3249; x_wconf 86' lang='lat' dir='ltr'>Suppletam,</span> <span class='ocrx_word' id='word_1_1138' title='bbox 2060 3209 2174 3250; x_wconf 91' lang='lat' dir='ltr'>inquit,</span> <span class='ocrx_word' id='word_1_1139' title='bbox 2191 3211 2396 3250; x_wconf 85' lang='lat' dir='ltr'>completam-</span> 
     </span>
     <span class='ocr_line' id='line_1_142' title="bbox 1327 3252 2398 3294; baseline 0.001 -11"><span class='ocrx_word' id='word_1_1140' title='bbox 1327 3263 1390 3294; x_wconf 92' lang='lat' dir='ltr'>que</span> <span class='ocrx_word' id='word_1_1141' title='bbox 1412 3260 1534 3293; x_wconf 90' lang='lat' dir='ltr'>partem</span> <span class='ocrx_word' id='word_1_1142' title='bbox 1563 3253 1652 3283; x_wconf 90' lang='lat' dir='ltr'>illam</span> <span class='ocrx_word' id='word_1_1143' title='bbox 1681 3252 1776 3283; x_wconf 87' lang='lat' dir='ltr'>fuisse</span> <span class='ocrx_word' id='word_1_1144' title='bbox 1804 3259 1878 3293; x_wconf 91' lang='lat' dir='ltr'>post</span> <span class='ocrx_word' id='word_1_1145' title='bbox 1907 3253 2031 3284; x_wconf 89' lang='lat' dir='ltr'>obitum</span> <span class='ocrx_word' id='word_1_1146' title='bbox 2061 3254 2207 3284; x_wconf 85' lang='lat' dir='ltr'>Thomae</span> <span class='ocrx_word' id='word_1_1147' title='bbox 2241 3254 2398 3285; x_wconf 89' lang='lat' dir='ltr'>inficiatur</span> 
     </span>
     <span class='ocr_line' id='line_1_143' title="bbox 1327 3297 2397 3338; baseline 0.001 -11"><span class='ocrx_word' id='word_1_1148' title='bbox 1327 3304 1440 3327; x_wconf 84' lang='lat' dir='ltr'>nemo:</span> <span class='ocrx_word' id='word_1_1149' title='bbox 1465 3307 1536 3327; x_wconf 88' lang='lat' dir='ltr'>cum</span> <span class='ocrx_word' id='word_1_1150' title='bbox 1561 3307 1637 3328; x_wconf 77' lang='lat' dir='ltr'>vero</span> <span class='ocrx_word' id='word_1_1151' title='bbox 1660 3298 1847 3338; x_wconf 87' lang='lat' dir='ltr'>ignoremus</span> <span class='ocrx_word' id='word_1_1152' title='bbox 1870 3297 1923 3327; x_wconf 91' lang='lat' dir='ltr'>ubi</span> <span class='ocrx_word' id='word_1_1153' title='bbox 1940 3297 2051 3338; x_wconf 85' lang='lat' dir='ltr'>fuerit</span> <span class='ocrx_word' id='word_1_1154' title='bbox 2074 3298 2155 3328; x_wconf 86' lang='lat' dir='ltr'>illud</span> <span class='ocrx_word' id='word_1_1155' title='bbox 2180 3299 2397 3338; x_wconf 86' lang='lat' dir='ltr'>Complemen-</span> 
     </span>
     <span class='ocr_line' id='line_1_144' title="bbox 1327 3341 2395 3382; baseline 0.001 -11"><span class='ocrx_word' id='word_1_1156' title='bbox 1327 3346 1406 3378; x_wconf 90' lang='lat' dir='ltr'>tum,</span> <span class='ocrx_word' id='word_1_1157' title='bbox 1430 3351 1473 3371; x_wconf 89' lang='lat' dir='ltr'>an</span> <span class='ocrx_word' id='word_1_1158' title='bbox 1494 3342 1526 3371; x_wconf 92' lang='lat' dir='ltr'>in</span> <span class='ocrx_word' id='word_1_1159' title='bbox 1543 3342 1717 3381; x_wconf 88' lang='lat' dir='ltr'>principio,</span> <span class='ocrx_word' id='word_1_1160' title='bbox 1738 3341 1813 3382; x_wconf 91' lang='lat' dir='ltr'>fine</span> <span class='ocrx_word' id='word_1_1161' title='bbox 1833 3346 1890 3372; x_wconf 88' lang='lat' dir='ltr'>aut</span> <span class='ocrx_word' id='word_1_1162' title='bbox 1905 3342 2025 3379; x_wconf 89' lang='lat' dir='ltr'>medio,</span> <span class='ocrx_word' id='word_1_1163' title='bbox 2041 3347 2138 3372; x_wconf 87' lang='lat' dir='ltr'>totam</span> <span class='ocrx_word' id='word_1_1164' title='bbox 2163 3343 2302 3372; x_wconf 89' lang='lat' dir='ltr'>Tertiam</span> <span class='ocrx_word' id='word_1_1165' title='bbox 2312 3352 2395 3382; x_wconf 88' lang='lat' dir='ltr'>par-</span> 
     </span>
     <span class='ocr_line' id='line_1_145' title="bbox 1326 3383 2395 3427; baseline 0.001 -12"><span class='ocrx_word' id='word_1_1166' title='bbox 1326 3390 1387 3415; x_wconf 87' lang='lat' dir='ltr'>tem</span> <span class='ocrx_word' id='word_1_1167' title='bbox 1410 3390 1589 3424; x_wconf 86' lang='lat' dir='ltr'>suspectam</span> <span class='ocrx_word' id='word_1_1168' title='bbox 1614 3395 1691 3416; x_wconf 86' lang='lat' dir='ltr'>esse.</span> <span class='ocrx_word' id='word_1_1169' title='bbox 1720 3385 1851 3415; x_wconf 90' lang='lat' dir='ltr'>Accedit</span> <span class='ocrx_word' id='word_1_1170' title='bbox 1874 3383 1996 3427; x_wconf 90' lang='lat' dir='ltr'>(pergit</span> <span class='ocrx_word' id='word_1_1171' title='bbox 2017 3385 2070 3415; x_wconf 92' lang='lat' dir='ltr'>ille</span> <span class='ocrx_word' id='word_1_1172' title='bbox 2093 3386 2241 3426; x_wconf 90' lang='lat' dir='ltr'>opposita</span> <span class='ocrx_word' id='word_1_1173' title='bbox 2256 3386 2395 3426; x_wconf 82' lang='lat' dir='ltr'>proferre</span> 
     </span>
     <span class='ocr_line' id='line_1_146' title="bbox 1326 3427 2392 3470; baseline 0.003 -12"><span class='ocrx_word' id='word_1_1174' title='bbox 1326 3427 1529 3470; x_wconf 91' lang='lat' dir='ltr'>argumenta)</span> <span class='ocrx_word' id='word_1_1175' title='bbox 1552 3435 1674 3468; x_wconf 87' lang='lat' dir='ltr'>partem</span> <span class='ocrx_word' id='word_1_1176' title='bbox 1702 3429 1848 3459; x_wconf 89' lang='lat' dir='ltr'>eamdem</span> <span class='ocrx_word' id='word_1_1177' title='bbox 1869 3429 1989 3459; x_wconf 90' lang='lat' dir='ltr'>laudari</span> <span class='ocrx_word' id='word_1_1178' title='bbox 2021 3430 2169 3469; x_wconf 90' lang='lat' dir='ltr'>nuspiam</span> <span class='ocrx_word' id='word_1_1179' title='bbox 2198 3430 2237 3460; x_wconf 87' lang='lat' dir='ltr'>ab</span> <span class='ocrx_word' id='word_1_1180' title='bbox 2259 3430 2392 3461; x_wconf 88' lang='lat' dir='ltr'>Alberto</span> 
     </span>
     <span class='ocr_line' id='line_1_147' title="bbox 1326 3471 2395 3514; baseline 0.003 -12"><span class='ocrx_word' id='word_1_1181' title='bbox 1326 3472 1364 3502; x_wconf 89' lang='lat' dir='ltr'>de</span> <span class='ocrx_word' id='word_1_1182' title='bbox 1387 3471 1500 3510; x_wconf 79' lang='lat' dir='ltr'>Brixia,</span> <span class='ocrx_word' id='word_1_1183' title='bbox 1517 3482 1536 3502; x_wconf 90' lang='lat' dir='ltr'>a</span> <span class='ocrx_word' id='word_1_1184' title='bbox 1550 3472 1684 3502; x_wconf 89' lang='lat' dir='ltr'>Nicolao</span> <span class='ocrx_word' id='word_1_1185' title='bbox 1699 3472 1878 3513; x_wconf 90' lang='lat' dir='ltr'>Eymerico,</span> <span class='ocrx_word' id='word_1_1186' title='bbox 1893 3482 1912 3502; x_wconf 88' lang='lat' dir='ltr'>a</span> <span class='ocrx_word' id='word_1_1187' title='bbox 1928 3473 2068 3503; x_wconf 88' lang='lat' dir='ltr'>Girando</span> <span class='ocrx_word' id='word_1_1188' title='bbox 2082 3474 2228 3512; x_wconf 86' lang='lat' dir='ltr'>Renerio,</span> <span class='ocrx_word' id='word_1_1189' title='bbox 2245 3474 2284 3504; x_wconf 90' lang='lat' dir='ltr'>ab</span> <span class='ocrx_word' id='word_1_1190' title='bbox 2300 3474 2395 3514; x_wconf 88' lang='lat' dir='ltr'>Aegi—</span> 
     </span>
     <span class='ocr_line' id='line_1_148' title="bbox 1325 3515 2394 3556; baseline 0.004 -11"><span class='ocrx_word' id='word_1_1191' title='bbox 1325 3516 1378 3545; x_wconf 93' lang='lat' dir='ltr'>dio</span> <span class='ocrx_word' id='word_1_1192' title='bbox 1395 3516 1542 3546; x_wconf 91' lang='lat' dir='ltr'>Romano</span> <span class='ocrx_word' id='word_1_1193' title='bbox 1558 3516 1592 3546; x_wconf 92' lang='lat' dir='ltr'>in</span> <span class='ocrx_word' id='word_1_1194' title='bbox 1608 3515 1807 3546; x_wconf 88' lang='lat' dir='ltr'>Correctorio</span> <span class='ocrx_word' id='word_1_1195' title='bbox 1818 3516 2015 3556; x_wconf 88' lang='lat' dir='ltr'>corruptorii.</span> <span class='ocrx_word' id='word_1_1196' title='bbox 2039 3517 2089 3547; x_wconf 92' lang='lat' dir='ltr'>En</span> <span class='ocrx_word' id='word_1_1197' title='bbox 2105 3518 2266 3548; x_wconf 88' lang='lat' dir='ltr'>machinas</span> <span class='ocrx_word' id='word_1_1198' title='bbox 2281 3527 2394 3549; x_wconf 90' lang='lat' dir='ltr'>omnes</span> 
     </span>
     <span class='ocr_line' id='line_1_149' title="bbox 1325 3559 2394 3602; baseline 0.005 -13"><span class='ocrx_word' id='word_1_1199' title='bbox 1325 3569 1344 3589; x_wconf 91' lang='lat' dir='ltr'>a</span> <span class='ocrx_word' id='word_1_1200' title='bbox 1365 3559 1458 3589; x_wconf 93' lang='lat' dir='ltr'>Petro</span> <span class='ocrx_word' id='word_1_1201' title='bbox 1483 3560 1521 3590; x_wconf 90' lang='lat' dir='ltr'>de</span> <span class='ocrx_word' id='word_1_1202' title='bbox 1543 3559 1625 3590; x_wconf 89' lang='lat' dir='ltr'>Alva</span> <span class='ocrx_word' id='word_1_1203' title='bbox 1648 3559 1810 3591; x_wconf 84' lang='lat' dir='ltr'>adhibitas.</span> <span class='ocrx_word' id='word_1_1204' title='bbox 1836 3559 2003 3597; x_wconf 88' lang='lat' dir='ltr'>Quaenam</span> <span class='ocrx_word' id='word_1_1205' title='bbox 2025 3560 2086 3591; x_wconf 89' lang='lat' dir='ltr'>illis</span> <span class='ocrx_word' id='word_1_1206' title='bbox 2108 3562 2189 3592; x_wconf 90' lang='lat' dir='ltr'>vires</span> <span class='ocrx_word' id='word_1_1207' title='bbox 2211 3562 2319 3602; x_wconf 89' lang='lat' dir='ltr'>insint,</span> <span class='ocrx_word' id='word_1_1208' title='bbox 2343 3572 2394 3594; x_wconf 89' lang='lat' dir='ltr'>ex—</span> 
     </span>
     <span class='ocr_line' id='line_1_150' title="bbox 1323 3613 1492 3643; baseline 0 -9"><span class='ocrx_word' id='word_1_1209' title='bbox 1323 3613 1492 3643; x_wconf 85' lang='lat' dir='ltr'>penamur.</span> 
     </span>
    </p>
   </div>
  </div>
 </body>
</html>
