2788 4204
35 2278 180 2308 *laet-11,
202 2284 254 2307 n.3

0 2311 92 2335 ,⁸⁸⁴-

1160 308 1271 345 CAP.
1303 310 1353 356 x,

287 387 463 420 nominum
496 385 797 428 transpositionem,
821 386 953 428 negatio
983 387 1043 418 erit
1074 385 1173 418 altera
1202 386 1355 426 istarum,

288 434 413 469 scilicet
435 442 501 473 aut,
518 445 579 467 non
598 440 639 466 est
657 445 718 466 non
742 433 826 466 homo
847 434 947 474 albus,
973 443 1039 474 aut,
1056 446 1116 468 non
1139 441 1181 467 est
1200 434 1284 467 homo
1309 434 1356 468 al-

289 484 354 517 bus.
378 482 443 517 Sed
466 491 603 526 utraque
627 481 724 515 habet
749 481 1000 516 affirmationem
1027 484 1215 527 oppositam
1236 482 1298 516 alia
1318 483 1357 516 ab

288 532 343 566 illa
365 533 574 575 assignatam,
596 530 729 571 scilicet,
753 538 794 564 est
811 531 901 570 vhomo
933 531 1030 565 albus.
1050 532 1138 565 Nam
1162 531 1260 564 altera
1284 533 1357 576 qui-

289 581 365 616 dem
389 581 549 614 dictarum
572 581 798 623 negationum,
823 579 957 620 scilicet,
977 592 1037 613 non
1061 587 1102 613 est
1123 592 1183 614 non
1206 581 1290 614 homo
1314 581 1359 614 al-

289 633 367 674 bm,
399 632 532 676 negatio
556 640 605 664 est
632 630 718 663 illius
748 643 831 675 quae
861 630 960 670 dicit,
993 638 1034 664 est
1055 643 1115 665 non
1142 632 1225 665 homo
1253 632 1356 672 albus;

289 681 351 715 alia
373 692 471 721 vero,
503 680 636 721 scilicet,
660 691 721 713 non
743 687 785 714 est
811 680 896 714 homo
920 680 1028 722 albus,
1061 681 1192 724 negatio
1216 689 1266 713 est
1286 681 1356 713 eius

289 729 526 767 affirmationis,
549 740 631 773 quae
656 728 743 769 dicit,
761 735 801 762 est
823 729 913 762 albus
936 729 1032 770 homo,
1058 741 1140 773 quae
1164 728 1225 762 fuit
1252 730 1356 773 prima

288 777 471 811 affirmatio.
501 777 589 821 Ergo
613 788 829 821 quaecunque
854 777 1013 810 dictarum
1039 778 1254 821 negationum
1278 777 1355 810 affe-

287 835 377 870 ratur
400 825 652 859 contradictoria
676 824 721 857 illi
745 825 884 866 mediae,
908 827 1057 870 sequitur
1081 825 1171 870 quod
1187 827 1253 858 sint
1273 826 1355 859 duae

288 876 406 916 unius,
439 875 522 909 idest
550 874 641 919 quod
669 875 768 907 unius
791 876 976 918 negationis
1004 876 1069 908 sint
1100 874 1183 908 duae
1214 874 1354 908 affirma-

288 925 407 966 tiones,
431 933 464 957 et
480 923 570 969 quod
594 924 693 957 unius
710 923 936 957 affirmationis
960 925 1026 957 sint
1045 924 1127 957 duae
1147 925 1354 968 negationes:

287 973 379 1019 quod
395 982 444 1007 est
460 972 674 1017 impossibile.
693 973 734 1006 Et
746 972 820 1013 hoc,
833 981 870 1006 ut
882 972 1006 1006 dictum
1022 982 1081 1014 est,
1091 974 1238 1017 sequitur
1251 981 1355 1005 stante

287 1022 465 1067 hypothesi
489 1033 641 1062 erronea,
666 1022 756 1066 quod
780 1021 853 1055 illae
876 1021 1108 1055 affirmationes
1133 1022 1199 1054 sint
1221 1030 1355 1065 propter

286 1072 463 1105 nominum
486 1071 777 1115 transpositionem
801 1070 957 1104 diversae.

360 1131 407 1153 10.
432 1119 576 1153 Adverte
600 1119 653 1152 hic
669 1120 777 1163 primo
794 1119 885 1164 quod
901 1119 1094 1152 Aristoteles
1114 1130 1172 1163 per
1188 1118 1258 1152 illas
1275 1118 1355 1152 duas

286 1169 495 1213 negationes,
523 1179 584 1201 non
600 1173 641 1200 est
656 1179 716 1200 non
732 1167 816 1200 homo
840 1167 939 1208 albus,
959 1177 1002 1208 et,
1021 1180 1082 1202 non
1098 1174 1139 1201 est
1154 1168 1238 1200 homo
1254 1167 1353 1207 albus,

286 1217 347 1251 sub
380 1217 599 1250 disiunctione
629 1224 776 1260 sumptas
811 1216 852 1249 ad
884 1216 1114 1249 inveniendam
1144 1216 1355 1259 negationem

286 1266 372 1300 illius
390 1265 627 1305 affirmationis,
644 1271 685 1298 est
699 1265 784 1298 homo
801 1264 900 1306 albus,
919 1274 1059 1298 caeteras
1075 1264 1243 1304 intellexit,
1262 1265 1354 1308 quasi

285 1315 424 1350 diceret:
457 1315 525 1347 Aut
548 1314 679 1357 negatio
704 1313 775 1346 talis
804 1313 1029 1346 affirmationis
1058 1312 1278 1357 acceptabitur
1301 1312 1354 1345 illa

285 1375 370 1414 quae
372 1371 435 1403 551
446 1374 526 1396 ,vere
540 1363 611 1396 eius
627 1363 771 1406 negatio,
788 1370 845 1395 aut
860 1373 1076 1407 quaecunque
1092 1370 1242 1395 extranea
1257 1373 1354 1405 nega-

267 1416 270 1417 ’
284 1413 333 1447 fio
345 1421 500 1458 ponetur;
513 1420 545 1444 et
557 1411 727 1456 quodlibet
741 1410 878 1452 dicatur,
891 1423 1031 1455 semper,
1044 1420 1148 1444 stante
1165 1410 1353 1455 hypothesi,

285 1462 434 1506 sequitur
452 1461 551 1494 unius
567 1460 792 1494 affirmationis
817 1471 887 1493 esse
907 1459 1017 1504 plures
1034 1461 1236 1504 negationes,
1253 1471 1353 1492 unam

285 1521 380 1544 verae
396 1521 480 1554 quae
504 1517 554 1542 est
572 1508 823 1542 contradictoria
844 1520 922 1542 suae
947 1509 1110 1552 comparis
1129 1508 1277 1542 habentis
1293 1520 1353 1541 no-

284 1560 375 1592 mina
397 1559 605 1602 transposita,
630 1567 663 1591 et
680 1558 813 1592 alteram
830 1570 930 1603 quam
953 1566 989 1590 tu
1011 1566 1047 1590 ut
1063 1557 1248 1591 distinctam
1264 1569 1353 1590 acce-

284 1615 369 1652 ptas,
391 1606 445 1640 vel
464 1606 546 1640 falso
563 1608 762 1651 imaginaris3
786 1617 818 1641 et
841 1620 859 1641 e
884 1615 997 1656 contra
1020 1606 1199 1639 multarum
1215 1605 1353 1639 affirma-

283 1656 415 1689 tionum
443 1667 514 1689 esse
542 1656 674 1688 unicam
703 1657 935 1699 negationem,
965 1663 1002 1688 ut
1024 1663 1113 1699 patet
1141 1655 1175 1687 in
1204 1655 1353 1698 apposita

283 1703 399 1748 figura.
419 1704 468 1738 Ex
484 1716 680 1749 quacunque
697 1705 786 1738 enim
805 1704 934 1738 illarum
951 1712 1092 1749 quatuor
1106 1704 1255 1747 incipias,
1272 1703 1352 1736 duas

284 1751 345 1786 sibi
365 1753 536 1797 oppositas
560 1754 688 1797 aspicis.
719 1752 816 1786 Unde
844 1761 996 1786 notanter
1019 1752 1186 1786 concludit
1214 1752 1352 1786 indeter-

283 1802 420 1835 minate:
449 1802 555 1844 Quare
577 1809 665 1836 erunt
687 1802 764 1836 duae
786 1803 886 1835 unius.

355 1861 404 1884 11.
427 1851 518 1884 Nota
541 1851 688 1884 secundo
721 1851 811 1895 quod
835 1850 1028 1884 Aristoteles
1052 1852 1251 1895 contempsit
1274 1861 1350 1894 pro-

283 1897 359 1932 bare
383 1898 474 1944 quod
498 1898 748 1932 contradictoria
771 1900 895 1943 primae
919 1898 1145 1931 affirmationis
1164 1899 1206 1931 sit
1222 1907 1351 1931 contra-

282 1946 418 1981 dictoria
441 1947 614 1988 secundae,
638 1956 670 1981 et
693 1947 842 1981 similiter
858 1946 949 1992 quod
965 1946 1216 1980 contradictoria
1240 1958 1353 1980 secun-

281 1994 342 2029 dae
363 1995 590 2030 affirmationis
615 1997 656 2029 sit
679 1996 931 2030 contradictoria
947 1997 1082 2040 primae.
1101 1997 1175 2029 Hoc
1199 1997 1287 2029 enim
1304 2007 1352 2029 ac-

281 2043 369 2088 cepit
391 2052 560 2090 tamquam
583 2044 643 2089 per
665 2056 700 2078 se
723 2053 852 2084 notum,
877 2057 917 2077 ex
940 2056 981 2078 eo
1005 2044 1095 2089 quod
1118 2057 1187 2078 non
1210 2053 1352 2089 possunt

281 2092 380 2125 simul
403 2104 474 2126 esse
498 2105 594 2126 verae
617 2105 724 2138 neque
749 2092 848 2126 simul
871 2092 984 2134 falsae,
1008 2102 1045 2126 ut
1068 2093 1238 2127 manifeste
1262 2102 1352 2139 patet

281 2143 469 2186 praeposito
493 2142 554 2175 sibi
578 2144 719 2176 termino
741 2142 907 2186 singulari.
926 2143 1007 2176 Non
1031 2151 1116 2176 stant
1139 2143 1228 2176 enim
1252 2142 1351 2175 simul

281 2190 394 2236 aliquo
406 2190 509 2224 modo
522 2192 601 2224 istae
616 2191 710 2231 duae,
728 2192 860 2226 Socrates
876 2198 916 2225 est
927 2191 1016 2224 albus
1028 2191 1124 2232 homo,
1144 2192 1274 2225 Socrates
1290 2204 1350 2225 non

280 2245 323 2274 est
344 2240 429 2274 bomo
445 2239 543 2273 albus.
558 2240 631 2274 Nec
647 2240 785 2274 turberis
809 2239 900 2285 quod
916 2252 970 2274 eas
986 2252 1055 2274 non
1079 2240 1260 2284 singulares
1276 2252 1350 2284 pro-

281 2290 402 2334 posuit.
426 2289 574 2323 Noverat
592 2290 681 2323 enim
697 2301 796 2334 supra
819 2289 944 2323 dictum
964 2301 1036 2323 esse
1059 2290 1093 2322 in
1116 2290 1219 2324 Primo
1231 2289 1247 2306 *
1264 2301 1347 2334 quae

1384 309 1535 346 LECT.
1567 310 1617 346 1v
1643 295 1646 297 ’
2429 313 2477 360 95

1414 386 1586 420 affirmatio
1603 396 1635 420 et
1657 388 1789 430 negatio
1808 388 1873 420 sint
1889 386 2157 420 contradictoriae
2182 397 2213 421 et
2237 399 2319 432 quae
2343 400 2422 430 non,
2446 396 2480 422 et

1414 434 1488 468 ideo
1513 447 1582 468 non
1605 435 1666 469 fuit
1689 435 1847 469 sollicitus
1872 435 1911 469 de
1932 435 2159 479 exemplorum
2184 436 2335 470 claritate.

1480 484 1600 527 Liquet
1623 495 1701 527 ergo
1726 496 1765 517 ex
1788 495 1829 517 eo
1846 483 1935 529 quod
1952 484 2143 527 negationes
2160 484 2415 518 affirmationum
2437 485 2477 519 de

1413 533 1602 566 nominibus
1619 534 1824 577 transpositis
1848 544 1914 565 non
1940 542 2017 566 sunt
2040 532 2185 566 diversae
2202 532 2292 577 quod
2312 544 2372 566 nec
2388 535 2476 577 ipsae

1412 581 1644 615 affirmationes
1668 591 1745 615 sunt
1768 582 1913 615 diversae
1930 591 1962 615 et
1978 582 2023 614 sic
2046 582 2180 614 nomina
2204 590 2236 614 et
2258 582 2356 615 verba
2375 591 2476 615 trans-

1412 631 1518 673 posita
1542 630 1628 663 idem
1652 630 1844 674 significant.

1482 688 1532 711 12.
1558 678 1712 712 Occurrit
1736 688 1845 712 autem
1871 679 2006 712 dubium
2031 680 2114 712 circa
2140 678 2214 719 hoc,
2239 679 2314 723 quia
2338 690 2406 711 non
2429 679 2476 711 vi-

1413 726 1507 760 detur
1530 739 1645 760 verum
1669 727 1759 773 quod
1787 728 1976 760 nominibus
2001 728 2204 771 transpositis
2233 727 2347 760 eadem
2371 728 2412 760 sit
2432 727 2476 760 af-

1412 775 1563 808 firmatio.
1592 777 1671 809 Non
1696 777 1783 809 enim
1810 776 1912 809 valet:
1934 777 2029 810 omnis
2052 776 2136 809 homo
2163 782 2203 809 est
2229 776 2347 809 animal
2354 788 2368 815 ‚·
2396 787 2475 819 ergo

1411 835 1496 858 omne
1519 825 1636 858 animal
1659 831 1700 858 est
1722 825 1815 858 homo.
1841 824 2012 865 Similiter,
2037 825 2236 868 transposito
2259 823 2378 864 verbo,
2406 835 2476 858 non

1412 874 1515 906 valet:
1539 874 1623 907 homo
1647 879 1688 906 est
1710 874 1827 906 animal
1851 874 2012 913 rationale;
2036 884 2114 916 ergo
2138 873 2222 906 homo
2246 872 2363 906 animal
2386 873 2476 906 ratio-

1409 922 1478 956 nale
1490 929 1541 963 est,
1556 922 1595 956 de
1610 921 1755 955 secundo
1769 922 1944 955 adiacente.
1963 923 2054 955 Licet
2070 923 2157 955 enim
2174 923 2310 965 nugatio
2327 922 2475 954 commit-

1410 980 1512 1011 tatur,
1537 980 1647 1004 tamen
1671 982 1739 1003 non
1763 971 1910 1014 sequitur
1933 972 2082 1014 primam.

1477 1019 1530 1052 Ad
1553 1019 1618 1052 hoc
1633 1028 1683 1052 est
1700 1019 1875 1052 dicendum
1899 1019 1988 1063 quod
2013 1020 2096 1051 sicut
2113 1020 2146 1051 in
2162 1019 2257 1052 rebus
2274 1018 2473 1060 naturalibus

1410 1077 1459 1101 est
1482 1067 1602 1112 duplex
1626 1068 1870 1107 transmutatio,
1894 1067 2016 1100 scilicet
2038 1067 2167 1108 localis,
2191 1067 2312 1100 scilicet
2336 1067 2375 1101 de
2399 1067 2474 1100 loco

1411 1116 1451 1149 ad
1471 1116 1594 1155 locum,
1618 1124 1650 1148 et
1673 1115 1818 1148 formalis
1842 1115 1881 1148 de
1905 1115 2010 1148 forma
2026 1116 2065 1149 ad
2089 1115 2239 1155 formam,
2263 1117 2306 1148 ita
2322 1117 2355 1148 in
2372 1127 2474 1149 enun-

1411 1163 1605 1198 ciationibus
1618 1172 1667 1196 est
1679 1163 1799 1207 duplex
1811 1165 2049 1204 transmutatio,
2059 1164 2183 1197 situalis
2196 1164 2328 1204 scilicet,
2342 1164 2474 1209 quando

1410 1214 1568 1246 terminus
1593 1213 1799 1256 praepositus
1823 1213 2044 1256 postponitur,
2068 1221 2100 1245 et
2123 1224 2140 1245 e
2168 1224 2341 1253 converso,
2366 1221 2398 1245 et
2413 1212 2475 1246 for-

1410 1263 1523 1304 malis,
1552 1262 1684 1308 quando
1708 1264 1885 1303 terminus,
1914 1265 1970 1308 qui
1998 1273 2065 1296 erat
2093 1263 2312 1307 praedicatum
2337 1264 2474 1301 efficitur

1410 1312 1617 1352 subiectum,
1642 1321 1674 1345 et
1702 1324 1718 1344 e
1751 1323 1911 1345 converso
1942 1312 1994 1345 vel
2018 1312 2284 1356 quomodolibet,
2316 1313 2472 1357 simplici-

1409 1370 1457 1394 ter
1474 1361 1610 1394 etc.-Et
1639 1361 1722 1393 sicut
1746 1358 1943 1404 quandoque
1967 1359 2003 1392 fit
2033 1360 2066 1392 in
2090 1359 2288 1393 naturalib'us
2317 1368 2475 1393 transmu-

1409 1411 1488 1443 tatio
1520 1420 1601 1453 pure
1626 1408 1756 1449 localis,
1788 1418 1867 1453 puta
1891 1408 2022 1453 quando
2046 1420 2097 1441 res
2121 1408 2309 1441 transfertur
2337 1408 2376 1442 de
2399 1409 2474 1443 loco

1409 1458 1450 1492 ad
1474 1457 1598 1498 locum,
1623 1457 1712 1490 nulla
1736 1457 1798 1490 alia
1820 1458 1999 1490 variatione
2023 1457 2123 1497 facta;
2147 1457 2344 1502 quandoque
2366 1466 2474 1490 autem

1408 1506 1445 1539 fit
1472 1507 1698 1539 transmutatio
1731 1505 1911 1539 secundum
1944 1506 2078 1546 locum,
2106 1517 2174 1539 non
2206 1518 2287 1550 pura
2315 1505 2372 1539 sed
2399 1517 2475 1538 cum

1408 1555 1588 1588 variatione
1615 1554 1760 1595 formali,
1784 1556 1869 1588 sicut
1892 1554 2024 1599 quando
2051 1556 2165 1588 transit
2188 1554 2237 1588 de*
2252 1554 2326 1588 loco
2354 1554 2472 1598 frigido

1409 1603 1449 1637 ad
1480 1603 1591 1636 locum
1624 1603 1786 1636 calidum:
1823 1605 1867 1636 ita
1898 1605 1932 1636 in
1960 1603 2245 1636 enunciationibus
2276 1602 2474 1647 quandoque

1408 1652 1444 1686 fit
1459 1654 1686 1686 transmutatio
1711 1664 1792 1696 pure
1816 1652 1952 1693 situalis,
1977 1652 2109 1697 quando
2129 1652 2256 1685 'scilicet
2278 1663 2401 1685 nomen
2421 1652 2473 1685 vel

1408 1701 1545 1735 verbum
1569 1701 1642 1734 solo
1666 1702 1729 1734 situ
1754 1701 1859 1734 vocali
1887 1702 2049 1742 variatur;
2078 1701 2276 1745 quandoque
2305 1709 2414 1734 autem
2438 1700 2474 1734 fit

1407 1751 1636 1784 transmutatio
1665 1750 1789 1783 situalis
1819 1759 1850 1783 et
1882 1750 2026 1783 formalis
2054 1750 2170 1789 simul,
2202 1751 2285 1783 sicut
2314 1751 2474 1793 contingit

1408 1812 1484 1833 cum
1513 1799 1735 1843 praedicatum
1765 1798 1801 1831 fit
1829 1799 2030 1839 subiectum,
2058 1799 2110 1831 vel
2140 1810 2215 1832 cum
2242 1798 2379 1831 verbum
2411 1807 2472 1831 ter-

1406 1849 1490 1881 tium
1508 1848 1658 1881 adiacens
1676 1847 1712 1880 fit
1724 1847 1942 1881 secundum.-
1960 1848 2000 1880 Et
2013 1848 2170 1892 quoniam
2183 1847 2236 1879 hic
2248 1846 2386 1880 intendit
2400 1847 2472 1879 Ari-

1407 1895 1541 1929 stoteles
1559 1896 1598 1929 de
1615 1897 1886 1929 transmutatione
1902 1897 2077 1928 nominum
2094 1905 2125 1928 et
2144 1895 2320 1928 verborum
2336 1906 2417 1939 pure
2434 1896 2473 1928 si-

1406 1944 1496 1985 tuali,
1521 1953 1558 1977 ut
1573 1945 1836 1989 transpositionis
1863 1944 2061 1978 vocabulum
2085 1943 2271 1988 praesefert,
2294 1943 2369 1977 ideo
2393 1943 2473 1977 dixit

1406 1993 1496 2038 quod
1519 1994 1716 2037 transposita
1740 1994 1874 2026 nomina
1898 2002 1930 2026 et
1952 1993 2049 2026 verba
2073 1992 2159 2026 idem
2181 1992 2374 2036 significant,
2398 1993 2473 2025 insi-

1405 2054 1505 2076 nuare
1521 2041 1636 2075 volens
1661 2042 1761 2087 quod,
1779 2044 1805 2075 si
1829 2042 1910 2075 nihil
1933 2042 2021 2075 aliud
2042 2051 2167 2086 praeter
2183 2041 2471 2086 transpositionem

1406 2092 1550 2125 nominis
1574 2092 1627 2124 vel
1650 2091 1740 2125 verbi
1763 2091 1887 2125 accidat
1910 2092 1943 2124 in
1967 2091 2208 2131 enunciatione,
2233 2090 2345 2124 eadem
2362 2099 2472 2123 manet

1406 2142 1549 2174 oratio.-
1566 2141 1665 2174 Unde
1689 2149 1777 2185 patet
1800 2141 1971 2184 responsio
1996 2139 2035 2173 ad
2055 2140 2232 2172 instantias.
2258 2138 2470 2172 Manifestum

1405 2198 1454 2222 est
1471 2201 1614 2234 namque
1632 2188 1722 2233 quod
1737 2190 1770 2221 in
1790 2197 1927 2232 utraque
1942 2199 2010 2222 non
2025 2188 2095 2221 sola
2111 2188 2321 2232 transpositio
2337 2187 2389 2227 fit,
2412 2187 2469 2220 sed

1405 2239 1633 2271 transmutatio
1647 2237 1686 2271 de
1699 2237 1847 2270 subiecto
1864 2238 1897 2269 in
1908 2236 2141 2281 praedicatum,
2155 2236 2207 2269 vel
2219 2236 2257 2269 de
2274 2237 2369 2269 tertio
2385 2235 2471 2269 adia-

1406 2296 1499 2320 cente
1515 2288 1547 2319 in
1564 2286 1758 2320 secundum.
1779 2287 1820 2319 Et
1836 2297 1894 2330 per
1912 2285 1975 2318 hoc
1992 2294 2080 2329 patet
2094 2285 2266 2329 responsio
2281 2284 2321 2318 ad
2338 2283 2468 2317 similia.
