2548 4192
1134 348 1382 413 VITA

324 521 422 628 S.
497 517 1198 629 THOMAE
1290 518 2182 656 AQUINATIS

872 733 1111 776 ORDINIS
1143 734 1638 778 PRAEDICATORUM

692 870 747 898 «ax
760 869 911 893 acanum
931 869 1127 893 SCR11>TORES
1141 870 1271 893 oamms
1282 870 1552 894 PRAEDICATORUM
1565 872 1609 894 AD
1623 872 1738 894 Annum
1753 875 1821 901 ιαμ.»

437 1306 622 1344 ᾐεῃείῧιιε
651 1306 855 1344 oriundam
874 1314 1053 1355 parentes
1081 1306 1234 1343 habuit:
1259 1318 1464 1354 germanos
1485 1306 1584 1343 duos
1612 1313 1702 1343 natu
1723 1306 1889 1343 maiores
1918 1308 2172 1356 Reginaldum
2202 1319 2239 1348 et
2258 1313 2356 1350 Lan-

414 1363 422 1370 ⁴
440 1361 628 1409 dulphum
658 1360 696 1397 in
725 1360 891 1397 exercitu
921 1360 1111 1397 Frederici
1142 1359 1386 1408 Imperatoris
1415 1359 1532 1396 duces
1552 1359 1803 1396 clarissimos:
1828 1372 1981 1397 sorores
2000 1370 2164 1410 quatuor
2192 1365 2355 1403 Mariam

184 1443 185 1448 ,
363 1419 371 1430 *'
396 1423 417 1455 *7
439 1413 650 1451 Dominam
680 1413 829 1450 Marani
862 1413 900 1450 in
933 1413 1117 1462 Aprutio‚
1152 1413 1404 1450 Theodoram
1437 1413 1605 1461 Rogerio
1644 1413 1925 1450 Sanseverinati
1959 1415 2180 1453 Marsicensi
2214 1418 2356 1456 Comiti

149 1475 324 1518 maptam,
339 1467 488 1505 tertiam
505 1467 667 1504 Comitis
683 1467 898 1504 Fundensis
918 1467 1134 1515 coniugem,
1151 1474 1188 1504 et
1202 1474 1377 1515 quartam
1393 1466 1726 1503 sanctimonialem
1742 1467 1962 1504 monasterii
1985 1469 2023 1505 S.
2037 1469 2181 1506 Mariae
2197 1471 2355 1520 Capuae

149 1521 407 1560 Abbatissam.
430 1521 554 1558 Natus
583 1528 639 1558 est
667 1521 843 1558 Thomas
870 1521 933 1557 vel
962 1521 1034 1557 sub
1064 1520 1211 1557 initium
1232 1520 1320 1556 anni
1342 1520 1565 1556 MCCXXV
1584 1528 1626 1557 ut
1645 1520 1876 1569 quibusdam
1896 1522 2036 1569 placet,
2057 1523 2119 1559 vel
2140 1525 2353 1563 secundum

150 1575 258 1622 alios,
278 1574 418 1624 quibus
433 1574 555 1622 magis
570 1574 767 1621 assentior,
787 1574 860 1611 sub
876 1573 1024 1611 initium
1044 1574 1132 1610 anni
1154 1574 1424 1610 MCCXXVlI.
1447 1573 1716 1622 Quinquennis
1735 1573 1837 1611 iuxta
1856 1586 2008 1611 morem
2029 1584 2250 1624 magnatum
2273 1579 2354 1616 eius

150 1628 265 1678 regni
285 1627 486 1666 monachis
515 1627 819 1673 Cassinensibus,
841 1627 980 1676 quibus
1009 1635 1091 1664 tum
1119 1635 1294 1676 praeerat
1322 1627 1454 1663 Abbas
1479 1627 1731 1676 Landulphus
1751 1627 1832 1664 eius
1856 1635 2032 1676 patruus,
2053 1630 2211 1667 traditus
2231 1639 2287 1668 est
2305 1633 2354 1670 ad

148 1682 332 1733 pietatem
361 1689 398 1718 et
424 1681 569 1730 primas
598 1681 737 1718 litteras
766 1680 1043 1718 informandus.
1074 1680 1266 1717 Decennis
1286 1680 1432 1717 circiter
1459 1681 1545 1729 plus
1573 1681 1635 1717 vel
1665 1680 1792 1717 minus
1821 1693 1842 1717 e
1872 1682 2089 1719 Cassinensi
2120 1686 2352 1722 monasterio

149 1735 222 1774 isto
242 1735 418 1781 eductus,
440 1734 648 1783 Neapolim
677 1734 917 1780 amandatur,
942 1734 1010 1771 ubi
1030 1735 1144 1779 Petro
1175 1734 1361 1782 Hyberno
1390 1746 1435 1770 ac
1464 1733 1630 1771 Martino
1660 1734 1927 1782 ludimagistris
1956 1748 2114 1784 operam
2141 1737 2260 1784 dedit,
2282 1740 2353 1776 sub

149 1789 290 1828 litteras
317 1788 587 1833 humaniores,
617 1788 689 1824 sub
718 1788 782 1824 illo
820 1787 1105 1836 philosophiam
1139 1787 1352 1824 addiscens,
1383 1789 1497 1824 Anno
1537 1788 1773 1824 MCCXLlll
1814 1788 2002 1825 Ordinem
2042 1790 2354 1829 Praedicatorum

148 1841 295 1881 ibidem
323 1841 361 1878 in
391 1841 429 1878 S.
451 1841 645 1878 Dominici
675 1841 864 1878 coenobio
894 1840 1145 1890 amplectitur,
1167 1853 1212 1877 ac
1235 1849 1396 1884 vestem,
1417 1848 1460 1877 ut
1486 1840 1741 1887 verisimilius,
1771 1841 1868 1878 circa
1898 1854 2072 1879 mensem
2102 1853 2306 1892 augustum
2333 1858 2354 1883 e

149 1895 330 1934 manibus
357 1907 437 1932 non
467 1895 508 1931 F.
531 1894 684 1931 Ioannis
712 1907 735 1931 a
754 1902 885 1931 sancto
917 1894 1075 1939 Iuliano,
1096 1894 1164 1931 sed
1194 1894 1236 1931 F.
1258 1895 1437 1931 Thomae
1457 1894 1556 1942 Agni
1577 1894 1626 1931 de
1646 1894 1808 1931 Lentino
1829 1902 1910 1931 tum
1936 1895 2076 1932 Prioris
2096 1896 2227 1935 induit.
2254 1899 2354 1936 Hinc

149 1948 376 1999 quantocius
405 1947 536 1985 matris
565 1947 850 1985 amantissimae
879 1960 947 1984 seu
978 1947 1177 1984 blanditias
1206 1960 1274 1984 seu
1304 1947 1428 1984 minas
1460 1947 1682 1984 verentibus
1711 1947 1936 1995 Sodalibus,
1965 1950 2132 1987 Romam
2162 1951 2352 2000 primum,

148 2003 354 2052 Romaque
384 2013 532 2047 rursus,
563 2013 641 2050 quo
671 2014 762 2038 eum
791 2009 915 2038 mater
942 2001 1234 2050 insequabatur,
1263 2001 1301 2037 in
1331 2000 1472 2038 Gallias
1501 2013 1591 2038 cum
1621 2009 1785 2050 quatuor
1813 2001 1999 2039 adiunctis
2027 2003 2096 2040 sibi
2131 2016 2176 2041 ex
2207 2005 2353 2043 Ordine

148 2055 262 2095 sociis
289 2055 496 2103 ablegatur.
517 2055 664 2092 Verum
694 2055 1000 2104 Aquapendente
1030 2067 1075 2091 ex
1111 2054 1243 2091 itinere
1271 2054 1478 2100 transiens,
1507 2054 1600 2091 dum
1630 2054 1732 2092 iuxta
1766 2055 1910 2092 fontem
1946 2057 2156 2105 quemdam
2186 2058 2275 2095 nihil
2305 2059 2352 2096 si-

147 2109 252 2149 nistri
281 2108 493 2158 suspicatus
521 2109 721 2157 paululum
751 2108 921 2157 quiescit,
942 2121 965 2145 a
993 2108 1185 2156 germanis
1214 2108 1291 2145 suis
1319 2108 1464 2145 ibidem
1484 2108 1522 2144 in
1542 2109 1628 2145 aula
1649 2116 1686 2145 et
1705 2108 1870 2146 exercitu
1892 2109 2081 2146 Frederici
2108 2112 2352 2160 Imperatoris

147 2162 407 2208 militantibus,
428 2174 527 2211 quos
546 2162 687 2199 scilicet
706 2162 799 2199 irata
818 2170 942 2199 mater
961 2162 1088 2199 litteris
1109 2169 1328 2207 monuerat,
1351 2174 1371 2198 e
1392 2161 1570 2198 manibus
1591 2162 1794 2198 Sociorum
1814 2162 1853 2199 vi
1874 2162 2039 2211 eripitur,
2061 2171 2098 2200 et
2116 2164 2164 2201 ad
2185 2173 2350 2202 castrum

145 2223 351 2266 paternum
371 2215 592 2252 satellitibus
611 2215 770 2264 stipatus
790 2215 1009 2279 remittitur:
1040 2228 1139 2264 quae
1166 2215 1264 2252 circa
1290 2215 1550 2264 septembrem
1570 2215 1749 2252 videntur
1769 2215 1954 2253 evenisse.
1975 2218 2090 2253 Anno
2111 2218 2350 2256 MCCXLlV

145 2277 354 2320 postquam
381 2281 452 2318 per
479 2281 625 2306 annum
655 2269 800 2306 circiter
829 2269 1015 2315 detentus,
1037 2269 1173 2306 frustra
1202 2269 1249 2306 de
1279 2268 1492 2305 abiicienda
1516 2276 1623 2305 veste
1652 2268 1908 2305 Dominicana
1931 2277 2093 2306 tentatus
2123 2271 2262 2318 fuisset,
2282 2284 2352 2320 per

147 2323 353 2361 fenestram
383 2322 644 2360 dissimulante
674 2335 719 2359 ac
748 2322 978 2359 connivente
1006 2330 1169 2371 utroque
1198 2329 1355 2371 parente
1385 2321 1575 2367 dimissus,
1603 2334 1648 2358 ac
1677 2322 1881 2358 Sodalibus
1911 2323 2112 2370 restitutus,
2143 2325 2349 2373 Neapolim

147 2376 314 2426 indeque
343 2376 490 2425 absque
520 2375 698 2413 dilatione
729 2377 898 2412 Romam
928 2376 976 2413 ad
1007 2375 1233 2423 Magistrum
1261 2375 1418 2412 Ordinis
1446 2374 1657 2412 adducitur.
1693 2377 1727 2411 Is
1756 2383 1836 2412 erat
1863 2376 2092 2413 venerabilis
2121 2378 2163 2414 F.
2187 2379 2350 2416 loannes

147 2429 399 2476 Teutonicus,
419 2429 484 2478 qui
514 2441 561 2466 eo
590 2429 674 2478 ipso
704 2436 879 2478 tempore
908 2429 945 2465 in
968 2429 1167 2466 Franciam
1197 2441 1242 2465 ac
1271 2428 1359 2465 inde
1379 2428 1417 2465 in
1447 2428 1709 2475 Germaniam,
1730 2428 1795 2465 ubi
1817 2429 2023 2477 capitulum
2053 2431 2228 2478 generale
2249 2443 2350 2468 anno

147 2482 321 2532 sequenti
350 2482 662 2530 congregandum
689 2490 786 2528 erat,
815 2482 1000 2530 cogitans,
1023 2482 1203 2518 iuvenem
1231 2482 1428 2518 Thomam
1458 2482 1662 2518 tenerrime
1687 2483 1904 2530 amplexus,
1926 2483 2107 2530 Parisios,
2135 2496 2180 2520 ac
2206 2484 2270 2521 vix
2299 2485 2350 2522 ibi

148 2543 428 2581 commoratus,
459 2543 560 2572 recta
589 2535 794 2572 Coloniam
824 2536 895 2572 sub
925 2536 1083 2572 Alberto
1113 2536 1257 2583 Magno
1288 2543 1369 2571 tum
1399 2535 1566 2571 maxime
1596 2535 1756 2571 florente
1786 2535 2041 2573 erudiendum
2070 2549 2202 2574 secum
2232 2538 2345 2576 ducit.

146 2591 268 2628 Αῐιῐιολ
292 2589 514 2627 MCCXLV
543 2589 722 2626 Albertus
751 2590 958 2636 Magnus..
973 2617 1004 2625 ..
1026 2588 1177 2625 Parisiis
1206 2588 1256 2625 ad
1276 2588 1456 2636 legendas
1481 2588 1685 2625 sententias
1705 2588 1926 2636 assignatur,
1948 2597 1985 2626 et
2014 2602 2102 2626 cum
2123 2603 2170 2627 eo
2200 2591 2349 2628 iuvenis

146 2644 324 2683 Thomas
352 2642 401 2679 ad
430 2642 599 2679 studium
633 2642 725 2679 illud
759 2650 842 2679 tum
870 2642 1028 2679 unicum
1058 2642 1256 2690 generale,
1285 2650 1327 2678 ut
1360 2649 1522 2687 vocant,
1549 2641 1718 2678 mittitur.
1744 2643 1874 2678 Ambo
1910 2655 1957 2679 eo
1986 2643 2137 2680 veulsse
2171 2644 2350 2682 videntur

147 2696 248 2736 circa
274 2696 494 2742 octobrem,
521 2708 599 2744 quo
629 2695 712 2732 fieri
738 2696 886 2732 solebat
914 2696 1132 2732 scholarum
1163 2695 1395 2732 instauratio.
1424 2696 1526 2732 Cum
1555 2703 1684 2732 autem
1706 2708 1751 2732 ex
1781 2695 2110 2734 constitutionibus
2139 2698 2275 2734 nostris
2303 2711 2349 2735 ea

145 2757 268 2788 aetate
297 2762 366 2798 per
399 2757 565 2798 quatuor
599 2761 720 2786 annos
755 2749 989 2796 theologiam
1024 2748 1217 2786 audivisse
1244 2761 1334 2785 eum
1364 2756 1578 2797 oporteret,
1612 2748 1676 2797 qui
1715 2749 1894 2786 eamdem
1922 2750 2074 2798 publice
2108 2752 2349 2799 professurus

146 2811 244 2851 erat,
265 2803 462 2848 Thomas,
483 2802 548 2852 qui
578 2802 654 2839 iarn
683 2815 829 2839 annum
859 2802 1045 2839 Coloniae
1075 2810 1219 2850 egerat,
1245 2810 1320 2839 tres
1349 2810 1553 2851 sequentes
1581 2802 1620 2838 in
1648 2802 1848 2850 gymnasio
1879 2803 2142 2840 Saniacobaeo
2170 2804 2347 2852 perfecit:

144 2856 316 2906 primum
345 2856 503 2905 quidem
524 2856 596 2893 sub
625 2856 782 2893 Alberto
813 2856 1063 2893 baccalaureo
1092 2855 1131 2892 in
1160 2868 1237 2892 una
1265 2868 1287 2892 e
1316 2855 1455 2892 scholis
1484 2855 1621 2892 nostris
1650 2856 1817 2903 legente,
1848 2863 1885 2892 et
1912 2857 1983 2892 sub
2014 2857 2054 2893 F.
2078 2858 2219 2893 Ioanne
2247 2859 2347 2894 Pun-

145 2910 403 2958 gensasinum,
425 2909 526 2946 dicto
547 2909 761 2955 Parisiensi,
783 2922 916 2946 recens
936 2910 1065 2946 laurea
1095 2909 1237 2946 donato
1263 2909 1426 2946 docente
1452 2909 1490 2946 in
1519 2910 1656 2946 altera:
1677 2909 1889 2945 secundum
1919 2910 1990 2946 sub
2020 2910 2159 2946 eodem
2189 2911 2346 2948 Albetto

145 2970 229 3000 tum
266 2963 454 3000 licentiato
484 2975 529 2999 ac
557 2959 759 3010 magistro,
786 2970 822 2999 et
850 2963 921 2999 sub
952 2963 994 2999 F.
1017 2963 1212 3011 Stephano
1243 2962 1291 2999 de
1324 2961 1509 2999 Varnesia
1537 2962 1859 2999 Autissiodorensi
1888 2963 2154 3009 baccalaureo,
2190 2963 2228 3000 in
2257 2965 2346 3001 alte-

145 3028 189 3053 ra
216 3016 347 3052 schola
383 3016 454 3052 sub
485 3015 584 3052 dicto
615 3016 657 3052 F.
689 3017 831 3052 Ioanne
866 3016 1220 3063 Pungensasinum,
1250 3015 1314 3064 qui
1350 3028 1494 3052 annum
1532 3015 1684 3052 tertium
1720 3015 1923 3063 magisterii
1958 3016 2094 3063 agebat
2130 3017 2345 3064 sententias,

145 3069 315 3116 legente:
344 3069 496 3105 tertium
526 3069 597 3105 sub
627 3069 768 3106 eodem
804 3070 846 3106 F.
869 3070 1065 3117 Stephano
1095 3078 1132 3106 at
1160 3069 1236 3105 iam
1266 3069 1468 3116 magistro,
1504 3081 1549 3105 ac
1573 3069 1645 3105 sub
1677 3069 1833 3105 Alberto
1862 3081 1932 3117 pro
1962 3069 2070 3106 tertio
2099 3082 2200 3106 anno
2229 3070 2347 3118 magi-

145 3121 247 3159 sterii
274 3121 456 3170 primario
486 3122 705 3158 scholarum
735 3130 900 3169 regente,
921 3123 1086 3159 habente
1115 3123 1186 3159 sub
1210 3135 1251 3158 se
1271 3121 1310 3158 in
1338 3123 1469 3158 schola
1498 3134 1567 3158 sua
1591 3122 1883 3158 baccalaureum
1911 3122 2099 3170 legentem
2129 3123 2344 3170 sententias,

146 3174 317 3224 quisquis
345 3174 406 3211 ille
435 3175 556 3211 fuerit.
577 3177 691 3211 Anno
722 3176 995 3212 MCCXLVllI
1033 3175 1142 3212 finito
1173 3188 1297 3221 cursu,
1327 3176 1444 3211 ambo
1474 3175 1653 3222 magister
1681 3183 1717 3211 et
1737 3175 1942 3223 discipulus
1972 3175 2174 3212 Coloniam
2204 3177 2346 3213 reversi

146 3236 255 3274 sunt;
286 3240 453 3276 cumque
489 3227 541 3264 ibi
570 3240 618 3264 eo
647 3240 748 3264 anno
777 3228 815 3265 in
854 3228 1016 3265 comitiis
1046 3228 1201 3266 Ordinis
1236 3228 1388 3265 Parisiis
1425 3228 1475 3265 ad
1512 3229 1764 3265 Pentecosten
1797 3240 1845 3264 vu
1874 3228 1966 3264 iunii
2004 3229 2143 3265 coactis
2177 3230 2345 3266 studium

146 3282 323 3330 generale
350 3280 520 3329 positum
549 3281 690 3326 fuisset,
712 3281 749 3318 in
779 3294 826 3317 eo
856 3282 1036 3330 deinceps
1056 3282 1234 3318 Albertus
1264 3281 1425 3329 regentis
1454 3282 1604 3318 functus
1624 3289 1680 3318 est
1708 3280 1848 3327 officio,
1871 3282 2046 3318 Thomas
2070 3294 2164 3319 vero
2189 3283 2260 3318 sub
2281 3295 2340 3329 eo,

146 3334 250 3372 iuxta
277 3335 380 3382 leges
414 3333 569 3371 Ordinis
598 3333 646 3370 de
675 3333 718 3370 iis
747 3334 811 3382 qui
845 3347 866 3371 e
895 3335 1027 3371 studiis
1055 3335 1294 3382 generalibus
1328 3335 1635 3380 revertebantur,
1666 3342 1830 3383 quatuor
1857 3342 1922 3371 aut
1949 3335 2118 3383 quinque
2155 3347 2344 3372 annorum

147 3387 269 3437 spatio
298 3386 604 3436 philosophiam,
632 3386 867 3434 Scripturam
897 3400 1067 3433 sacram,
1094 3387 1298 3424 sententias
1326 3387 1591 3435 interpretatus
1620 3394 1676 3423 est
1703 3399 1748 3423 ac
1776 3387 1873 3434 legit.
1900 3387 1948 3423 Iis
1968 3388 2081 3424 etiam
2101 3388 2210 3424 annis
2230 3400 2343 3436 quos-

148 3441 239 3479 dam
273 3448 451 3478 tractatus
493 3439 610 3476 edidit
649 3439 790 3476 scilieet
822 3441 868 3476 de
904 3446 987 3476 ente
1020 3446 1057 3476 et
1093 3441 1250 3476 essentia
1285 3440 1334 3476 ad
1370 3440 1550 3485 Sodales,
1586 3440 1632 3476 de
1656 3440 1852 3487 principiis
1879 3446 2040 3477 naturae
2073 3440 2121 3477 ad
2151 3441 2193 3477 F.
2224 3441 2344 3478 Silve-

147 3501 289 3540 strum,
320 3494 416 3530 forte
451 3493 565 3530 etiam
601 3492 673 3528 alia
710 3493 906 3540 opuscula.
942 3495 1056 3529 Anno
1087 3493 1267 3529 MCCLlI
1303 3493 1364 3528 vel
1395 3493 1580 3529 Coloniae
1614 3492 1750 3529 iisdem
1788 3492 1980 3529 desudans
2008 3493 2231 3530 lectionibus
2258 3506 2344 3542 per—

146 3547 255 3584 stitit:
275 3548 338 3584 vel
367 3547 397 3583 si
426 3546 511 3596 quis
530 3545 696 3582 Parisios
724 3545 838 3582 ivisse
858 3545 1074 3590 contendat,
1095 3558 1221 3582 sacras
1242 3545 1400 3581 Litteras
1429 3545 1740 3593 interpretaturus
1763 3552 1805 3581 ut
1829 3546 1948 3582 lector
1976 3546 2146 3592 biblicus,
2167 3546 2220 3583 sic
2240 3547 2343 3584 enim

145 3600 348 3646 vocabant,
371 3600 435 3649 qui
463 3599 610 3648 primus
639 3605 719 3635 erat
747 3598 796 3635 ad
824 3598 1085 3646 magisterium
1113 3598 1265 3646 gradus,
1285 3610 1420 3635 versus
1449 3599 1708 3647 septembrem
1737 3597 1876 3635 missus
1906 3599 2025 3636 fuerit.
2053 3600 2210 3636 Certum
2236 3600 2342 3650 enim

288 3671 359 3704 Opp.
378 3671 409 3696 D.
424 3671 540 3695 Tnomu:
559 3670 591 3694 Τ.
611 3670 630 3694 Ι.
2184 3669 2202 3696 5
