2548 4192
934 270 989 306 IN
1020 269 1058 306 S.
1081 269 1155 305 TH
1166 269 1331 305 OMAM
1358 268 1682 315 AQUINATEM

553 350 764 387 CAPUT
798 332 925 387 v1'11.

202 448 383 482 Areopagitic-
402 447 524 479 dogmata
541 445 652 470 fatentur
670 445 771 470 innoxia
785 450 811 470 et
829 444 1019 478 Monophysitis
1042 445 1150 469 adversa
1168 444 1209 468 vel
1229 443 1279 476 ipsi

275 482 416 510 doctissimi
434 482 497 513 viri,
520 481 565 514 qui
584 482 676 506 eadem
702 489 762 506 esse
786 480 930 506 inficiantur
954 480 1071 513 Dionysii
1089 479 1278 512 Areopagitae,

274 519 407 549 Morinus,
428 517 566 547 Nourrius,
589 517 765 548 Quesnellius.
791 517 926 542 Accedunt
944 515 1038 541 Christ.
1059 516 1191 548 Augustus
1211 515 1278 547 Salig

274 559 300 580 et
318 554 427 580 Iacobus
446 552 587 578 Bmkerus.
992 566 999 588 x

204 658 226 689 Ι.
250 649 398 732 Haud
421 654 489 685 leve
505 660 586 694 puto
605 663 664 693 pro
684 652 875 683 orthodoxia
893 653 1031 684 auctoris
1041 652 1278 693 Areopagitico-

334 709 407 731 rum
430 704 656 739 argumentum
679 697 770 736 illud,
787 698 876 738 quod
903 697 1084 738 suppeditat
1110 697 1279 728 auctoritas

202 745 464 777 doctissimorum
487 742 640 780 virorum,
657 742 714 783 qui
738 742 906 782 multiplici
936 749 1199 782 argumentorum
1227 752 1278 781 ge-

203 800 277 822 nere
301 799 399 830 opera
426 788 480 818 illa
508 787 666 828 Dionysio
694 787 905 827 Areopagitae
933 787 1164 825 abiudicantes,
1200 786 1279 817 inte-

203 837 293 876 gram
320 834 438 864 habent
467 838 498 863 et
521 832 611 862 omni
645 841 777 862 censura
807 831 988 863 immunem
1018 831 1156 862 auctoris
1178 830 1278 861 fidem

202 879 405 919 maximeque
435 877 600 907 adversam
633 876 790 906 erroribus
813 877 1125 919 Monophysitarum.
1150 875 1279 906 Eminet

202 924 284 956 inter
307 933 362 954 eos
380 923 513 953 Ioannes
536 921 692 959 Morinus,
714 920 770 961 qui
794 927 824 951 et
847 931 944 961 opera
962 920 1184 963 Areopagitica
1207 929 1279 959 pro-

203 969 296 999 diisse
320 968 353 998 in
377 967 484 998 lucem
508 965 674 996 arbitratur
695 971 867 1005 antequam
890 967 1080 1008 Eutychiani
1105 964 1278 1004 prodirent.

203 1013 255 1044 Sic
278 1013 321 1043 ait
343 1021 420 1042 vero
447 1017 536 1051 parte
560 1010 586 1040 ΙΙ
611 1010 650 1040 de
683 1009 776 1040 sacris
801 1009 1064 1042 ordinationibus
1094 1009 1127 1039 in
1156 1008 1279 1039 Praefa-

203 1058 292 1089 tione
316 1056 418 1097 capite
431 1066 474 1094 vt,
491 1064 582 1085 num.
612 1061 664 1084 11:
685 1066 700 1082 ι
720 1053 854 1084 Certum
878 1062 943 1093 est,
970 1063 1132 1096 nemoque
1156 1052 1280 1082 diffiteri

207 1115 222 1130 ι
244 1107 360 1142 potest,
376 1110 462 1131 anno
479 1098 597 1130 Christi
617 1097 874 1139 quingentesimo
898 1107 953 1130 aut
968 1100 1112 1140 pauculis
1135 1104 1210 1137 post
1225 1107 1280 1127 an-

205 1158 222 1175 »
243 1146 314 1183 nis,
338 1143 486 1185 Dionysii
519 1152 618 1182 opera
640 1152 657 1173 e
681 1141 816 1172 tenebris
847 1142 880 1174 in
904 1144 1011 1175 lucem
1035 1144 1149 1174 emissa
1173 1141 1278 1172 fuisse.

206 1203 222 1218 »
242 1189 366 1220 Deinde
390 1195 512 1219 certum
545 1193 592 1217 est
620 1194 691 1218 tum
715 1186 857 1226 primum
887 1188 1066 1228 composita
1090 1198 1156 1218 non
1184 1185 1281 1216 fuisse

205 1247 222 1263 >
243 1243 302 1274 nec
326 1243 364 1264 eo
388 1239 493 1270 anno;
512 1233 568 1262 sed
586 1230 732 1273 quisquis
757 1240 870 1263 eorum
893 1232 987 1264 fuerit
1010 1239 1131 1271 auctor,
1153 1239 1281 1272 tempus

205 1291 221 1308 a
243 1279 434 1309 adnotatum
449 1276 573 1317 aliquot
595 1276 686 1307 annis
702 1277 916 1316 praecessisse.
934 1277 1096 1308 Praeterea
1117 1287 1192 1308 cum
1207 1287 1281 1317 pro-

206 1336 222 1352 »
243 1330 314 1364 pter
324 1321 509 1361 jemantias
530 1321 686 1362 quasdam
704 1319 880 1361 ambiguas,
897 1322 1088 1363 Eutychiani
1113 1332 1149 1352 ea
1172 1322 1280 1352 catho—

163 1379 172 1381 >
203 1375 222 1397 ς
243 1367 311 1399 licis
335 1366 563 1407 opposuerint,
584 1372 706 1397 certum
722 1374 854 1407 quoque
873 1366 952 1397 mihi
975 1367 1110 1405 videtur,
1128 1373 1200 1397 ante
1216 1367 1281 1398 Eu-

206 1425 222 1442 »
242 1411 378 1454 tychetis
397 1410 710 1448 condemnationem,
727 1410 789 1440 hoc
805 1418 852 1442 est
867 1418 939 1442 ante
949 1411 1133 1442 Concilium
1149 1411 1281 1442 Calche-

205 1468 222 1486 »
244 1457 398 1493 donense,
409 1465 524 1486 eorum
533 1462 698 1486 auctorem
711 1454 833 1486 vixisse.
845 1456 929 1486 Nam
939 1457 1026 1496 apud
1041 1466 1154 1487 omnes
1165 1463 1280 1487 notum

205 1513 221 1531 ι
243 1508 275 1533 et
289 1500 475 1532 confessum
498 1500 672 1531 catholicos
688 1499 834 1531 doctores
855 1500 984 1531 liberius
1008 1508 1039 1531 et
1062 1501 1170 1531 minus
1190 1508 1280 1532 caute

205 1557 223 1575 π
243 1552 319 1577 ante
339 1552 448 1576 natam
470 1544 627 1576 haeresim
643 1554 892 1585 nonnumquam
909 1545 1041 1576 scribere
1065 1553 1095 1576 et
1117 1545 1208 1587 loqui
1228 1556 1280 1576 so-

206 1603 222 1620 »
242 1590 318 1622 lere.
335 1590 411 1621 ldeo
435 1589 515 1620 nihil
538 1599 662 1620 novum
686 1596 717 1620 et
739 1589 880 1620 insolens
910 1589 994 1628 fecit,
1018 1590 1043 1620 si
1066 1591 1161 1621 verba
1184 1600 1279 1631 quae-

205 1647 221 1664 »
244 1635 319 1666 dam
342 1634 493 1674 ambigua
524 1634 677 1674 protulit,
704 1643 787 1674 quae
810 1635 946 1665 haeresis
970 1635 1183 1674 postmodum
1207 1642 1280 1666 nata

205 1692 222 1708 ›
243 1679 278 1710 in
301 1689 398 1710 suum
421 1679 634 1709 commodum
663 1678 864 1719 interpretata
889 1686 944 1710 est.
971 1679 1092 1710 Forsan
1116 1686 1190 1720 post
1217 1680 1280 1710 Ne÷

207 1737 222 1753 s
245 1724 381 1755 storium
404 1723 554 1761 scribens,
570 1723 650 1754 dum
674 1721 782 1765 (tacita
805 1722 939 1767 haeresi)
962 1734 1117 1764 personae
1135 1724 1169 1754 in
1189 1723 1279 1755 Chri-

206 1781 222 1798 »
245 1775 295 1800 sto
319 1767 475 1799 unitatem
497 1767 702 1798 vehementer
724 1767 894 1799 confitetur
917 1775 948 1799 et
971 1768 1114 1808 explicat,
1131 1769 1218 1799 visus
1234 1775 1281 1799 est

206 1826 223 1842 ›
243 1812 451 1854 Eutychianis
482 1819 668 1843 naturarum
691 1812 847 1843 unitatem
870 1819 902 1843 et
931 1812 1158 1844 confusionem
1187 1813 1279 1844 inclu-

206 1870 224 1886 ι
245 1867 325 1889 cere.
346 1869 362 1886 ›
385 1857 420 1887 ld
446 1856 612 1887 videbatur
643 1856 871 1897 Eutychianis,
897 1857 953 1898 qui
987 1867 1083 1898 opera
1106 1858 1175 1895 illa,
1197 1868 1280 1900 quae

202 1901 408 1934 vetustissimi
431 1900 569 1932 auctoris
593 1899 719 1931 foetum
742 1902 915 1942 putabant,
942 1903 1103 1934 catholicis
1133 1913 1279 1944 oppone-

203 1947 289 1978 bant.
307 1946 343 1977 ld
365 1955 498 1987 quoque
519 1945 626 1976 visum
649 1945 792 1987 quinque
815 1947 876 1978 illis
905 1946 1280 1988 Constantinopolitanae

204 1990 383 2023 collationis
407 1990 587 2031 Episcopis‚
613 1990 669 2031 qui
693 1998 860 2031 propterea
884 1999 1048 2023 auctorem
1076 1993 1279 2033 suspicaban-

203 2041 256 2068 tur
286 2042 450 2067 vetustum
481 2034 668 2076 quempiam
691 2035 961 2076 Apollinaristam.
989 2037 1051 2068 Sed
1080 2051 1094 2065 «
1126 2037 1280 2078 paulatim

205 2093 221 2109 ι
243 2079 389 2112 catholici
407 2079 563 2110 librorum
582 2079 718 2110 istorum
741 2080 869 2112 lectioni
889 2081 1070 2122 diligentius
1093 2082 1279 2114 incumben-

206 2137 222 2154 ι
244 2132 291 2156 tes
315 2123 452 2166 (pergit
475 2125 628 2155 Morinus
656 2126 761 2165 capite
783 2136 794 2155 1
827 2137 914 2157 num.
942 2136 974 2157 11
998 2127 1150 2158 iudicium
1183 2138 1278 2159 suum

206 2182 222 2199 ι
243 2169 427 2211 exponere)
444 2178 558 2200 eorum
575 2168 766 2200 soliditatem
782 2170 815 2200 in
837 2170 900 2201 fide
916 2181 1110 2212 sensumque
1134 2173 1279 2204 absolute

205 2226 222 2243 v
244 2214 438 2246 catholicum
461 2213 605 2244 admirati
624 2220 748 2245 sunt....
769 2214 856 2246 Cum
880 2216 966 2247 enim
990 2217 1146 2248 maturius
1170 2224 1201 2249 et
1224 2228 1279 2259 pe-

206 2269 222 2287 »
244 2259 342 2290 nitius
365 2258 596 2289 examinassent
617 2258 800 2290 testimonia
823 2260 862 2290 ab
886 2260 1048 2292 haereticis
1072 2262 1279 2303 Eutychianis

205 2314 223 2332 s
243 2303 277 2334 in
300 2302 436 2334 haeresis
459 2311 534 2333 suae
558 2302 777 2333 defensionem
805 2304 879 2336 hinc
902 2305 1112 2346 deprompta,
1136 2306 1278 2338 animad-

206 2356 223 2377 ⁴»
244 2354 405 2379 verterunt
420 2357 456 2378 ea
479 2346 570 2378 facile
589 2347 717 2378 dissolvi
733 2358 828 2388 posse
852 2356 883 2380 et
905 2350 1001 2390 longe
1022 2351 1114 2391 plura
1136 2351 1169 2382 in
1188 2352 1278 2383 istius

206 2405 223 2422 ν
244 2392 380 2424 haeresis
396 2391 594 2422 eversionem
609 2401 646 2422 ex
664 2392 778 2423 iisdem
801 2393 917 2434 colligi.
932 2407 947 2422 »
970 2395 1020 2425 En
1044 2405 1119 2435 ergo
1142 2396 1278 2427 solertis-

205 2437 325 2468 simum
339 2436 639 2476 Areopagiticorum
655 2443 874 2477 scrutatorem,
889 2439 945 2479 qui
961 2440 1056 2470 verba
1065 2446 1102 2471 ut
1111 2449 1278 2472 summum

205 2481 355 2521 ambigua
376 2480 410 2511 in
433 2480 495 2511 illis
518 2481 643 2520 reperit,
660 2481 776 2522 quibus
793 2483 997 2514 abuterentur
1010 2484 1277 2526 Monophysitae;

205 2535 336 2557 sensum
352 2524 443 2555 novit
458 2525 604 2555 absolute
627 2525 820 2556 catholicum
843 2537 879 2557 ac
902 2527 998 2568 longe
1018 2528 1110 2568 plura
1132 2529 1164 2559 in
1188 2529 1278 2561 istius

205 2570 342 2601 haeresis
365 2569 563 2600 eversionem
587 2579 624 2600 ex
646 2569 759 2600 iisdem
783 2571 887 2610 colligi
912 2582 1006 2612 posse
1025 2573 1254 2605 animadvertit.

271 2614 379 2645 Aliam
393 2613 502 2644 definit
525 2613 662 2644 auctoris
678 2621 813 2645 aetatem
828 2616 980 2647 Nicolaus
994 2618 1161 2656 Nourrius,
1177 2626 1279 2650 asceta

203 2658 428 2690 Benedictinus
451 2658 713 2689 Sammauraeus:
733 2660 789 2690 sed
812 2660 879 2691 eius
908 2661 1133 2693 orthodoxiam
1162 2670 1279 2694 certam

204 2703 299 2734 habet
327 2702 521 2744 prolatisque
554 2703 718 2734 nonnullis
748 2704 937 2735 testimoniis
966 2705 1143 2738 confirmat.
1174 2708 1278 2739 Verba

205 2748 274 2779 eius
297 2754 372 2779 sunt
394 2747 621 2778 Dissertatione
639 2748 669 2778 X
684 2748 723 2778 de
739 2747 900 2789 Operibus
923 2760 947 2781 s.
970 2750 1135 2792 Dionysii:
1155 2765 1170 2780 «
1190 2753 1225 2783 In
1242 2751 1279 2783 iis

207 2805 223 2820 2
249 2792 336 2823 libris
350 2791 486 2822 haeresis
502 2798 611 2822 contra
627 2792 854 2824 Incarnationis
871 2793 988 2825 Christi
1008 2794 1196 2836 mysterium
1212 2807 1278 2827 non

208 2850 224 2865 ›
246 2836 354 2868 minus
378 2843 495 2877 aperte,
521 2846 621 2877 quam
644 2847 758 2868 omnes
782 2845 891 2869 contra
921 2839 989 2870 eius
1012 2840 1217 2872 Divinitatem
1250 2849 1280 2873 et

208 2894 224 2910 ι
245 2891 345 2912 unam
377 2881 475 2912 trium
505 2881 684 2911 divinarum
715 2882 927 2913 Personarum
960 2891 1106 2915 naturam
1139 2896 1278 2924 errores,

209 2938 224 2953 ›
246 2924 461 2966 proscribitur.
486 2926 574 2956 Haec
597 2926 715 2956 etenim
739 2927 778 2957 de
802 2927 966 2958 Incarnato
991 2929 1050 2959 Dei
1080 2930 1163 2960 Filio
1187 2931 1280 2962 variis

210 2982 225 2997 »
246 2969 281 3000 in
312 2969 391 3000 locis
422 2969 568 3009 legimus.
601 2970 650 3001 De
674 2971 879 3002 ecclesiastica
906 2972 1088 3004 Hierarchia
1121 2975 1222 3015 capite
1245 2986 1279 3006 111

210 3026 225 3041 ›
247 3011 424 3056 (num.f3,§
436 3012 480 3056 2):
494 3015 559 3044 Dei
561 3015 756 3055 principalis
766 3016 923 3056 bonitas...
941 3023 1125 3049 nostrorum
1136 3021 1279 3050 omnium

210 3071 225 3086 ι
248 3067 323 3089 vere
336 3057 433 3098 saeta
450 3059 626 3098 particeps,
656 3059 775 3100 absque
790 3066 941 3100 peccato,
961 3062 1197 3104 humilitatique
1225 3074 1279 3095 no-

209 3115 224 3130 ,
245 3107 336 3133 strae
358 3103 470 3139 unita,
497 3103 587 3133 salvo
612 3105 850 3143 proprietatum
879 3115 1014 3136 suarum
1046 3112 1153 3145 statu,
1182 3118 1281 3149 eoque

210 3159 225 3175 »
241 3155 382 3187 prorsus
405 3145 575 3187 inconfuso
591 3152 622 3177 et
644 3148 807 3179 inviolato.
829 3149 864 3179 ln
880 3150 942 3180 alio
959 3157 1067 3182 autem
1096 3152 1134 3182 de
1157 3152 1281 3183 Divinis

210 3204 226 3219 s
247 3190 441 3222 Nominibus
459 3190 558 3220 libro:
584 3191 718 3222 Verbum
741 3193 1020 3226 divinissimum....
1044 3206 1109 3236 per
1131 3197 1279 3238 inconfu-

211 3248 226 3264 »
248 3246 318 3267 sam
336 3235 553 3265 humanitatis
576 3241 707 3267 nostrae
735 3237 1000 3278 adsumptionem.
1029 3240 1070 3271 Et
1092 3240 1125 3270 in
1153 3241 1279 3281 Episto-

211 3293 226 3308 »
248 3280 280 3310 la
304 3280 346 3310 IV
370 3279 410 3309 ad
426 3278 560 3309 Caium:
584 3279 753 3316 Quatenus
776 3288 848 3312 erat
865 3283 956 3314 Deus
979 3289 1010 3314 et
1035 3285 1140 3321 homo,
1162 3295 1277 3316 novam

211 3337 227 3352 1>
248 3324 421 3365 quamdam
446 3323 608 3354 nobiscum
632 3326 863 3364 conversando,
884 3321 1084 3371 θεοινδρικῆν
1110 3327 1279 3374 ἐνέργειαν

211 3382 227 3397 »
250 3367 335 3410 (Dei
351 3368 475 3399 virilem
491 3369 725 3411 operationem)
745 3371 919 3402 exhibebat.
940 3373 1028 3409 Quid
1043 3373 1180 3412 planius,
1202 3374 1279 3415 quid

211 3426 226 3441 »
250 3412 419 3444 dilucidius
442 3419 516 3452 post
539 3422 665 3452 sparsos
694 3413 832 3445 Nestorii
862 3415 1111 3456 Eutychetisque
1139 3427 1278 3456 errores,

211 3470 226 3486 ι
249 3468 268 3488 a
291 3457 406 3498 quovis
430 3463 559 3487 auctore
582 3467 721 3498 usquam
753 3458 906 3498 scriptum
929 3458 995 3490 est?
1016 3473 1031 3487 »
1054 3461 1138 3502 Tam
1160 3462 1279 3502 perspi-

352 3687 422 3720 Opp.
441 3688 472 3713 D.
487 3688 601 3712 'Paomis
620 3688 652 3713 T.
667 3689 685 3713 l.

2312 284 2405 310 CXLV

1335 358 1395 378 cua
1431 349 1563 388 putabat
1595 348 1752 379 Nourrius
1786 348 1865 379 haec
1899 355 1930 379 et
1955 349 2075 380 >similia
2105 350 2195 390 plura
2226 351 2406 382 testimonia

1336 399 1445 423 contra
1467 392 1684 434 Eutychianos
1708 403 1838 430 erroreS,
1863 400 1898 423 ut
1924 393 2018 423 etiam
2043 404 2105 424 non
2131 395 2192 424 leui
2222 397 2405 426 coniectura

1336 437 1551 477 colligendum
1571 437 1791 468 existimaverit
1811 444 1974 468 auctorem
1993 438 2289 478 Areopagiticorum
2301 462 2309 477 ‚
2338 451 2406 470 ma-

1334 482 1442 511 ximas
1465 491 1536 512 cum
1561 482 1674 512 turbas
1697 482 1737 512 ab
1760 482 1930 512 haereticis
1953 483 2157 513 Nestorianis
2176 488 2206 513 et
2228 483 2406 524 Eutychia-

1336 526 1387 556 nis
1410 527 1489 556 cieri
1507 526 1638 564 videret,
1660 531 1737 557 tunc
1760 531 1796 556 ut
1812 531 1964 567 utrosque
1987 526 2200 567 confunderet
2223 537 2263 557 ac
2275 538 2338 567 pro
2363 530 2406 558 vi-

1336 570 1424 600 ribus
1447 570 1612 601 Ecclesiae
1630 576 1744 611 partes
1776 575 1942 608 tueretur,
1962 572 2106 601 animum
2130 571 2174 602 ad
2204 572 2406 602 scribendum

1335 615 1515 654 appulisse:
1534 615 1679 655 adeoque
1698 615 1856 655 praedicta
1880 625 1976 655 opera
2000 617 2087 646 intra
2110 626 2232 646 annum
2256 617 2322 653 431
2345 627 2408 657 quo

1335 659 1488 699 Synodus
1502 659 1714 690 Oecumenica
1730 659 1893 699 Ephesina
1906 660 2063 690 adversus
2077 660 2289 691 Nestorianos
2305 666 2335 691 et
2342 661 2409 698 451

1335 713 1397 744 quo
1415 703 1568 744 Synodus
1586 703 1855 734 Chalcedonensis
1875 709 1987 735 contra
2001 705 2226 745 Eutychianos
2248 705 2408 736 celebrata

1335 753 1392 785 est,
1412 748 1453 778 ab
1476 748 1531 778 illo
1550 748 1701 789 profecta
1725 748 1836 779 videri.

1401 792 1453 822 Ad
1469 792 1633 822 saeculum
1657 792 1814 823 Ecclesiae
1831 799 1954 823 sextum
1978 793 2115 824 detrudit
2134 803 2269 834 operum
2295 804 2408 824 eorum

1335 836 1454 867 natales
1483 836 1669 867 Paschasius
1693 837 1906 874 Quesneuius.
1935 839 2110 868 Auctorem
2140 838 2235 869 habet
2265 838 2409 879 apprime

1336 880 1541 918 catholicum,
1558 881 1614 911 sed
1637 887 1725 911 tanto
1743 887 1852 911 contra
1875 881 2081 912 Nestorianos
2100 882 2169 912 zelo
2189 890 2307 921 actum,
2324 883 2408 913 utin

1336 925 1526 955 contrariam
1549 925 1744 966 quandoque
1769 925 1923 955 declinare
1947 926 2134 956 sententiam
2157 926 2308 958 videatur.
2333 927 2408 968 Epi-

1337 969 1452 999 stolam
1475 979 1535 999 ως.
1552 969 1650 999 hocce
1667 970 1706 999 de
1722 976 1910 1008 argumento
1935 970 1973 999 ab
1993 971 2107 1000 eodem
2131 971 2316 1008 Quesnellio
2335 972 2408 1002 scri-

1336 1020 1425 1053 ptam
1448 1013 1540 1043 refert
1563 1023 1599 1044 ac
1616 1013 1755 1053 decerpit
1770 1013 2005 1053 Papebrochius
2024 1014 2057 1044 in
2073 1014 2291 1054 Ephemeridis
2313 1016 2408 1048 Grae-

1338 1057 1533 1087 co-Moschis
1563 1064 1655 1087 torno
1680 1058 1691 1087 1
1717 1057 1791 1087 maii
1822 1067 1893 1098 pag.
1921 1059 1974 1097 45.
2001 1058 2087 1088 Nihil
2111 1059 2338 1099 ambigendum
2366 1061 2409 1091 ait

1337 1102 1376 1131 de
1399 1100 1462 1131 fide
1495 1101 1651 1132 auctoris:
1679 1101 1802 1132 tametsi
1834 1107 1924 1132 tanto
1953 1108 2066 1133 contra
2099 1103 2311 1135 Nestorianos
2339 1105 2408 1146 zelo

1337 1151 1430 1176 actus
1451 1146 1628 1185 scripserit,
1650 1151 1684 1176 ut
1702 1146 1876 1186 plusquam
1896 1156 1963 1186 par
1985 1148 2027 1177 sit
2057 1148 2088 1177 in
2114 1150 2311 1179 contrariam
2342 1149 2410 1179 Eu-

1337 1190 1565 1230 tychianorum
1595 1190 1645 1220 vel
1668 1190 2024 1230 Semieutychianorum
2048 1191 2258 1223 declinaverit
2284 1199 2409 1224 senten-

1337 1235 1427 1271 tiam,
1442 1234 1582 1274 phrases
1597 1235 1642 1265 eis
1655 1234 1848 1275 familiares
1872 1244 2034 1274 usurpans
2041 1243 2054 1272 ;
2071 1245 2153 1276 quas
2172 1242 2277 1267 tamen
2302 1238 2409 1268 catho-

1337 1279 1398 1309 lice
1421 1279 1630 1319 interpretari
1652 1279 1724 1319 quis
1740 1280 1845 1319 possit
1859 1278 2008 1319 fortasse
2035 1285 2066 1309 et
2087 1280 2207 1311 debeat.
2238 1281 2335 1312 Addit
2357 1282 2409 1312 ine

1336 1329 1500 1354 auctorem
1516 1323 1574 1353 sibi
1590 1323 1688 1353 videri
1705 1333 1747 1353 ex
1769 1323 1902 1354 Iudaeis
1922 1329 2133 1364 prognatum,
2153 1326 2282 1356 natione
2304 1335 2407 1367 aegr-

1330 1369 1448 1408 ptium,
1459 1367 1666 1408 professione
1684 1369 1886 1406 monachum,
1902 1367 2072 1408 disciplina
2080 1369 2291 1409 platonicum.
2317 1370 2409 1401 Hanc

1336 1411 1429 1443 video
1454 1412 1565 1442 Ioanni
1588 1413 1697 1443 Bonae
1721 1423 1758 1443 ex
1781 1419 1868 1452 parte
1885 1412 2039 1453 placuisse
2064 1413 2262 1453 opinionem,
2280 1424 2354 1444 cum
2374 1414 2410 1445 li-

1336 1457 1393 1487 bro
1419 1457 1430 1487 l
1454 1457 1574 1487 Rerum
1599 1457 1832 1497 Liturgicarum
1864 1457 1964 1497 capite
1983 1467 2037 1487 vm
2061 1457 2189 1488 doceat:
2214 1458 2319 1488 Unum
2335 1458 2411 1499 for-

1336 1502 1432 1532 tassis
1445 1501 1557 1542 fuisse
1579 1510 1621 1532 ex
1628 1501 1872 1542 professoribus
1894 1502 2082 1532 Platonicae
2098 1502 2330 1543 philosophiae,
2356 1504 2412 1543 qui

1336 1547 1368 1576 in
1392 1546 1501 1577 schola
1524 1546 1752 1577 Alexandrina
1778 1547 1865 1577 circa
1879 1547 1984 1588 finem
2008 1548 2118 1587 quarti
2135 1547 2258 1578 saeculi
2277 1548 2327 1577 vel
2350 1548 2409 1577 ini-

1336 1591 1379 1621 tio
1394 1591 1498 1631 quinti
1512 1591 1691 1631 sapientiae
1706 1591 1804 1622 laude
1810 1592 2013 1631 floruerunt.
2031 1591 2094 1622 Sed
2109 1591 2217 1632 ipsum
2233 1601 2299 1622 non
2316 1591 2412 1622 fuisse

1336 1635 1575 1666 alexandrinum
1606 1635 1692 1666 haud
1717 1635 1902 1676 spernendis
1926 1635 2114 1666 coniecturis
2137 1636 2326 1676 probantem
2348 1635 2413 1666 iam

1336 1679 1516 1710 audivimus
1540 1679 1728 1710 Michaelem
1751 1680 1970 1721 Lequienum:
1990 1679 2162 1721 ipsumque
2185 1681 2224 1711 ad
2249 1679 2412 1711 saeculum

1335 1724 1493 1755 Ecclesiae
1517 1730 1641 1754 sextum
1661 1725 1784 1755 detrudi
1809 1735 1875 1755 non
1891 1734 1996 1765 posse,
2014 1724 2105 1764 plura
2129 1732 2202 1755 sunt
2225 1731 2411 1765 argumenta

1335 1778 1417 1809 quae
1441 1768 1667 1800 enarravimus.
1684 1769 1728 1800 Ut
1744 1776 1780 1800 ut
1803 1779 1870 1799 sese
1886 1779 1934 1799 res
1958 1769 2081 1807 habeat,
2098 1769 2182 1801 viros
2199 1769 2411 1800 criticissimos

1335 1813 1501 1850 habemus,
1527 1812 1582 1854 qui
1606 1820 1770 1844 auctorem
1793 1813 2092 1854 Areopagiticorum
2121 1814 2314 1845 catholicum
2337 1823 2410 1854 pro-

1335 1857 1498 1895 nunciant,
1514 1867 1581 1888 non
1604 1857 1875 1898 Apollinaristam,
1898 1868 1964 1888 non
1987 1858 2241 1899 Eutychianum,
2265 1868 2331 1889 non
2355 1858 2408 1889 Se-

1335 1902 1618 1944 mieutychianum.

1402 1947 1440 1978 11.
1469 1946 1714 1978 Recentissimos
1747 1947 1830 1977 addo
1866 1946 2033 1987 scriptores
2063 1947 2146 1977 duos
2177 1947 2409 1985 heterodoxos,

1335 1991 1554 2022 Christianum
1576 1994 1761 2032 Augustum
1785 1990 1869 2032 salig
1893 1998 1923 2022 et
1947 1992 2099 2022 Iacobum
2121 1992 2327 2022 Bruckerum.
2351 1991 2410 2022 Le-

1334 2036 1443 2077 quieni
1467 2036 1659 2077 opinionem
1682 2036 1771 2067 novit
1794 2035 1857 2074 ine,
1882 2045 1940 2066 nec
1964 2036 2127 2076 adprobat.
2153 2036 2255 2067 Verba
2279 2036 2346 2066 eius
2365 2035 2409 2066 af-

1335 2080 1414 2119 fero,
1438 2090 1520 2122 quae
1544 2080 1700 2111 habentur
1723 2081 1756 2112 in
1773 2087 1905 2111 tractatu
1923 2080 1961 2110 de
1978 2080 2240 2122 Eutychianismo
2257 2087 2328 2111 ante
2345 2080 2410 2110 Eu-

1334 2126 1448 2166 tychen
1473 2125 1574 2166 capite
1597 2133 1681 2156 xvrn:
1710 2139 1723 2153 «ι
1742 2126 1786 2156 Ut
1808 2135 1868 2165 ego
1885 2125 1999 2163 dicam,
2015 2125 2104 2166 quod
2120 2125 2237 2155 sentio:
2255 2125 2293 2155 ab
2310 2125 2408 2164 Apol-

1337 2183 1351 2198 »
1373 2169 1521 2201 linaristis
1544 2177 1575 2201 et
1598 2169 1844 2212 Eutychianistis
1867 2179 1934 2200 non
1950 2170 2091 2210 profecta
2107 2169 2252 2210 Dionysii
2269 2179 2407 2210 opera...

1336 2227 1351 2242 »
1374 2215 1485 2245 exinde
1508 2213 1587 2244 mihi
1611 2215 1745 2255 probare
1768 2214 1888 2253 videor,
1913 2214 2002 2254 quod
2026 2221 2056 2244 et
2079 2213 2359 2255 Eutychianismus
2374 2213 2408 2243 in

1336 2272 1350 2287 v
1374 2259 1495 2299 scriptis
1518 2259 1580 2289 illis
1603 2266 1731 2290 notetur
1759 2269 1794 2290 ac
1818 2258 1985 2289 refutetur.
1999 2281 2025 2289 ..
2051 2258 2188 2289 Credam
2212 2257 2271 2298 ego
2302 2264 2409 2288 totum

1336 2316 1350 2331 »
1372 2304 1490 2334 librum
1513 2304 1553 2335 de
1574 2304 1704 2334 Divinis
1726 2303 1934 2340 Nominibus,
1959 2303 2038 2344 quin
2062 2309 2093 2333 et
2115 2302 2210 2341 alios,
2234 2302 2324 2332 nullo
2344 2302 2407 2332 alio

1336 2362 1350 2376 ι
1373 2348 1508 2379 consilio
1541 2358 1607 2379 esse
1636 2348 1786 2388 scriptos,
1816 2358 1915 2388 quam
1938 2354 1974 2378 ut
2006 2347 2229 2378 confusionem
2259 2354 2289 2377 et
2320 2357 2407 2377 com-

1336 2405 1350 2420 »
1373 2393 1560 2423 mixtionem
1590 2399 1775 2423 naturarum
1809 2399 1918 2423 contra
1949 2391 2166 2433 Eutychianos
2199 2397 2410 2432 prosterneret

1336 2450 1349 2464 »
1373 2444 1484 2467 auctor
1506 2437 1697 2477 ipsorum...
1723 2437 1895 2468 Fullonem
1924 2446 2103 2478 numquam
2134 2442 2200 2466 tam
2223 2435 2355 2467 candide
2379 2441 2410 2466 et

1336 2494 1350 2509 »
1373 2481 1494 2512 fortiter
1518 2488 1627 2512 contra
1657 2481 1875 2522 Eutychianos
1905 2490 2047 2521 pugnare
2078 2480 2220 2521 potuisse
2244 2480 2408 2519 existimo,

1335 2539 1350 2554 »
1374 2526 1453 2556 dum
1476 2532 1507 2556 et
1529 2525 1596 2566 ipse
1620 2525 1714 2556 Fullo
1738 2526 1819 2556 inter
1842 2525 2026 2566 Eutychetis
2049 2525 2188 2556 fautores
2212 2524 2353 2555 refertur.
2367 2537 2382 2552 ι»

1399 2570 1507 2601 Minus
1530 2580 1634 2611 aequo
1663 2569 1696 2601 in
1720 2571 1871 2601 eumdem
1900 2569 2199 2610 Areopagiticorum
2223 2569 2409 2609 scriptorem

1333 2622 1536 2655 comparatus
1559 2614 1667 2645 animo
1693 2615 1823 2650 fortasse
1846 2614 1944 2645 videri
1964 2614 2080 2655 poterit
2098 2614 2285 2651 Bruckerus,
2301 2613 2356 2654 qui
2375 2613 2407 2643 in

1333 2659 1474 2690 Historia
1497 2659 1602 2690 critica
1625 2659 1859 2700 philosophiae,
1883 2665 1974 2690 tomo
1999 2659 2052 2698 111,
2068 2658 2168 2699 capite
2192 2669 2225 2688 111
2250 2659 2289 2688 de
2302 2658 2407 2688 Philo-

1332 2705 1444 2744 sophia
1466 2704 1601 2734 Patrum
1625 2705 1658 2734 in
1681 2705 1796 2745 speeie,
1821 2710 1911 2734 notat
1933 2704 2041 2744 ipsum
2064 2703 2160 2733 veluti
2182 2703 2406 2743 philosophum

1333 2749 1527 2786 eclecticum,
1551 2749 1618 2779 sive
1640 2748 1912 2786 Alexandrinum,
1930 2749 1986 2789 qui
2004 2749 2102 2789 nugis
2118 2747 2293 2788 platonicis
2325 2747 2406 2777 chri-

1332 2795 1459 2824 stianae
1470 2793 1557 2834 fidei
1577 2793 1812 2834 simplicitatem
1835 2793 2035 2833 depravavit,
2061 2792 2186 2822 saeculo
2210 2791 2329 2822 circiter
2347 2791 2406 2821 Ec—

1334 2837 1445 2869 clesiae
1475 2838 1599 2879 quinto.
1640 2839 1684 2868 At
1714 2837 1781 2868 eius
1812 2838 1926 2878 pariter
1961 2836 2113 2867 sententia
2144 2842 2190 2866 est
2219 2835 2237 2876 §
2263 2845 2302 2876 29
2335 2835 2407 2865 scri-

1334 2889 1460 2923 ptorem
1482 2882 1592 2921 istum,
1617 2891 1680 2912 non
1701 2887 1766 2912 tam
1791 2881 2005 2923 confirmandi
2027 2881 2293 2921 Monophysismi,
2309 2890 2406 2920 quam

1327 2927 1567 2968 propagandae
1589 2926 1893 2968 confirmandaeque
1914 2926 2136 2966 philosophiae
2162 2925 2407 2955 Alexandrinae

1335 2981 1452 3009 causa,
1486 2981 1594 3012 nugas
1615 2981 1694 3002 suas
1723 2981 1844 3012 magno
1868 2971 1994 3002 cuidam
2027 2971 2111 3000 inter
2134 2969 2324 2999 christianos
2352 2979 2407 2999 no-

1335 3017 1421 3046 mine
1452 3017 1667 3056 supposuisse.
1707 3016 1850 3046 Adnotat
1878 3014 1973 3046 etiarn
1996 3015 2013 3055 ξ
2040 3015 2074 3044 31
2103 3013 2189 3043 haud
2218 3022 2284 3043 esse
2307 3013 2407 3043 feren-

1335 3061 1410 3090 dam
1433 3070 1546 3091 eorum
1570 3060 1776 3100 opinionem,
1801 3059 1856 3101 qui
1887 3058 2086 3100 Apollinario
2117 3057 2196 3098 patri
2220 3057 2280 3087 hos
2303 3057 2408 3088 foetus

1335 3104 1533 3143 adiudicant,
1565 3115 1640 3135 cum
1663 3111 1745 3143 recte
1775 3105 1978 3134 observatum
2002 3102 2172 3133 Pearsonio
2197 3101 2301 3140 fuerit,
2326 3101 2407 3142 frag-

1335 3149 1450 3180 mentis
1474 3149 1552 3187 eius,
1576 3159 1658 3190 quae
1677 3157 1857 3189 supersunt,
1874 3147 1990 3178 similes
2005 3147 2091 3177 haud
2106 3155 2183 3184 esse,
2200 3156 2258 3176 nec
2277 3146 2408 3186 dogma-

1334 3194 1419 3224 tibus
1442 3193 1510 3224 eius
1533 3200 1778 3224 consentaneos:
1799 3203 1901 3233 neque
1916 3191 2115 3232 Apollinario
2134 3189 2251 3221 iuniori
2270 3190 2407 3221 tribuen-

1335 3239 1405 3276 dos,
1431 3248 1505 3268 cum
1529 3237 1684 3268 nonnulla
1703 3237 1884 3268 contineant
1903 3237 1941 3267 ab
1956 3237 2023 3267 eius
2038 3235 2159 3277 placitis
2173 3235 2267 3274 longe
2281 3234 2406 3275 lateque

1335 3282 1465 3312 diversa.
1499 3281 1619 3312 Mirum
1642 3281 1723 3312 foret
1746 3281 2045 3321 Apollinaristarum
2068 3279 2406 3320 Eutychianorumque

1335 3332 1517 3357 commenta
1539 3336 1606 3355 non
1629 3326 1744 3356 vidisse
1766 3326 1800 3356 in
1823 3325 2051 3365 Areopagiticis
2083 3330 2138 3354 aut
2164 3332 2297 3363 purgare
2321 3323 2406 3363 ipso-

1334 3381 1407 3401 rum
1439 3376 1603 3400 auctorem
1625 3370 1764 3400 voluisse
1789 3370 1966 3410 scriptores,
1991 3369 2046 3410 qui
2069 3369 2155 3407 virga
2178 3366 2315 3397 nimium
2334 3376 2406 3397 cen-

1334 3414 1417 3445 soria
1441 3414 1551 3444 eadem
1574 3420 1684 3444 notare
1708 3423 1815 3454 opera,
1840 3423 2049 3454 severumque
2068 3411 2207 3452 proferre
2226 3411 2265 3440 de
2284 3410 2345 3441 illis
2359 3411 2406 3441 iu—

1334 3458 1453 3489 dicium
1476 3468 1543 3488 non
1566 3456 1781 3488 haesitarunt!

2232 3694 2262 3719 19
