2548 4192
952 252 1007 287 IN
1039 251 1076 287 S.
1098 251 1339 287 THOMAM
1368 251 1692 298 AQUINATEM

215 335 295 366 toris
313 333 417 363 nostri
440 332 584 373 vestigiis
602 341 665 372 pro
689 330 818 361 modulo
833 331 1047 369 inhaerentes,
1065 336 1100 361 ut
1121 331 1153 360 in
1178 340 1289 361 arcam

214 377 348 409 Domini
369 376 428 407 sub
452 377 575 406 unitate
578 375 675 417 fidei,
691 376 777 406 inter
790 380 944 413 caeteros,
964 375 1185 406 Cumanorum
1208 375 1290 405 mul-

215 422 394 459 titudinem,
413 430 478 461 pro
496 425 594 461 parte
617 420 805 451 charactere
827 420 987 450 dominico
1011 420 1212 461 insignitam,
1236 429 1290 450 su-

214 471 321 507 scepto
344 465 543 505 baptismatis
566 464 789 502 Sacramento,
805 465 952 505 quamvis
966 464 1073 495 adhuc
1091 465 1123 494 in
1149 465 1200 494 via
1225 474 1290 494 mo-

215 521 289 541 rum
313 514 498 547 errantem;
521 509 679 550 reliquam
704 510 799 539 etiam
818 514 948 549 partem
972 519 993 539 a
1017 509 1083 539 ritu
1101 509 1293 549 paganismi

216 555 260 586 ad
291 554 491 595 agnitionem
525 554 721 584 christianae
742 553 846 594 fidei,
872 553 1033 584 mediante
1062 553 1239 584 venerabili
1263 558 1293 583 et

215 599 417 630 sanctissimo
449 598 548 628 Patre
570 598 711 628 Domino
734 598 879 638 Philippo
908 598 973 628 Dei
999 598 1110 639 gratia
1134 598 1292 638 Episcopo

216 643 384 680 Firmano,
408 642 612 683 Apostolicae
627 642 719 673 Sedis
742 642 880 683 Legato,
906 643 1037 683 eiusque
1064 647 1176 673 sancto
1199 643 1292 672 mini-

215 688 326 725 sterio,
341 687 476 718 Domini
498 692 690 728 cooperante
713 687 894 725 clementia,
913 687 1135 727 perducamus
1158 693 1215 717 etc.
1233 687 1293 717 Re-

217 732 276 763 fert
307 731 489 772 Wadingus
526 732 567 762 ad
604 741 726 762 annum
768 731 849 773 1278
883 731 1000 762 litteras
1037 741 1055 761 a
1087 731 1221 762 Nicolao
1251 731 1292 761 111

218 776 305 807 datas
334 775 465 807 Viterbii
487 777 582 807 nonis
605 776 704 808 octob.
729 786 816 806 anno
841 776 853 806 1
877 775 1102 814 Pontificatus,
1126 786 1212 806 anno
1236 775 1294 806 sci-

216 820 290 852 licet
322 819 440 852 Christi
478 821 577 863 1278,
602 821 642 851 ad
666 821 818 851 eumdem
850 821 1044 862 Episcopum
1077 821 1292 858 Firmanum,

217 864 335 906 quibus
359 864 463 896 eidem
485 865 695 896 Tartarorum
726 865 891 896 conversio
922 865 1098 906 impensius
1130 874 1293 895 commen-

218 910 327 940 datur:
351 909 493 951 itemque
522 910 640 940 litteras
669 909 745 940 alias
775 910 891 940 eodem
914 920 1018 949 anno,
1043 919 1152 940 mense
1185 919 1220 939 ac
1244 909 1294 939 die

218 953 348 995 scriptas
372 954 411 984 ad
435 955 624 985 Ministrum
643 955 879 985 Provincialem
907 954 1041 986 Ordinis
1058 954 1211 995 fratrum
1231 954 1294 983 Mi-

219 1008 334 1030 norum
358 999 467 1040 Regni
488 999 708 1040 Hungariae:
733 1005 770 1030 ut
791 999 876 1029 viros
895 998 1030 1029 idoneos
1049 998 1093 1029 ad
1119 998 1293 1035 Cumanos,

371 3684 442 3718 Opp.
461 3685 492 3710 D.
511 3685 626 3709 Tuom
645 3684 676 3709 T.
692 3685 710 3709 1.

2317 264 2423 289 CXXIX

1347 332 1403 371 qui
1427 331 1470 361 ad
1492 330 1728 371 suscipiendam
1751 330 1855 371 fidem
1890 331 2077 361 catholicam
2111 331 2255 371 dispositi
2287 342 2354 363 esse
2378 334 2422 363 vi-

1347 375 1475 413 dentur,
1493 376 1701 406 transmittat.
1720 374 1890 414 Superiora
1910 374 2092 414 Hungarica
2113 374 2258 406 Concilia
2281 377 2423 416 consule,

1348 420 1403 450 ubi
1427 419 1486 450 hac
1511 420 1549 449 de
1573 429 1605 450 re
1629 419 1722 460 plura
1746 419 1864 450 addisci
1887 426 2034 460 possunt.

1416 464 1489 502 Qua
1515 464 1648 494 demum
1677 463 1702 494 si
1726 463 1868 494 floruerit
1899 470 1998 494 aetate
2030 469 2142 493 auctor
2173 463 2424 504 Commentarii,

1348 518 1415 549 quo
1440 508 1478 538 de
1502 508 1638 548 agimus,
1663 518 1777 539 eorum
1800 508 1967 538 reiicienda
1991 508 2172 538 coniectura
2199 518 2266 539 non
2290 509 2424 548 videtur,

1348 553 1404 593 qui
1428 563 1512 593 opus
1543 553 1623 584 illud
1653 553 1801 584 Thomae
1826 553 1963 593 Anglico
1981 552 2183 587 ,adiudicann
2211 553 2347 583 Iorsium
2376 553 2424 583 in-

1348 597 1474 637 telligo,
1506 597 1563 638 qui
1598 597 1637 628 ad
1671 607 1793 628 annum
1831 598 1913 628 1310
1949 597 2110 638 pervenit,
2144 603 2180 627 ut
2213 597 2337 637 saepius
2370 598 2424 627 ad—

1349 641 1551 681 notavimus,
1577 649 1685 672 contra
1713 652 1748 672 ac
1777 641 1900 682 putavit
1923 641 2138 683 Raynaudus,
2167 641 2223 682 qui
2246 642 2424 682 florentem

1348 686 1456 726 ipsum
1486 686 1530 717 ad
1557 697 1679 717 annum
1709 692 1792 723 140⁰
1821 686 1968 717 detrudit.
2000 686 2114 717 Obstat
2144 695 2219 716 vero
2250 686 2424 717 Commen-

1349 730 1503 761 tariorum
1536 732 1568 761 in
1600 731 1798 772 Ezechielem
1833 730 1975 769 mentio,
2007 741 2089 772 quos
2123 730 2231 771 ipsum
2262 731 2424 762 elucubra-

1348 775 1430 805 visse
1460 785 1527 806 non
1557 775 1699 816 produnt
1728 774 1875 805 certiores
1898 775 2012 806 vetusti
2037 775 2182 815 Operum
2210 774 2310 815 ipsius
2343 781 2424 806 cata-

1348 819 1424 860 logi.
1448 820 1536 850 Nihil
1559 829 1634 860 ergo
1658 819 1936 860 pronunciaverim
1967 829 2046 860 ego,
2070 819 2334 859 prudentissimae
2357 819 2424 850 ani-

1349 863 1578 894 madversionis
1602 863 1708 894 Iacobi
1732 863 1867 894 Echardi
1891 874 2034 902 mernor,
2059 863 2114 904 qui
2138 864 2172 895 id
2193 864 2367 895 decernere
2390 865 2423 894 in

1348 918 1384 939 se
1407 918 1470 938 non
1486 918 1554 939 esse
1576 907 1708 939 candide
1723 907 1848 946 fatetur,
1865 909 1927 939 nisi
1941 917 1983 938 ex
1997 909 2191 949 inspectione
2216 910 2423 950 antiquorum

1350 953 1494 983 codicum
1521 951 1630 994 (quod
1658 962 1721 982 non
1745 957 1872 992 sperat,
1904 952 2025 993 inquit,
2054 952 2205 994 animus)
2230 953 2290 984 lux
2321 954 2426 984 maior

1350 996 1522 1038 affulgeat.

2257 3694 2286 3719 ¹7
