2788 4204
2 2865 6 2867 “
30 2865 148 2888 ἰοαημ

0 2911 3 2916 ’
31 2910 122 2932 ‘Num
133 2916 155 2938 7.

1105 307 1216 343 CAP.
1246 307 1333 353 XII,
1363 306 1513 342 LECT.
1542 306 1628 342 VIII
2382 308 2449 343 105

988 561 1328 621 LECTIO
1375 563 1749 619 OCTAVA

1176 692 1276 727 (ΕΔΜ).
1296 695 1425 719 Cum-am
1444 696 1502 720 lect.
1515 695 1557 728 vr)

605 792 664 824 DE
685 792 1069 825 PROPOSITIONIBUS
1091 793 1339 825 MODALIBUS
1362 794 1604 832 EARUMQUE
1628 795 1760 826 INTER
1782 795 1831 826 SE
1855 795 2138 827 OPPOSITIONE

277 910 415 943 Τούτων
441 905 478 942 δὲ
502 905 738 955 διωρισμένων,
757 911 923 944 σκεπτέον
943 911 1031 950 ὅπως
1049 913 1180 958 ἔχουσιν
1202 915 1237 944 αἱ
1257 913 1342 945 ἀπο-

344 954 458 1000 φάσεις
483 957 540 986 καὶ
565 955 778 999 καταφάσεις
805 956 884 1000 πρὸς
912 955 1077 997 ἀλλήλας,
1098 959 1133 988 αἱ
1154 958 1217 989 τοῦ
1241 952 1342 988 δυνα-

346 998 405 1031 τὸν
431 995 517 1030 εἶναι
541 1002 598 1031 καὶ
623 999 670 1043 μή
695 995 861 1040 δυνατόν,
886 1002 944 1032 καὶ
970 996 1185 1046 ἐνδεχόμενον
1210 1002 1269 1032 καὶ
1293 1000 1340 1044 μή

346 1038 578 1098 ὲνδεχιόμενον,
604 1045 663 1074 καὶ
688 1046 762 1086 περὶ
787 1045 849 1076 τοῦ
869 1040 1039 1077 ἀδυνάτου
1058 1057 1095 1077 τε
1112 1047 1170 1076 καὶ
1191 1045 1342 1090 ἀναγκα-

344 1089 408 1119 ίου·
436 1099 505 1132 εχει
530 1088 594 1133 γοὶρ
623 1088 764 1130 ἀπορίας
791 1087 898 1125 τινάς.

278 1133 316 1164 Εἰ
340 1131 404 1177 γάρ
431 1133 496 1163 τῶν
522 1131 801 1176 συμπλεκομένων
822 1132 927 1165 αὗται
946 1132 1112 1169 ἀλλήλαις
1132 1132 1341 1164 ἀντίκεινται

347 1175 563 1218 ἀντιφάσεις,
594 1174 671 1207 ὅσαι
695 1175 791 1207 κατοὶ
815 1175 856 1208 τὰ
881 1173 967 1207 εἶναι
990 1178 1048 1207 καὶ
1073 1175 1120 1219 μή
1146 1173 1230 1207 εἶναι
1256 1175 1343 1208 τάτ-

345 1230 487 1260 τονται,
515 1220 582 1251 οἷον
610 1221 672 1252 τοῦ
706 1216 792 1251 εἶναι
824 1219 995 1264 ἄνθρωπον
1032 1219 1200 1264 ἀπόφασις
1227 1220 1268 1252 τὸ
1293 1219 1340 1263 μή

344 1260 431 1294 εἶναι
451 1262 642 1308 ἄνθρωπον,
671 1265 707 1295 οὐ
733 1263 775 1296 τὸ
800 1261 885 1295 εἶναι
909 1264 956 1307 μή
984 1263 1168 1308 ἄνθρωπον,
1194 1266 1253 1295 καὶ
1278 1264 1340 1295 τοῦ

343 1303 430 1339 εἶναι
452 1308 570 1339 λευκὰν
598 1307 784 1351 ἄνθρωπον,
810 1308 865 1346 τό,
891 1309 938 1351 μή
965 1305 1050 1339 εἶναι
1074 1308 1191 1339 λευκὸν
1220 1306 1341 1351 ἅνθρω-

345 1362 421 1392 πον,
450 1352 521 1384 ἀλλ’
550 1352 590 1384 οὐ
615 1352 656 1384 τό
682 1349 768 1384 εἶναι
792 1351 839 1395 μή
862 1352 978 1383 λευκὸν
1012 1351 1198 1394 ἄνθρωπον·
1224 1352 1252 1384 εἰ
1276 1353 1340 1397 γὰρ

246 1416 253 1418 >
289 1395 437 1427 ””και’τ“ἂ
461 1396 591 1434 παντὸς
617 1398 638 1433 ἡ
662 1396 857 1451 κατάφασις
875 1398 896 1433 ἠ
914 1397 934 1432 ἡ
962 1395 1147 1439 ἀπόφασις,
1174 1396 1216 1428 τὸ
1241 1396 1339 1437 ξύλον

344 1439 443 1471 ἔσται
469 1439 590 1478 ἀληθὲς
614 1442 718 1473 εἰπεῖν
743 1452 828 1472 ειναι
845 1440 892 1483 μὴ
908 1441 1026 1472 λευκὸν
1045 1439 1232 1483 ἄνθρωπον·
1260 1442 1286 1472 εἰ
1304 1436 1342 1473 δὲ

343 1483 451 1516 τοῦτο
476 1484 596 1526 οὕτως,
621 1487 679 1516 καὶ
706 1484 794 1522 ὅσοις
817 1485 858 1517 τὸ
876 1482 961 1516 εἶναι
979 1485 1025 1528 μή
1043 1485 1279 1528 προστίθεται,
1298 1485 1340 1517 τὸ

343 1528 433 1560 αὐτό
459 1529 592 1565 ποιήσει
617 1529 659 1561 τὸ
686 1530 762 1562 ἀντὶ
779 1529 841 1562 τοῦ
860 1526 945 1560 εἶναι
961 1528 1157 1575 λεγόμενον,
1178 1530 1244 1561 οἷον
1262 1531 1339 1570 τοῦ,

345 1570 514 1616 ἅνθρωπος
541 1569 685 1616 βαδίζει,
705 1574 743 1605 οὐ
761 1574 803 1606 ‘ro'
821 1574 880 1605 οὐκ.
900 1572 1070 1618 ἄνθρωπος
1089 1569 1233 1616 βαδίζει,
1256 1573 1343 1606 ἀπό-

341 1627 440 1660 φασις
465 1618 578 1658 ἔσται,
607 1618 698 1650 ἀλλὰ
722 1618 783 1658 τό,
811 1618 849 1649 οὐ
876 1612 1006 1660 βαδίζει
1032 1617 1216 1663 ἄνθρωπος·
1245 1613 1340 1650 οὐδὲν

367 1661 389 1694 οὶ
431 1657 581 1706 διαφέρει
603 1663 721 1702 εἰπεῖν,
742 1661 913 1706 ἄνθρωπον
930 1657 1092 1705 βαδίζειν,
1120 1662 1141 1699 ἦ
1169 1661 1340 1705 ἄνθρωπον

341 1672 533 1782 {agmone
551 1704 648 1739 εἶναι.
669 1705 786 1747 ’Ὦστε,
805 1707 833 1738 εὶ
859 1705 965 1743 οὕτως
983 1709 1182 1752 πανταχοῦ,
1200 1708 1259 1738 καὶ
1277 1707 1340 1739 τοῦ

364 1751 489 1783 uvam-dv
515 1748 600 1782 εἶναι
627 1749 795 1795 ἀπόφασις
822 1750 922 1782 ἔσται
947 1751 988 1782 τὸ
1009 1746 1157 1783 δυνατόν
1175 1751 1221 1795 μὴ
1239 1748 1338 1791 εἶναι,

345 1795 417 1828 ἀλλ’
447 1795 485 1827 οὗ
511 1795 552 1827 τὸ
577 1795 623 1838 μή
649 1790 796 1827 δυνατόν
821 1791 919 1826 εἶναι.

277 1882 374 1911 Δοκεῖ
394 1874 432 1910 δὲ
457 1879 499 1911 τὸ
526 1878 614 1911 αὐτὸ
637 1873 803 1910 δύνασθαι
827 1880 884 1910 καὶ
903 1875 988 1909 εἶναι
1004 1879 1061 1910 καὶ
1081 1878 1127 1921 μή
1146 1875 1244 1910 εἶναι·
1271 1879 1339 1911 πᾶν

367 1923 406 1967 dp
431 1922 474 1955 τὸ
496 1918 644 1954 δυνατὸν
675 1920 857 1966 τέμνεσθαι
882 1921 903 1958 ἦ
928 1922 1099 1964 βαδίζειν,
1124 1924 1181 1954 καὶ
1207 1923 1253 1966 μὴ
1279 1923 1342 1963 βα-

339 1934 441 2010 ἔίζειν
458 1968 517 1998 καὶ
537 1967 584 2011 pst}
603 1965 785 2011 τέμνεσθαι
803 1961 964 1999 δυνατόν·
982 1965 1083 2012 λόγος
1101 1961 1152 2007 δέ,
1173 1965 1227 1999 ὅτι
1247 1965 1337 1999 ἅπαν

341 2012 384 2046 τὸ
401 2010 491 2043 οὕτω
508 2006 655 2043 δυνατὸν
675 2011 733 2043 οὐκ
753 2011 803 2043 ἀεὶ
823 2011 959 2056 ἐνεργεῖ,
978 2010 1065 2043 ὥστε
1085 2010 1225 2054 ὑπάρξει
1245 2012 1339 2052 αὐτῷ

339 2058 397 2090 καὶ
424 2055 444 2092 ’ἡ
472 2054 654 2099 ἀπόφασις·
689 2049 838 2087 δύναται
870 2056 934 2101 γαρ
959 2058 1015 2087 καὶ
1041 2054 1088 2097 μή
1123 2050 1270 2098 βαδίζειν
1297 2056 1340 2088 τό

341 2095 560 2142 βαδιστικόν,
587 2102 645 2131 καὶ
671 2099 718 2144 μή
745 2098 886 2144 ὁρᾶσθαι
912 2099 953 2131 τὸ
980 2099 1117 2142 ὁρατόν.
1140 2099 1248 2132 Ἀλλά
1272 2100 1337 2143 μὴν

342 2141 512 2178 ἀδύνατον
546 2144 642 2176 κατα
665 2144 728 2176 τοῦ
754 2144 863 2176 αὐτοῦ
899 2143 1122 2181 ἀληθεύεσθαι
1156 2145 1219 2181 τοὶς
1248 2145 1340 2177 ἀντι-

338 2188 494 2234 κειμένας
523 2187 651 2232 φάσεις.
687 2189 754 2220 Οὐκ
782 2188 845 2232 ἄρα
878 2189 941 2220 τοῦ
970 2183 1116 2220 δυνατὸν
1142 2185 1226 2220 εἶναι
1254 2188 1340 2221 ἀπό-

363 2236 437 2271 ασίς
462 2234 535 2265 ἐστι
560 2232 617 2273 τὸ,
643 2227 790 2264 δυνατόν
816 2232 862 2276 μή
888 2229 985 2266 εἶναι.

273 2246 452 2324 Συμβαίνει
472 2277 536 2323 γὰρ
554 2277 591 2308 ἐκ
604 2276 739 2309 τούτων
757 2276 778 2313 ἥ
796 2277 838 2308 τὸ
857 2277 944 2309 αὐτὸ
962 2276 1066 2320 φάναι
1082 2278 1140 2308 καὶ
1164 2277 1338 2321 ἀποφάναι

342 2322 415 2378 {1¹⁶⁶-
438 2322 534 2354 κατά
557 2322 620 2353 τοῦ
646 2321 770 2361 αὐτοῦ,
796 2319 818 2357 ἦ
844 2321 891 2365 μή
915 2321 1012 2353 κατά.
1035 2321 1077 2353 τὸ
1097 2318 1183 2353 εἶναι
1207 2324 1264 2353 καὶ
1289 2321 1337 2365 μή

339 2378 424 2398 ειναι
448 2366 498 2398 τοὶ
521 2364 769 2422 πίιοστιθέμενα
802 2364 952 2411 γίνεσθαι
982 2364 1095 2408 φάσεις
1120 2368 1178 2397 καὶ
1206 2365 1339 2410 ἀποφά-

339 2423 405 2449 σεις
425 2435 432 2441 .
463 2411 502 2442 Εἰ
522 2421 577 2442 ουν
597 2410 702 2442 ἐκεῖνο
724 2405 909 2450 ἀδύνατον,
935 2410 1033 2442 τοῦτ’
1057 2408 1095 2441 ἂν
1118 2411 1167 2446 εἴη
1188 2409 1337 2451 αἱρετόν.

416 2539 437 2549 ..
456 2527 459 2529 ’
536 2523 690 2558 ostquam
705 2513 957 2547 determinatum
973 2522 1022 2547 est
1045 2513 1085 2547 de
1101 2515 1339 2547 enunciationi-

361 2564 364 2572 '
392 2563 426 2607 ff
437 2598 451 2609 J
492 2571 521 2597 ἠ
535 2562 608 2603 bus,
617 2574 756 2607 quarum
767 2562 912 2606 partibus
923 2562 1010 2596 aliud
1019 2562 1148 2596 additur
1160 2572 1226 2596 tam
1239 2574 1340 2596 rema-

392 2616 426 2649 ’,ς
437 2594 520 2667 >143
544 2620 633 2644 nente
654 2622 753 2655 quam
764 2612 885 2644 variata
903 2612 1038 2651 unitate,
1055 2610 1108 2644 hic
1128 2611 1267 2645 intendit
1284 2611 1339 2645 de-

480 2665 517 2701 5),.³
537 2659 656 2693 clarare
667 2659 746 2704 quid
759 2658 882 2693 accidat
897 2660 1130 2699 enunciationi,
1141 2671 1180 2692 ex
1191 2671 1231 2693 eo
1248 2659 1338 2704 quod

272 2756 431 2801 positioni
445 2757 527 2789 eius.
544 2757 585 2790 Et
598 2757 681 2789 circa
697 2755 761 2789 hoc
772 2755 839 2789 duo
856 2755 945 2788 facit:
957 2757 1076 2799 primo,
1088 2756 1281 2789 determinat
1297 2756 1337 2789 de

272 2805 483 2849 oppositione
496 2815 627 2845 earum;
643 2803 801 2844 secundo,
818 2803 857 2838 de
875 2805 1134 2848 consequentiis3
1151 2803 1209 2837 ibi:
1229 2805 1337 2838 Conse-

272 2854 408 2897 quentiae
422 2853 516 2887 vero*
525 2862 586 2887 etc.
599 2854 695 2888 Circa
711 2854 855 2897 primum
867 2852 934 2886 duo
947 2852 1036 2886 facit:
1047 2854 1167 2896 primo,
1180 2855 1337 2897 proponit

274 2901 366 2946 quod
379 2902 534 2942 intendit;
550 2902 708 2942 secundo,
719 2903 906 2946 exequitur;
923 2901 983 2934 ibi:
999 2902 1086 2935 Nam
1097 2902 1124 2934 si
1138 2914 1240 2936 eorum
1250 2902 1265 2919 *
1276 2911 1335 2935 etc.

273 2949 434 2993 Proponit
456 2961 535 2994 ergo
552 2950 643 2995 quod
666 2951 730 2984 iam
747 2950 1013 2994 perspiciendum
1030 2959 1090 2990 est,
1111 2951 1282 2995 quomodo
1302 2963 1335 2984 se

30 3007 137 3056 baffia·
152 3009 177 3029 et
185 3013 244 3035 μω·
273 2997 414 3031 habeant
437 2998 670 3032 affirmationes
696 3008 728 3032 et
751 3000 942 3042 negationes
971 3000 1240 3032 enunciationum
1262 3000 1301 3033 de
1320 3000 1336 3016 *

272 3046 420 3089 possibili
437 3055 469 3079 et
478 3058 547 3079 non
558 3047 706 3091 possibili
718 3056 778 3080 etc.
791 3048 832 3080 Et
844 3059 975 3080 causam
986 3047 1111 3081 subdit:
1122 3048 1248 3081 Habent
1259 3050 1337 3082 enim

272 3095 385 3128 multas
407 3095 603 3128 dubitationes
625 3095 770 3139 speciales.
785 3115 803 3120 -
818 3095 883 3129 Sed
907 3105 1082 3140 antequam
1103 3095 1238 3130 ulterius
1262 3109 1336 3141 pro-

273 3143 415 3183 cedatur,
440 3144 598 3187 quoniam
621 3143 661 3176 de
685 3144 981 3184 enunciadonibus,
1006 3156 1088 3188 quae
1113 3144 1259 3178 modales
1280 3154 1337 3177 vo-

273 3201 397 3232 cantur,
411 3202 520 3224 sermo
543 3191 726 3232 inchoatur,
750 3191 995 3235 praelibandum
1011 3202 1060 3226 est
1084 3205 1154 3226 esse
1179 3192 1336 3237 quasdam

272 3239 418 3273 modales
434 3240 692 3279 enunciationes,
701 3249 734 3273 et
749 3241 806 3284 qui
822 3249 854 3273 et
870 3249 953 3284 quot
969 3250 1046 3274 sunt
1057 3241 1148 3274 modi
1164 3240 1336 3274 reddentes

271 3289 515 3332 propositiones
538 3288 704 3328 modales;
728 3297 760 3321 et
783 3288 862 3332 quid
885 3301 997 3322 earum
1028 3290 1069 3322 sit
1097 3289 1280 3322 subiectum
1305 3298 1337 3322 et

273 3336 351 3381 quid
375 3336 617 3380 praedicatum;
642 3344 674 3369 et
702 3335 780 3380 quid
803 3337 845 3369 sit
869 3337 940 3380 ipsa
967 3338 1152 3370 enunciatio
1176 3336 1336 3376 modalis3

272 3386 412 3429 quisque
429 3385 471 3417 sit
487 3383 569 3417 ordo
586 3395 698 3416 earum
716 3384 757 3417 ad
781 3384 1029 3427 praecedentes;
1046 3394 1078 3417 et
1094 3396 1177 3428 quae
1196 3385 1337 3417 necessi-

271 3435 385 3467 tassit
408 3433 583 3477 specialem
599 3431 738 3466 faciendi
761 3441 932 3466 tractatum
957 3433 996 3466 de
1020 3433 1080 3465 his.

339 3493 369 3515 2.
394 3483 485 3522 Quia
512 3493 590 3525 ergo
621 3491 798 3525 possumus
830 3481 1002 3525 dupliciter
1035 3481 1074 3514 de
1102 3480 1197 3514 rebus
1222 3481 1332 3525 loqui;

271 3543 340 3565 uno
356 3531 470 3572 modo,
491 3530 723 3574 componendo
743 3542 812 3563 rem
829 3541 928 3563 unam
946 3541 1022 3562 cum
1043 3530 1115 3570 alia,
1132 3529 1197 3562 alio
1220 3530 1333 3570 modo,

272 3581 547 3624 compositionem
570 3578 688 3612 factam
712 3577 905 3612 declarando
935 3578 1039 3621 qualis
1068 3579 1130 3618 sit,
1161 3579 1334 3622 insurgunt

272 3627 339 3662 duo
361 3629 632 3662 enunciationum
655 3637 790 3671 genera;
807 3626 967 3671 quaedam
984 3626 1107 3659 scilicet
1122 3628 1333 3660 enunciantes

412 3692 481 3724 Opp.
500 3692 532 3716 D.
547 3691 660 3716 Timum
679 3691 710 3715 T.
730 3691 746 3715 1.

536 2707 659 2752 aliquid
675 2706 814 2747 additur,
830 2718 899 2740 non
917 2708 984 2740 suis
1000 2707 1157 2751 partibus,
1178 2707 1235 2741 sed
1252 2701 1350 2741 coms

1394 915 1412 934 *
1427 915 1486 945 His
1501 925 1576 945 vero
1599 916 1826 954 determinatis,
1843 916 2105 947 considerandum
2121 925 2167 948 est
2182 919 2455 959 quemadmodum
2483 924 2490 931 ·

1463 969 1496 989 se
1511 969 1543 989 se
1566 959 1682 990 habent
1702 960 1882 999 negationes
1906 967 1935 990 et
1951 960 2172 992 affirmationes
2192 963 2231 992 ad
2254 973 2287 993 se
2309 963 2454 1002 invicem,

1463 1012 1544 1042 quae
1568 1011 1641 1033 sunt
1664 1004 1702 1033 de
1718 1003 1859 1043 possibili
1882 1014 1948 1034 esse
1972 1012 2001 1034 et
2024 1015 2089 1034 non
2105 1006 2260 1045 possibili,
2281 1014 2310 1037 et
2326 1007 2364 1037 de
2381 1017 2454 1037 con-

1463 1047 1606 1086 tingenti,
1625 1053 1656 1077 et
1674 1047 1712 1076 de
1735 1047 1936 1087 impossibili,
1963 1055 1992 1079 et
2015 1049 2203 1088 necessario;
2226 1050 2342 1081 habent
2371 1051 2455 1082 enim

1462 1090 1583 1130 aliquas
1607 1090 1828 1121 dubitationes.

1395 1134 1479 1163 Nam
1502 1134 1527 1163 si
1543 1144 1666 1172 eorum,
1684 1144 1765 1174 quae
1781 1135 2044 1175 complectuntur,
2062 1136 2131 1166 illae
2148 1145 2220 1168 sunt
2241 1138 2298 1168 sibi
2321 1139 2455 1170 invicem

1463 1177 1628 1217 oppositae
1661 1178 1932 1216 contradictiones,
1961 1190 2168 1221 quaecunque
2192 1183 2366 1213 secundum
2389 1193 2455 1214 esse

1464 1228 1493 1251 et
1517 1231 1583 1251 non
1607 1232 1673 1252 esse
1697 1222 1924 1262 disponuntur,
1948 1230 1984 1253 ut
2007 1223 2073 1253 eius
2090 1235 2170 1264 quae
2187 1233 2246 1264 est,
2264 1236 2329 1256 esse
2352 1227 2455 1257 homi-

1463 1275 1547 1303 nem,
1565 1266 1689 1306 negatio
1717 1273 1776 1304 est,
1801 1277 1866 1296 non
1895 1277 1961 1297 esse
1992 1267 2171 1306 hominem,
2195 1280 2261 1300 non
2290 1277 2396 1301 autem
2419 1281 2455 1302 ea

1463 1319 1544 1350 quae
1575 1317 1631 1348 est,
1654 1320 1720 1340 esse
1745 1320 1811 1340 non
1834 1310 2012 1342 hominem:
2037 1318 2067 1342 et
2090 1313 2176 1350 eius,
2201 1324 2281 1354 quae
2309 1322 2364 1352 est,
2389 1325 2455 1346 esse

1463 1354 1571 1384 album
1586 1354 1762 1392 hominem,
1776 1364 1811 1384 ea
1827 1365 1908 1395 quae
1925 1363 1980 1393 est,
1991 1366 2056 1386 non
2073 1366 2138 1387 esse
2153 1355 2261 1387 albuni
2280 1358 2454 1397 hominem,

1463 1398 1517 1428 sed
1533 1408 1599 1428 non
1616 1408 1652 1428 ea
1670 1408 1751 1438 quae
1767 1406 1823 1437 est,
1841 1409 1907 1429 esse
1923 1410 1989 1429 non
2005 1401 2113 1430 album
2129 1401 2292 1432 hominem
2309 1400 2355 1443 (si
2371 1403 2455 1433 enim

1463 1442 1501 1472 de
1529 1442 1618 1472 omni
1647 1449 1701 1473 aut
1732 1442 1898 1474 affirmatio
1931 1450 1985 1474 aut
2007 1445 2131 1484 negatio
2157 1453 2221 1483 est,
2246 1446 2368 1485 lignum
2400 1447 2456 1477 erit

1462 1496 1572 1516 verum
1596 1486 1696 1516 dicere
1721 1497 1786 1517 esse
1810 1497 1876 1517 non
1896 1487 2003 1518 album
2027 1488 2222 1531 hominem):
2243 1491 2331 1530 quod
2351 1490 2376 1520 si
2394 1491 2456 1522 hoc

1463 1531 1562 1560 modo
1587 1537 1617 1560 et
1638 1530 1671 1560 in
1695 1531 1938 1571 quibuscunque
1962 1542 2028 1562 esse
2052 1543 2117 1563 non
2140 1533 2275 1572 additur,
2299 1534 2384 1564 idem
2413 1534 2455 1568 fa-

1463 1573 1522 1604 ciet
1542 1575 1631 1615 quod
1662 1584 1719 1614 pro
1739 1579 1817 1605 *esse
1841 1575 1968 1613 dicitur;
1993 1583 2028 1606 ut
2056 1577 2141 1615 eius,
2166 1588 2247 1618 quae
2271 1586 2330 1616 est,
2356 1579 2455 1609 homo

1461 1619 1613 1656 ambulat,
1629 1629 1694 1648 non
1712 1619 1798 1656 haec,
1815 1620 1955 1650 ambulat
1970 1630 2034 1650 non
2050 1621 2161 1659 homo,
2179 1622 2303 1662 negatio
2318 1623 2385 1661 erit,
2402 1623 2456 1653 sed

1461 1662 1548 1700 haec,
1570 1673 1636 1692 non
1653 1663 1793 1693 ambulat
1808 1663 1918 1694 homo.
1942 1664 2028 1694 Nihil
2051 1665 2136 1695 enim
2156 1666 2256 1696 differt
2277 1667 2377 1697 dicere
2398 1667 2455 1697 ho-

1463 1707 1583 1736 minem
1611 1707 1787 1744 ambulare,
1803 1707 1853 1737 vel
1869 1708 2032 1738 hominem
2049 1710 2263 1740 ambulantem
2279 1720 2354 1741 esse.
2373 1711 2457 1748 Qua-

1446 1760 1494 1780 vre
1510 1750 1536 1780 si
1552 1750 1613 1780 hoc
1632 1751 1731 1781 modo
1750 1751 1879 1791 ubique,
1897 1758 1927 1782 et
1942 1752 2019 1791 eius,
2036 1748 2116 1793 quae
2136 1761 2191 1791 est,
2209 1754 2358 1794 possibile
2378 1765 2456 1794 esse,

1462 1794 1587 1834 negatio
1605 1794 1662 1825 erit
1677 1795 1826 1835 possibile
1843 1806 1907 1826 non
1924 1806 2001 1834 esse,
2018 1798 2073 1828 sed
2087 1808 2153 1828 non
2170 1808 2205 1828 ea
2221 1809 2302 1839 quae
2318 1806 2374 1838 est,
2390 1810 2455 1830 non

1462 1838 1611 1878 possibile
1629 1849 1705 1870 esse.

1395 1882 1528 1913 Videtur
1551 1890 1657 1913 autem
1672 1883 1758 1914 idem
1774 1894 1866 1924 posse
1883 1891 1913 1914 et
1929 1895 1994 1915 esse
2014 1892 2044 1916 et
2060 1895 2125 1915 non
2146 1896 2221 1916 esse.
2244 1886 2349 1917 Omne
2371 1888 2456 1918 enim

1461 1927 1550 1967 quod
1573 1934 1619 1957 est
1641 1927 1790 1967 possibile
1813 1928 1919 1965 dividi,
1940 1929 1990 1959 vel
2012 1930 2182 1968 ambulare,
2204 1937 2234 1960 et
2257 1941 2322 1961 non
2344 1933 2456 1962 ambu-

1461 1971 1524 2001 lare
1536 1994 1544 2009 ,
1562 1978 1592 2002 et
1614 1982 1680 2002 non
1697 1972 1794 2002 dividi
1817 1972 1966 2012 possibile
1982 1980 2037 2004 est.
2054 1974 2147 2004 Ratio
2169 1981 2275 2004 autem
2299 1982 2355 2013 est,
2375 1986 2455 2016 quo-

1460 2015 1547 2045 niam
1566 2026 1662 2046 omne
1686 2016 1775 2056 quod
1798 2016 1841 2046 sic
1858 2016 2007 2056 possibile
2031 2024 2087 2055 est,
2109 2028 2174 2048 non
2191 2028 2314 2059 semper
2328 2019 2361 2049 in
2385 2027 2455 2050 actu

1461 2066 1521 2096 est;
1541 2069 1637 2099 quare
1653 2060 1746 2090 inerit
1767 2060 1828 2100 ipsi
1851 2060 1944 2091 etiam
1961 2062 2096 2101 negatio:
2121 2069 2226 2102 potest
2244 2063 2328 2093 enirn
2345 2070 2376 2094 et
2390 2074 2456 2094 non

1461 2104 1622 2134 ambulare
1637 2104 1726 2144 quod
1743 2111 1789 2135 est
1805 2105 2044 2143 ambulativum,
2060 2113 2090 2136 et
2109 2116 2173 2136 non
2188 2106 2285 2137 videri
2304 2108 2392 2148 quod
2411 2115 2456 2139 est

1459 2147 1591 2178 visibile.
1608 2150 1649 2178 At
1664 2158 1739 2178 vero
1750 2148 1944 2189 impossibile
1957 2157 2002 2180 est
2017 2150 2055 2180 de
2067 2150 2179 2180 eodem
2194 2151 2356 2191 oppositas
2368 2162 2455 2183 veras

1461 2201 1527 2222 esse
1550 2191 1773 2223 affirmationes
1798 2199 1828 2223 et
1851 2193 2042 2232 negationes.
2061 2195 2135 2224 Non
2158 2194 2252 2234 igitur
2282 2196 2350 2226 eius
2374 2206 2455 2236 quae

1461 2242 1517 2273 est,
1534 2236 1683 2275 possibile
1707 2246 1784 2274 esse,
1800 2237 1924 2276 negatio
1949 2244 1994 2268 est
2009 2238 2096 2275 haec,
2118 2239 2265 2278 possibile
2289 2250 2354 2270 non
2378 2250 2454 2271 esse.

1394 2279 1559 2320 Contingit
1581 2287 1688 2310 autem
1705 2290 1741 2310 ex
1756 2280 1815 2319 his,
1836 2288 1891 2311 aut
1910 2281 1996 2311 idern
2015 2281 2167 2312 affirmare
2187 2290 2217 2313 et
2232 2293 2344 2323 negare
2360 2284 2455 2315 simul

1461 2324 1499 2354 de
1515 2324 1644 2362 eodem,
1661 2331 1716 2355 aut
1741 2335 1805 2355 non
1832 2326 2007 2355 secundum
2022 2336 2088 2356 esse
2103 2327 2153 2356 vel
2177 2337 2242 2357 non
2266 2338 2350 2365 esse,
2374 2338 2455 2369 quae

1465 2376 1692 2408 opponuntur,
1718 2368 1783 2399 fieri
1807 2368 2029 2399 affirmationes
2053 2377 2083 2400 et
2107 2371 2298 2410 negationes.
2325 2372 2357 2403 Si
2381 2382 2454 2412 ergo

1459 2412 1538 2442 illud
1556 2412 1750 2452 impossibile
1770 2419 1826 2452 est,
1842 2413 1903 2444 hoc
1923 2413 1979 2444 erit
1998 2414 2097 2454 magis
2113 2415 2303 2454 eligendum.

1394 2515 1516 2559 aliquid
1539 2516 1646 2548 inesse
1668 2515 1721 2549 vel
1742 2527 1810 2549 non
1834 2517 1939 2550 inesse
1963 2517 2072 2558 alteri,
2096 2527 2128 2550 et
2150 2518 2211 2551 hae
2234 2527 2392 2552 vocantur
2415 2519 2455 2552 de

1393 2565 1502 2604 inesse,
1527 2563 1566 2597 de
1590 2565 1708 2608 quibus
1734 2566 1883 2608 superius
1907 2565 2037 2599 habitus
2068 2575 2117 2599 est
2147 2576 2274 2606 sermo;
2296 2567 2455 2611 quaedam

1393 2624 1471 2646 vero
1495 2614 1708 2646 enunciantes
1732 2613 1870 2646 modum
1899 2614 2150 2657 compositionis
2175 2615 2349 2658 praedicati
2380 2627 2455 2648 cum

1393 2661 1560 2701 subiecto,
1583 2670 1616 2694 et
1638 2661 1699 2694 hae
1722 2669 1881 2694 vocantur
1904 2661 2062 2701 modales,
2081 2674 2098 2695 a
2122 2663 2341 2706 principaliori
2365 2673 2454 2707 parte

1392 2721 1462 2749 sua,
1478 2709 1580 2743 modo
1600 2708 1732 2742 scilicet.
1757 2709 1845 2743 Cum
1862 2710 1950 2742 enim
1967 2709 2093 2751 dicitur,
2116 2711 2263 2745 Socratem
2278 2724 2395 2746 currere
2415 2719 2456 2745 est

1386 2757 1535 2802 possibile,
1545 2768 1613 2790 non
1637 2758 1828 2791 enunciatur
1852 2770 1965 2791 cursus
1989 2758 2028 2792 de
2047 2759 2189 2799 Socrate,
2205 2760 2261 2793 sed
2286 2760 2389 2804 qualis
2413 2761 2454 2793 sit

1391 2807 1590 2849 compositio
1606 2817 1720 2839 cursus
1737 2818 1812 2839 cum
1826 2806 1959 2840 Socrate
1967 2807 1993 2847 *,
2003 2807 2124 2840 scilicet
2132 2808 2304 2851 possibilis.
2316 2809 2452 2852 Signan-

1391 2863 1439 2887 ter
1461 2863 1572 2887 autem
1589 2854 1654 2888 dixi
1677 2854 1815 2887 modum
1832 2856 2093 2898 compositionis,
2110 2857 2266 2899 quoniam
2282 2856 2402 2889 modus
2418 2858 2451 2890 in

1391 2904 1620 2936 enunciatione
1637 2904 1764 2946 positus
1781 2902 1900 2946 duplex
1913 2913 1969 2936 est.
1988 2903 2135 2943 Quidam
2156 2905 2243 2936 enim
2260 2904 2452 2938 determinat

1390 2950 1538 2991 verbum,
1565 2951 1618 2984 vel
1648 2953 1772 2984 ratione
1803 2951 1975 2994 significati
2000 2952 2102 2994 ipsius
2126 2952 2230 2990 verbi,
2255 2962 2291 2985 ut
2320 2953 2451 2986 Socrates

1391 3000 1486 3033 currit
1514 2999 1671 3040 velociter,
1704 3000 1755 3032 vel
1783 3001 1909 3034 ratione
1937 3001 2095 3044 temporis
2129 3000 2385 3043 consignificati,
2414 3010 2451 3034 ut

1392 3048 1522 3081 Socrates
1545 3050 1639 3082 currit
1662 3049 1761 3088 hodie;
1790 3048 1923 3092 quidam
1941 3058 2049 3082 autem
2067 3048 2260 3082 determinat
2289 3051 2451 3093 composi-

1390 3098 1517 3130 tionem
1540 3098 1644 3140 ipsam
1661 3096 1834 3140 praedicati
1852 3108 1927 3129 cum
1951 3098 2109 3137 subiecto;
2126 3099 2210 3130 sicut
2229 3109 2305 3130 cum
2322 3098 2449 3139 dicitur,

1392 3145 1540 3179 Socratem
1563 3157 1680 3179 currere
1695 3151 1736 3178 est
1745 3145 1891 3189 possibile.
1921 3146 1959 3179 In
1975 3145 2037 3178 illis
2054 3157 2195 3189 namque
2220 3145 2451 3179 determinatur

1392 3193 1495 3237 qualis
1512 3204 1626 3225 cursus
1639 3194 1715 3225 insit
1726 3193 1861 3232 Socrati,
1877 3193 1929 3226 vel
1946 3193 2088 3237 quando;
2097 3195 2130 3226 in
2144 3194 2203 3226 hac
2219 3203 2339 3234 autem,
2346 3194 2450 3238 qualis

1391 3242 1432 3274 sit
1455 3242 1644 3274 coniunctio
1661 3253 1774 3274 cursus
1791 3253 1867 3274 cum
1884 3241 2025 3274 Socrate.
2043 3242 2136 3275 Modi
2153 3254 2230 3285 ergo
2248 3254 2315 3275 non
2332 3242 2377 3275 illi
2394 3244 2450 3286 qui

1390 3301 1460 3322 rem
1483 3289 1583 3328 verbi,
1600 3289 1656 3322 sed
1680 3290 1736 3333 qui
1761 3290 2036 3333 compositionem
2061 3290 2287 3330 determinant,
2304 3291 2449 3324 modales

1391 3338 1637 3370 enunciationes
1661 3338 1812 3377 reddunt,
1836 3350 1877 3371 eo
1899 3338 1987 3382 quod
2011 3340 2208 3382 compositio
2225 3339 2325 3372 veluti
2345 3339 2450 3372 forma

1391 3387 1491 3419 totius
1508 3395 1610 3418 totam
1633 3387 1896 3419 enunciationem
1918 3388 2070 3420 continet.

1460 3444 1487 3476 3.
1514 3434 1598 3467 Sunt
1621 3443 1730 3467 autem
1754 3434 1943 3468 huiusmodi
1968 3435 2057 3468 modi
2082 3445 2223 3479 quatuor
2250 3437 2381 3479 proprie
2404 3436 2450 3468 lo-

1392 3481 1541 3526 quendo,
1567 3482 1689 3514 scilicet
1712 3482 1865 3525 possibile
1882 3492 1913 3516 et
1938 3483 2155 3526 impossibile,
2177 3485 2395 3516 necessarium
2418 3494 2451 3518 et

1392 3531 1737 3573 contingens-Verum
1754 3542 1896 3575 namque
1919 3541 1950 3564 et
1966 3531 2094 3572 falsum,
2110 3531 2185 3565 licet
2201 3544 2299 3576 supra
2315 3544 2449 3576 compo-

1393 3579 1544 3611 sitionem
1561 3579 1677 3612 cadant
1693 3591 1768 3612 cum
1785 3579 1911 3620 dicitur,
1922 3580 2069 3614 Socratem
2084 3592 2201 3614 currere
2216 3587 2257 3613 est
2275 3592 2391 3621 verum,
2398 3581 2449 3613 vel

1392 3627 1538 3660 hominem
1561 3638 1617 3660 esse
1639 3628 1858 3672 quadrupedem
1884 3635 1925 3661 est
1947 3629 2084 3673 falsum,
2102 3638 2243 3662 attamen
2263 3629 2449 3662 modificare

2252 3694 2306 3723 14*

2481 2819 2489 2827 ”
2504 2820 2547 2841 Ed.
2562 2827 2587 2841 c.-
2606 2821 2635 2842 de
2647 2821 2691 2843 So-

2479 2849 2551 2868 crate.
