2548 4192
913 256 967 292 ΙΝ
999 256 1037 292 S.
1059 256 1303 292 THOMAM
1331 256 1655 303 AQUINATEM

174 340 276 372 veluti
299 339 458 380 genuinus
479 336 584 378 foetus
604 336 775 367 adiudicari
795 343 918 376 potest;
938 335 1028 376 quod
1050 342 1189 366 attamen
1214 345 1259 365 re-

178 385 299 417 centior
322 393 436 414 manus
460 381 707 422 interpolaverit.

244 428 398 469 Elogium
414 426 558 467 sequitur
573 426 722 456 Thomae
739 424 926 466 Aquinatis,
943 425 1033 465 quod
1047 425 1206 464 integrum
1226 425 1258 455 in

177 475 284 505 lucem
299 472 443 514 profero:
463 484 477 499 α
487 470 633 502 Thomas
648 471 686 501 de
701 470 845 511 Aquino,
860 470 982 500 Doctor
997 469 1130 500 eximius
1145 469 1184 499 de
1199 469 1258 500 Or-

180 531 196 546 »
219 518 294 549 dine
313 517 446 548 fratrum
458 515 727 552 Praedicatorum,
745 524 782 545 ex
799 514 912 545 illustri
923 514 1072 554 prosapia
1089 513 1258 544 Comitum

181 576 196 591 ι
218 562 425 604 Aquinorum
435 560 591 591 oriundus
602 559 672 590 fuit.
685 559 746 590 Hic
757 558 909 589 mirificus
920 559 1042 589 Doctor
1052 559 1090 589 ab
1102 558 1170 599 ipsa
1181 569 1258 599 pue-

180 620 195 636 »
218 607 288 638 ritia
302 606 458 638 Ordinem
477 605 735 636 Praedicatorum
759 604 929 644 ingressus,
950 610 1057 634 totum
1076 613 1109 634 se
1129 603 1257 634 Christo

179 664 195 680 ι
218 651 344 683 tradidit
359 657 390 681 et
403 650 510 681 studio
525 649 711 680 litterarum.
733 648 795 679 Sed
810 648 975 679 scientiam
989 658 1082 678 suam
1096 648 1169 688 plus
1188 658 1257 679 ora-

180 709 195 725 »
217 696 346 728 tionum
365 695 514 735 suffragio
541 703 642 735 quam
662 693 758 724 studii
783 693 929 724 exercitio
954 693 1150 734 possidebat:
1172 694 1257 724 unde

179 753 195 769 ›
217 741 368 772 veraciter
398 740 502 780 ipsam
532 738 696 769 scientiam
727 747 765 768 ex
794 737 956 768 infusione
987 737 1094 768 divina
1122 738 1258 768 creditur

179 798 194 813 ι
217 785 374 816 habuisse.
401 785 486 815 Nam
507 783 775 824 quotiescumque
800 782 827 812 ei
851 782 884 812 in
909 782 1069 822 Scriptura
1093 793 1179 813 sacra
1203 783 1256 813 ali-

179 843 194 858 »
216 830 307 872 quod
330 829 467 860 dubium
486 827 684 865 occurrisset,
704 827 736 857 in
756 827 901 858 oratione
922 827 1047 868 positus
1071 837 1147 858 mox
1171 837 1256 858 reve-

179 887 194 903 »
216 875 370 906 lationem
394 873 596 904 manifestam
616 879 647 903 et
665 871 912 902 declarationem
940 871 1110 902 veridicam
1134 872 1256 902 obtine-

178 931 194 948 »
216 920 279 951 bat.
305 919 367 950 Hic
387 918 474 949 enim
493 927 629 958 magnus
654 924 684 948 et
706 916 857 947 mirabilis
878 917 1001 947 Doctor
1020 916 1143 956 magnis
1161 916 1257 947 etiam

178 977 194 992 2·
217 964 378 995 miraculis
400 963 433 993 in
456 963 520 993 vita
551 962 665 992 dicitur
693 961 851 992 claruisse.
875 961 965 991 Talis
996 961 1117 1001 quippe
1148 961 1258 991 debuit

178 1021 194 1037 »
217 1009 347 1040 scientia
374 1008 452 1039 tanti
482 1006 631 1038 Doctoris
660 1006 810 1043 existere,
839 1015 938 1046 quarn
965 1015 1022 1045 per
1050 1015 1082 1036 se
1111 1006 1151 1035 ad
1180 1015 1256 1036 suos

179 1066 194 1082 »
217 1053 350 1085 Sanctos
374 1052 434 1083 Dei
458 1051 611 1092 sapientia
635 1046 819 1081 revelasset:
850 1050 893 1080 sic
923 1049 1032 1081 debuit
1056 1050 1131 1080 novi
1158 1049 1256 1090 Magi-

177 1111 194 1126 ,
217 1098 271 1130 stri
287 1108 289 1110 ’
304 1097 448 1128 doctrina
480 1096 664 1133 clarescere,
688 1104 787 1135 quam
819 1094 975 1125 virtutum
1003 1105 1039 1125 ac
1068 1094 1258 1124 meritorum

177 1155 194 1170 ι
216 1141 436 1174 confirmasset
458 1139 593 1181 (sensus
616 1139 781 1181 mutilus).
803 1138 930 1169 Parisiis
956 1138 1147 1169 revelatione
1180 1149 1257 1169 con—

177 1198 193 1215 »
214 1186 285 1227 tigit
316 1195 365 1216 res
398 1184 552 1215 miranda.
572 1184 624 1214 Ad
657 1193 765 1224 preces
798 1183 884 1214 enim
911 1183 1060 1214 omnium
1091 1183 1257 1223 magistro-

177 1243 192 1259 »
214 1240 289 1262 rum
307 1229 473 1270 scripserat
490 1228 540 1259 hic
554 1229 678 1259 Doctor
697 1227 995 1258 determinationem
1009 1227 1147 1258 difficilis
1161 1238 1258 1268 quae—

176 1287 193 1304 »
213 1274 342 1307 adonis:
363 1273 533 1315 quomodo
557 1273 675 1304 scilicet
698 1271 915 1303 dimensiones
939 1279 970 1303 et
993 1271 1166 1303 accidentia
1190 1272 1258 1303 sine

176 1332 194 1349 ι
215 1319 360 1360 ωδίεςζρ
370 1319 419 1353 jn
436 1317 555 1349 altaris*
574 1317 780 1348 subsisterent
803 1316 1019 1347 Sacramento.
1045 1316 1106 1347 Die
1132 1323 1256 1355 autem,

176 1359 407 1407 5-‘qu‘a‘ipsam
426 1361 726 1394 determinationem
749 1361 891 1403 proferre
911 1362 1055 1399 debebat,
1074 1361 1204 1399 librum,
1224 1362 1257 1392 in

175 1421 192 1439 ι
213 1419 282 1452 quo
292 1408 396 1450 ipsam
407 1407 646 1448 conscripserat,
658 1416 754 1447 super
768 1407 863 1437 altare
881 1406 1031 1447 deposuit
1045 1413 1076 1437 et
1090 1406 1209 1437 ibidem
1224 1406 1257 1437 in

175 1453 359 1489 »,oratione
374 1463 407 1484 se
422 1452 586 1484 humiliter
600 1451 778 1492 prostravit.
799 1452 876 1482 Mox
887 1461 905 1482 a
915 1451 1004 1482 socio
1020 1451 1088 1482 eius
1104 1458 1135 1482 et
1149 1451 1257 1482 Priore

175 1510 192 1528 ι
213 1505 392 1531 conventus
415 1504 447 1528 et
469 1497 664 1538 quibusdam
687 1496 757 1526 aliis
788 1496 828 1527 ad
858 1503 925 1527 tam
952 1496 1071 1536 grande
1095 1502 1256 1536 spectacu-

174 1554 192 1573 ι
211 1542 283 1575 lum
302 1542 497 1580 convocatis,
513 1541 660 1573 Christus
679 1550 775 1581 super
788 1541 907 1571 librum
922 1540 1128 1581 corporaliter
1142 1541 1256 1572 stando

174 1600 192 1617 ι
213 1587 349 1620 residete
373 1586 580 1628 conspicitur,
600 1593 631 1617 et
649 1586 772 1616 Doctor
791 1585 1008 1617 sanctissimus
1031 1595 1140 1617 coram
1163 1595 1203 1616 eo
1222 1585 1255 1616 in

174 1645 191 1662 ι
212 1642 284 1664 aere
307 1632 399 1674 quasi
423 1632 552 1663 duobus
576 1630 690 1662 cubitis
710 1630 860 1662 elevatus.
877 1631 986 1668 Quem
1007 1641 1083 1662 cum
1106 1630 1255 1661 obnixius

175 1690 192 1707 ι
213 1684 408 1720 precaretur,
434 1683 471 1707 ut
499 1676 525 1707 si
553 1686 627 1706 vera
650 1682 754 1707 essent
778 1685 860 1716 quae
884 1675 923 1706 de
947 1675 997 1706 sui
1022 1675 1177 1715 Corporis
1201 1675 1254 1706 Sa—

175 1735 191 1751 »
213 1729 376 1755 eramento
409 1721 671 1752 determinaverat
703 1719 824 1758 dicere,
849 1719 1067 1751 confirmaret:
1092 1720 1117 1750 si
1146 1726 1255 1751 autem

175 1780 190 1796 ι
207 1767 316 1799 minus
339 1776 429 1804 vera,
448 1765 626 1797 secundum
646 1765 784 1796 modum
807 1775 882 1795 suae
901 1764 1120 1805 providentiae
1146 1765 1254 1805 cogni-

174 1824 190 1841 »
211 1818 284 1844 tum
297 1811 495 1848 emendaret;
511 1809 658 1841 Christus
673 1809 700 1840 ei
716 1809 790 1840 talia
803 1810 1010 1851 loquebatur:
1027 1810 1158 1847 Thoma,
1170 1820 1255 1851 quae

173 1868 191 1886 ι
210 1857 369 1898 scripsisti
387 1860 419 1886 et
436 1855 611 1896 definivisti
628 1854 668 1888 de
682 1855 746 1885 mei
762 1854 917 1895 Corporis
931 1854 1154 1893 Sacramento,
1170 1855 1254 1886 sicut

173 1913 191 1930 ι
211 1906 260 1933 est
266 1900 422 1942 possibile
434 1899 566 1941 definiri
573 1909 638 1940 per
653 1899 794 1940 aliquem
810 1900 977 1937 viatorem,
986 1900 1154 1930 verissima
1166 1905 1252 1931 sunt.

173 1958 189 1975 »
210 1945 275 1978 Sed
289 1952 320 1977 et
333 1945 395 1976 alia
407 1944 476 1976 vice
486 1944 520 1975 in
530 1950 690 1975 conventu
700 1943 915 1984 Neapolitano
930 1943 963 1974 in
978 1944 1119 1985 quadam
1133 1944 1253 1985 capella

173 2000 191 2020 ι
210 1989 299 2022 visus
314 1996 361 2021 est
374 1999 431 2031 per
454 1989 538 2020 duos
557 1988 682 2020 cubitos
702 1988 833 2027 elevari,
853 1995 884 2019 et
900 1999 963 2019 vox
979 1989 1007 2020 ei
1031 1989 1070 2020 de
1090 1988 1252 2020 Crucifixo

173 2046 189 2064 s
209 2041 285 2067 ante
298 2044 398 2077 quem
412 2034 522 2065 orabat
537 2033 743 2074 progrediens
766 2033 972 2075 loquebatur:
992 2033 1083 2064 Bene
1095 2035 1254 2075 scripsisti

173 2091 189 2110 »
210 2080 252 2112 de
265 2089 328 2118 me,
348 2080 488 2117 Thomu
501 2088 598 2120 quam
615 2087 696 2119 ergo
710 2079 846 2119 recipies
859 2088 923 2119 pro
938 2084 994 2109 tuo
1008 2079 1120 2110 labore
1133 2089 1252 2110 merce-

172 2136 189 2154 »
210 2124 310 2156 dem?
323 2123 387 2156 Cui
401 2124 538 2155 Doctor:
553 2123 708 2160 Domine,
726 2133 789 2154 non
804 2123 904 2154 aliam
921 2124 984 2154 nisi
993 2124 1149 2164 teipsum.
1164 2124 1253 2155 Dum

173 2181 189 2198 ιι
210 2169 280 2211 ipse
304 2178 400 2210 super
423 2168 538 2199 isaiam
556 2167 715 2206 scriberet,
735 2174 766 2198 et
784 2168 959 2209 quemdam
983 2174 1105 2199 textum
1129 2169 1169 2199 ad
1186 2168 1252 2209 ple-

173 2226 190 2242 »
210 2221 294 2245 num
306 2213 479 2253 intelligere
494 2222 562 2243 non
575 2212 702 2249 valeret,
722 2222 758 2243 ac
783 2222 816 2243 se
835 2213 876 2243 ad
895 2220 1048 2244 consueta
1067 2213 1252 2244 orationum

173 2271 189 2287 »
211 2257 359 2299 suffragia
373 2257 574 2295 contulisset,
594 2257 677 2288 beati
693 2257 843 2298 Apostoli
862 2257 973 2288 Petrus
989 2264 1020 2288 et
1034 2258 1164 2296 Paulus,
1184 2258 1252 2289 eius

153 2305 158 2310 ”
173 2315 190 2332 »
211 2302 369 2344 corporali
393 2301 535 2343 aspectui
559 2308 757 2342 apparentes,
768 2301 953 2333 audientem
967 2302 1060 2333 illurn
1075 2310 1106 2334 et
1119 2302 1251 2334 interro-

172 2359 189 2377 »
210 2353 340 2390 gantem
354 2347 394 2378 de
412 2346 574 2388 praedicto
595 2346 695 2377 dubio
714 2347 938 2378 instruxerunt.
955 2347 1128 2378 Adiuratus
1143 2355 1252 2379 autem

173 2404 189 2421 2
211 2390 303 2435 θεν)
319 2391 446 2423 socium
470 2401 567 2422 suum
583 2390 711 2422 fratrem
735 2391 939 2433 Raynaldum
959 2391 998 2422 de
1017 2392 1168 2432 Piperno,
1193 2393 1249 2433 qui

173 2449 191 2466 ι
211 2442 298 2468 extra
312 2446 471 2468 cameram
493 2435 627 2467 existens
647 2436 823 2467 Doctorem
842 2436 923 2467 inter
936 2437 1113 2476 Apostolos
1137 2437 1181 2468 sic
1195 2438 1251 2468 diu

172 2494 188 2511 2
211 2480 407 2512 familiariter
421 2480 637 2512 conferentem
653 2479 849 2523 (audierat),
865 2480 938 2511 licet
956 2490 1013 2511 nec
1027 2482 1122 2512 verba
1137 2481 1251 2513 discer-

173 2538 189 2555 ι
210 2534 303 2565 nere,
322 2534 381 2556 nec
400 2534 552 2566 personas
567 2534 758 2564 cognoscere
773 2524 941 2565 potuisset,
957 2525 1061 2556 eidem
1081 2526 1186 2557 retulit
1201 2537 1251 2557 or-

173 2583 189 2599 »
211 2570 322 2602 dinem
339 2576 445 2611 gestae
464 2569 519 2607 rei,
534 2569 731 2610 praecipiens
751 2576 781 2600 et
796 2576 987 2608 contestans,
1006 2570 1087 2601 sicut
1109 2578 1174 2602 erat
1192 2571 1251 2602 hu-

172 2627 189 2644 »
211 2614 367 2646 minimus
387 2620 418 2645 et
435 2620 506 2645 toto
531 2613 645 2645 annisu
659 2614 796 2654 gloriam
819 2614 945 2654 fugiens
963 2625 1063 2645 vanae
1082 2615 1196 2654 laudis,
1212 2626 1252 2647 ne

173 2673 190 2690 ι
211 2658 306 2691 alicui
329 2658 473 2701 quandiu
487 2658 616 2697 viveret,
636 2659 796 2690 revelaret.
812 2659 954 2690 Vocatus
978 2666 1087 2691 autem
1101 2660 1153 2691 hic
1167 2671 1254 2692 sacer

174 2717 190 2735 2
211 2705 336 2736 Doctor
348 2714 367 2735 a
381 2704 519 2735 Summo
534 2702 688 2735 Pontifice
703 2704 744 2734 ad
753 2704 907 2735 Generale
918 2703 1104 2736 Concilium
1121 2706 1252 2745 Lugdu-

173 2763 189 2779 »
211 2759 321 2788 nense,
340 2755 376 2780 ut
399 2748 439 2779 de
458 2748 547 2779 factis
572 2755 603 2779 et
625 2748 866 2789 quaestionibus
885 2748 959 2780 fidei
984 2760 1059 2780 cum
1078 2759 1117 2780 eo
1141 2757 1252 2781 tracta-

174 2807 191 2824 »
211 2801 270 2834 ret,
289 2793 438 2825 recedens
462 2793 501 2824 de
523 2793 677 2834 Neapoli,
697 2794 784 2834 apud
813 2794 1069 2825 Fossamnovam
1093 2802 1252 2826 monaste-

173 2851 189 2868 »
210 2839 296 2871 rium
319 2838 528 2870 Cisterciense
556 2838 704 2878 migravit
740 2839 782 2869 ad
815 2839 991 2870 Christum.
1022 2839 1112 2870 Obiit
1144 2847 1253 2871 autem

173 2896 189 2913 ι»
211 2883 347 2916 eximius
365 2883 488 2915 Doctor
506 2893 592 2914 anno
611 2883 745 2914 Domini
771 2894 854 2926 1274
873 2884 968 2915 nonis
986 2884 1100 2915 martii.
1120 2897 1134 2912 ³>
1164 2885 1254 2916 Tum

171 2929 270 2960 Index
292 2938 430 2970 operum
453 2928 597 2969 sequitur
619 2928 901 2969 locupletissimus.

240 2973 317 3011 Quo
341 2972 491 3004 attentius
511 2973 611 3004 hocce
635 2973 778 3013 elogium
800 2973 949 3004 Thomae
968 2973 1052 3014 lego,
1075 2984 1114 3004 eo
1139 2974 1254 3015 procli-

172 3017 245 3048 vius
277 3017 361 3048 feror
388 3023 424 3048 ut
447 3017 604 3057 iudicem,
636 3018 791 3059 scriptum
822 3018 903 3049 illud
931 3018 970 3048 ab
995 3025 1123 3049 auctore
1157 3018 1254 3049 fuisse

174 3061 285 3103 paullo
308 3067 383 3101 post
403 3061 530 3092 obitum
549 3063 648 3094 sancti
667 3062 826 3094 Doctoris.
854 3063 958 3094 Verba
977 3063 1041 3101 illa,
1061 3064 1198 3105 Magnis
1221 3065 1254 3094 in

175 3107 242 3139 vita
265 3105 434 3137 miraculis
456 3106 576 3137 dicitur
594 3108 762 3145 claruisse,
779 3107 865 3138 haud
890 3107 964 3142 satis
988 3108 1158 3138 convenire
1182 3108 1255 3138 scri-

175 3150 261 3193 ptori
283 3149 450 3188 videntur,
474 3151 530 3191 qui
553 3158 628 3191 post
650 3158 719 3182 acta
739 3153 913 3183 Processus
931 3152 1198 3190 canonizationis,
1222 3152 1255 3182 in

176 3195 294 3238 quibus
318 3194 357 3225 de
381 3194 509 3234 patratis
529 3195 563 3225 in
581 3196 645 3226 vita
664 3206 683 3226 a
700 3196 829 3227 Thoma
849 3196 1010 3228 miraculis
1034 3197 1256 3228 testimonium

176 3241 283 3272 ferunt
310 3239 526 3279 probatissimi
548 3239 623 3278 viri,
652 3248 790 3282 postque
817 3241 917 3272 vitam
945 3241 1013 3272 eius
1039 3252 1057 3271 a
1081 3241 1255 3273 Guillelmo

178 3285 218 3316 de
236 3285 348 3316 Tocco
369 3283 486 3315 editam
505 3283 637 3325 eiusque
661 3295 782 3316 sacram
805 3285 1024 3326 apotheosim,
1050 3285 1192 3326 elogium
1211 3293 1256 3316 te-

175 3329 288 3361 xuerit.
315 3328 471 3360 Eiusdem
494 3329 590 3359 etiam
619 3329 727 3360 aetatis
756 3330 943 3370 scriptorem
966 3331 1109 3370 produnt
1132 3331 1255 3370 appari-

176 3374 280 3406 fiones
299 3373 370 3404 illae
389 3373 459 3404 Iesu
480 3373 598 3404 Christi
617 3380 648 3404 et
666 3374 901 3414 Apostolorum
918 3374 1002 3404 Petri
1022 3381 1053 3404 et
1070 3374 1161 3405 Pauli
1181 3385 1255 3405 cum

176 3419 278 3460 ipsius
296 3417 444 3449 Thomae
464 3417 625 3448 doctrinae
645 3418 935 3456 commendatione,
950 3428 1033 3459 quae
1047 3418 1183 3459 simplici
1198 3419 1255 3449 illo

178 3463 280 3494 modo
295 3463 526 3500 describuntur,
538 3472 604 3503 quo
619 3461 684 3492 iam
693 3462 791 3502 vulgo
807 3462 1117 3493 circumferebantur.
1130 3463 1256 3494 Latiore

179 3518 326 3539 sermone
345 3514 511 3539 narrantur
525 3517 544 3537 a
563 3506 737 3537 Guillelmo
757 3506 796 3537 de
815 3507 925 3537 Tocco
941 3506 974 3536 in
992 3506 1056 3537 vita
1074 3506 1254 3547 Aquinatis,

179 3561 218 3583 ex
235 3563 302 3594 quo
318 3552 512 3583 addiscimus
527 3551 761 3592 apparitionem
775 3550 906 3581 alteram
921 3550 1027 3581 statim
1041 3557 1116 3591 post
1130 3550 1255 3582 obitum

179 3596 328 3628 'rhomae
337 3597 499 3637 vulgatam
513 3596 610 3627 fuisse
621 3607 639 3626 a
649 3595 825 3635 Reginaldo
841 3595 984 3625 eiusdem
999 3594 1087 3625 socio
1103 3595 1255 3636 aliasque,

180 3641 261 3672 dum
279 3641 397 3672 viveret
419 3641 487 3682 ipse
511 3640 667 3679 Thomas,
686 3639 752 3670 iam
773 3646 875 3670 notas.
895 3639 983 3670 Nihil
1002 3646 1048 3670 est
1067 3649 1142 3680 ergo
1166 3640 1256 3681 quod

324 3708 394 3740 Opp.
414 3708 444 3733 D.
460 3708 575 3732 Tamna
593 3707 625 3732 T.
642 3708 659 3732 I.

2284 272 2389 298 LXXXI

1315 336 1420 366 obstet
1443 335 1619 377 quominus
1644 336 1778 366 Ioannes
1802 336 1841 366 de
1861 336 2024 367 Columna
2047 337 2165 368 librum
2188 340 2333 372 scriberet
2352 342 2391 372 de

1315 380 1398 410 Viris
1422 380 1614 418 illustribus,
1635 390 1671 411 ac
1694 380 1776 411 inter
1799 390 1854 411 eos
1877 381 2051 420 Dominici,
2075 382 2195 414 Alberti
2219 385 2325 424 Magni
2356 396 2391 416 ac

1315 425 1463 455 Thomae
1488 424 1591 465 elogia
1615 431 1740 455 texeret.
1762 425 1902 455 Indicern
1926 426 2014 456 addit
2032 436 2168 466 operum
2193 438 2216 458 S.
2233 429 2390 469 Thomae,

1315 479 1382 510 quo
1398 469 1431 499 in
1447 469 1670 500 concinnando
1691 479 1724 499 se
1732 470 1806 511 fide
1819 470 1938 511 dignos
1956 477 2049 501 testes
2070 472 2233 503 audivisse
2251 480 2390 505 testatur.

1314 515 1357 544 At
1372 523 1448 544 vero
1467 514 1532 544 iam
1551 514 1834 544 animadvertimus
1853 515 2009 545 nonnulla
2028 515 2144 546 eodem
2158 516 2190 546 in
2207 517 2311 548 Indice
2330 519 2391 559 legi

1314 566 1397 599 quae
1417 558 1543 588 nonnisi
1565 569 1583 589 a
1597 559 1753 600 sequioris
1772 559 1880 590 aetatis
1900 559 2052 600 scriptore
2071 561 2187 591 exarari
2207 568 2390 601 potuerunt.

1381 603 1475 633 Viros
1500 603 1637 644 denique
1658 603 1814 642 illustres,
1843 604 1900 645 qui
1926 611 2000 645 post
2023 615 2047 635 s.
2068 605 2232 636 Thomam
2255 606 2288 636 in
2311 614 2391 638 cata-

1313 647 1390 687 logo
1415 655 1631 686 recensentur,
1657 658 1827 687 enumero,
1858 656 1893 680 ut
1916 649 2036 689 integer
2058 650 2158 681 totius
2186 651 2291 691 operis
2316 662 2390 682 con-

1313 699 1439 732 spectus
1463 692 1625 723 habeatur.

1312 736 1496 767 Victorinus
1520 737 1711 768 Petaviensis
1735 738 1795 778 Ep.
1817 736 2101 782 (Petavionensis).

1311 781 1495 812 Victorinus
1518 781 1605 812 Afer.

1312 825 1499 856 Valentinus
1519 825 1705 856 Haereticus
1730 824 1829 868 (Lege
1862 827 2080 871 Vigilantius).

1312 870 1447 900 Ursinus
1470 870 1660 901 Monachus.

1311 914 1461 955 Ypolitus
1481 913 1713 956 (Hippolitus).

1379 959 1523 999 Explicit
1546 959 1628 989 liber
1657 958 1698 989 de
1724 959 1807 989 Viris
1831 960 2011 991 illustribus
2036 962 2220 994 christianis
2243 964 2348 995 editus
2370 975 2391 996 a

1303 1002 1357 1043 fr.
1377 1003 1503 1033 Ioanne
1525 1003 1566 1033 de
1591 1002 1752 1033 Columna
1775 1003 1921 1034 Romano
1949 1004 2083 1037 Ordinis
2095 1006 2248 1047 fratrum
2273 1009 2390 1040 Praed.

1380 1047 1490 1078 Varias
1518 1057 1598 1088 quas
1625 1047 1795 1087 posuimus
1810 1048 1959 1079 attentius
1979 1050 2088 1081 confer
2108 1058 2138 1082 et
2161 1053 2301 1092 expende
2325 1054 2391 1084 ani—

1313 1091 1566 1121 madversiones:
1586 1091 1730 1132 illudque
1749 1091 1905 1123 iudicium
1925 1101 2049 1133 praesto
2074 1095 2148 1133 erit,
2174 1097 2391 1137 compositum

1313 1135 1432 1165 librum
1454 1136 1495 1166 de
1524 1136 1608 1166 Viris
1627 1136 1807 1167 illustribus
1826 1147 1844 1167 a
1864 1138 1981 1168 Ioanne
2008 1139 2046 1169 de
2073 1139 2235 1171 Columna
2255 1152 2389 1173 romano

1313 1179 1565 1220 Archiepiscopo
1599 1180 1793 1211 Messanensi
1811 1204 1819 1219 ,
1854 1182 2013 1223 simulque
2048 1184 2229 1215 recentioris
2259 1186 2390 1218 alicuius

1314 1233 1412 1254 manu
1434 1223 1663 1265 interpolatum
1683 1224 1795 1256 fuisse:
1816 1232 1989 1268 utrumque
2008 1238 2082 1258 vero
2102 1228 2135 1258 in
2155 1239 2285 1260 censura
2305 1231 2390 1272 Ope-

1313 1278 1387 1299 rum
1406 1279 1430 1299 s.
1442 1269 1601 1307 Thomae,
1616 1269 1713 1300 veluti
1733 1269 1873 1310 optimae
1888 1270 1961 1302 fidei
1977 1278 2100 1311 testem,
2115 1273 2261 1304 advocari
2281 1283 2391 1315 posse;

1313 1323 1371 1344 nec
1396 1313 1482 1343 enim
1506 1314 1682 1344 audiendos
1706 1313 1778 1344 illos
1803 1322 1883 1354 puto
1898 1316 1954 1356 qui
1979 1323 2056 1347 teste
2082 1318 2183 1356 nullo,
2206 1319 2293 1349 nulla
2316 1319 2389 1358 fide,

1313 1357 1474 1398 duplicem
1500 1358 1654 1389 Ioannem
1678 1359 1717 1388 de
1741 1358 1904 1390 Columna
1929 1360 2146 1401 distinguunt,
2172 1363 2390 1404 Archiepisco-

1313 1412 1394 1443 pum
1408 1403 1646 1434 Messanensem
1665 1403 1800 1434 alterum
1815 1405 1945 1435 cadente
1960 1406 2087 1437 saeculo
2102 1407 2321 1439 tertiodecimo
2337 1409 2389 1440 de-

1313 1454 1436 1485 natum,
1459 1447 1594 1478 alterurn
1618 1448 1734 1478 saeculi
1754 1448 1975 1489 quartidecimi
1990 1450 2055 1481 iarn
2075 1451 2173 1482 adulti
2194 1452 2390 1493 scriptorem.

1313 1491 1456 1522 Consule
1480 1492 1633 1523 Iacobum
1658 1492 1850 1524 Echardum.

1707 1593 1907 1630 CAPUT
1944 1595 1994 1631 Il.

1311 1677 1498 1703 Commentarii
1523 1678 1549 1703 in
1576 1678 1671 1703 librum
1698 1679 1743 1703 Iob
1763 1684 1853 1704 sancto
1874 1679 1993 1705 Thomae
2012 1680 2205 1706 adiudicantur:
2230 1682 2346 1716 itemque
2365 1684 2390 1708 in

1365 1713 1466 1746 priores
1486 1714 1675 1747 quinquaginta
1691 1719 1716 1739 et
1731 1722 1813 1739 unum
1830 1715 1963 1740 Psalmos:
1984 1721 2009 1740 et
2023 1716 2049 1741 in
2064 1717 2199 1742 Canticum
2216 1718 2391 1744 Canticorum.

1365 1749 1500 1782 Expositio
1520 1757 1588 1782 quae
1603 1749 1703 1783 incipit:
1725 1751 1851 1775 Salomon
1872 1751 2031 1783 inspiratus,
2056 1753 2205 1785 diligentius
2221 1755 2390 1786 expenditur:

1365 1786 1512 1818 eademque
1526 1786 1567 1810 vel
1579 1785 1688 1810 dubium
1702 1786 1840 1819 Aquinatis
1851 1787 1927 1820 Opus
1943 1792 1990 1818 est,
2006 1788 2046 1812 vel
2062 1788 2139 1813 etiam
2154 1789 2203 1822 ipsi
2214 1790 2390 1822 suppositum.

1365 1821 1499 1854 Expositio
1515 1821 1595 1846 altera
1605 1821 1680 1846 cuius
1695 1821 1811 1847 initium:
1828 1823 1911 1848 Sonet
1921 1830 1976 1848 vox
1986 1826 2041 1852 tua,
2057 1824 2189 1857 legitimus
2204 1825 2321 1851 eiusdem
2337 1826 2391 1851 soe-

1364 1861 1407 1881 tus
1426 1856 1536 1881 videtur.
1874 1868 1877 1870 ·

1312 1943 1334 1973 Ι.
1358 1935 1475 2019 Tot
1499 1955 1575 1986 ergo
1599 1945 1761 1976 maiorum
1785 1946 1874 1976 omni
1904 1946 2088 1987 exceptione
2118 1948 2247 1979 testium
2271 1947 2333 1980 fide
2362 1956 2392 1980 et

1438 1990 1636 2027 auctoritate,
1659 1997 1769 2021 sancto
1789 1990 1937 2021 Thomae
1957 1991 2121 2032 Aquinati,
2144 1992 2241 2023 veluti
2262 1993 2335 2024 certi
2355 2004 2391 2024 ac

1309 2033 1441 2072 genuini
1457 2034 1573 2073 foetus,
1590 2034 1791 2066 adiudicandi
1807 2042 1882 2066 sunt
1891 2035 2123 2071 Commentarii
2141 2038 2174 2067 in
2190 2037 2307 2068 librum
2323 2038 2389 2069 Iob.

1310 2077 1518 2110 Ptolomaeus
1538 2079 1691 2110 Lucensis
1715 2079 1747 2110 in
1768 2079 1850 2110 Hist.
1871 2080 1944 2111 eccl.
1969 2080 2050 2111 libro
2077 2081 2164 2112 XXII
2193 2082 2293 2122 capite
2319 2093 2391 2113 xx1v

1310 2121 1417 2163 Opera
1427 2124 1586 2163 Thomae,
1601 2134 1682 2166 quae
1693 2124 1818 2155 Parisiis
1833 2125 1931 2155 redux
1946 2125 2005 2156 sub
2013 2125 2203 2157 Pontificatu
2215 2127 2333 2157 Urbani
2348 2127 2390 2158 IV

1309 2167 1407 2199 edidit
1426 2168 1458 2199 in
1479 2169 1577 2208 Italia,
1598 2179 1763 2200 recensens
1782 2169 1841 2200 ait:
1862 2169 2022 2210 Exposuit
2036 2170 2103 2201 Iob.
2124 2171 2212 2201 Idem
2232 2171 2324 2212 Opus
2344 2171 2390 2202 di-

1309 2218 1388 2242 serte
1408 2220 1567 2245 memorat
1585 2214 1778 2245 Guillelmus
1798 2215 1836 2244 de
1855 2214 1966 2244 Tocco
1984 2214 2017 2244 in
2033 2215 2105 2246 Vita
2121 2215 2308 2246 sanctissimi
2331 2216 2388 2246 viri

1309 2256 1410 2297 capite
1438 2269 1484 2297 w,
1505 2258 1665 2300 simulque
1689 2258 1804 2299 Operis
1834 2258 2026 2289 methodum
2050 2269 2085 2290 ac
2108 2259 2246 2300 pretium
2270 2260 2387 2301 patefa-

1309 2301 1366 2332 cit:
1389 2303 1542 2344 Scripsit,
1559 2303 1723 2344 inquiens,
1745 2313 1843 2343 super
1858 2303 1915 2334 Iob
1931 2303 1975 2333 ad
1989 2303 2148 2335 litteram:
2168 2314 2261 2345 quem
2277 2305 2388 2336 nullus

1308 2347 1420 2379 doctor
1439 2348 1624 2378 litteraliter
1644 2349 1778 2378 tentavit
1799 2357 1960 2388 exponere
1972 2353 2109 2389 propter
2126 2348 2386 2390 profunditatem

1307 2401 1422 2423 sensus
1445 2392 1592 2430 litterae,
1618 2392 1662 2423 ad
1679 2402 1772 2433 quem
1798 2392 1908 2423 nullus
1925 2393 2033 2432 potuit
2050 2394 2235 2433 pervenire.
2264 2394 2304 2424 In
2324 2404 2387 2435 quo

1312 2436 1418 2478 Opere
1436 2438 1531 2478 quasi
1550 2438 1635 2467 inter
1649 2447 1720 2468 eum
1737 2435 1833 2479 (Iob)
1850 2442 1880 2468 et
1901 2437 2022 2468 amicos
2039 2447 2115 2468 suos
2133 2438 2257 2469 arbiter
2266 2438 2389 2480 fuisset

1309 2479 1483 2524 (Thomas)
1503 2481 1543 2512 de
1562 2483 1724 2512 communi
1742 2481 1915 2512 concordia
1932 2483 2071 2522 positus,
2092 2483 2140 2513 sic
2158 2483 2329 2523 respondet
2348 2494 2390 2514 ex

1309 2531 1448 2567 utraque
1464 2531 1564 2567 parte
1586 2526 1631 2557 ad
1652 2526 1803 2567 singula,
1830 2526 1917 2557 velut
1939 2527 1968 2557 si
1990 2527 2138 2568 quislibet
2161 2527 2247 2568 quod
2268 2538 2389 2569 propo-

1310 2571 1404 2602 nebat
1427 2581 1582 2612 arguere,
1602 2571 1762 2612 potuisset
1785 2572 1815 2602 ei
1837 2576 1989 2602 oretenus
2008 2571 2165 2602 revelare.

1377 2615 1593 2647 Consentiunt
1606 2615 1758 2646 Nicolaus
1773 2615 1932 2654 Trivetus,
1953 2616 2130 2647 Bernardus
2145 2616 2316 2655 Guidonis,
2332 2617 2389 2648 Pe-

1309 2667 1376 2692 trus
1399 2660 1556 2701 Rogen'us
1580 2670 1637 2691 seu
1657 2660 1807 2691 Clemens
1831 2667 1946 2691 sextuS.
1979 2661 2014 2690 In
2038 2661 2154 2701 Elogio
2174 2661 2322 2692 Thomae
2346 2661 2389 2692 sic

1310 2705 1405 2736 habet
1428 2706 1563 2736 Ioannes
1587 2705 1626 2736 de
1646 2705 1827 2736 Columna:
1853 2705 1959 2746 Super
1972 2705 2030 2736 Iob
2052 2705 2096 2736 ad
2119 2706 2270 2743 litteram,
2300 2705 2389 2746 Opus

1309 2750 1436 2792 quidem
1461 2750 1619 2781 mirabile.
1651 2750 1762 2780 Testes
1787 2750 1924 2791 denique
1948 2750 2121 2789 accedunt,
2153 2750 2208 2791 qui
2238 2751 2388 2780 eumdem

1310 2794 1590 2826 Commentarium
1609 2804 1668 2835 pro
1688 2794 1829 2835 genuino
1853 2805 1877 2825 s.
1894 2794 2041 2825 Thomae
2060 2794 2148 2825 foetu
2168 2795 2301 2832 habent,
2324 2795 2387 2825 Lu-

1310 2839 1443 2870 dovicus
1462 2840 1501 2870 de
1521 2839 1687 2871 Valleoleti
1699 2862 1708 2877 ,
1738 2839 1926 2870 Laurentius
1946 2839 2070 2879 Pignon
2090 2846 2121 2869 et
2147 2850 2170 2869 s.
2192 2839 2384 2870 Antoninus.

1310 2884 1453 2916 Huiusce
1468 2885 1563 2915 verba
1578 2884 1694 2924 accipe,
1706 2894 1788 2925 quae
1803 2883 1897 2924 digna
1908 2890 1982 2914 sunt
1996 2883 2283 2914 animadversione:
2299 2883 2386 2914 Scri-

1306 2930 1373 2970 psit
1390 2939 1490 2970 super
1503 2929 1561 2959 Iob
1579 2929 1623 2959 ad
1637 2929 1790 2966 litteram,
1806 2928 1892 2969 quod
1911 2928 2021 2958 nullus
2041 2928 2153 2959 doctor
2170 2929 2267 2968 prius
2285 2933 2386 2958 atten-

1311 2979 1448 3005 taverat.
1469 2974 1554 3004 Nam
1574 2973 1756 3014 Gregorius
1775 2974 1922 3014 Magnus
1937 2973 2164 3013 expositionem
2175 2972 2309 3013 fecerat
2322 2983 2387 3003 mo-

1311 3019 1414 3049 ralem
1428 3019 1540 3059 potius
1562 3028 1658 3059 quam
1683 3017 1867 3055 litteralem,
1886 3017 2153 3057 pulcherrimam.
2177 3017 2334 3047 Nicotaus
2348 3017 2388 3047 de

1311 3064 1404 3104 Lyra
1423 3068 1498 3104 post
1517 3073 1589 3093 eum
1610 3063 1774 3102 exposuit,
1796 3062 1836 3092 ab
1858 3063 1926 3102 ipso
1945 3062 2046 3092 multa
2061 3061 2221 3102 furatus,
2242 3067 2272 3092 et
2290 3062 2387 3092 aliter

1311 3113 1425 3139 contra
1450 3117 1522 3138 eum
1547 3108 1740 3147 impingens,
1765 3106 1822 3137 sed
1843 3107 1914 3136 sine
1937 3107 2072 3136 ratione.

1379 3151 1530 3192 Sequitur
1548 3153 1581 3182 in
1601 3151 1746 3182 Psalmos
1765 3151 1902 3181 Davidis
1919 3150 2107 3190 Expositio,·
2125 3150 2158 3180 in
2178 3150 2315 3190 primam
2330 3150 2386 3180 sci-

1310 3197 1383 3227 licet
1411 3196 1671 3237 quinquagenam
1701 3205 1736 3225 ac
1765 3195 1860 3225 etiam
1889 3195 2054 3225 psalmum
2083 3194 2387 3235 quinquagesimum

1311 3241 1462 3281 primum.
1481 3241 1564 3271 Inter
1578 3250 1625 3278 ea,
1640 3250 1722 3281 quae
1741 3250 1759 3269 a
1773 3239 1903 3270 Thoma
1921 3238 2120 3279 praedicante
2139 3240 2188 3269 vel
2206 3249 2222 3269 e
2237 3246 2386 3279 suggestu

1312 3286 1445 3315 docente
1469 3291 1671 3325 reportarunt
1694 3283 1853 3314 auditores
1873 3283 2182 3324 exscripseruntque,
2207 3283 2269 3313 hoc
2293 3283 2385 3323 Opus

1312 3336 1475 3360 recensent
1493 3329 1641 3359 Trivetus
1661 3335 1691 3359 et
1710 3328 1898 3368 Logotheta.
1920 3328 2006 3358 Illius
2025 3328 2118 3358 verba
2137 3334 2229 3358 sunt:
2262 3327 2385 3357 Iterum

1310 3374 1450 3404 Lectura
1473 3383 1572 3413 super
1598 3374 1726 3403 tertium
1746 3373 1970 3409 Nocturnum,
1995 3382 2091 3412 quam
2111 3371 2164 3412 fr.
2184 3371 2387 3411 Reginaldus

1311 3417 1451 3447 eiusdem
1472 3419 1579 3447 socius
1600 3417 1778 3456 recollegit.
1804 3417 1848 3446 Ita
1867 3416 1900 3446 in
1920 3416 2009 3446 editis
2029 3416 2114 3456 apud
2130 3416 2250 3445 Lucam
2265 3415 2386 3445 Dache-

1310 3462 1403 3491 rium.
1416 3461 1604 3500 Logotheta:
1616 3461 1696 3491 Item
1708 3461 1879 3490 Lecturam
1889 3469 1989 3500 super
1996 3465 2137 3500 quatuor
2147 3457 2236 3501 (tres)
2247 3459 2386 3490 Noctur-

1311 3513 1386 3535 nos:
1405 3505 1504 3542 idem,
1526 3514 1641 3544 nempe
1661 3511 1696 3535 ut
1711 3514 1815 3543 supra,
1831 3514 1927 3544 quam
1943 3504 2111 3544 recollegit
2130 3504 2211 3534 idem
2221 3503 2275 3544 fr.
2290 3504 2381 3544 Ray-

1312 3549 1430 3579 naldus
1453 3547 1664 3591 (Reginaldus
1689 3548 1727 3578 de
1751 3548 1888 3588 Piperno
1912 3557 1967 3578 seu
1987 3547 2137 3578 Priverno
2166 3548 2272 3578 socius
2291 3546 2383 3591 eius).

1311 3594 1392 3624 Rem
1420 3593 1502 3623 hanc
1533 3603 1592 3633 pro
1617 3599 1699 3623 certa
1722 3602 1789 3622 non
1821 3592 1938 3622 habent
1965 3592 2143 3622 Bernardus
2167 3592 2326 3623 Guidonis
2355 3599 2386 3623 et

1311 3648 1335 3668 s.
1352 3637 1547 3668 Antoninus.
1567 3637 1621 3668 Ait
1639 3637 1708 3668 ille:
1737 3637 1856 3667 Frater
1874 3647 1950 3668 vero
1968 3637 2172 3678 Reginaldus
2191 3638 2298 3668 socius
2317 3638 2385 3667 eius

2212 3711 2238 3728 11
