2788 4204
100 1045 224 1066 Averroes.

102 1071 219 1093 Boethius.

96 2129 105 2138 '
112 2128 155 2160 Ed,
163 2134 184 2150 c:
194 2128 262 2155 idest,
271 2135 312 2150 ne-

96 2158 186 2183 gaave.

98 2622 108 2631 '
120 2620 163 2642 Ed.
178 2626 202 2642 c:
218 2621 310 2648 opinio-

96 2653 156 2669 nern.

349 240 422 275 104

343 306 473 339 visum?
488 326 505 331 -
521 307 554 340 Si
570 318 650 340 vero
672 308 848 351 accipiatur
864 307 1045 340 secundum
1069 318 1114 346 se,
1129 306 1291 348 negative,
1308 304 1409 345 idest,

345 366 413 388 non
437 368 495 400 per
519 356 624 397 aliud,
642 365 675 389 et
697 356 852 390 referatur
875 356 915 389 ad
939 365 1045 399 partes
1070 355 1235 387 coniuncti
1257 355 1340 386 inter
1363 365 1409 394 se,

345 403 423 437 falsa
447 405 611 438 invenitur
641 405 763 448 regula.
787 406 874 438 Nam
897 416 964 437 non
989 404 1064 436 licet
1092 403 1220 443 dicere,
1244 409 1285 435 est
1315 402 1409 436 bonus

345 453 550 493 citharoedus;
574 465 641 496 ergo
672 459 713 486 est
745 453 839 486 bonus
865 458 891 485 et
922 452 1127 491 citharoedus;
1155 460 1187 484 et
1217 460 1326 484 tamen
1358 463 1408 494 ars

346 500 556 534 citharizandi
573 511 604 534 et
622 502 749 534 bonitas
774 502 843 534 eius
860 502 929 534 sine
950 500 1060 533 medio
1085 501 1342 543 coniunguntur.
1367 502 1408 534 Et

345 549 492 582 similiter
515 551 692 593 contingit,
718 551 744 582 si
760 549 916 582 referatur
932 549 971 582 ad
995 558 1103 581 totum
1121 549 1335 581 coniunctum
1359 561 1408 583 re-

345 607 458 642 spectu
498 598 651 638 subiecti,
669 607 705 631 ut
736 599 769 631 in
794 598 911 631 eodem
935 597 1087 641 exemplo
1111 607 1256 642 apparet.
1279 598 1408 632 Totum

345 647 433 679 enim
458 646 532 685 hoc,
550 647 733 680 citharoedus
757 647 862 687 bonus,
885 658 953 679 non
977 655 1112 690 propter
1135 646 1223 679 aliud
1255 648 1409 680 convenit

343 694 489 734 homini;
506 704 537 728 et
561 704 669 728 tamen
686 707 755 728 non
778 695 891 736 infert,
916 704 952 728 ut
977 695 1100 728 dictum
1121 704 1181 734 est,
1199 695 1406 729 divisionem.

346 743 502 786 Superest
526 755 604 787 ergo
629 752 665 776 ut
688 744 728 777 ad
752 753 877 788 partem
906 745 1072 777 coniuncti
1097 754 1246 788 respectu
1271 744 1407 777 subiecti

344 791 509 832 referatur,
535 801 566 825 et
589 793 630 825 sit
653 803 779 826 sensus:
798 793 931 838 quando
955 793 1063 837 aliqua
1087 794 1289 826 coniunctim
1313 805 1405 837 prae-

344 840 458 879 dicata,
475 841 636 874 secundum
651 852 691 882 se,
710 841 802 882 idest,
819 854 880 875 non
891 848 947 887 per
962 842 1057 882 aliud,
1068 842 1294 887 praedicantur,
1312 841 1407 882 idest,

345 888 434 932 quod
458 898 595 933 utraque
619 901 693 934 pars
718 890 922 934 praedicatur
946 890 985 923 de
1010 890 1157 924 subiecto
1180 902 1248 924 non
1272 900 1407 935 propter

342 937 493 976 alteram,
518 938 574 971 sed
598 948 733 983 propter
749 941 890 983 seipsam
907 949 939 972 et
955 939 1150 980 subiectum,
1168 949 1246 973 tunc
1267 952 1306 973 ex
1330 952 1406 973 con-

341 987 454 1019 iuncto
478 986 613 1020 infertur
629 987 732 1021 divisa
756 988 964 1032 praedicatio,

412 1046 460 1068 10.
478 1036 519 1068 Et
543 1036 607 1069 hoc
630 1037 732 1071 modo
749 1047 919 1082 exponunt
939 1039 1101 1072 Averroes
1126 1047 1157 1071 et
1180 1038 1357 1078 Boethius;
1375 1048 1407 1071 et

341 1097 418 1118 vera
434 1086 599 1119 invenitur
622 1086 745 1130 regula,
763 1096 799 1119 ut
816 1087 982 1120 inductive
1006 1087 1099 1121 facile
1124 1087 1322 1120 manifestari
1346 1099 1406 1131 po-

341 1142 414 1173 test,
432 1143 464 1167 et
480 1135 562 1167 ratio
579 1136 649 1179 ipsa
665 1136 789 1169 suadet.
805 1137 839 1170 Si
856 1137 944 1169 enim
962 1145 1069 1180 partes
1086 1136 1222 1169 alicuius
1239 1137 1405 1169 coniuncti

341 1183 515 1227 praedicati
540 1185 583 1217 ita
600 1184 770 1217 inhaerent
793 1184 941 1218 subiecto
959 1184 1049 1229 quod
1076 1193 1190 1218 neutra
1208 1194 1341 1229 propter
1364 1184 1406 1218 al-

339 1241 440 1264 teram
465 1233 551 1272 insit,
576 1244 688 1265 earum
712 1235 873 1277 separatio
897 1234 978 1267 nihil
1002 1233 1098 1266 habet
1122 1232 1212 1278 quod
1235 1235 1405 1267 veritatem

340 1280 497 1324 impediat
527 1280 716 1315 divisarum.
743 1283 800 1315 Est
831 1291 863 1315 et
886 1282 992 1316 verbis
1023 1282 1208 1316 Aristotelis
1237 1294 1404 1316 consonus

340 1338 456 1363 sensus
472 1331 542 1363 iste.
562 1331 733 1371 Quoniam
758 1340 789 1364 et
820 1343 878 1376 per
909 1331 972 1364 hoc
997 1331 1169 1375 distinguit
1192 1332 1275 1364 inter
1305 1343 1405 1364 enun-

341 1380 496 1412 ciationes
528 1391 567 1412 ex
591 1380 709 1424 quibus
735 1382 949 1413 coniunctum
966 1379 1062 1413 infert
1086 1379 1223 1413 divisam
1244 1379 1406 1423 praedica-

339 1428 476 1468 tionem,
494 1437 526 1461 et
550 1440 603 1461 eas
628 1428 747 1473 quibus
764 1429 843 1462 haec
860 1440 929 1462 non
953 1430 1037 1462 inest
1052 1429 1297 1472 consequentia.
1320 1429 1404 1462 Istae

339 1476 500 1520 siquidem
532 1477 615 1510 ultra
643 1477 798 1510 habentes
830 1478 1056 1522 oppositiones
1088 1478 1122 1509 in
1153 1476 1298 1517 adiecto,
1327 1486 1404 1510 sunt

339 1524 494 1558 habentes
518 1525 741 1569 praedicatum
759 1527 984 1566 coniunctum,
1003 1527 1095 1559 cuius
1113 1537 1178 1559 una
1202 1527 1343 1570 partium
1360 1526 1404 1559 al-

338 1574 438 1606 terius
455 1583 503 1607 est
520 1575 563 1607 ita
580 1575 818 1615 determinatio,
843 1575 932 1619 quod
956 1575 1088 1608 nonnisi
1115 1586 1172 1619 per
1196 1574 1284 1608 illam
1300 1575 1404 1608 subie-

338 1631 428 1655 ctum
452 1624 592 1667 respicit,
611 1625 695 1656 sicut
711 1633 844 1668 apparet
868 1625 901 1656 in
918 1624 1070 1668 exemplo
1091 1624 1129 1657 ab
1150 1623 1325 1657 Aristotele
1349 1625 1403 1658 ad-

338 1671 455 1712 ducto,
481 1673 634 1706 Homerus
657 1679 698 1706 est
719 1679 815 1717 poeta.
848 1673 903 1706 Est
925 1673 1088 1718 siquidem
1114 1673 1157 1706 ibi
1181 1685 1249 1706 non
1273 1674 1405 1717 respicit

339 1721 524 1754 Homerum
549 1722 673 1754 ratione
702 1722 805 1765 ipsius
838 1722 991 1762 Homeri,
1016 1721 1072 1755 sed
1103 1723 1247 1766 praecise
1278 1723 1403 1756 ratione

336 1770 446 1813 poesis
470 1770 618 1810 relictae;
638 1780 670 1804 et
694 1771 768 1804 ideo
788 1776 861 1804 'non
885 1770 960 1804 licet
990 1771 1128 1811 inferre,
1157 1783 1223 1815 ergo
1250 1771 1404 1805 Homerus

338 1825 388 1852 est.
407 1819 448 1851 Et
473 1819 578 1852 simile
595 1829 644 1852 est
661 1820 694 1852 in
711 1820 880 1863 negativiS.
901 1821 934 1853 Si
952 1821 1025 1865 quis
1050 1821 1138 1853 enim
1155 1820 1255 1860 dicat,
1274 1820 1404 1854 Socrates

338 1880 399 1901 non
432 1874 471 1901 est
497 1870 619 1913 pariet,
652 1881 720 1902 non
744 1869 820 1902 licet
850 1869 983 1910 inferre,
1011 1881 1077 1913 ergo
1103 1870 1233 1904 Socrates
1264 1882 1324 1903 non
1347 1876 1402 1910 est,

339 1917 453 1950 eadem
478 1918 618 1958 ratione,
644 1919 720 1962 quia
744 1930 814 1951 esse
839 1930 907 1951 non
931 1928 980 1952 est
1007 1927 1163 1962 negatum
1180 1919 1226 1953 'de
1252 1919 1403 1958 Socrate,

339 1966 395 2000 sed
420 1966 459 2000 de
484 1968 605 2011 pariete
629 1968 662 2000 in
687 1968 830 2001 Socrate.

408 2027 456 2049 11.
475 2017 515 2049 Et
530 2028 588 2060 per
603 2015 667 2049 hoc
691 2025 778 2060 patet
809 2016 946 2061 qualiter
970 2018 1011 2050 sit
1034 2017 1244 2061 intelligenda
1267 2018 1350 2051 ratio
1371 2018 1404 2051 in

338 2074 426 2099 textu
451 2067 619 2109 superiore
643 2065 791 2099 adducta.
813 2067 983 2110 Accipitur
1006 2067 1094 2099 enim
1116 2066 1170 2107 ibi,
1193 2067 1353 2101 secundum
1376 2079 1405 2101 se

338 2116 487 2158 negative
498 2115 524 2154 *‚
541 2114 643 2148 modo
657 2115 709 2148 hic
722 2116 884 2159 exposito,
902 2125 933 2149 et
950 2115 1131 2149 secundum
1149 2116 1308 2157 accidens,
1323 2116 1405 2150 idest

338 2173 471 2209 propter
495 2164 592 2198 aliud.
619 2165 656 2198 In
681 2164 795 2198 eadem
819 2176 898 2208 ergo
921 2164 1159 2208 significatione
1191 2174 1239 2198 est
1267 2178 1347 2199 usus
1371 2166 1404 2211 ly

337 2214 498 2248 secundum
522 2214 664 2254 accidens,
687 2213 846 2247 solvendo
871 2214 955 2247 hanc
979 2223 1011 2247 et
1034 2214 1283 2258 praecedentem
1307 2227 1404 2259 quae-

339 2263 491 2296 stionem:
519 2259 693 2306 utrobique
727 2263 815 2295 enirn
840 2262 997 2295 intellexit
1029 2262 1211 2296 secundum
1236 2263 1404 2303 accidens,

339 2311 432 2351 idest,
450 2320 584 2356 propter
607 2311 706 2351 aliud,
724 2312 910 2351 coniuncta,
932 2311 989 2345 sed
1010 2311 1049 2345 ad
1067 2311 1192 2345 diversa
1212 2311 1331 2345 retulit.
1355 2312 1403 2346 Ibi

338 2373 480 2406 namque
497 2361 530 2405 ly
546 2361 706 2395 secundum
730 2361 862 2394 accidens
885 2360 1119 2394 determinabat
1136 2362 1404 2394 coniunctionem

339 2410 482 2444 duorum
500 2409 760 2455 praedicatorum
785 2411 868 2442 inter
885 2419 938 2449 se3
961 2409 1013 2442 hic
1029 2421 1108 2442 vero
1126 2410 1319 2444 determinat
1336 2423 1405 2455 par-

338 2468 405 2493 tem
431 2459 598 2492 coniuncti
622 2458 796 2502 praedicati
826 2459 859 2490 in
884 2458 997 2491 ordine
1022 2457 1062 2491 ad
1082 2458 1276 2492 subiectum.
1306 2459 1403 2493 Unde

339 2509 393 2549 ibi,
413 2508 518 2541 album
542 2516 574 2540 et
597 2508 754 2547 musicum,
780 2508 862 2540 inter
890 2519 927 2540 ea
952 2519 1034 2551 quae
1055 2507 1236 2541 secundum
1254 2507 1403 2541 accidens

339 2566 427 2598 sunt,
455 2556 728 2595 numerabantur;
757 2555 808 2588 hic
833 2565 943 2589 autem
967 2567 1045 2588 non.

398 2616 447 2639 12.
463 2605 527 2639 Sed
541 2606 682 2638 occurrit
695 2605 778 2638 circa
789 2604 871 2637 hanc
886 2605 1125 2648 expositionem
1134 2605 1149 2621 *
1162 2605 1321 2638 dubitatio
1334 2617 1402 2639 non

282 2685 286 2688 .
338 2667 447 2701 parva.
462 2656 497 2689 Si
514 2655 601 2688 enim
620 2653 694 2687 ideo
707 2665 775 2687 non
793 2653 868 2686 licet
884 2665 923 2686 ex
936 2654 1114 2686 coniuncto
1131 2653 1247 2687 inferre
1261 2653 1402 2695 divisim,

338 2705 414 2750 quia
431 2704 528 2737 altera
544 2715 618 2748 pars
635 2703 801 2736 coniuncti
822 2712 889 2735 non
913 2702 1045 2745 respicit
1065 2701 1248 2735 subiectum
1270 2712 1403 2747 propter

337 2766 382 2795 se,
407 2753 463 2787 sed
485 2762 617 2797 propter
641 2751 773 2785 alteram
798 2760 924 2795 partem
953 2751 1014 2795 (ut
1036 2750 1115 2784 dixit
1147 2751 1338 2785 Aristoteles
1363 2752 1402 2785 de

338 2803 398 2835 ista
415 2802 655 2841 enunciatione,
672 2801 825 2834 Homerus
841 2806 882 2833 est
892 2799 1007 2844 poeta),
1024 2808 1179 2843 sequetur
1196 2799 1285 2844 quod
1308 2812 1403 2833 num-

338 2863 436 2896 quam
450 2863 467 2884 a
484 2851 579 2884 tertio
598 2850 764 2883 adiacente
779 2848 818 2882 ad
831 2847 1013 2882 secundum
1027 2849 1086 2881 erit
1102 2847 1188 2881 bona
1202 2859 1403 2893 consequen-

292 2935 294 2937 ,
338 2902 396 2934 tia:
414 2901 490 2945 quia
503 2901 535 2933 in
549 2900 640 2932 omni
654 2899 885 2932 enunciatione
899 2897 938 2931 de
951 2898 1047 2930 tertio
1060 2897 1237 2938 adiacente,
1251 2904 1291 2931 est
1303 2899 1403 2942 respi-

338 2950 381 2982 cit
404 2949 587 2982 subiectum
612 2956 746 2992 propter
762 2946 983 2991 praedicatum
1001 2955 1032 2979 et
1049 2956 1115 2978 non
1137 2955 1270 2990 propter
1287 2958 1320 2980 se
1341 2956 1401 2980 etc.

409 3009 457 3041 13.
475 2997 527 3031 Ad
544 2997 641 3030 huius
660 2996 858 3030 difficultatis
876 2994 1084 3035 evidentiam,
1101 3004 1177 3028 nota
1195 2996 1302 3039 primo
1319 2996 1402 3029 hanc

339 3047 591 3080 distinctionem.
606 3045 705 3079 Aliud
722 3054 771 3078 est
783 3053 918 3077 tractare
932 3044 1089 3087 regulam,
1103 3044 1235 3088 quando
1252 3056 1291 3077 ex
1307 3046 1402 3078 tertio

339 3096 504 3130 adiacente
538 3095 673 3128 infertur
705 3093 887 3127 secundum
921 3101 953 3126 et
984 3092 1115 3137 quando
1140 3104 1207 3126 non
1219 3118 1228 3134 ,
1253 3102 1285 3126 et
1315 3093 1403 3126 aliud

339 3145 470 3190 quando
487 3157 526 3178 ex
550 3145 726 3178 coniuncto
743 3144 779 3176 fit
795 3143 896 3176 illatio
914 3142 1016 3176 divisa
1040 3151 1072 3175 et
1096 3142 1228 3186 quando
1244 3154 1323 3175 non.
1345 3142 1403 3176 Illa

338 3194 499 3239 siquidem
524 3203 573 3227 est
597 3203 684 3226 extra
716 3193 944 3237 propositum,
970 3192 1064 3224 istam
1096 3200 1205 3224 autem
1233 3203 1401 3225 venamur.

339 3244 397 3278 Illa
415 3244 611 3287 compatitur
635 3243 823 3275 varietatem
841 3242 1067 3280 terminorum,
1086 3241 1146 3274 ista
1163 3253 1241 3274 non.
1261 3241 1294 3274 Si
1316 3252 1404 3274 nam-

340 3305 402 3337 que
420 3304 505 3325 unus
523 3293 750 3331 terminorum,
768 3292 823 3335 qui
849 3300 897 3323 est
921 3289 1018 3323 altera
1047 3301 1120 3334 pars
1149 3291 1333 3330 coniuncti,
1358 3301 1403 3323 se-

340 3342 483 3375 cundum
515 3340 787 3385 significationem
818 3352 875 3373 seu
905 3340 1168 3384 suppositionem
1196 3340 1338 3372 varietur
1369 3340 1401 3372 in

340 3391 564 3434 separatione,
594 3402 661 3423 non
686 3389 821 3423 infertur
837 3402 876 3422 ex
900 3390 1076 3423 coniuncto
1101 3387 1287 3433 praedicato
1311 3387 1403 3422 illud-

342 3448 408 3472 met
433 3438 579 3480 divisim,
601 3439 657 3472 sed
681 3438 779 3472 aliud.
795 3439 912 3472 -Nota
937 3437 1082 3471 secundo
1099 3437 1182 3471 hanc
1206 3437 1402 3482 propositio-

1089 230 1207 266 PERI
1239 228 1585 265 HERMENEIAS
1623 230 1717 266 LIB.
1749 231 1780 266 II

1465 315 1560 338 nem:
1591 306 1679 339 Cum
1704 319 1743 340 ex
1766 308 1862 340 tertio
1887 308 2052 342 adiacente
2077 309 2212 343 infertur
2235 310 2437 349 secundum,
2463 320 2531 343 non

1465 363 1611 387 servatur
1636 354 1786 388 identitas
1810 357 2040 390 terminorum.
2066 358 2185 403 Liquet
2209 359 2269 391 ista
2300 358 2409 403 quoad
2437 358 2531 392 illum

1465 405 1653 444 terminum,
1670 411 1720 438 est.
1737 405 1873 439 Dictum
1890 406 2054 451 siquidem
2070 407 2132 440 fuit
2157 419 2255 451 supra
2272 419 2290 440 a
2307 416 2420 440 sancto
2439 407 2531 440 Tho-

1465 464 1518 485 ma
1534 453 1560 493 *,
1578 453 1668 497 quod
1684 453 1771 487 aliud
1788 455 1944 498 importat
1960 462 2001 489 est
2016 456 2198 489 secundum
2216 456 2377 495 adiacens,
2395 465 2427 489 et
2443 455 2531 489 aliud

1464 507 1505 533 est
1522 503 1654 535 tertium
1671 502 1832 536 adiacens.
1847 503 1932 537 Illud
1949 516 2091 549 namque
2108 506 2264 549 importat
2276 514 2385 538 actum
2403 504 2531 538 essendi

1464 550 1664 594 simpliciter,
1682 551 1746 585 hoc
1763 562 1872 586 autem
1890 553 2115 587 habitudinem
2133 554 2352 587 inhaerentiae
2373 554 2425 587 vel
2442 554 2531 587 iden-

1464 599 1562 632 titatis
1591 600 1766 644 praedicati
1790 602 1830 635 ad
1854 602 2048 636 subiectum.
2074 604 2125 636 Fit
2157 615 2236 647 ergo
2263 604 2401 636 varietas
2433 604 2530 636 unius

1463 649 1593 681 termini
1620 660 1695 682 cum
1731 662 1771 683 ex
1802 652 1897 684 tertio
1926 651 2092 685 adiacente
2125 652 2260 685 infertur
2287 652 2482 691 secundum,
2499 661 2532 684 et

1464 706 1702 741 consequenter
1725 710 1794 731 non
1817 699 1854 732 fit
1876 700 1979 733 illatio
2003 700 2098 734 divisi
2122 713 2162 734 ex
2189 702 2377 734 coniuncto.
2396 721 2414 726 -
2433 700 2530 734 Unde

1463 745 1629 788 praelucet
1651 749 1824 791 responsio
1848 748 1888 782 ad
1906 748 2138 790 obiecfionem,
2156 749 2256 794 quod,
2281 749 2356 783 licet
2379 762 2418 783 ex
2435 750 2530 783 tertio

1463 793 1630 827 adiacente
1647 795 1846 841 quandoque
1870 798 1976 841 possit
1999 797 2108 830 inferri
2133 798 2326 839 secundum,
2347 810 2530 843 numquam

1462 850 1572 875 tamen
1588 855 1627 876 ex
1643 845 1740 878 tertio
1756 845 1924 879 adiacente
1939 845 2014 879 licet
2029 845 2139 879 inferri
2155 847 2337 880 secundum
2362 856 2530 891 tamquam

1463 903 1502 924 ex
1526 893 1704 925 coniuncto
1729 892 1888 935 divisum,
1914 896 1990 939 quia
2014 894 2123 928 inferri
2146 907 2215 928 non
2239 904 2348 939 potest
2377 895 2530 936 divisim,

1464 940 1556 973 cuius
1581 941 1679 975 altera
1703 953 1776 986 pars
1800 943 1871 986 ipsa
1896 943 2057 976 divisione
2078 944 2171 987 perit.
2187 944 2337 987 Negetur
2359 955 2439 988 ergo
2456 954 2531 977 con-

1463 991 1632 1033 sequentia
1656 990 1850 1024 obiectionis
1880 1001 1912 1025 et
1940 992 1980 1026 ad
2009 992 2236 1036 probationem
2269 992 2395 1026 dicatur
2429 993 2529 1038 quod,

1463 1039 1587 1082 optime
1619 1040 1786 1074 concludit
1809 1041 1900 1085 quod
1913 1041 1985 1075 talis
1999 1041 2101 1075 illatio
2116 1051 2164 1074 est
2185 1042 2295 1075 illicita
2308 1042 2390 1076 infra
2409 1042 2530 1076 limites

1462 1087 1665 1129 illationum,
1690 1101 1773 1133 quae
1797 1102 1836 1122 ex
1861 1091 2039 1123 coniuncto
2065 1090 2262 1124 divisionem
2286 1090 2464 1131 inducunt,
2489 1090 2529 1124 de

1462 1136 1579 1180 quibus
1601 1137 1654 1170 hic
1675 1138 1866 1172 Aristoteles
1891 1139 2048 1183 loquitur.

1532 1197 1580 1229 14.
1606 1186 1671 1220 Sed
1702 1196 1815 1221 contra
1846 1187 1910 1221 hoc
1939 1189 2085 1222 instatur.
2121 1189 2211 1229 Quia
2239 1189 2337 1222 etiam
2372 1197 2528 1233 tanquam

1461 1247 1500 1268 ex
1524 1236 1701 1269 coniuncto
1724 1236 1826 1270 divisa
1850 1236 1886 1270 fit
1909 1237 2029 1278 illatio,
2048 1238 2179 1271 Socrates
2203 1244 2243 1271 est
2259 1238 2359 1279 albus,
2384 1250 2451 1282 ergo
2467 1245 2527 1279 est,

1461 1294 1519 1326 per
1550 1283 1662 1317 locum
1695 1297 1712 1318 a
1740 1294 1830 1329 parte
1854 1286 1887 1318 in
1915 1285 2018 1319 modo
2047 1286 2086 1319 ad
2115 1298 2213 1320 suum
2236 1295 2355 1327 totum,
2378 1286 2435 1319 ubi
2458 1298 2528 1320 non

1460 1331 1497 1364 fit
1525 1333 1663 1366 varietas
1694 1335 2009 1367 terminorum.—Et
2033 1334 2073 1368 ad
2097 1335 2160 1368 hoc
2185 1335 2303 1368 dicitur
2331 1334 2421 1378 quod
2453 1334 2529 1367 licet

1460 1380 1563 1414 homo
1588 1381 1679 1414 albus
1697 1383 1738 1415 sit
1761 1395 1834 1427 pars
1851 1384 1884 1416 in
1901 1383 2004 1417 modo
2028 1384 2172 1417 hominis
2189 1384 2283 1428 (quia
2303 1383 2385 1417 nihil
2408 1384 2530 1417 minuit

1460 1427 1499 1461 de
1523 1428 1668 1463 hominis
1691 1432 1816 1464 ratione
1841 1431 1968 1472 albedo,
1986 1432 2043 1466 sed
2067 1433 2162 1477 ponit
2180 1432 2351 1465 hominem
2374 1431 2529 1476 simplici-

1459 1477 1534 1522 ter),
1552 1486 1661 1512 tamen
1685 1486 1726 1512 est
1744 1480 1849 1513 album
1873 1492 1941 1514 non
1958 1490 2007 1514 est
2025 1493 2098 1526 pars
2115 1482 2149 1514 in
2165 1481 2267 1515 modo
2284 1482 2387 1525 ipsius
2408 1487 2460 1522 est,
2485 1492 2526 1514 eo

1460 1526 1550 1570 quod
1580 1538 1654 1570 pars
1685 1528 1719 1560 in
1742 1528 1845 1562 modo
1869 1538 1918 1562 est
1942 1529 2124 1563 universale
2145 1541 2221 1563 cum
2245 1529 2434 1563 conditione
2457 1541 2527 1563 non

1459 1575 1645 1616 minuente,
1670 1585 1814 1620 ponente
1844 1576 1925 1610 illud
1949 1577 2150 1621 simpliciter.
2180 1578 2316 1612 Clarum
2344 1587 2394 1611 est
2416 1586 2526 1611 autem

1459 1623 1549 1668 quod
1582 1624 1693 1658 album
1721 1626 1839 1659 minuit
1867 1627 2028 1659 rationem
2058 1627 2161 1670 ipsius
2188 1633 2247 1667 est,
2276 1635 2309 1660 et
2339 1638 2408 1659 non
2431 1627 2527 1670 ponit

1459 1674 1568 1716 ipsum
1585 1674 1785 1718 simpliciter:
1804 1675 1966 1708 contrahit
1988 1677 2077 1709 enim
2094 1676 2133 1709 ad
2150 1687 2221 1709 esse
2237 1675 2421 1709 secundum
2436 1675 2525 1720 quid.

1459 1722 1556 1756 Unde
1580 1722 1667 1766 apud
1691 1723 1921 1768 philosophos,
1946 1736 2021 1758 cum
2038 1725 2073 1758 fit
2097 1724 2221 1770 aliquid
2249 1724 2371 1764 album,
2387 1736 2456 1758 non
2479 1724 2527 1758 di-

1459 1772 1542 1804 citur
1558 1773 1714 1815 generari,
1731 1772 1788 1806 sed
1805 1775 1952 1816 generari
1975 1774 2157 1807 secundum
2179 1773 2268 1818 quid.
2563 1770 2566 1773 ’

1529 1830 1577 1862 15.
1601 1820 1666 1854 Sed
1682 1821 1819 1855 instatur
1842 1822 1949 1855 adhuc
1973 1824 2049 1867 quia
2072 1823 2255 1856 secundum
2278 1823 2352 1863 hoc,
2376 1823 2526 1864 dicendo,

1458 1876 1498 1903 est
1521 1870 1658 1910 animal,
1687 1882 1754 1914 ergo
1771 1877 1829 1911 est,
1854 1870 1891 1903 fit
1907 1870 2010 1904 illatio
2027 1871 2130 1904 divisa
2146 1883 2204 1915 per
2227 1871 2382 1905 eumdem
2402 1871 2525 1905 locum.

1458 1918 1590 1952 Animal
1613 1920 1702 1952 enim
1722 1931 1790 1952 non
1807 1920 1927 1952 minuit
1954 1921 2115 1954 rationem
2147 1921 2250 1964 ipsius
2283 1927 2334 1954 est.
2349 1920 2433 1954 -Ad
2461 1921 2526 1954 hoc

1459 1976 1507 2001 est
1538 1967 1713 2001 dicendum
1747 1968 1836 2013 quod
1860 1968 1894 2012 ly
1918 1975 1969 2009 est,
1995 1970 2021 2001 si
2039 1968 2124 2002 dicat
2138 1970 2308 2002 veritatem
2325 1970 2525 2013 propositio-

1458 2018 1527 2057 nis,
1551 2016 1721 2051 manifeste
1750 2026 1903 2061 peccatur
1919 2030 1937 2051 a
1960 2018 2142 2051 secundum
2159 2017 2238 2062 quid
2260 2018 2300 2052 ad
2323 2018 2524 2065 simpliciter:

1460 2067 1494 2100 Si
1519 2075 1628 2100 autem
1653 2066 1739 2100 dicat
1770 2075 1879 2100 actum
1904 2065 2044 2106 essendi,
2062 2066 2164 2099 illatio
2189 2075 2238 2100 est
2261 2066 2358 2106 bona,
2375 2066 2432 2100 sed
2455 2079 2524 2102 non

1459 2124 1508 2148 est
1531 2115 1571 2149 de
1595 2115 1702 2155 tertio,
1720 2115 1777 2148 sed
1801 2115 1841 2148 de
1857 2114 2003 2148 secundo
2026 2114 2204 2148 adiacente.

1530 2166 1578 2197 16.
1597 2165 1708 2197 Potest
1724 2163 1860 2197 ulterius
1885 2163 2023 2197 dubitari
2049 2164 2131 2196 circa
2156 2164 2350 2208 principale:
2375 2165 2452 2209 quia
2475 2175 2524 2198 se-

1460 2214 1580 2258 quitur,
1605 2219 1645 2247 est
1664 2219 1813 2257 quantum
1836 2213 2013 2253 coloratum,
2032 2224 2098 2256 ergo
2114 2219 2155 2246 est
2169 2219 2330 2257 quantum,
2356 2222 2399 2253 et,
2415 2219 2457 2247 est
2478 2225 2525 2248 co-

1460 2263 1592 2296 loratum
1600 2275 1614 2302 ,·
1631 2271 1663 2296 et
1679 2271 1788 2296 tamen
1806 2262 1989 2295 coloratum
2006 2262 2138 2305 respicit
2153 2261 2337 2295 subiectum
2361 2262 2525 2297 mediante

1459 2312 1656 2356 quantitate:
1676 2323 1755 2355 ergo
1779 2322 1847 2344 non
1871 2310 2001 2344 videtur
2017 2320 2103 2344 recta
2120 2311 2282 2354 expositio
2307 2323 2406 2356 supra
2422 2311 2524 2346 addu-

1459 2369 1518 2393 cta.
1533 2379 1551 2385 -
1565 2359 1617 2393 Ad
1634 2360 1697 2393 hoc
1721 2369 1753 2393 et
1769 2360 1887 2393 similia
1905 2359 2079 2393 dicendum
2097 2368 2147 2393 est
2162 2359 2252 2404 quod
2268 2359 2434 2394 coloratum
2455 2372 2524 2394 non

1458 2410 1501 2442 ita
1522 2410 1606 2443 inest
1628 2409 1776 2442 subiecto
1799 2421 1856 2453 per
1881 2409 2096 2453 quantitatem
2114 2408 2204 2454 quod
2221 2409 2263 2442 sit
2286 2409 2356 2442 eius
2373 2409 2525 2443 determi-

1458 2459 1548 2491 natio
1565 2467 1598 2491 et
1620 2459 1744 2491 ratione
1768 2458 1840 2491 talis
1866 2457 2146 2491 determinationis
2172 2457 2355 2491 subiectum
2377 2457 2524 2492 denomi-

1457 2517 1523 2548 net,
1537 2509 1620 2541 sicut
1638 2508 1753 2541 bonitas
1767 2515 1871 2540 artem
1896 2506 2127 2540 citharisticam
2154 2506 2366 2547 determinat3
2384 2518 2460 2540 cum
2476 2506 2537 2541 di·—

1458 2557 1557 2597 citur,
1581 2562 1622 2589 est
1652 2556 1834 2590 citharoedus
1858 2555 1976 2595 bonus;
1993 2554 2049 2588 sed
2074 2555 2185 2599 potius
2205 2555 2390 2588 subiectum
2414 2557 2524 2600 ipsum

1457 2606 1565 2649 primo
1589 2605 1754 2638 coloratum
1785 2604 2026 2643 denominatur,
2050 2610 2200 2647 quantum
2227 2613 2306 2637 vero
2329 2604 2524 2638 secundario

1457 2654 1622 2688 coloratum
1646 2653 1780 2693 dicitur,
1805 2653 1880 2686 licet
1905 2651 1996 2685 color
2019 2652 2126 2686 media
2157 2653 2335 2697 quantitate
2368 2653 2523 2697 suscipia—

1457 2711 1519 2735 tur.
1538 2702 1635 2736 Unde
1659 2710 1810 2734 notanter
1826 2712 1924 2745 supra
1948 2701 2100 2740 diximus,
2119 2699 2208 2745 quod
2225 2710 2303 2734 tunc
2327 2701 2425 2734 altera
2449 2713 2524 2746 pars

1458 2751 1624 2784 coniuncti
1649 2750 1851 2794 praedicatur
1874 2761 1932 2794 per
1955 2749 2116 2789 accidens,
2140 2749 2273 2794 quando
2302 2751 2446 2794 praecise
2469 2749 2523 2784 de-

1457 2801 1606 2833 nominat
1618 2799 1813 2838 subiectum,
1827 2799 1903 2843 quia
1917 2798 2108 2832 denominat
2120 2797 2253 2831 alteram
2267 2807 2404 2842 partem.
2419 2798 2524 2840 Quod

1457 2860 1517 2882 nec
1541 2849 1574 2881 in
1598 2847 1669 2888 hac,
1693 2858 1753 2880 nec
1778 2847 1811 2879 in
1835 2846 1995 2880 similibus
2020 2846 2179 2879 instantiis
2203 2847 2368 2880 invenitur

1528 2907 1577 2939 17.
1594 2895 1723 2930 Deinde
1748 2906 1823 2928 cum
1848 2894 1943 2928 dicit:
1965 2895 2056 2938 Quod
2070 2901 2170 2928 autem
2187 2907 2247 2929 non
2263 2902 2304 2929 est
2325 2905 2398 2936 etc„
2415 2896 2524 2930 exclu-

1458 2945 1504 2979 dit
1527 2945 1745 2990 quorumdam
1764 2955 1907 2977 errorem
1932 2946 1999 2990 qui,
2015 2945 2095 2989 quod
2118 2956 2177 2978 non
2197 2951 2257 2985 est,
2280 2957 2351 2978 esse
2380 2945 2435 2979 tali
2459 2945 2524 2990 syl-

1457 2995 1600 3039 logismo
1624 2994 1819 3027 concludere
1844 2994 2049 3037 satagebant:
2073 2993 2176 3034 Quod
2193 3003 2252 3034 est,
2274 2993 2439 3038 opinabile
2462 3001 2523 3027 est.

1459 3044 1563 3085 Quod
1576 3055 1644 3077 non
1657 3052 1715 3082 est,
1729 3053 1777 3077 est
1792 3043 1966 3088 opinabile.
1981 3043 2069 3087 Ergo
2083 3043 2173 3088 quod
2186 3055 2254 3077 non
2267 3052 2326 3083 est,
2335 3052 2393 3076 est.
2403 3063 2416 3068 -
2425 3044 2524 3076 Hunc

1458 3093 1619 3138 siquidem
1637 3105 1828 3137 processum
1845 3092 1935 3127 elidit
1959 3091 2151 3126 Aristoteles
2168 3092 2366 3126 destruendo
2383 3093 2526 3136 primam*

1459 3143 1731 3187 propositionem,
1749 3155 1832 3187 quae
1852 3151 1977 3186 partem
1996 3142 2161 3175 coniuncti
2178 3142 2211 3174 in
2228 3140 2375 3174 subiecto
2393 3140 2524 3174 divisim

1458 3191 1631 3237 praedicat,
1649 3202 1685 3224 ac
1709 3192 1735 3224 si
1753 3191 1887 3225 diceret:
1913 3201 1961 3225 est
1985 3191 2164 3235 opinabile,
2186 3202 2265 3234 ergo
2282 3199 2339 3224 est.
2364 3189 2462 3224 Unde
2477 3201 2526 3223 as-

1458 3240 1620 3275 sumendo
1644 3240 1826 3274 subiectum
1845 3240 2065 3274 conclusionis
2087 3240 2218 3273 illorum
2235 3241 2292 3274 ait:
2314 3239 2405 3282 Quod
2423 3244 2524 3272 autem

1457 3302 1517 3324 non
1533 3297 1588 3330 est‚·
1604 3299 1636 3323 et
1652 3289 1740 3323 addit
1765 3289 1911 3323 medium
1930 3300 2046 3322 eorum
2057 3316 2065 3330 ‚
2081 3290 2225 3334 quoniam
2240 3288 2390 3333 opinabile
2412 3293 2475 3327 est;
2490 3294 2523 3320 et

1457 3339 1565 3373 subdit
1592 3341 1750 3373 maiorem
1775 3339 2031 3379 extremitatem,
2055 3349 2115 3371 non
2138 3344 2179 3371 est
2196 3349 2302 3371 verum
2329 3337 2439 3376 dicere,
2464 3345 2523 3368 esse

1457 3389 1581 3433 aliquid.
1600 3389 1641 3423 Et
1657 3399 1789 3422 causam
1813 3388 1967 3431 assignat,
1989 3387 2065 3432 quia
2089 3386 2161 3420 talis
2182 3386 2330 3431 opinatio
2357 3395 2424 3418 non
2449 3395 2522 3429 pro-

1457 3447 1566 3482 pterea
1590 3447 1649 3479 est,
1666 3438 1742 3482 quia
1766 3436 1847 3470 illud
1870 3438 1920 3478 sit,
1937 3436 1994 3470 sed
2018 3437 2129 3480 potius
2153 3436 2228 3480 quia
2251 3446 2319 3468 non
2343 3442 2401 3468 est.

1243 3552 1255 3554 γ,
1273 3552 1297 3554 ῌ
1342 3539 1570 3567 awgss-gqu-rv
1623 3552 1626 3553 ν
1644 3551 1706 3554 mm
1726 3551 1833 3554 -νᾼ-»κ-

2560 461 2567 468 ·
2579 460 2629 482 Lib.
2644 461 2678 488 11,
2699 462 2750 483 ieet.
2765 468 2773 483 ι

2559 490 2581 508 Εἴ
2595 493 2617 509 11.
