2560 4308
167 2022 582 2090 humanum
612 2023 1023 2111 sastzgrz‘um
1091 2023 1405 2090 Thomae
1438 2025 1710 2109 pennis
1757 2030 1994 2090 evecta
2047 2025 2197 2089 iam
2228 2023 2408 2110 fere

169 2132 482 2213 nequeat
514 2128 899 2193 sublimius
938 2149 1394 2213 assurgere—
1415 2127 1592 2213 (Litt.
1623 2126 1904 2212 Encycl.
1931 2127 2246 2192 Aeterni
2269 2127 2412 2191 Pa·-

167 2231 355 2317 tris);
387 2231 801 2318 magistrum
843 2231 1106 2298 scilicet
1150 2231 1368 2322 illlum,
1417 2252 1632 2316 quem
1679 2230 1999 2296 Ecclesia
2039 2230 2403 2317 theologo-

167 2354 324 2400 rum
366 2335 759 2420 principem
798 2335 1134 2420 appellat‚
1175 2335 1316 2400 hoc
1364 2341 1468 2400 est
1508 2333 1893 2415 hominem,
1925 2333 1993 2399 in
2036 2355 2181 2419 quo
2218 2337 2401 2399 su'm-

169 2459 368 2504 mum
409 2438 627 2524 attigit
671 2438 954 2504 culmen
994 2438 1414 2524 Theologia,
1461 2436 1575 2502 illa
1614 2437 1939 2503 nimirum
1981 2437 2291 2518 scientia,
2333 2436 2400 2502 in

167 2562 312 2628 qua
361 2541 716 2622 veritates,
774 2541 918 2607 sive
974 2562 1160 2627 quae
1214 2541 1482 2607 homini
1530 2561 1574 2605 a
1627 2540 1787 2606 Deo
1843 2539 2399 2622 manifestantur,

163 2645 310 2712 sive
348 2645 604 2730 quibus
646 2644 867 2711 homo
908 2666 952 2710 a
991 2645 1239 2711 creatis
1280 2645 1492 2710 rebus
1523 2644 1614 2710 ad
1660 2644 1895 2710 Deum
1944 2644 2237 2725 enititur,
2283 2643 2399 2708 mi-

163 2747 356 2815 rifice
406 2748 948 2835 coniunguntur.
1010 2791 1017 2795 <

299 2850 911 2936 Sapientissimum
980 2852 1120 2918 hoc
1184 2851 1750 2939 magnificentiae
1815 2851 2083 2940 TUAE
2151 2870 2412 2916 monn--

166 2961 485 3020 mentum
547 2977 693 3040 quo
741 2955 809 3020 in
868 2956 1092 3040 pretio
1143 2955 1553 3022 habendum
1604 2956 1707 3037 sit,
1745 2961 2193 3040 posterorum
2246 2959 2396 3018 esto

166 3054 514 3124 iudicium.
566 3057 793 3124 Nobis
845 3059 1031 3141 enim
1073 3059 1140 3124 in
1191 3059 1420 3124 aleam
1459 3059 1855 3124 certaminis
1903 3057 2236 3123 coniectis
2285 3056 2398 3120 vix

166 3180 455 3245 pugnae
483 3161 762 3227 labores
793 3169 860 3228 et
887 3163 1270 3228 anxietates
1302 3163 1595 3247 experiri
1623 3162 1863 3227 datum
1891 3168 2012 3226 est:
2044 3160 2132 3225 illi
2159 3166 2395 3225 autem

164 3261 469 3328 fructum
511 3264 843 3351 colligent
871 3264 1306 3331 Christianae
1340 3266 1688 3347 victoriae,
1727 3286 1943 3350 quam
1982 3285 2112 3329 nos
2149 3285 2280 3348 pro
2313 3283 2397 3327 ea

165 3372 592 3452 pugnanteS‚
639 3368 1055 3434 suavissima
1100 3390 1229 3453 spe
1285 3369 1423 3433 iam
1483 3368 2045 3452 complectimur,
2094 3373 2160 3431 et
2201 3372 2393 3430 certo

167 3469 592 3534 exorituram
629 3469 1062 3536 irrevocabili
1095 3472 1358 3557 gaudio
1390 3477 1949 3556 praegustamus.
1983 3469 2261 3534 Interim
2292 3490 2394 3534 ro-

112 3628 115 3629 ⁷
167 3592 422 3638 manos
466 3573 766 3638 editores
803 3574 1098 3659 sequuti,
1139 3575 1257 3659 qui
1283 3574 1582 3658 ,Pianam
1619 3573 1995 3638 editionem
2027 3573 2148 3638 Pio
2178 3572 2243 3637 V
2284 3573 2395 3638 de-
