2788 4204
54 733 186 772 ffaa3>

328 250 403 297 298

920 246 1304 284 POSTERIORUM
1332 246 1761 285 ANALYTICORUM
1791 249 1885 286 LIB.
1917 250 1931 285 Ι

903 479 1205 536 LECTIO
1244 479 1937 539 TRIGESIMANONA

554 607 1040 650 DEMONSTRATIO
1081 608 1507 650 AFFIRMATIVA
1547 610 1663 652 EST
1700 611 1927 653 POTIOR
1964 611 2285 652 NEGATIVA

315 737 391 770 Ὅτι
407 732 435 768 δ’
458 737 478 772 ἢ
496 731 649 770 δεικτική
667 735 729 772 τῆς
743 737 958 778 στερητικῆς,
978 735 1131 768 ἐντεῦθεν
1145 731 1389 773 δῆλον.”Εστω

387 781 450 826 γάρ
470 779 558 817 αὕτη
578 781 598 815 ’ἡ
619 776 790 820 ἀπόδειξις
815 781 956 820 βελτίων
974 781 1040 812 τῶν
1060 781 1170 813 ἄλλων
1189 782 1255 812 τῶν
1275 781 1389 813 αὑτῶν

389 824 633 869 ὑπαρχόντων,
661 825 681 861 ἡ
709 824 744 866 ἐξ
769 824 965 857 ἐλαττόνων
992 825 1195 869 αἰτημάτων
1221 824 1242 862 ἦ
1269 824 1391 858 ὑποθέ-

387 881 468 901 σεων
504 868 524 906 ἦ
560 869 771 913 προτάσεων.
808 870 845 901 Εἰ
879 870 943 916 γάρ
979 869 1137 916 γνώριμοι
1171 871 1312 914 ὁμοίως,
1347 870 1388 902 τὸ

386 913 515 946 θᾶττον
541 915 665 959 γνῶναι
689 910 750 947 διά
773 913 907 947 τούτων
930 914 1083 959 ὑπάρξει·
1111 916 1218 948 τοῦτο
1243 910 1269 946 δ’
1302 916 1390 958 αἱρε-

385 957 545 1003 τώτερον.
570 958 680 1004 Λόγος
697 955 734 991 δέ
753 960 815 996 τῆς
834 958 1045 1004 προτάσεως,
1073 958 1126 992 ὅτι
1153 960 1294 1000 βελτίων
1313 960 1333 995 ἡ
1352 958 1386 1001 ἐξ

386 1003 596 1043 ἐλαττόνων,
622 1003 770 1036 καθόλου
796 1000 847 1036 δέ·
874 1005 901 1036 εἰ
926 1004 990 1051 γάρ
1017 1006 1136 1048 ὁμοίως
1162 1006 1212 1042 ε’ίη
1238 1005 1279 1037 τὸ
1305 1003 1389 1050 γνώ-

384 1060 464 1092 ριμα
495 1046 580 1080 εἶναι
606 1049 653 1080 τά
681 1049 788 1093 μέσα,
816 1049 863 1081 τά
887 1044 924 1081 δὲ
951 1048 1100 1094 πρότερα
1125 1049 1384 1096 γνωριμώτερα,

386 1092 474 1126 ἔστω
493 1095 513 1131 ἡ
532 1093 591 1138 μὲν
609 1089 668 1125 διά
685 1093 793 1139 μέσων
815 1089 988 1135 ἀπόδειξις
1014 1095 1079 1127 τῶν
1104 1095 1128 1124 Β
1150 1095 1171 1124 Γ
1190 1096 1213 1124 Δ
1232 1093 1285 1127 ὅτι
1303 1093 1344 1126 τὸ
1361 1095 1388 1125 Α

385 1138 433 1178 τῷ
458 1140 482 1169 Ε
509 1137 667 1184 ὑπάρχει,
694 1140 714 1176 ἡ
741 1134 779 1170 δὲ
803 1133 862 1170 διά
886 1139 952 1171 τῶν
977 1141 1000 1169 Ζ
1021 1140 1051 1169 Η
1078 1138 1131 1172 ὅτι
1157 1138 1197 1172 τὸ
1223 1140 1248 1170 Α
1274 1138 1320 1179 τῷ
1347 1139 1382 1169 Ε.

380 1183 519 1226 Ὁμοίως
540 1179 578 1216 δὲ
599 1185 669 1228 ἔχει
685 1183 727 1216 τὸ
754 1183 808 1216 ὅτι
833 1182 874 1215 τὸ
893 1185 918 1214 Α
936 1184 984 1225 τῷ
1003 1184 1026 1213 Δ
1051 1182 1197 1228 ὑπάρχει
1220 1185 1278 1215 καὶ
1304 1182 1345 1215 τὸ
1363 1185 1384 1214 Α

385 1229 433 1269 τῷ
451 1230 488 1259 Ε·
516 1228 557 1260 τό
575 1224 604 1260 δ’
635 1227 688 1262 ὅτι
706 1229 747 1262 τὸ
764 1230 790 1260 Α
813 1228 861 1260 τῶ
880 1229 904 1258 Δ
922 1228 1084 1273 πρότερον
1101 1231 1158 1260 καὶ
1176 1226 1388 1274 γνωριμώτε-

383 1283 446 1316 ρονῚ
464 1272 484 1309 ἦ
512 1271 566 1305 ὅτι
592 1273 633 1306 τὸ
654 1274 680 1304 Α
705 1275 752 1315 τῷ
778 1275 814 1304 Ε·
843 1259 902 1305 διά
925 1273 989 1318 γάρ
1015 1271 1142 1304 τούτου
1169 1274 1274 1304 ἐκεῖνο
1302 1272 1388 1305 ἀπο-

384 1316 570 1359 δείκνυται,
598 1316 800 1363 πιστότερον
825 1313 862 1350 δέ
888 1317 928 1349 τὸ
954 1313 991 1349 δι’
1021 1317 1072 1350 οὑ.
1097 1318 1164 1348 Καὶ
1189 1318 1209 1353 ἡ
1235 1312 1295 1349 διά
1318 1318 1384 1349 τῶν

384 1362 580 1397 ἐλαττόνων
615 1363 680 1406 ἄρα
712 1357 882 1404 ἀπόδειξις
911 1363 1051 1402 βελτίων
1082 1362 1149 1392 τῶν
1177 1361 1287 1393 ἄλλων
1318 1362 1384 1392 τῶν

385 1408 499 1441 αὑτῶν
518 1407 755 1452 ὑπαρχόντων.
777 1406 984 1451 Ἀμφότεραι
1002 1405 1061 1450 μὲν
1080 1404 1136 1437 οὗν
1154 1400 1213 1437 διά
1239 1418 1275 1438 τε
1303 1404 1319 1437 ὅ
1341 1417 1385 1436 ων

384 1454 481 1498 τριῶν
498 1454 555 1483 καὶ
574 1451 772 1496 προτάσεων
789 1446 849 1483 δύο
867 1446 1072 1491 δείκνυνται,
1094 1450 1162 1482 ἀλλ’
1184 1451 1204 1487 ἡ
1223 1450 1282 1495 μὲν
1300 1453 1386 1482 ειναί

383 1510 417 1531 τι
448 1496 635 1540 λαμβάνει,
662 1498 683 1533 ἡ
709 1492 746 1528 δέ
770 1498 829 1527 καὶ
860 1492 945 1527 εἶναι
969 1496 1028 1526 καὶ
1053 1494 1099 1539 μή
1126 1491 1212 1527 εἷναί
1245 1506 1293 1526 τι·
1324 1490 1386 1527 διά

384 1541 545 1575 πλειόνων
573 1541 652 1583 ἄρα,
679 1540 767 1572 ὥστε
792 1543 923 1585 χείρων.

308 1583 385 1618 Ἔτι
411 1582 529 1622 ἐπειδή
562 1580 735 1618 δέδεικται
762 1584 814 1618 ὅτι
841 1580 1012 1617 ἀδύνατον
1055 1582 1252 1628 ἀμφοτέρων
1279 1584 1384 1615 οὐσῶν

381 1630 586 1673 στερητικῶν
619 1631 685 1662 τῶν
719 1629 916 1673 προτάσεων
949 1626 1111 1675 γενέσθαι
1144 1627 1383 1674 συλλογισμόν,

383 1675 473 1708 ἀλλά
489 1674 553 1710 τήν
571 1674 631 1717 μέν
649 1669 702 1706 δεῖ
717 1673 884 1711 τοιαύτην
904 1670 1002 1715 εἶναι,
1019 1673 1083 1710 τήν
1097 1668 1126 1704 δ’
1150 1672 1204 1705 ὅτι
1223 1673 1382 1719 ὑπάρχει,

315 1755 365 1787 ἔτι
391 1753 471 1798 πρὸς
497 1753 608 1795 τοὺτῳ
633 1749 686 1786 δεῖ
709 1750 790 1786 τόδε
813 1754 945 1794 λαβεῖν·
973 1753 1036 1791 τάς
1060 1754 1119 1797 μὲν
1143 1754 1209 1800 γάρ
1233 1766 1386 1801 κατηγο-

379 1798 471 1843 ρικάς
499 1797 728 1843 αὐξανομένης
755 1799 818 1837 τῆς
846 1794 1050 1840 ἀποδείξεως
1085 1799 1272 1845 ἀναγκαῖον
1297 1803 1386 1846 γίνε-

379 1843 457 1875 σθαι
491 1844 639 1884 πλείους,
667 1844 729 1881 τάς
754 1839 791 1876 δὲ
817 1843 1018 1889 στερητικάς
1049 1839 1221 1876 ἀδύνατον
1247 1845 1381 1882 πλείους

379 1885 465 1919 εἶναι
490 1888 568 1931 μιᾶς
595 1888 628 1920 ἐν
656 1887 786 1922 ἅπαντι
803 1890 1029 1935 συλλογισμῷ.
1049 1889 1164 1920 Ἔστω
1181 1888 1246 1934 γάρ
1264 1884 1382 1933 μηδενὶ

380 1932 534 1986 ὑπάρχον
553 1933 594 1965 τὸ
613 1933 639 1964 Α
656 1933 700 1976 ἐφ’
722 1932 805 1965 ὅσων
829 1934 870 1966 τὸ
886 1935 924 1974 Β,
942 1934 989 1974 τῷ
1007 1929 1045 1965 δὲ
1062 1935 1083 1964 Γ
1103 1932 1256 1978 ὑπάρχον
1276 1935 1382 1967 παντὶ

379 1977 421 2008 τὸ
438 1978 545 2009 Β.“Αν
563 1972 606 2013 δή
624 1973 686 2021 δέῃ
705 1977 807 2010 πάλιν
828 1977 939 2019 αὔξειν
960 1977 1153 2022 ἀμφοτέρας
1173 1979 1236 2016 τοίς
1254 1978 1385 2023 προτά-

380 2033 460 2063 σεις,
486 2021 587 2064 μέσον
613 2022 813 2066 ἑμβλητέον.
833 2024 901 2054 Τοῦ
919 2023 980 2067 μὲν
1005 2024 1031 2054 A
1047 2024 1071 2054 Β
1097 2022 1185 2055 ἔστω
1203 2023 1245 2056 τὸ
1263 2025 1298 2064 Δ,
1319 2024 1382 2056 τοῦ

379 2062 416 2098 δὲ
440 2068 464 2097 Β
482 2068 503 2096 Γ
522 2066 562 2099 τὸ
579 2068 615 2098 Ε.
644 2067 690 2098 Τὸ
714 2067 773 2109 μὲν
798 2063 841 2104 δή
867 2069 891 2098 Ε
909 2066 1048 2112 φανερόν
1068 2065 1121 2100 ὅτι
1138 2067 1380 2114 κατηγορικόν,

380 2110 420 2144 τὸ
445 2106 483 2143 δὲ
508 2112 531 2141 Δ
557 2112 618 2144 τοῦ
643 2111 702 2155 μὲν
727 2113 752 2142 Β
777 2112 1026 2158 κατηγορικόν,
1054 2112 1135 2157 πρὸς
1159 2107 1197 2144 δὲ
1223 2113 1265 2145 τὸ
1290 2114 1316 2144 Α
1340 2114 1380 2150 ὠς

378 2155 578 2198 στερητικὸν
606 2160 731 2189 κεῖται.
759 2157 804 2188 Τό
830 2157 889 2201 μὲν
914 2157 979 2204 γάρ
997 2158 1021 2187 Δ
1039 2157 1168 2194 παντὸς
1195 2158 1257 2190 τοῦ
1282 2159 1319 2199 Β,
1340 2158 1382 2190 τό

379 2196 416 2231 δὲ
433 2202 458 2231 Α
477 2195 584 2232 οὐδενὶ
602 2195 654 2232 δεῖ
670 2202 736 2234 τῶν
755 2202 778 2231 Δ
796 2200 971 2246 ὑπάρχειν.
1000 2203 1134 2234 Γίνεται
1154 2200 1209 2234 οὖν
1227 2204 1288 2246 μία
1307 2214 1384 2235 στε-

378 2245 501 2289 ρητική
527 2244 692 2290 πρότασις
718 2246 738 2282 ἡ
766 2246 807 2278 τὸ
825 2248 849 2277 Α
867 2247 901 2277 Δ.
926 2248 963 2278 '0
987 2241 1018 2278 δ’
1041 2246 1146 2284 αὐτὸς
1171 2247 1297 2292 τρόπος
1322 2249 1380 2279 καὶ

379 2290 434 2321 ἐπὶ
459 2291 526 2322 τῶν
554 2289 676 2332 ἑτέρων
696 2291 940 2337 συλλογισμῶν.
962 2291 1032 2322 Ἀεὶ
1050 2291 1114 2338 γάρ
1135 2292 1177 2324 τό
1194 2291 1295 2337 μέσον
1314 2293 1381 2324 τῶν

377 2336 612 2381 κατηγορικῶν
632 2333 958 2389 ὅρωνΙκατηγορικὸν
978 2336 1031 2390 ἐπ’
1055 2335 1245 2380 ἀμφότερα·
1265 2338 1327 2371 τοῦ
1344 2332 1382 2370 δέ

378 2380 580 2422 στερητικοῦ
606 2380 662 2412 ἐπὶ
688 2379 816 2426 θατερα
842 2392 1039 2426 στερητικον
1067 2381 1254 2427 ἀναγκαῖον
1280 2379 1380 2423 εἶναι,
1422 2404 1425 2406 »

1123 2425 1130 2435 ,

379 2422 466 2455 ὥστε
503 2423 592 2460 αὕτη
626 2427 687 2467 μία
720 2425 868 2462 τοιαύτη
900 2428 1033 2471 γίνεται
1066 2438 1253 2470 προτασις,
1286 2429 1321 2459 αἱ
1346 2421 1377 2458 δ’

382 2468 485 2500 ἄλλαι
511 2471 751 2515 κατηγορικαί.
781 2470 816 2501 Εἰ
839 2465 884 2506 δτ)
909 2469 1160 2516 γνωριμώτερον
1185 2467 1223 2503 δι’
1253 2471 1291 2504 οὑ
1315 2465 1382 2503 δεί-

379 2523 514 2553 κνυται,
539 2515 598 2544 καὶ
623 2514 838 2558 πιστότερον·
872 2510 1046 2547 δείκνυται
1070 2510 1101 2546 δ’
1130 2516 1150 2552 ἡ
1177 2517 1236 2559 μὲν
1262 2528 1382 2560 στερη-

380 2558 459 2594 τική
491 2551 551 2589 διά
575 2558 638 2595 τῆς
669 2559 918 2604 κατηγορικῆς,
946 2558 1036 2597 αὕτη
1061 2554 1099 2591 δέ
1123 2555 1162 2592 δι’
1192 2562 1316 2598 ἐκείνης
1345 2561 1382 2593 οὑ

379 2596 567 2643 δείκνυται,
587 2602 738 2648 προτέρα
754 2605 812 2635 καὶ
829 2603 1068 2650 γνωριμωτέρα
1082 2602 1169 2637 οὖσα
1185 2607 1244 2637 καὶ
1261 2617 1382 2638 πιστο-

380 2647 464 2691 τέρα
489 2645 631 2686 βελτίων
659 2645 697 2679 ἂν
722 2649 785 2685 εἴη.

305 2691 383 2723 Ἔτι
408 2692 436 2723 εἱ
463 2691 484 2723 ά
503 2691 550 2736 χή
579 2692 806 2738 συλλογισμοῦ
832 2691 852 2727 η’
876 2691 1024 2724 καθόλου
1051 2692 1216 2734 πρότασις
1243 2693 1378 2737 ἄμεσος,

382 2735 454 2770 ἔστι
483 2702 515 2769 δ’
552 2736 585 2767 ὲν
611 2736 670 2780 μέν
703 2739 748 2779 τῇ
780 2731 934 2778 δεικτικῇ
957 2737 1184 2781 καταφατικῆ
1215 2738 1248 2771 ἑν
1272 2733 1311 2769 δὲ
1335 2738 1380 2780 τῇ

379 2780 565 2825 στερητικῇ
593 2781 794 2824 ἀποφατικῆ
813 2782 834 2818 ἡ
851 2779 999 2813 καθόλου
1025 2781 1204 2825 πρότασις,
1225 2783 1245 2819 ἡ
1263 2776 1301 2814 δὲ
1320 2793 1383 2814 κα-

381 2825 560 2869 ταφατικῆ
595 2827 657 2863 τῆς
691 2826 909 2869 ἀποφατικῆς
941 2825 1092 2871 προτέρα
1122 2828 1181 2859 καὶ
1212 2838 1382 2874 γνωριμω-

380 2870 477 2914 τέρα·
503 2866 563 2902 &aa
586 2870 651 2917 γάρ
676 2871 741 2907 τήν
761 2869 958 2915 κατάφασιν
977 2871 998 2907 ἦ
1019 2869 1187 2914 ἀπόφασις
1203 2871 1378 2918 γνώριμος,

378 2917 438 2947 καὶ
463 2913 614 2960 προτέρα
640 2915 660 2951 ἡ
685 2915 895 2959 κατάφασις,
922 2914 1032 2958 ὥσπερ
1057 2917 1115 2947 καὶ
1141 2915 1181 2949 τὰ
1206 2913 1292 2948 εἶναι
1317 2917 1380 2949 τοῦ

379 2960 425 3004 μή
451 2957 550 2992 εἶναι·
576 2959 664 2992 ὥστε
685 2960 828 3000 βελτίων
847 2960 867 2997 ἡ
888 2959 976 3005 ἀρχή
996 2960 1059 2997 τῆς
1083 2954 1255 2999 δεικτικῆς
1278 2960 1298 2997 ἦ
1317 2961 1380 2998 τῆς

378 3004 594 3049 στερητικῆς·
622 3005 642 3041 ἡ
661 2999 699 3036 δὲ
716 3004 886 3044 βελτίοσιν
907 3005 1026 3050 ἀρχαῖς
1044 3005 1198 3060 χρωμένη
1218 3005 1374 3046 βελτίων.

304 3049 382 3082 Ἔτι
409 3044 683 3094 ἀρχοειδεστέρα·
719 3049 795 3081 ἄνευ
820 3049 884 3095 γάρ
915 3044 1128 3088 δεικνυουσης
1156 3050 1214 3082 οὑκ
1241 3050 1332 3082 ἔστιν
1358 3050 1378 3086 ’ἦ

379 3092 578 3138 στερητική.

372 3203 521 3230 ΞΥΝοΡςις.
535 3217 569 3221 -
586 3210 609 3228 1.
630 3198 747 3227 Thesis:
769 3200 988 3228 Demonstratio
1017 3197 1191 3229 affirmativa
1218 3200 1316 3237 potior
1341 3207 1384 3229 est

311 3242 450 3279 negativa.
462 3248 518 3269 -2.
534 3238 699 3276 Propositio
721 3240 907 3275 praeambula
928 3241 964 3268 ad
979 3240 1103 3277 primam
1123 3240 1265 3269 rationem
1280 3240 1381 3269 thesis:

312 3281 438 3310 Caeteris
459 3280 584 3317 paribus,
600 3279 647 3308 illa
668 3284 711 3306 est
732 3279 847 3316 dignior
861 3280 1080 3315 demonstratio,
1101 3290 1176 3317 quae
1197 3280 1328 3317 procedit
1349 3290 1383 3309 ex

311 3321 503 3358 paucioribus.
514 3337 533 3341 —
545 3320 570 3348 3.
586 3320 728 3348 Probatur
743 3320 814 3348 haec
835 3320 1011 3356 propositio:
1028 3327 1055 3348 et
1070 3320 1165 3357 primo
1187 3321 1381 3357 supponendo

312 3362 392 3398 quod
406 3360 619 3397 propositiones
633 3365 799 3395 assumptae
814 3359 871 3387 sint
884 3369 976 3397 aeque
992 3366 1094 3395 notae;
1110 3360 1186 3397 quia,
1202 3361 1259 3389 hoc
1273 3370 1381 3397 suppo-

311 3400 376 3435 sito,
392 3399 600 3428 demonstratio
621 3402 782 3437 procedens
804 3409 838 3428 ex
866 3399 1051 3436 paucioribus
1080 3399 1162 3428 citius
1183 3400 1249 3429 facit
1270 3400 1381 3429 scire.-

311 3449 339 3475 4.
355 3440 465 3468 Deinde
480 3441 620 3476 probatur
640 3442 742 3470 eadem
756 3439 919 3476 propositio
942 3439 1003 3468 sine
1018 3440 1065 3468 illa
1079 3440 1296 3476 suppositione:
1312 3439 1381 3477 quia

311 3479 507 3508 universaliter
521 3480 729 3510 demonstratio
751 3488 825 3516 quae
839 3479 970 3516 procedit
985 3489 1019 3508 ex
1039 3479 1234 3516 paucioribus,
1250 3479 1380 3517 procedit

311 3527 345 3546 ex
367 3519 468 3547 mediis
489 3529 563 3556 quae
585 3526 651 3547 sunt
677 3520 801 3549 notiora.
814 3536 832 3540 -
845 3519 869 3547 5.
893 3521 1036 3548 Probatur
1057 3519 1153 3548 thesis.
1175 3519 1259 3548 Ratio
1286 3519 1380 3556 prima

311 3565 366 3586 est:
389 3558 465 3593 Quia
483 3560 692 3588 demonstratio
714 3557 886 3588 affirmativa
906 3558 1038 3595 procedit
1059 3569 1092 3588 ex
1107 3559 1302 3595 paucioribus,
1317 3568 1378 3587 non

311 3597 429 3635 quidem
451 3599 609 3627 secundum
630 3599 795 3633 materiam,
818 3599 869 3626 sed
890 3599 1051 3627 secundum
1079 3598 1247 3636 qualitatem
1267 3608 1377 3636 propo-

1444 739 1462 759 *
1478 740 1577 778 Quod
1593 747 1700 771 autem
1715 740 1899 771 affirmativa
1915 741 2078 780 privativa,
2095 741 2169 772 hinc
2182 741 2389 772 manifestum
2403 742 2452 773 sit.
2473 743 2521 774 Sit
2548 751 2558 758 ·
2569 749 2626 777 cap.
2637 756 2692 772 xxv.

1511 785 1597 815 enim
1628 785 1856 815 demonstratio
1887 785 2030 824 dignior,
2063 785 2131 815 aliis
2155 785 2275 816 eisdem
2298 785 2518 827 existentibus,

1511 836 1566 860 aut
1593 839 1675 870 quae
1706 839 1743 859 ex
1773 828 1950 859 minoribus
1978 828 2217 870 quaestionibus
2245 836 2301 860 aut
2325 831 2519 871 suppositio-

1511 873 1605 905 nibus
1629 880 1684 904 aut
1701 872 1986 914 propositionibus.
2006 873 2039 904 Si
2063 873 2148 904 enim
2172 880 2266 904 notae
2285 873 2347 905 sint
2365 874 2518 914 similiter,

1509 918 1651 949 velocius
1674 927 1864 958 cognoscere
1883 927 1940 958 per
1962 916 2038 948 haec
2062 924 2124 957 est;
2148 917 2210 948 hoc
2233 925 2342 949 autem
2365 919 2517 959 appetibi-

1509 962 1571 993 lius
1597 969 1653 993 est.
1677 961 1770 993 Ratio
1795 968 1903 992 autem
1921 961 2016 992 huius
2032 962 2272 1002 propositionis,
2293 963 2383 1003 quod
2405 963 2520 994 melior

1510 1007 1550 1038 sit
1573 1017 1610 1038 ex
1633 1006 1821 1045 minoribus,
1846 1006 2030 1036 universalis
2054 1006 2097 1037 sic
2121 1013 2181 1037 est:
2213 1006 2238 1036 si
2265 1007 2351 1037 enim
2375 1007 2519 1039 similiter

1510 1051 1567 1082 erit
1591 1051 1717 1092 cognita
1736 1060 1803 1081 esse
1822 1050 1936 1090 media,
1957 1050 2062 1091 priora
2081 1057 2188 1081 autem
2206 1051 2348 1090 notiora;
2365 1051 2405 1082 sit
2422 1051 2519 1092 igitur

1509 1106 1565 1136 per
1583 1095 1688 1126 media
1711 1094 1939 1126 demonstratio
1959 1105 2073 1125 eorum
2091 1105 2173 1136 quae
2193 1102 2267 1126 sunt
2282 1095 2307 1126 B
2325 1095 2351 1127 C
2368 1096 2409 1135 D,
2428 1096 2518 1137 quod

1508 1142 1538 1171 A
1557 1140 1590 1170 in
1605 1141 1632 1170 E
1649 1140 1702 1179 sit;
1722 1140 1816 1171 altera
1831 1149 1906 1169 vero
1926 1149 1982 1179 per
2001 1139 2027 1170 B
2047 1139 2085 1178 C,
2103 1139 2192 1180 quod
2210 1141 2240 1170 A
2255 1139 2288 1170 in
2307 1140 2335 1170 D
2357 1140 2405 1171 sit.
2425 1140 2517 1172 Simi-

1507 1184 1577 1215 liter
1592 1184 1687 1225 igitur
1701 1184 1795 1215 habet
1809 1184 1871 1214 hoc
1888 1184 1977 1225 quod
1991 1185 2021 1214 A
2037 1183 2070 1214 in
2084 1184 2113 1214 D
2129 1183 2179 1222 sit,
2189 1190 2220 1215 et
2234 1185 2323 1225 quod
2332 1187 2362 1215 A
2376 1185 2409 1215 in
2423 1185 2450 1215 E
2467 1185 2517 1224 sit;

1508 1229 1564 1259 sed
1587 1229 1676 1270 quod
1694 1231 1723 1259 A
1742 1229 1775 1259 in
1793 1229 1822 1258 D
1847 1227 1896 1266 sit,
1920 1228 2007 1268 prius
2031 1235 2078 1259 est
2100 1235 2132 1259 et
2151 1228 2394 1268 cognoscibilius
2418 1239 2518 1271 quam

1508 1274 1598 1314 quod
1621 1276 1650 1304 A
1668 1273 1701 1304 in
1720 1273 1761 1304 E:
1786 1273 1964 1303 secundum
1987 1272 2073 1303 enim
2096 1273 2158 1304 hoc
2171 1272 2251 1304 illud
2270 1274 2516 1313 demonstratur,

1509 1318 1687 1349 credibilius
1716 1313 1824 1348 autem
1850 1324 1896 1348 est
1918 1317 1998 1348 illud
2021 1318 2110 1358 quod
2134 1325 2180 1348 est
2202 1324 2332 1358 propter
2350 1319 2440 1360 quod
2462 1318 2517 1349 ali-

1508 1362 1596 1403 quid.
1617 1363 1658 1394 Et
1678 1372 1760 1403 quae
1779 1363 1889 1404 utique
1914 1371 1970 1402 per
1988 1362 2122 1392 minima
2146 1362 2384 1402 demonstratio,
2404 1362 2518 1394 melior

1509 1413 1571 1445 est,
1595 1406 1663 1437 aliis
1687 1407 1806 1437 eisdem
1835 1406 2047 1438 existentibus.
2077 1407 2237 1448 Utraeque
2267 1406 2398 1448 quidem
2421 1406 2517 1447 igitur

1507 1460 1565 1491 per
1586 1458 1648 1482 tres
1671 1451 1824 1482 terminos
1840 1458 1870 1482 et
1886 1451 2122 1492 propositiones
2146 1451 2224 1482 duas
2241 1451 2516 1491 demonstrantur;

1508 1495 1564 1525 sed
1579 1495 1656 1526 haec
1671 1495 1803 1536 quidem
1818 1505 1885 1526 esse
1908 1495 2029 1536 aliquid
2045 1495 2167 1536 accipit,
2187 1495 2240 1526 illa
2254 1506 2330 1526 vero
2354 1502 2385 1527 et
2401 1496 2468 1526 esse
2483 1502 2516 1527 et

1435 1576 1438 1579 ,
1508 1549 1575 1570 non
1599 1549 1666 1570 esse
1685 1539 1822 1580 aliquid:
1843 1550 1899 1579 per
1914 1539 2006 1579 plura
2023 1539 2147 1580 itaque;
2169 1550 2267 1580 quare
2281 1540 2442 1580 indignior
2458 1546 2515 1572 est.

1439 1584 1589 1624 Amplius
1608 1583 1764 1624 quoniam
1783 1590 1947 1614 ostensum
1967 1590 2013 1614 est
2030 1584 2228 1624 impossibile
2244 1594 2311 1615 esse
2327 1594 2383 1624 per
2397 1591 2516 1615 utram-

1507 1638 1571 1669 que
1587 1628 1813 1669 privativarum
1831 1627 2093 1668 propositionum
2110 1627 2178 1658 fieri
2199 1628 2440 1669 syllogismum;
2460 1629 2516 1660 sed

1507 1683 1607 1703 unam
1636 1672 1768 1714 quidem
1795 1679 1922 1713 oportet
1947 1671 2136 1703 huiusmodi
2165 1682 2247 1712 esse,
2279 1672 2410 1703 alteram
2438 1681 2515 1704 vero

1507 1717 1663 1758 quoniam
1687 1723 1747 1748 est:

1439 1762 1577 1802 amplius
1600 1761 1687 1792 iuxta
1705 1761 1767 1792 hoc
1790 1767 1918 1801 oportet
1940 1760 2003 1792 hoc
2025 1760 2183 1801 accipere:
2202 1760 2426 1801 praedicativas
2445 1760 2515 1802 qui-

1506 1807 1592 1846 dem,
1616 1812 1819 1846 augmentata
1842 1805 2124 1844 demonstratione,
2139 1815 2266 1836 necesse
2289 1812 2336 1836 est
2358 1805 2424 1836 fieri
2444 1805 2515 1846 plu—

1506 1858 1572 1889 res;
1586 1850 1754 1891 privativas
1769 1856 1878 1881 autem
1893 1849 2090 1890 impossibile
2110 1856 2157 1880 est
2169 1850 2276 1890 plures
2293 1860 2358 1881 una
2371 1850 2406 1880 in
2425 1850 2515 1881 omni

1507 1895 1694 1936 syllogismo
1714 1905 1792 1926 esse.
1813 1894 1859 1926 Sit
1882 1894 1968 1925 enim
1986 1894 2020 1925 in
2043 1894 2135 1925 nullo
2155 1904 2221 1925 esse
2235 1897 2265 1925 A
2280 1894 2313 1925 in
2333 1894 2450 1935 quibus
2468 1901 2516 1926 est

1506 1939 1543 1978 B,
1567 1939 1600 1970 in
1620 1939 1646 1970 C
1667 1946 1774 1970 autem
1797 1938 1887 1970 omni
1910 1938 1950 1969 sit
1967 1939 2003 1970 B.
2023 1938 2056 1970 Si
2086 1938 2181 1979 igitur
2209 1949 2292 1980 opus
2323 1945 2370 1970 est
2398 1939 2515 1970 iterum

1470 1988 1472 1990 '
1506 1993 1619 2024 augere
1636 1989 1785 2025 utrasque
1808 1982 2054 2024 propositiones,
2069 1983 2213 2014 medium
2235 1983 2442 2014 iniiciendum
2457 1989 2514 2015 est.

1506 2028 1703 2059 Huiusmodi
1726 2027 1858 2069 quidem
1881 2030 1911 2058 A
1925 2027 1951 2058 B
1975 2027 2015 2059 sit
2037 2028 2078 2066 D,
2095 2028 2151 2058 sed
2173 2027 2199 2058 B
2221 2027 2248 2059 C
2268 2027 2308 2059 sit
2330 2028 2368 2059 E.
2393 2028 2419 2058 E
2443 2027 2517 2069 qui-

1506 2073 1580 2103 dem
1603 2072 1698 2113 igitur
1721 2072 1925 2103 manifestum
1949 2078 1995 2103 est
2017 2072 2267 2113 praedicativum
2290 2079 2375 2111 esse;
2403 2072 2460 2104 sed
2482 2072 2511 2104 D

1506 2117 1545 2148 de
1563 2117 1589 2148 B
1612 2117 1861 2158 praedicativum
1884 2117 2026 2158 quidem,
2046 2117 2087 2148 ad
2100 2118 2130 2148 A
2149 2122 2256 2148 autem
2279 2123 2432 2158 tanquam
2451 2116 2514 2158 pri—

1505 2162 1647 2193 vativum
1669 2161 1810 2202 ponitur.
1830 2161 1858 2192 D
1879 2161 2010 2203 quidem
2034 2160 2119 2192 enim
2136 2161 2174 2192 de
2191 2161 2280 2193 omni
2300 2161 2338 2201 B,
2358 2161 2414 2192 sed
2431 2162 2462 2192 A
2479 2160 2514 2193 in

1504 2206 1596 2238 nullo
1615 2213 1742 2247 oportet
1756 2206 1785 2237 D
1802 2216 1879 2238 esse.
1896 2206 1947 2237 Fit
1964 2206 2060 2247 igitur
2074 2215 2139 2236 una
2154 2206 2307 2247 privativa
2323 2205 2513 2246 propositio,

1505 2261 1588 2292 quae
1611 2258 1658 2282 est
1675 2253 1705 2281 A
1723 2251 1763 2282 D.
1788 2251 1877 2281 Idem
1900 2258 2008 2282 autern
2031 2251 2148 2282 modus
2171 2257 2218 2282 est
2239 2250 2273 2281 in
2296 2250 2364 2281 aliis
2383 2249 2512 2292 syllogi-

1504 2295 1591 2326 smis.
1603 2295 1735 2336 Semper
1750 2294 1835 2326 enirn
1850 2295 1994 2326 medium
2009 2295 2140 2337 quidem
2155 2294 2439 2336 praedicativorum
2453 2301 2513 2326 ter·

1505 2340 1669 2371 minorum
1696 2339 1943 2380 praedicativum
1971 2340 2004 2371 in
2033 2346 2167 2381 utraque
2196 2346 2259 2378 est,
2290 2339 2346 2370 sed
2367 2338 2514 2380 privativi

1504 2385 1639 2416 alterum
1657 2391 1783 2415 tantum
1801 2384 1992 2424 privativum
2008 2394 2133 2416 necesse
2153 2390 2200 2415 est
2214 2391 2298 2423 esse;
2320 2393 2418 2425 quare
2436 2383 2514 2415 haec

1504 2439 1569 2460 una
1591 2428 1626 2460 fit
1649 2429 1835 2460 huiusmodi
1858 2429 2052 2470 propositio,
2077 2429 2155 2460 aliae
2178 2438 2254 2459 vero
2274 2427 2512 2469 praedicativae.

1505 2473 1538 2505 Si
1561 2473 1657 2514 igitur
1679 2473 1786 2504 notius
1819 2480 1866 2505 est
1894 2474 1975 2504 illud
2000 2483 2057 2515 per
2085 2473 2175 2515 quod
2209 2473 2444 2504 demonstratur
2482 2479 2514 2504 et

1505 2517 1700 2556 credibilius,
1730 2518 1964 2549 demonstratur
1987 2525 2094 2549 autem
2117 2517 2267 2558 privativa
2297 2517 2429 2559 quidem
2456 2526 2513 2558 per

1503 2562 1764 2603 praedicativam,
1795 2562 2004 2602 praedicativa
2032 2570 2140 2594 autem
2170 2571 2227 2602 per
2255 2561 2344 2592 illam
2367 2571 2441 2592 non
2458 2561 2512 2593 de-

1503 2613 1713 2645 monstratur;
1737 2606 1823 2647 prior
1846 2616 1921 2647 ergo
1945 2614 1975 2645 et
1993 2607 2100 2638 notior
2123 2613 2154 2637 et
2172 2605 2351 2637 credibilior
2367 2615 2442 2636 cum
2457 2605 2509 2645 sit,

1504 2650 1617 2681 melior
1640 2650 1750 2692 utique
1773 2650 1840 2681 erit.

1436 2695 1585 2735 Amplius
1618 2694 1644 2724 si
1677 2694 1870 2735 principium
1902 2693 2078 2735 syllogismi
2110 2693 2288 2735 propositio
2326 2693 2510 2726 universalis

1503 2738 1686 2769 immediata
1709 2745 1766 2778 est,
1791 2746 1837 2770 est
1858 2745 1967 2770 autem
1989 2738 2022 2770 in
2046 2738 2292 2770 demonstrativa
2313 2737 2509 2779 affirmativa,

1502 2783 1536 2814 in
1555 2782 1707 2823 privativa
1721 2789 1829 2814 autem
1848 2782 1991 2823 negativa
2010 2783 2193 2814 universalis
2212 2782 2407 2823 propositio,
2426 2782 2510 2814 affir-

1503 2827 1619 2858 mativa
1638 2833 1745 2858 autem
1764 2826 1907 2867 negativa
1925 2827 2013 2868 prior
2027 2834 2058 2858 et
2073 2827 2196 2866 notior;
2215 2837 2272 2868 per
2289 2826 2510 2858 affirmativam

1503 2871 1589 2902 enim
1612 2871 1755 2912 negativa
1778 2878 1854 2902 nota
1877 2878 1941 2910 est,
1965 2878 1996 2903 et
2025 2872 2112 2912 prior
2135 2871 2320 2903 affirmativa
2343 2878 2405 2910 est,
2429 2871 2511 2903 sicut

1503 2916 1590 2957 prius
1614 2923 1660 2947 est
1683 2925 1749 2947 esse
1773 2926 1872 2956 quam
1903 2926 1969 2946 non
1998 2923 2080 2955 esse;
2104 2926 2201 2957 quare
2224 2915 2332 2957 potius
2355 2922 2402 2947 est
2424 2915 2509 2957 prin·

1504 2960 1623 3002 cipium
1640 2960 1903 2991 demonstrativae
1918 2970 2017 3001 quam
2035 2961 2220 3001 privativae:
2238 2960 2434 3001 dignioribus
2453 2970 2508 2992 au-

1503 3012 1568 3036 tem
1591 3005 1752 3045 principiis
1777 3005 1875 3035 utitur
1899 3004 2033 3045 dignior.

1435 3049 1550 3081 Adhuc
1574 3056 1604 3080 et
1623 3049 1825 3090 principalior
1844 3055 1904 3080 est:
1929 3049 1995 3080 sine
2012 3049 2098 3080 enim
2114 3048 2359 3080 demonstrativa
2378 3058 2445 3080 non
2461 3054 2508 3080 est

1502 3093 1663 3135 privativa.

1438 3200 1592 3236 sitionum,
1615 3209 1720 3237 nempe
1741 3199 1872 3237 procedit
1895 3201 1990 3229 solum
2011 3209 2046 3229 ex
2067 3209 2145 3235 esse;
2166 3200 2299 3238 negativa
2319 3206 2416 3230 autem
2437 3209 2507 3238 pro-

1437 3240 1513 3269 cedit
1533 3250 1568 3269 ex
1588 3240 1734 3278 pluribus,
1756 3249 1862 3277 nempe
1883 3249 1917 3268 ex
1934 3250 1997 3269 esse
2018 3246 2047 3269 et
2066 3249 2211 3270 non-esse.
2226 3258 2245 3262 -
2259 3241 2287 3269 6.
2303 3241 2387 3270 Ratio
2401 3241 2506 3270 altera:

1437 3279 1654 3309 Demonstratio
1675 3279 1808 3317 negativa
1829 3289 1890 3308 non
1911 3281 1998 3308 habet
2018 3277 2179 3310 efficaciam
2198 3280 2254 3309 nisi
2275 3289 2308 3309 ex
2329 3281 2357 3309 vi
2377 3278 2506 3309 affirma-

1436 3320 1510 3349 tivae
1531 3319 1756 3357 propositionis;
1778 3329 1847 3357 ergo
1869 3319 2079 3349 demonstratio
2099 3318 2282 3356 affirmativa,
2297 3329 2372 3358 quae
2386 3329 2420 3349 ex
2434 3319 2504 3348 solis

1436 3358 1615 3389 affirmativis
1637 3359 1792 3395 concludit,
1809 3366 1851 3388 est
1872 3359 1970 3396 potior
1989 3359 2129 3398 negativa.
2141 3370 2198 3398 -7.
2213 3360 2312 3389 Tertia
2326 3359 2414 3389 ratio:
2433 3360 2504 3388 Pro-

1436 3399 1542 3437 positio
1568 3399 1700 3437 negativa
1728 3399 1852 3428 maxime
1881 3400 2096 3428 demonstratur
2116 3409 2168 3437 per
2188 3397 2406 3435 affirmativam3
2434 3407 2503 3436 ergo

1435 3439 1646 3468 demonstratio
1667 3437 1839 3468 affirmativa
1860 3439 1958 3477 potior
1978 3446 2021 3468 est
2041 3439 2181 3477 negativa.
2198 3457 2218 3462 -
2232 3441 2260 3469 8.
2284 3440 2396 3475 Quarta
2414 3437 2502 3467 ratio:

1434 3479 1599 3517 Propositio
1621 3477 1792 3508 affirmativa
1813 3486 1856 3508 est
1876 3479 1956 3516 prior
1977 3485 2005 3508 et
2025 3479 2124 3508 notior
2143 3479 2283 3517 negativa,
2305 3478 2375 3517 quia
2392 3477 2503 3515 negati-

1434 3529 1500 3548 vam
1521 3520 1626 3556 probat
1647 3525 1674 3547 et
1695 3528 1759 3548 eam
1782 3519 1948 3548 naturaliter
1968 3519 2129 3556 praecedit;
2151 3529 2220 3557 ergo
2241 3525 2294 3548 etc.
2310 3535 2330 3540 -
2343 3527 2371 3555 9.
2394 3517 2503 3552 Quinta

1434 3559 1522 3587 ratio:
1545 3559 1762 3588 Demonstratio
1781 3559 1912 3596 negativa
1933 3559 2077 3596 dependet
2097 3568 2131 3588 ex
2152 3557 2401 3588 demonstratione
2421 3554 2502 3586 affir-

1434 3605 1552 3634 mativa3
1575 3607 1644 3636 ergo
1665 3605 1718 3627 etc.

2547 776 2617 798 Text.
2632 783 2672 804 40.
