2548 4192
191 269 308 295 CCLXX

193 352 209 367 ν
230 341 311 372 dunt
327 341 470 372 similiter
488 351 589 382 usque
613 340 653 370 ad
674 341 709 370 15
735 350 791 380 per
810 340 890 370 hanc
907 338 1089 375 dictionem,
1106 338 1265 368 intrante:

194 396 209 410 ³>
231 393 262 417 et
283 385 380 417 finitis
402 387 437 416 15
464 386 574 416 diebus
597 384 718 425 primis,
736 383 934 415 descenditur
957 393 1012 422 per
1035 382 1113 412 alios
1134 382 1170 411 15
1189 391 1264 412 cum

195 439 209 454 >v
230 430 289 461 hac
313 430 471 468 dictione,
496 435 642 460 exeunte.
670 429 801 468 Semper
823 435 930 458 tamen
954 427 986 456 in
1010 426 1113 466 prima
1136 425 1186 456 die
1210 436 1263 456 cu-

196 488 211 501 »
231 474 358 506 iuslibet
380 474 497 505 mensis
521 483 587 504 non
611 473 760 513 ponitur,
790 473 949 508 intrante;
971 471 1005 500 in
1028 470 1207 510 penultimo
1234 477 1264 500 et

194 533 210 547 s
231 519 346 550 ultimo
363 529 428 549 non
445 518 586 558 ponitur,
606 522 752 547 exeunte.
765 529 779 543 »
799 515 904 546 Prima
920 524 1036 555 nempe
1051 525 1122 554 pars
1145 514 1263 545 mensis

195 564 306 595 ordine
340 569 494 594 consueto
529 561 805 598 dinumerabatur,
832 566 962 599 sumpto
987 558 1078 589 initio
1110 569 1128 589 a
1157 559 1262 599 primo

196 608 337 639 eiusdem
361 608 427 637 die:
449 616 519 646 pars
534 605 629 635 altera
645 601 800 645 principio
825 610 966 643 sumpto,
991 613 1057 633 non
1081 613 1099 632 a
1122 603 1263 634 kalendis

194 660 249 684 aut
271 652 375 692 primo
400 650 449 680 die
473 649 667 680 succedentis
690 648 819 687 mensis,
835 654 871 678 ut
894 647 980 687 apud
999 648 1184 685 Romanos;
1208 648 1264 678 sed

194 698 232 727 ab
256 696 371 726 ultimo
393 694 510 724 mensis
535 693 595 730 die,
621 693 730 723 ordine
754 692 946 732 retrogrado.
963 692 1048 722 Hinc
1071 702 1146 722 vero
1169 691 1221 722 die
1245 702 1264 731 7

195 745 332 771 exeunte
355 739 471 769 martio
495 744 540 767 est
564 737 629 767 dies
655 738 694 767 25
721 737 864 767 eiusdem
886 736 1015 767 mensis.

261 784 384 824 Operae
408 781 612 822 dispendium
644 791 711 811 non
745 781 802 811 erit
840 781 1008 811 elenchum
1040 781 1261 821 quaestionum

194 828 376 866 describere,
393 836 475 867 quae
498 826 531 856 in
556 835 652 866 opere
668 836 734 867 quo
759 826 797 856 de
814 825 948 865 agimus,
966 832 1120 856 vocantur
1135 825 1175 855 ad
1194 835 1263 855 exa-

192 882 286 911 men,
316 878 351 902 ut
375 869 596 911 philosophica
632 880 667 901 ac
697 869 875 910 theologica
899 871 937 900 ab
961 870 1121 911 Aquinate
1144 879 1263 910 propu-

191 923 285 958 gnata
309 916 458 955 dogmata
480 915 690 953 innotescant,
711 925 792 955 quae
817 925 947 945 censura
971 914 1073 945 notari
1090 924 1184 954 posse
1203 924 1263 954 pu-

191 962 300 992 tabant
321 966 440 991 veteres
465 969 620 990 censores.
646 959 806 990 Elenchus
839 959 968 999 incipit:
993 959 1053 990 Isti
1080 964 1156 990 sunt
1179 959 1265 989 tituli

191 1006 414 1046 quaestionum
442 1004 640 1035 Correctorii
663 1009 777 1034 contra
802 1005 1052 1044 corruptorium.

260 1062 275 1077 a>
330 1060 339 1079 1
369 1049 486 1080 Utrum
510 1048 550 1078 ad
572 1048 747 1078 videndum
767 1049 873 1079 Deum
896 1048 1073 1089 requiratur
1096 1047 1201 1089 aliqua
1225 1048 1264 1078 si-

371 1093 519 1123 militudo
543 1093 613 1123 Dei.

259 1151 274 1165 ι
326 1148 344 1169 2
369 1138 486 1169 Utrum
509 1137 686 1168 intellectus
710 1144 817 1168 noster
841 1144 1012 1177 cognoscat
1039 1137 1218 1177 singularia.

261 1196 275 1211 ›
329 1184 344 1213 3
370 1183 487 1213 Utrum
503 1181 632 1212 scientia
647 1181 706 1212 Dei
731 1181 792 1212 dici
815 1183 918 1223 possit
941 1182 1125 1213 futurorum
1142 1182 1264 1213 contin-

369 1233 523 1267 gentium.

261 1285 275 1299 »
325 1281 347 1311 4
370 1271 487 1302 Utrum
511 1270 620 1301 omnia
653 1281 736 1312 quae
767 1271 855 1302 Deus
880 1271 1002 1310 noscit,
1027 1272 1089 1302 sint
1121 1271 1208 1301 idem
1231 1271 1264 1301 in

370 1316 451 1346 Deo.

260 1374 274 1388 »
327 1361 342 1391 5
368 1360 486 1391 Utrum
509 1359 693 1390 universum
717 1360 818 1400 possit
841 1370 907 1391 esse
927 1360 1053 1398 melius,
1070 1360 1264 1401 quibusdam

371 1415 407 1435 su
456 1411 555 1434 osius.

260 1463 274 1477 ι
326 1450 344 1480 6
370 1415 487 1480 Utiitlim
510 1448 670 1479 mundum
693 1448 848 1489 incepisse
865 1448 904 1479 sit
921 1449 959 1479 de
979 1449 1117 1480 articulis
1132 1447 1217 1480 fidei.

260 1507 274 1521 ι
325 1505 344 1536 7
368 1494 485 1525 Utrum
500 1492 533 1523 in
550 1493 643 1523 rebus
666 1493 958 1533 incorruptibilibus
974 1493 1014 1525 sit
1029 1493 1136 1525 solum
1158 1504 1262 1524 unum

370 1537 572 1568 individuum
595 1537 629 1567 in
653 1548 716 1568 una
739 1537 853 1578 specie.

260 1596 274 1610 ι
324 1583 343 1613 8
368 1583 484 1613 Utrum
517 1582 557 1612 sit
588 1582 738 1622 possibile
771 1592 838 1612 esse
871 1582 966 1612 aliam
998 1588 1130 1621 terram,
1163 1593 1262 1625 quam

369 1627 472 1657 istam.

258 1684 272 1699 »
324 1683 342 1713 9
368 1672 484 1702 Utrum
520 1670 662 1710 Angelus
695 1670 735 1701 sit
767 1671 966 1712 compositus
999 1682 1035 1702 ex
1068 1672 1199 1703 materia
1231 1671 1262 1703 'et

369 1715 482 1746 forma.

259 1774 273 1788 ›
308 1771 344 1791 10
369 1760 486 1791 Utrum
519 1759 558 1790 sit
586 1759 738 1799 possibile
776 1769 844 1791 esse
877 1760 960 1791 duos
992 1761 1133 1802 Angelos
1165 1761 1261 1792 unius

367 1804 493 1845 speciei.

257 1862 271 1876 ›
305 1861 337 1880 11
367 1848 545 1886 Quomodo
568 1858 669 1888 genus
693 1856 724 1880 et
747 1848 919 1880 differentia
942 1850 1137 1891 accipiantur
1159 1850 1193 1880 in
1215 1859 1261 1880 re-

367 1894 427 1924 bus
451 1892 675 1924 materialibus.

258 1952 272 1966 »
307 1947 342 1969 12
367 1938 484 1969 Utrum
508 1937 731 1978 multiplicatio
755 1939 932 1969 secundum
956 1949 1128 1970 numerum
1160 1939 1262 1970 inten—

367 1982 460 2013 datur
482 1982 521 2012 ab
545 1989 666 2022 agente.

258 2040 272 2054 ›
307 2028 341 2058 13
367 2027 484 2058 Utrum
507 2027 649 2067 Angelus
673 2037 729 2067 per
756 2034 902 2058 naturam
932 2038 1023 2059 suam
1052 2028 1092 2059 sit
1121 2027 1262 2059 incorru-

369 2071 498 2112 ptibilis.

260 2129 274 2143 »
308 2126 346 2156 14
369 2117 486 2147 Utrum
518 2116 660 2156 Angelus
693 2115 793 2156 possit
825 2116 955 2148 transire
987 2118 1026 2148 ab
1059 2123 1200 2147 extremo
1224 2118 1263 2148 ad

370 2167 558 2199 extremum,
582 2170 649 2191 non
672 2160 846 2201 petransito
870 2161 988 2192 medio.

261 2218 274 2232 »
309 2206 343 2236 15
370 2205 487 2236 Utrum
511 2205 550 2236 sit
563 2204 772 2246 impossibile,
789 2206 878 2246 quod
902 2205 1022 2247 aliquid
1045 2205 1077 2236 in
1097 2212 1167 2237 toto
1182 2213 1263 2237 tem-

367 2259 446 2290 pore
470 2249 668 2290 praecedenti
692 2249 833 2290 quiescat
851 2250 884 2280 in
900 2261 967 2281 uno
986 2250 1136 2289 termino,
1152 2257 1263 2291 postea

368 2294 401 2325 in
425 2304 492 2325 uno
520 2294 649 2325 instanti
673 2294 758 2325 illius
786 2294 940 2336 temporis
971 2294 1011 2326 sit
1042 2294 1075 2325 in
1107 2294 1171 2326 alio
1203 2302 1262 2327 ter-

368 2338 468 2369 mino.

259 2396 272 2410 »
307 2384 342 2414 16
367 2383 485 2414 Utrum
509 2392 621 2413 omnes
652 2383 790 2424 species,
815 2393 872 2424 per
895 2394 974 2425 quas
1002 2383 1116 2424 Angeli
1148 2383 1264 2415 intelli-

1174 2440 1197 2449 ν
1232 2439 1261 2450 η
1317 2430 1383 2456 tani
1406 2432 1438 2457 et
1459 2426 1647 2465 naturalem,
1672 2427 1868 2468 theologiam
1882 2427 2041 2468 pertinent
2056 2433 2152 2468 atque
2168 2425 2391 2467 ontologiam,

367 2434 457 2468 gunt,
482 2427 544 2458 sint
567 2437 680 2458 omnes
701 2428 902 2459 universales.
994 2437 1016 2454 r·
1020 2435 1047 2449 ²
1058 2436 1083 2455 ⁴·

259 2484 273 2498 »
308 2482 344 2513 17
368 2472 485 2503 Utrum
509 2471 651 2511 Angelus
675 2472 776 2513 possit
792 2472 964 2513 intelligere
988 2483 1045 2514 per
1064 2473 1185 2514 species
1209 2474 1262 2504 ab-

368 2522 506 2546 stractas.

259 2572 273 2587 »
307 2559 342 2590 18
368 2560 485 2591 Utrum
509 2566 629 2600 quanto
649 2561 790 2601 Angelus
815 2568 860 2591 est
884 2561 1039 2602 superior,
1056 2571 1113 2602 per
1131 2562 1260 2603 paucio-

367 2614 416 2635 res
440 2610 471 2635 et
494 2604 733 2635 universaliores
757 2605 876 2646 species
900 2605 1061 2646 intelligat.

258 2660 272 2675 ›
306 2659 342 2689 19
366 2649 484 2680 Utrum
513 2649 690 2679 secundum
723 2650 838 2689 gradus
871 2649 1063 2680 naturalium
1094 2651 1166 2682 data
1198 2651 1260 2682 sint

368 2693 498 2734 Angelis
522 2693 607 2723 dona
630 2693 811 2733 gratiarum.

258 2749 271 2764 ²
302 2747 343 2768 20
367 2738 484 2769 Utrum
507 2737 621 2778 Angeli
645 2744 825 2769 mereantur
848 2737 1027 2778 praemium
1056 2738 1258 2770 accidentale.

257 2793 271 2808 »
301 2791 336 2812 21
366 2782 483 2813 Utrum
507 2781 601 2813 fuerit
616 2782 722 2824 aliqua
736 2792 827 2813 mora
842 2782 923 2813 inter
938 2782 1129 2814 creationem
1144 2783 1258 2824 Angeli

365 2834 396 2858 et
418 2826 546 2867 lapsum
569 2826 646 2858 eius.

256 2883 270 2898 »
301 2880 340 2901 22
365 2871 482 2903 Utrum
505 2871 552 2901 vis
571 2868 742 2912 appetitiva
764 2870 797 2902 in
821 2871 972 2902 omnibus
997 2871 1259 2912 proportionetur

365 2915 620 2956 apprehensivae.

256 2971 270 2986 ι
300 2960 339 2990 23
364 2960 481 2991 Utrum
505 2959 716 3001 apprehensio
739 2960 853 3001 Angeli
876 2959 997 2991 differat
1019 2960 1058 2990 ab
1081 2960 1256 3002 apprehen-

365 3004 454 3035 sione
478 3003 628 3036 hominis.

256 3059 269 3074 ³·
300 3058 342 3088 24
365 3049 482 3080 Utrum
519 3049 633 3090 aliquis
671 3048 762 3080 locus
800 3048 840 3080 sit
875 3049 1019 3090 poenalis
1051 3048 1176 3090 Angelo
1206 3049 1257 3079 vel

364 3102 497 3124 ammae.

255 3149 270 3163 ν
300 3138 338 3167 25
364 3137 480 3168 Utrum
495 3137 673 3169 informitas
688 3137 836 3169 materiae
851 3145 996 3179 tempore
1010 3138 1174 3179 praecedat
1189 3137 1257 3168 eius

362 3181 599 3213 formationem.

255 3237 269 3252 »
299 3226 338 3256 26
364 3226 480 3257 Utrum
496 3225 602 3256 anima
625 3226 665 3258 sit
688 3226 867 3267 composita
891 3236 927 3258 ex
950 3226 1080 3258 materia
1095 3233 1126 3258 et
1141 3226 1253 3258 forma.

253 3281 267 3296 ι
297 3279 337 3311 27
361 3270 478 3301 Utrum
502 3271 643 3322 Angelus
666 3277 697 3302 et
715 3271 821 3302 anima
845 3271 907 3302 sint
930 3271 1025 3302 unius
1053 3270 1178 3312 speciei.

253 3325 267 3340 »
297 3313 337 3344 28
362 3314 479 3345 Utrum
511 3314 617 3346 anima
647 3315 748 3356 possit
778 3315 891 3347 habere
920 3316 979 3347 sub
1013 3325 1046 3346 se
1063 3316 1179 3352 multa
1207 3315 1253 3346 in-

362 3358 500 3390 dividua.

251 3414 265 3428 »
295 3412 335 3443 29
360 3403 477 3434 Utrum
504 3403 537 3434 in
569 3403 699 3435 homine
727 3404 768 3436 sit
804 3414 868 3435 una
895 3403 999 3435 forma
1029 3403 1252 3436 substantialis.

252 3458 265 3472 ι
296 3448 336 3478 3ο
360 3447 624 3489 Utrum'aliquae
647 3448 872 3490 dispositiones
895 3448 1100 3480 accidentales
1127 3457 1253 3490 praece-

362 3491 437 3523 dant
455 3491 593 3523 formam
616 3492 649 3523 in
673 3493 812 3526 materia.

252 3546 265 3561 »
296 3536 329 3565 31
360 3535 476 3566 Utrum
500 3537 654 3567 memoria
674 3537 713 3569 sit
735 3537 768 3568 in
794 3544 882 3578 parte
905 3537 1093 3570 intellectiva
1115 3537 1166 3569 vel
1189 3537 1251 3578 api-

362 3579 464 3610 rituali
488 3586 623 3612 tantum.

253 3634 266 3648 ι
298 3623 334 3652 32
359 3623 475 3654 Utrum
492 3624 667 3656 intellectus
683 3625 722 3656 sit
743 3625 952 3666 eminentior,
969 3635 1068 3667 quam
1091 3625 1249 3657 voluntas.

922 257 1381 296 DISSERTATIONES
1411 258 1659 296 CRITICAE

1386 350 1402 365 ›
1433 340 1471 370 33
1497 339 1614 370 Utrum
1643 346 1764 380 quanto
1803 351 1918 381 corpus
1954 348 2000 372 est
2036 342 2150 377 melius
2179 341 2390 382 dispositum,

1497 390 1586 414 tanto
1610 384 1741 424 recipiat
1768 385 1935 416 meliorem
1965 386 2113 417 formam.

1387 438 1401 453 ³»
1432 428 1473 466 34
1496 428 1613 458 Utrum
1637 428 1742 459 anima
1766 436 1907 469 separata
1938 430 2091 471 intelligat
2120 441 2176 471 per
2199 430 2317 471 species
2342 430 2391 461 in-

1495 479 1584 502 natas
1607 472 1658 502 vel
1681 473 1849 504 abstractas
1875 475 1924 504 vel
1947 475 2090 506 influxas.

1386 526 1400 541 »
1431 516 1468 545 35
1495 516 1613 547 Utrum
1636 517 1742 547 anima
1766 525 1907 558 separata
1935 519 2072 559 seipsam
2095 530 2151 560 per
2184 519 2320 560 seipsam
2342 519 2390 549 in-

1495 560 1624 600 telligat.

1386 616 1401 631 »
1432 604 1470 634 36
1496 605 1613 635 Utrum
1642 605 1748 636 anima
1779 613 1920 647 separata
1957 607 2110 649 intelligat
2137 619 2193 649 per
2232 608 2390 639 influxum

1495 649 1674 688 specierum
1697 661 1715 680 a
1747 650 1856 681 divino
1886 651 2018 684 lumine.

1386 704 1401 719 ιν
1427 693 1466 734 37
1491 693 1608 723 Utrum
1638 694 1817 734 praemium
1847 696 2009 727 essentiale
2042 697 2232 738 respondeat
2263 696 2390 738 quanti-

1496 737 1551 767 tati
1583 738 1717 768 caritatis
1747 746 1778 773 et
1804 749 1870 770 non
1895 741 2061 781 quantitati
2094 741 2298 781 operationis.

1385 791 1400 807 »
1431 780 1470 810 38
1495 781 1613 812 Utrum
1642 782 1763 830 aliquid
1790 783 1949 823 redigatur
1976 785 2111 816 omnino
2137 786 2170 816 in
2195 786 2344 816 nihilum.

1386 836 1401 850 2
1432 825 1472 865 39
1496 825 1614 856 Utrum
1630 820 1781 867 (angeli)
1803 828 1981 868 superiores
2005 829 2163 870 quidquid
2185 840 2204 860 a
2218 830 2288 861 Deo
2313 830 2390 861 reci-

1497 869 1606 913 piunt,
1629 870 1850 910 impertiantur
1864 872 2076 904 inferioribus.

1387 924 1401 939 ι
1428 923 1472 953 40
1496 914 1613 945 Utrum
1638 914 1785 946 distantia
1808 915 1918 947 localis
1948 917 2041 948 faciat
2063 917 2334 958 impedimentum
2357 919 2391 950 in

1496 957 1661 990 locutione
1690 960 1816 1000 Angeli.

1387 1014 1401 1029 ›
1428 1012 1467 1042 41
1497 1003 1614 1034 Utrum
1644 1013 1757 1035 omnes
1787 1005 1901 1055 Angeli
1931 1005 1993 1036 sint
2023 1005 2215 1046 inaequales-

1387 1059 1401 1074 2·
1428 1057 1471 1086 42
1497 1047 1614 1078 Utrum
1629 1048 1755 1088 Angeli,
1770 1049 1826 1090 qui
1843 1056 1917 1080 sunt
1933 1049 1987 1091 (in
2003 1049 2163 1091 terminis)
2181 1051 2322 1081 duorum
2340 1060 2392 1082 or—

1498 1091 1627 1131 dinum,
1651 1093 1752 1133 magis
1777 1093 1983 1135 (conveniant
2004 1095 2179 1126 secundum
2202 1097 2391 1136 propinqui-

1497 1142 1593 1167 tatem
1619 1137 1773 1179 naturae)
1793 1148 1891 1179 quam
1908 1149 1992 1170 unus
2008 1149 2122 1170 eorum
2138 1149 2213 1170 cum
2232 1140 2300 1171 aliis
2317 1139 2391 1182 (ali-

1498 1180 1632 1222 quibus)
1660 1182 1709 1213 sui
1733 1182 1863 1213 ordinis.

1387 1236 1402 1252 »
1428 1226 1470 1265 43
1497 1225 1614 1256 Utrum
1637 1236 1692 1257 ens
1723 1237 1779 1267 per
1809 1227 1953 1258 accidens
1981 1227 2095 1259 habeat
2125 1238 2264 1260 causam.

1388 1281 1402 1296 ι
1429 1279 1474 1309 44
1497 1270 1613 1301 Utrum
1633 1281 1745 1302 omnes
1773 1271 1907 1302 humani
1933 1272 2111 1304 intellectus
2130 1273 2193 1304 sint
2211 1273 2307 1304 unius
2322 1283 2392 1314 gra-

1499 1314 1558 1345 dus
1587 1315 1621 1345 in
1650 1316 1761 1346 ordine
1791 1323 1931 1348 naturae.

1387 1370 1401 1385 »
1427 1359 1470 1398 45
1496 1359 1613 1390 Utrum
1638 1360 1797 1401 quaelibet
1821 1361 1941 1392 additio
1966 1361 2006 1391 ad
2030 1361 2169 1393 sormam
2194 1335 2393 1402 corporalem

1497 1403 1595 1435 variet
1622 1405 1772 1445 speciem.

1447 1473 1569 1505 Contra
1592 1475 1735 1506 Primam
1759 1476 1928 1508 Secundae
1944 1478 2053 1517 partis
2076 1477 2261 1508 instantiae.
2303 1513 2307 1518 .
2353 1464 2360 1469 ’

1386 1548 1401 1563 »
1427 1536 1470 1575 46
1496 1536 1588 1574 Quae
1611 1537 1812 1578 requirantur
1835 1538 1875 1574 ad
1903 1538 2134 1570 beatitudinem
2157 1545 2188 1568 et
2210 1538 2390 1580 quomodo.

1385 1592 1401 1608 2
1427 1589 1471 1622 47
1495 1580 1613 1611 Utrum
1626 1581 1660 1611 in
1680 1582 1786 1612 anima
1799 1582 1942 1613 humana
1957 1590 2118 1614 remaneat
2133 1592 2201 1613 esse
2221 1582 2393 1623 compositi

1495 1634 1552 1665 per
1574 1625 1824 1657 destructionem
1847 1626 2000 1667 corporis.

1385 1681 1400 1697 »
1426 1669 1470 1709 48
1494 1669 1612 1701 Utrum
1635 1677 1801 1711 resumpto
1821 1681 1966 1712 corpore,
1981 1671 2144 1702 beatitudo
2159 1677 2278 1702 crescat
2291 1670 2393 1702 inten-

1495 1713 1560 1745 sive
1578 1714 1629 1746 vel
1648 1715 1816 1746 extensive.

1385 1770 1400 1786 ›
1426 1767 1470 1799 49
1494 1758 1613 1789 Utrum
1630 1758 1732 1790 homo
1751 1759 1791 1790 sit
1809 1759 1961 1791 dominus
1980 1760 2030 1791 sui
2049 1767 2147 1793 actus.

1385 1814 1400 1830 »
1430 1803 1471 1834 50
1495 1803 1613 1834 Utrum
1635 1803 1736 1834 homo
1760 1814 1817 1844 per
1839 1804 1997 1835 rationem
2021 1805 2209 1836 determinet
2232 1814 2264 1835 se
2281 1804 2322 1835 ad
2336 1813 2393 1835 vo-

1495 1847 1629 1878 lendum
1652 1848 1716 1879 hoc
1738 1848 1788 1879 vel
1812 1848 1903 1887 illud,
1927 1850 2017 1890 quod
2041 1855 2088 1880 est
2102 1859 2175 1880 vere
2198 1850 2324 1880 bonum
2342 1848 2394 1880 vel

1495 1902 1651 1933 apparens
1672 1893 1807 1924 bonurn.

1387 1947 1401 1962 1·
1431 1937 1466 1967 51
1495 1936 1613 1968 Utrum
1635 1937 1791 1978 imperare
1814 1937 1854 1968 sit
1877 1944 1965 1969 actus
1990 1937 2132 1977 rationis,
2147 1937 2393 1979 praesupposito

1496 1987 1568 2012 actu
1591 1981 1774 2013 voluntatis.

1387 2037 1402 2052 ²
1432 2025 1471 2056 52
1495 2025 1613 2057 Utrum
1627 2026 1770 2067 primum
1784 2036 1918 2058 movens
1934 2026 1968 2057 in
1981 2026 2100 2058 viribus
2114 2026 2240 2058 animae
2254 2026 2295 2057 ad
2309 2035 2393 2058 exer-

1497 2069 1608 2101 citium
1627 2077 1715 2102 actus
1739 2070 1779 2102 sit
1796 2071 1956 2102 voluntas.

1387 2126 1402 2141 »
1432 2115 1470 2145 53
1496 2114 1614 2146 Utrum
1640 2115 1789 2146 voluntas
1817 2115 1857 2146 sit
1884 2115 2063 2147 subiectum
2088 2115 2239 2147 libertatis
2262 2121 2294 2146 et
2311 2114 2392 2146 ratio

1496 2158 1536 2190 sit
1559 2169 1663 2190 causa.

1387 2215 1402 2231 »
1432 2204 1473 2243 54
1496 2203 1614 2234 Utrum
1632 2204 1712 2235 ratio
1732 2204 1771 2235 sit
1790 2203 1983 2245 principium
2002 2204 2078 2235 mali
2097 2210 2196 2236 actus.

1387 2260 1402 2275 ν
1433 2248 1471 2278 55
1497 2248 1614 2279 Utrum
1637 2249 1881 2281 matrimonium
1904 2248 1999 2280 fuerit
2020 2248 2054 2280 in
2075 2248 2173 2280 veteri
2195 2248 2265 2289 lege
2285 2247 2395 2290 *Sacra-

1498 2299 1644 2324 mentum
1668 2293 1903 2325 coniunctionis
1927 2293 2046 2325 Christi
2069 2299 2101 2324 et
2123 2293 2292 2324 Ecclesiae.
2306 2305 2322 2321 ι

1385 2335 1583 2368 Constitutas
1606 2338 1645 2368 ab
1668 2338 1824 2378 Angelico
1848 2338 2054 2379 Praeceptore
2069 2337 2103 2369 in
2118 2337 2279 2374 eiusmodi
2295 2346 2393 2378 quae—

1316 2381 1455 2412 stionum
1480 2381 1624 2413 examine
1647 2383 1878 2421 conclusiones,
1903 2392 1986 2424 quae
2010 2382 2050 2413 ad
2072 2388 2253 2424 utramque,
2277 2381 2394 2413 revela-

1316 2469 1460 2501 vellicare
1484 2477 1515 2503 et
1538 2471 1678 2502 refellere
1701 2471 1790 2502 nisus
1813 2479 1860 2503 est
1883 2471 2076 2503 Guillelmus
2094 2471 2297 2502 Lamaraeus.
2313 2469 2392 2502 Vin-

1317 2514 1413 2546 dicias
1436 2525 1495 2556 pro
1519 2515 1687 2557 Aquinatis
1711 2515 1855 2547 doctrina
1882 2516 2002 2548 strenui
2025 2515 2144 2547 laudati
2166 2515 2225 2546 viri
2248 2521 2391 2556 egerunt,

1316 2558 1443 2600 egitque
1475 2566 1587 2591 auctor
1614 2562 1824 2602 Anonymus,
1848 2570 1947 2602 quem
1969 2560 2175 2592 illustramus·
2200 2559 2247 2591 Ea
2269 2564 2391 2591 servan

1315 2603 1487 2635 methodus
1511 2611 1558 2636 est
1573 2611 1609 2636 ut
1625 2605 1730 2645 primo
1749 2605 1823 2636 loco
1843 2604 2022 2643 adversarii,
2037 2611 2074 2636 ut
2087 2610 2191 2640 vocat,
2208 2604 2391 2635 calumnias

1315 2647 1553 2688 diligentissime
1576 2648 1698 2680 referat:
1722 2655 1792 2680 tum
1808 2648 1976 2690 Aquinatis
1993 2649 2096 2680 theses
2110 2648 2144 2679 in
2159 2647 2312 2679 invidiam
2327 2653 2389 2679 tra-

1315 2691 1425 2723 ductas
1447 2701 1600 2732 germano
1619 2702 1714 2724 sensu
1729 2699 1876 2734 exponat,
1893 2692 2157 2724 luculentioribus
2173 2702 2211 2723 ex
2227 2691 2388 2732 Operibus

1315 2735 1383 2766 eius
1406 2736 1439 2767 in
1464 2737 1607 2768 medium
1622 2737 1787 2778 productis
1811 2737 2010 2768 testimoniis:
2034 2746 2070 2767 ac
2087 2736 2219 2767 demum
2242 2735 2387 2768 obiectio-

1314 2789 1371 2811 nes
1393 2780 1524 2819 refellat,
1548 2781 1708 2822 longeque
1732 2780 1854 2813 dissitas
1873 2781 2020 2812 ostendat
2035 2780 2198 2812 damnatas
2213 2779 2339 2811 Parisiis
2355 2786 2386 2811 et

1314 2822 1431 2855 Oxonii
1447 2825 1695 2866 propositiones,
1711 2835 1794 2866 quae
1809 2825 1957 2856 Thomae
1972 2825 2150 2856 doctrinam
2164 2824 2333 2856 exhibere·
2323 2834 2385 2856 im-

1312 2868 1412 2908 perite
1435 2869 1628 2901 dicebantur.
1652 2869 1820 2910 Specimen
1847 2869 1992 2921 Operis,
2003 2869 2093 2911 quod
2117 2869 2262 2908 exhibeo,
2284 2868 2386 2900 vindi·

1313 2911 1434 2944 ciarum
1456 2914 1618 2954 specimen
1641 2920 1797 2955 praestat,
1828 2924 1908 2956 quas
1936 2914 1994 2945 viri
2023 2913 2198 2945 doctissimi
2221 2922 2280 2954 pro
2303 2912 2384 2944 virili

1312 2963 1444 2998 egerunt
1466 2965 1575 2990 contra
1598 2959 1818 2990 Lamaraeum.

1697 3063 1907 3101 CAPUT
1945 3063 1999 3100 11.

1310 3163 1348 3188 De
1366 3161 1487 3196 peculiari
1506 3161 1620 3187 thesium
1634 3161 1718 3194 agitur
1731 3168 1849 3192 censura,
1866 3167 1946 3194 quam
1963 3159 2022 3186 tulit
2031 3159 2161 3185 Roberma
2171 3159 2205 3185 de
2214 3158 2255 3184 xil

1380 3196 1732 3258 ῗὲἓὼωωω,“ἶ““ἒὲἷέἶεέ“ἲὶὶ
1744 3194 2382 3273 ῙἍῈΜΞὛἮςᾘῒέἛαῈΜΜΜ

1380 3268 1488 3301 eiusque
1501 3268 1626 3294 vindices.
1639 3267 1887 3293 Animadversiones
1901 3266 2053 3300 generales·
2046 3274 2073 3292 111
2087 3266 2242 3292 censorium
2257 3264 2380 3300 Stephani

1379 3303 1504 3338 Tempier
1522 3302 1648 3329 Antistius
1667 3302 1819 3328 Parisiensis
1838 3302 1970 3329 iudicium.

1306 3400 1330 3433 1.
1424 3407 1523 3433 raeter
1545 3401 1712 3440 articulos,
1735 3401 1834 3442 vulgo
1857 3401 2058 3432 Parisienses
2079 3399 2192 3438 dictos,
2207 3396 2378 3448 quamplu-

1423 3455 1472 3489 res
1494 3445 1566 3485 alii,
1589 3445 1646 3488 qui
1669 3445 1795 3486 triginta
1818 3451 1848 3477 et
1871 3454 1955 3477 unus
1987 3449 2212 3482 numerantur,
2236 3440 2377 3472 damnati

1305 3496 1449 3530 prostant
1471 3490 1504 3522 in
1528 3490 1704 3522 Oxoniensi
1734 3499 1883 3529 censura,
1906 3488 2038 3520 nomine
2069 3486 2200 3520 Roberti
2223 3485 2262 3516 de
2284 3484 2376 3516 Kild-

1304 3534 1424 3566 wardbi
1447 3534 1686 3576 Archiepiscopi
1710 3533 1945 3566 Cantuariensis
1967 3533 2030 3565 lata
2052 3532 2093 3564 ad
2113 3530 2374 3580 grammaticam,

1299 3578 1345 3609 ad
1369 3578 1508 3620 logicam
1539 3579 1580 3610 ad
1605 3579 1842 3620 philosophiam
1874 3583 2060 3619 spectantes.
2095 3575 2216 3606 Theses
2251 3572 2375 3614 aliquae

1303 3621 1368 3654 divi
1391 3623 1539 3655 Thomae
1572 3629 1699 3655 notatae
1730 3622 1934 3660 videbantur:
1966 3629 2062 3662 quae
2071 3627 2188 3660 nempe
2210 3618 2251 3648 ad
2275 3627 2373 3649 unam
