2548 4192
205 245 276 271 CLX

212 325 227 339 »
251 317 453 352 ceptaverunt
476 310 562 340 enim
584 310 675 340 Pater
693 315 724 339 et
739 307 873 348 Spiritus
888 313 1013 336 sanctus
1030 303 1281 335 Incarnationem

214 368 228 383 ›
252 356 323 386 Filii
348 362 378 386 et
401 354 583 395 passionem
607 360 637 384 et
659 353 718 383 alia
742 350 937 382 huiusmodi.
962 350 1003 379 Et
1026 348 1168 378 similiter
1193 357 1280 377 com-

213 412 228 427 »
251 400 492 431 municaverunt
523 398 697 431 secundum
730 405 853 426 omnem
890 394 1030 424 divinam
1064 393 1279 432 operationem

215 457 231 473 »
252 445 484 485 superpositam
516 442 662 472 creaturis
692 447 722 470 et
750 439 941 479 ineffabilem
966 436 1078 473 nobis;
1111 445 1206 476 quam
1222 435 1281 476 fa-

215 501 230 516 ›
254 489 355 520 ciebat
378 487 532 524 Christus,
546 485 663 527 factus
684 483 858 515 secundum
883 491 951 518 nos,
969 481 1049 510 idest
1064 479 1165 510 factus
1179 479 1280 510 horno

217 545 232 560 ι
254 532 425 574 passibilis;
450 530 649 561 invariabilis
672 537 814 564 manenS,
837 525 1011 556 secundum
1036 524 1121 564 quod
1142 524 1233 554 Deus
1252 529 1282 554 et

215 589 230 604 ³
252 578 316 608 Dei
343 575 488 606 Verbum.
511 575 587 604 Non
610 572 696 603 enim
719 571 762 601 sic
786 570 885 600 factus
909 575 955 599 est
978 568 1099 606 homo,
1123 568 1212 608 quod
1236 568 1281 598 di-

214 633 230 648 »
252 621 414 651 vinitatem
437 618 605 649 amitteret:
630 616 715 646 unde
731 621 766 645 ut
781 614 882 644 homo
903 613 1036 643 existens
1057 612 1191 642 habebat
1205 622 1281 652 ope-

215 676 229 691 »
252 665 407 695 rationem
435 662 591 699 divinam,
620 670 701 700 quae
731 657 912 689 communis
935 663 981 687 est
1004 656 1062 686 sibi
1091 662 1122 686 et
1143 656 1227 686 Patri
1251 663 1282 687 et

215 720 230 735 ›
253 707 381 749 Spiritui
414 712 532 736 sancto,
557 705 597 735 Et
627 703 670 734 sic
694 702 863 733 destruitur
894 701 944 731 hic
977 710 1062 730 error
1091 700 1281 740 ponentium

215 765 230 780 ι
253 762 351 783 unam
374 750 592 790 operationem
615 746 663 789 (et
679 757 776 778 unam
801 744 969 787 naturam)
985 745 1018 774 in
1038 744 1165 775 Christo
1181 750 1212 774 et
1225 754 1281 784 per

215 809 230 825 2>
252 797 325 834 hoc,
344 795 433 835 quod
456 793 596 824 attribuit
610 792 787 822 secundum
803 789 1021 831 operationem
1038 788 1179 818 divinam
1193 798 1280 819 com-

214 853 230 869 »
252 849 385 870 munem
407 837 466 869 toti
490 836 637 868 Trinitati
652 843 683 867 et
697 835 916 876 operationem
929 833 1092 874 propriam
1106 832 1174 863 sibi.
1187 844 1201 859 »

278 883 391 914 Latina
413 881 527 920 versio,
551 891 615 922 qua
637 880 736 911 utitur
758 879 820 910 hoc
842 879 914 909 loco
939 888 963 908 s.
988 877 1143 915 Thomas,
1159 877 1202 907 sic
1225 876 1279 907 ha-

212 929 280 959 bet:
303 928 487 958 Discretum
510 931 617 956 autem
642 930 688 955 est
710 934 731 954 a
755 924 894 964 benigna
922 922 966 953 ad
988 931 1046 952 nos
1073 921 1182 952 divina
1206 931 1279 961 ope-

211 973 347 1009 ratione,
371 970 546 1001 secundum
571 979 629 1000 nos
652 979 693 999 ex
717 968 805 999 nobis
828 967 969 998 totaliter
992 971 1022 997 et
1045 975 1119 997 vere
1132 966 1278 997 substan-

212 1018 289 1047 tiam
303 1015 436 1056 factum
460 1024 528 1045 esse
550 1013 858 1054 supersubstantiale
887 1011 1032 1048 Verbum,
1053 1015 1084 1041 et
1104 1010 1226 1051 facere
1245 1016 1280 1041 ‘et

205 1061 280 1101 pati
297 1069 515 1100 quaecumque
530 1058 692 1089 humanae
710 1058 810 1097 ipsius
825 1055 1099 1096 contemplationis
1113 1060 1199 1092 sunt,
1216 1056 1278 1085 ele-

212 1110 263 1135 cta
287 1109 317 1134 et
339 1109 471 1134 semota.
494 1105 542 1132 Ac
558 1102 584 1132 si
597 1101 722 1142 legisset
744 1100 907 1140 interpres,
931 1107 967 1130 ut
981 1099 1162 1140 Lequienus
1179 1099 1278 1129 adno-

211 1155 267 1187 tat,
293 1141 452 1191 ἀνδρικῆς
476 1144 627 1190 θεωρίας,
644 1156 702 1186 pro
729 1138 885 1188 ἀνδρικῆς
905 1141 1095 1188 θεουργίας;
1112 1144 1197 1174 unde
1212 1154 1279 1174 non

211 1193 346 1231 mirum,
369 1192 412 1222 ait
434 1191 501 1229 ille,
524 1191 615 1232 quod
637 1199 776 1221 errorem
798 1200 865 1220 non
887 1189 1052 1219 adverterit
1075 1199 1098 1219 s.
1124 1188 1279 1219 Thomas.

211 1239 255 1268 At
278 1235 404 1279 (inquio
428 1234 502 1278 ego)
526 1235 632 1265 necin
647 1234 788 1265 restituta
810 1244 883 1264 vera
903 1233 1037 1264 lectione
1061 1242 1199 1263 errorem
1214 1233 1280 1263 Do-

213 1288 281 1312 ctor
295 1280 466 1321 Angelicus
481 1279 672 1317 advertisset,
687 1289 785 1319 quem
801 1278 914 1309 cubare
929 1278 1055 1308 nullum
1072 1277 1279 1308 ostendimus.

213 1325 412 1356 Coniecturis
435 1334 518 1364 opus
541 1334 607 1353 non
632 1329 687 1353 est.

279 1370 396 1400 Veram
418 1368 470 1398 ille
494 1368 572 1398 vidit
594 1367 784 1408 adhibetque
814 1366 983 1396 lectionem
1007 1366 1047 1396 111
1072 1376 1116 1405 p.,
1140 1376 1195 1406 qu.
1219 1375 1281 1403 xrx,

213 1420 269 1444 art.
293 1424 315 1452 1,
339 1423 375 1443 ac
398 1422 472 1443 sane
494 1411 613 1442 mirum
635 1411 720 1442 hunc
743 1422 761 1441 a
784 1410 949 1451 Lequieno
969 1420 1036 1440 non
1055 1409 1172 1448 visum,
1194 1419 1282 1450 prae-

213 1458 459 1498 termissumque
495 1457 613 1487 locum.
646 1455 766 1486 Contra
802 1453 1027 1485 Monothelitas
1064 1454 1284 1494 quaestionem

215 1509 341 1533 movet:
361 1501 475 1532 Utrum
500 1502 532 1531 in
559 1500 685 1530 Christo
707 1500 749 1530 sit
772 1509 838 1530 una
862 1504 986 1529 tantum
1010 1500 1154 1538 operatio
1169 1498 1284 1529 divini-

215 1547 291 1577 tatis
319 1551 349 1576 et
379 1544 617 1576 humanitatis?
647 1544 745 1581 Quod
776 1543 836 1583 ipsi
869 1542 1058 1573 obiiciebant
1088 1552 1125 1573 ex
1157 1549 1284 1573 auctore

215 1589 522 1630 Areopagiticorum,
547 1598 636 1618 num.
660 1598 671 1617 1
694 1587 738 1618 sic
761 1587 913 1618 habetur&
939 1600 953 1615 «
972 1587 1115 1625 Videtur,
1140 1587 1230 1628 quod
1252 1586 1285 1616 in

217 1647 232 1662 ι
256 1634 383 1665 Christo
407 1633 446 1664 sit
468 1643 532 1663 una
555 1638 679 1663 tantum
703 1631 845 1672 operatio
871 1631 1041 1662 divinitatis
1058 1638 1088 1662 et
1104 1631 1284 1662 humanita-

217 1690 233 1706 ›
255 1678 304 1709 tis.
330 1677 413 1708 Dicit
436 1677 521 1707 enim
544 1676 718 1718 Dionysius
740 1676 774 1706 in
797 1686 819 1706 11
843 1686 910 1716 cap.
931 1676 970 1706 de
993 1675 1115 1706 Divinis
1138 1675 1286 1706 Nomini-

218 1734 233 1750 »
255 1723 332 1753 bus:
348 1722 497 1752 Discreta
520 1726 626 1751 autem
651 1726 698 1751 est
720 1720 948 1761 benignissima
963 1721 1050 1751 circa
1066 1729 1124 1751 nos
1137 1721 1200 1751 Dei
1215 1729 1286 1760 ope-

218 1779 234 1794 »
257 1767 341 1797 ratio
357 1775 421 1806 per
443 1766 502 1796 hoc
533 1765 618 1805 quod
639 1764 814 1796 secundum
840 1774 917 1802 nos,
952 1774 994 1796 ex
1017 1765 1125 1802 nobis,
1160 1765 1288 1805 integre

217 1823 232 1838 ›
256 1820 392 1851 vereque
420 1810 630 1840 humanatum
660 1814 707 1840 est
736 1809 890 1846 Verbum,
915 1809 1000 1849 quod
1022 1814 1069 1840 est
1090 1818 1190 1849 supra
1213 1808 1287 1840 sub-

218 1868 233 1883 »
255 1856 419 1892 stantiam,
445 1859 475 1884 et
497 1854 628 1894 operari
643 1859 673 1884 et
686 1854 758 1894 pati
789 1863 1007 1894 quaecumque
1034 1853 1196 1884 humanae
1219 1854 1288 1884 eius

219 1912 234 1927 2
256 1899 385 1930 diuinae
412 1899 591 1938 operationi
621 1903 817 1939 congruunt.
846 1897 909 1928 Ubi
939 1907 1038 1928 unam
1068 1897 1288 1938 operationem

219 1956 234 1971 2
257 1943 403 1973 nominat
424 1943 598 1973 humanam
628 1947 658 1972 et
679 1942 840 1979 divinam,
871 1951 952 1982 quae
982 1941 1015 1972 in
1038 1951 1150 1982 graeco
1175 1942 1288 1973 dicitur

219 2000 235 2015 ι
262 1987 473 2024 Theandrica,
497 1986 578 2017 idest
599 1986 775 2017 Deivirilis.
794 1985 927 2017 Videtur
940 1986 1036 2026 igitur
1050 1996 1116 2016 esse
1131 1996 1196 2017 una
1210 1996 1287 2027 ope-

219 2044 234 2059 »
256 2031 336 2062 ratio
361 2030 538 2071 composita
561 2030 594 2060 in
618 2030 755 2061 Christo.
776 2042 791 2057 »
817 2032 870 2060 An
898 2029 1038 2071 aliquem
1060 2030 1122 2061 hoc
1144 2030 1230 2069 loco,
1253 2030 1287 2061 in

217 2086 283 2117 quo
308 2075 420 2106 diserte
443 2074 586 2115 operatio
614 2075 799 2106 nominatur
821 2075 1106 2113 humano—divina,
1132 2085 1188 2106 seu
1210 2075 1287 2105 Dei—

216 2120 330 2157 virilis,
355 2129 493 2149 errorem
516 2119 681 2150 adverterit
704 2130 728 2150 s.
753 2116 919 2149 Thomas?
934 2119 1138 2160 Responsum
1154 2119 1222 2150 eius
1238 2129 1287 2150 ac-

215 2164 296 2204 cipe,
319 2173 386 2204 quo
410 2170 479 2194 tum
501 2163 602 2193 allatis
619 2163 734 2201 verbis,
752 2169 822 2194 tum
836 2163 903 2193 aliis
917 2173 935 2193 a
952 2163 1116 2204 Lequieno
1131 2164 1288 2205 oppositis

214 2208 314 2239 utitur
346 2207 559 2238 sanctissimus
582 2207 704 2238 Doctor
725 2207 759 2238 in
782 2206 855 2238 fidei
879 2207 1050 2239 catholicae
1074 2207 1287 2239 confirmatio-

215 2262 309 2291 nem,
338 2251 679 2293 reprehensionemque
711 2251 996 2282 Monothelitarum
1020 2259 1050 2283 et
1072 2253 1287 2294 Eutychiano-

215 2307 298 2327 rum.
326 2310 341 2324 α
365 2295 560 2334 Dicendum,
584 2296 674 2337 quod
696 2295 870 2337 Dionysius
894 2294 980 2336 (loco
1003 2296 1116 2339 citato)
1140 2297 1232 2338 ponit
1254 2297 1287 2327 in

216 2353 232 2368 ι
256 2340 383 2372 Christo
408 2340 627 2380 operationem
649 2339 874 2379 theandricam,
889 2340 970 2371 idest
987 2341 1284 2379 divinam-uirilem,

219 2396 235 2412 2
257 2385 308 2415 vel
335 2384 685 2423 divinam-humanam,
715 2395 781 2415 non
809 2394 866 2425 per
893 2384 1033 2426 aliquam
1064 2385 1288 2416 confusionem

218 2441 233 2456 2
257 2428 481 2469 operationum
511 2438 566 2459 seu
597 2429 752 2460 virtutum
781 2428 946 2470 utriusque
977 2436 1124 2468 naturae,
1153 2430 1209 2461 sed
1232 2440 1288 2470 per

218 2485 234 2500 2
257 2473 318 2503 hoc
341 2473 431 2513 quod
449 2472 554 2503 divina
577 2473 719 2513 operatio
739 2473 806 2504 eius
823 2474 921 2504 utitur
935 2474 1086 2511 humana,
1102 2481 1132 2505 et
1147 2474 1288 2505 humana

219 2529 234 2544 π
257 2517 324 2548 eius
335 2516 477 2557 operatio
493 2517 657 2558 participat
670 2517 819 2548 virtutem
833 2517 956 2548 divinae
967 2519 1170 2558 operationis.
1182 2519 1287 2557 Unde,

219 2573 234 2588 ›
258 2561 338 2592 sicut
360 2561 427 2601 ipse
451 2560 526 2592 dicit
542 2561 575 2591 in
591 2562 730 2602 quadarn
753 2562 897 2603 Epistola
920 2562 959 2592 ad
983 2562 1100 2593 Caium
1123 2561 1206 2606 (IV),
1227 2563 1287 2594 Su-

219 2617 234 2632 »
251 2615 316 2646 per
337 2606 494 2636 hominem
518 2605 714 2646 operabatur
736 2616 792 2644 ea,
816 2616 900 2647 quae
921 2612 997 2637 sunt
1019 2607 1176 2638 hominis:
1198 2608 1287 2648 quod

219 2661 234 2676 τ
257 2656 411 2680 monstrat
426 2649 524 2689 Virgo
541 2650 816 2690 supernaturaliter
835 2650 1016 2691 concipiens
1042 2657 1072 2682 et
1096 2661 1178 2692 aqua
1194 2651 1288 2682 insta-

219 2705 235 2720 ›
258 2693 328 2725 bilis
351 2701 549 2725 terrenorum
567 2694 689 2734 pedum
704 2695 861 2725 sustinens
874 2694 1067 2735 gravitatem.
1083 2695 1288 2726 Manifestum

219 2748 234 2764 ›
258 2745 304 2769 est
332 2738 417 2768 enim
447 2738 536 2779 quod
560 2738 685 2779 concipi
716 2745 761 2769 est
791 2739 949 2769 humanae
972 2747 1117 2778 naturae,
1147 2739 1289 2770 similiter

217 2792 234 2808 ιν
257 2789 288 2813 et
311 2782 491 2820 ambulare3
514 2782 569 2813 sed
591 2789 764 2824 utrumque
788 2782 847 2814 fuit
869 2782 902 2813 in
927 2782 1054 2814 Christo
1069 2790 1288 2823 supernatura-

219 2837 235 2853 »
251 2826 336 2858 liter.
361 2827 402 2858 Et
420 2826 563 2857 similiter
586 2827 692 2858 divina
706 2828 894 2868 operabatur
908 2827 1104 2865 humanitus,
1119 2827 1200 2858 sicut
1214 2837 1289 2858 cum

220 2881 236 2897 2·
258 2870 379 2902 sanavit
401 2871 564 2911 leprosum
588 2871 758 2912 tangendo.
783 2871 876 2902 Unde
891 2871 924 2901 in
941 2871 1052 2902 eadem
1070 2871 1213 2912 Epistola
1229 2870 1289 2912 (ad

219 2925 235 2940 ι
261 2914 392 2957 Caium)
417 2914 537 2946 subdit:
561 2915 635 2946 Non
665 2915 841 2946 secundum
865 2916 971 2946 Deum
1003 2916 1112 2946 divina
1135 2915 1287 2957 faciens,

220 2970 235 2986 ν
258 2969 322 2990 non
345 2959 487 2990 humana
510 2959 685 2991 secundum
708 2960 887 2997 hominem;
913 2959 970 2991 sed
991 2960 1062 2990 Deo
1083 2960 1211 2992 homine
1228 2960 1288 3001 sa-

221 3014 236 3030 »
260 3009 319 3041 cto,
345 3013 428 3034 nova
451 3003 590 3044 quadam
613 3004 676 3034 Dei
698 3009 729 3035 et
751 3004 888 3035 hominis
906 3005 1100 3044 operatione.
1116 3005 1215 3042 Quod
1233 3015 1287 3035 au-

221 3058 236 3074 »
259 3054 324 3078 tem
347 3047 531 3079 intellexerit
554 3048 633 3079 duas
656 3058 722 3079 esse
745 3048 945 3088 operationes
968 3048 1001 3079 in
1025 3048 1169 3087 Christo,
1190 3059 1289 3080 unam

222 3103 238 3119 ι
260 3091 383 3122 divinae
406 3099 555 3130 naturae,
588 3091 683 3123 aliam
706 3099 814 3124 autem
836 3093 1010 3130 humanae,
1043 3099 1129 3133 patet
1151 3103 1188 3124 ex
1219 3093 1288 3133 his,

223 3148 238 3163 ι
260 3145 342 3176 quae
375 3135 449 3166 dicit
470 3135 504 3167 in
527 3147 549 3166 n
573 3146 641 3176 cap.
665 3136 704 3167 de
727 3136 851 3168 Divinis
878 3136 1091 3176 Nominibus,
1115 3137 1170 3168 ubi
1194 3137 1287 3169 dicit:

223 3191 238 3206 2
261 3179 359 3217 Quod
386 3180 453 3218 his,
477 3190 560 3221 quae
577 3182 743 3221 pertinent
765 3181 808 3212 ad
832 3181 1006 3212 humanam
1035 3182 1104 3212 eius
1129 3183 1287 3222 operatio-

223 3235 238 3250 »
261 3233 344 3261 nem,
369 3224 467 3254 Pater
490 3230 520 3255 et
543 3224 683 3265 Spiritus
705 3230 837 3256 sanctus
861 3226 951 3256 nulla
975 3226 1101 3256 ratione
1114 3228 1287 3257 communi-

223 3279 238 3295 »
261 3273 354 3305 cant;
377 3269 440 3299 nisi
461 3269 533 3309 quis
553 3268 674 3300 dixerit
695 3269 869 3300 secundum
893 3269 1153 3311 benignissimam
1177 3276 1208 3302 et
1230 3273 1288 3302 mi-

222 3323 238 3339 »
259 3311 453 3343 sericordem
487 3313 700 3351 voluntatem,
735 3313 767 3344 in
800 3320 958 3355 quantum
990 3314 1106 3346 scilicet
1136 3315 1227 3346 Pater
1259 3323 1290 3347 et

223 3368 238 3383 ›
261 3354 396 3396 Spiritus
419 3364 545 3388 sanctus
569 3367 605 3388 ex
629 3367 686 3388 sua
702 3357 917 3389 misericordia
934 3358 1104 3390 voluerunt
1125 3358 1288 3391 Christum

223 3412 238 3427 ι·
261 3410 351 3439 agere
367 3407 397 3431 et
407 3401 471 3441 pati
488 3401 637 3432 humana.
657 3401 755 3436 Addit
772 3409 894 3434 autem:
912 3403 956 3434 Et
971 3403 1146 3435 secundum
1163 3414 1287 3436 omnem

224 3456 239 3471 »
262 3445 519 3476 sublimissimam
535 3451 566 3477 et
576 3445 769 3486 ineffabilem
779 3447 843 3478 Dei
851 3448 1079 3487 operationem,
1089 3458 1186 3489 quam
1196 3449 1289 3480 homo

225 3499 240 3514 ›
257 3498 321 3528 pro
345 3489 433 3520 nobis
446 3489 563 3530 sactus
585 3491 780 3531 adimplevit,
806 3492 1012 3523 immutabilis
1028 3491 1177 3533 profecto
1198 3493 1289 3525 Deus

225 3543 240 3557 ι
263 3537 293 3562 et
314 3533 377 3563 Dei
405 3533 549 3565 Verbum.
574 3534 624 3565 Sic
646 3534 741 3575 igitur
764 3542 860 3576 patet,
883 3537 972 3576 quod
994 3536 1055 3567 alia
1078 3543 1124 3568 est
1147 3538 1288 3578 operatio

224 3586 241 3601 ι
264 3575 414 3615 humana,
436 3577 469 3608 in
492 3588 556 3619 qua
578 3578 670 3609 Pater
693 3585 724 3610 et
747 3579 881 3620 Spiritus
904 3587 1030 3611 sanctus
1053 3590 1120 3612 non
1143 3591 1288 3613 commu-

931 225 1390 264 DISSERTATIONES
1420 225 1667 262 CRITICAE

1340 315 1354 330 »
1377 304 1493 343 nicant,
1518 304 1578 335 nisi
1603 305 1780 335 secundum
1803 305 2052 345 acceptationem
2069 304 2301 335 misericordiae
2317 311 2409 335 suae:

1340 359 1355 375 »
1378 355 1408 379 et
1431 349 1492 379 alia
1514 355 1560 379 est
1584 349 1651 379 eius
1675 349 1829 388 operatio,
1853 349 2044 390 inquantum
2068 356 2114 380 est
2132 349 2191 380 Dei
2208 350 2360 387 Verbum,
2377 348 2410 378 in

1340 404 1355 419 ι
1377 402 1442 432 qua
1466 393 1704 423 communicant
1726 393 1817 423 Pater
1835 399 1866 424 et
1879 393 2014 433 Spiritus
2029 401 2164 424 sanctus.
2183 406 2197 420 ›
2217 393 2329 424 Paucis
2343 403 2410 423 ver-

1338 436 1385 466 bis
1408 437 1599 476 Angelicum
1623 436 1687 467 divi
1709 437 1857 467 Thomae
1880 437 2055 477 ingenium,
2071 448 2152 479 quae
2175 438 2239 468 lato
2264 447 2411 467 sermone

1337 490 1398 510 nos
1421 481 1646 519 enarravimus,
1671 481 1891 521 complectitur
1914 482 2034 521 omnia,
2049 482 2191 523 illudque
2215 482 2410 512 animadver-

1337 530 1402 555 tere
1425 535 1492 555 non
1515 532 1695 565 praetereO,
1718 525 1922 563 Dei-viriles,
1947 533 2002 556 aut
2028 526 2311 557 humano-divinas
2334 535 2411 566 ope-

1337 568 1474 599 rationes
1505 569 1693 599 intellexisse
1722 569 1785 599 hoc
1807 569 1880 599 loco
1913 579 1964 600 eas
1986 570 2085 600 videri
2116 570 2300 609 Thomam,
2331 580 2410 611 quas

1338 612 1483 643 dixerunt
1504 620 1623 644 veteres
1647 613 1759 644 mixtas
1783 613 2026 654 quodammodo
2046 624 2083 644 ex
2101 614 2266 655 utriusque
2281 621 2411 645 naturae

1338 656 1498 688 confluxu.
1523 657 1586 688 Sed
1609 657 1704 688 etiarn
1733 657 1915 687 testimonia
1946 664 2071 698 praesto
2095 665 2188 697 sunt,
2211 658 2266 689 ubi
2289 665 2412 699 praeter

1336 700 1370 730 id
1392 710 1492 740 genus
1514 701 1721 731 Deivirilium
1746 701 1986 741 operationum,
2009 712 2123 732 vocem
2146 702 2227 733 hanc
2251 702 2412 742 protendit

1336 745 1376 774 ad
1399 744 1474 775 alias
1498 744 1616 775 Christi
1639 744 1796 785 quaslibet
1819 746 2030 785 operationes,
2045 753 2158 786 utpote
2177 746 2410 787 proficiscentes

1336 799 1354 818 a
1377 798 1513 828 persona
1537 788 1643 818 divina
1665 788 1698 818 in
1721 795 1833 819 natura
1856 789 1996 820 humana
2025 791 2223 822 subsistente.
2247 791 2303 822 Ait
2325 791 2411 821 enim

1335 833 1369 863 in
1383 833 1437 870 111,
1453 832 1523 862 dist.
1538 842 1624 870 xvm,
1639 842 1694 873 qu.
1709 842 1731 870 1,
1747 839 1803 863 art.
1827 843 1838 863 1
1861 833 1902 863 ad
1916 841 1944 864 1:
1969 847 1983 862 ‹
2000 834 2190 873 Dicendum,
2206 835 2296 876 quod
2315 835 2411 866 actio-

1338 889 1352 904 »
1375 877 1450 907 nem
1474 875 1591 907 Christi
1624 876 1700 907 dicit
1731 876 1907 917 Dionysius
1938 878 2148 916 Deivirilem,
2173 889 2240 909 non
2273 879 2349 919 quia
2372 879 2411 909 sit

1338 934 1352 949 »
1375 920 1559 961 simpliciter
1582 930 1646 951 una
1669 919 1752 951 actio
1776 920 1908 951 Deitatis
1932 928 1962 952 et
1984 921 2190 953 humanitatis
2212 922 2246 952 in
2270 922 2410 953 Christo:

1337 978 1351 993 »
1375 965 1429 995 sed
1453 965 1528 1006 quia
1559 965 1699 995 actiones
1723 964 1860 995 duarum
1891 972 2077 996 naturarum
2100 972 2258 1006 quantum
2281 967 2322 996 ad
2353 966 2412 997 tria

1336 1022 1350 1037 ›
1375 1009 1538 1040 uniuntur.
1562 1009 1687 1048 Primo,
1714 1016 1872 1050 quantum
1895 1010 1934 1040 ad
1957 1009 2066 1050 ipsum
2089 1010 2294 1050 suppositum
2316 1020 2412 1050 agens

1335 1066 1351 1082 ›
1373 1054 1531 1085 actionem
1546 1053 1686 1084 divinam
1702 1060 1734 1084 et
1749 1053 1935 1092 humanam,
1952 1054 2041 1095 quod
2060 1060 2106 1085 est
2122 1064 2235 1085 unum.
2252 1054 2412 1093 Secundo,

1337 1112 1351 1127 »
1374 1104 1531 1139 quantum
1555 1098 1595 1128 ad
1617 1108 1721 1129 unum
1737 1098 1894 1137 effectum,
1916 1098 1972 1139 qui
1991 1098 2105 1129 dicitur
2125 1108 2209 1139 opus
2233 1105 2411 1139 operatum,

1336 1155 1351 1171 2
1373 1142 1424 1173 vel
1433 1142 1626 1183 apotelesma
1641 1143 1818 1173 secundum
1833 1143 2080 1182 Damascenum,
2091 1143 2171 1174 sicut
2186 1143 2353 1174 mundatio
2367 1143 2412 1173 le-

1337 1200 1352 1215 »
1375 1187 1471 1227 prosi.
1496 1186 1618 1225 Tertio,
1633 1194 1791 1228 quantum
1809 1187 1849 1217 ad
1863 1187 1936 1226 hoc,
1952 1188 2042 1228 quod
2055 1188 2197 1218 humana
2215 1187 2297 1218 actio
2312 1187 2413 1228 ipsius

1338 1244 1352 1259 ι
1372 1231 1488 1262 Christi
1511 1231 1716 1271 participabat
1744 1231 1864 1272 aliquid
1887 1232 1926 1262 de
1949 1231 2141 1272 perfectione
2170 1231 2294 1262 divinae
2321 1238 2412 1262 natu-

1340 1289 1355 1304 «
1377 1283 1444 1306 rae:
1481 1275 1563 1306 sicut
1592 1276 1768 1307 intellectus
1799 1276 1867 1306 eius
1897 1276 1966 1306 aliis
1998 1276 2188 1307 eminentius
2220 1276 2414 1316 intelligebat

1339 1332 1354 1347 2
1377 1330 1414 1350 ex
1436 1319 1550 1350 virtute
1574 1320 1671 1350 divini
1694 1320 1871 1351 intellectus
1902 1320 1960 1351 sibi
1984 1320 2017 1351 in
2041 1331 2177 1361 persona
2201 1320 2372 1351 coniuncti.
2394 1331 2409 1347 »

1339 1365 1446 1401 Quam
1470 1364 1607 1405 denique
1631 1365 1807 1395 doctn'nam
1831 1365 1950 1405 paucis,
1971 1365 2027 1395 sed
2049 1365 2307 1396 luculentissimis
2323 1374 2412 1395 com-

1339 1408 1527 1448 prehensam
1540 1408 1642 1439 verbis
1656 1408 1791 1448 legimus
1805 1409 1886 1440 libro
1898 1410 1939 1440 lv
1955 1416 2064 1440 contra
2080 1409 2208 1448 Gentes,
2223 1419 2292 1449 cap.
2300 1416 2412 1439 xxxvr:

1338 1453 1519 1492 Dionysius
1541 1453 1716 1483 humanam
1743 1453 1864 1484 Christi
1885 1455 2102 1494 operationem
2126 1459 2218 1485 vocat
2236 1453 2413 1484 meandri-

1339 1506 1421 1534 cam,
1447 1496 1528 1527 idest
1548 1497 1749 1535 Deivirilem,
1775 1499 1870 1528 etiam
1894 1499 1970 1538 quia
1985 1504 2032 1529 est
2044 1499 2108 1528 Dei
2122 1504 2152 1529 et
2166 1499 2313 1529 hominis.
2328 1497 2416 1529 Vidit

1340 1550 1415 1580 ergo
1439 1540 1583 1571 Thomas
1606 1540 1640 1571 in
1662 1541 1893 1581 Areopagiticis
1916 1542 2017 1581 dictis,
2037 1552 2119 1584 quae
2133 1542 2227 1573 toties
2242 1548 2344 1573 versat
2356 1551 2415 1572 vo-

1341 1591 1454 1625 catque
1476 1584 1517 1615 ad
1540 1594 1688 1623 examen,
1712 1585 1902 1626 multiplices
1926 1596 2036 1617 sensus
2067 1583 2243 1627 omnesque
2272 1586 2417 1627 apprime

1341 1629 1556 1668 orthodoxos;
1580 1639 1719 1660 errorem
1742 1639 1800 1660 nec
1822 1629 1911 1668 vidit,
1935 1640 1992 1661 nec
2015 1630 2130 1662 refutat
2153 1631 2268 1662 ullum.

1700 1716 1910 1754 CAPUT
1938 1717 2059 1754 XIX.

1342 1802 1521 1844 Areopagitica
1545 1802 1611 1828 dicta
1630 1808 1812 1863 compilarantur
1836 1811 1896 1828 cum
1906 1803 2094 1864 dliutyschianiq³
2101 1810 2127 1846 et
2138 1803 2363 1864 ‘bilonothelitici'sz
2381 1804 2418 1830 la—

1413 1843 1880 1907 ?Zssssi'ussffuiiossffssssysigmssmss
1899 1847 2229 1908 Mssssssffissssamssvffiff
2239 1845 2419 1907 I’pssfiiuffiss

1414 1916 1503 1942 pravo,
1522 1908 1554 1934 ab
1572 1909 1754 1942 Areopagitico
1773 1910 1850 1942 longe
1868 1909 1960 1942 alieno,
1980 1916 2155 1944 exposuerunt
2173 1916 2200 1936 et
2212 1916 2419 1944 propugnarunt.

1343 1984 1365 2015 1.
1389 1977 1736 2060 Menophysiticam
1757 1987 1791 2018 in
1812 1987 2042 2029 Areopagiticis
2066 1988 2156 2020 dictis
2179 1989 2366 2030 pravitatem
2384 2001 2417 2021 se

1480 2030 1722 2071 deprehendisse
1745 2031 1941 2073 frequentius
1964 2033 2095 2064 adnotat
2117 2033 2332 2076 admonetque
2357 2035 2417 2066 Le-

1342 2073 1490 2115 quienus,
1515 2075 1752 2115 comparatione
1776 2086 1890 2107 eorum
1909 2076 1989 2108 facta
2008 2087 2083 2108 cum
2097 2078 2372 2119 Eutychianorum
2386 2086 2418 2110 et

1342 2119 1626 2150 Monothelitarum
1650 2120 1823 2159 sententiis,
1847 2130 1926 2161 quas
1950 2128 2041 2161 putat
2064 2121 2199 2152 omnino
2222 2132 2312 2163 pares
2330 2123 2418 2154 simi-

1342 2162 1460 2204 lesque.
1484 2163 1576 2194 Hanc
1600 2170 1631 2195 et
1653 2163 1732 2194 mihi
1755 2171 1919 2205 postremo
1942 2165 2016 2196 loco
2038 2165 2117 2196 inire
2145 2167 2419 2207 comparationem

1342 2207 1434 2238 liceat
1461 2217 1536 2239 cum
1569 2207 1689 2239 eisdem
1718 2208 1993 2250 Eutychianorum
2026 2219 2082 2241 seu
2114 2210 2418 2252 Monophysitarum

1342 2252 1543 2291 testimoniis,
1567 2262 1649 2293 quae
1673 2253 1792 2293 profert
1811 2253 1843 2284 in
1864 2253 2009 2284 medium
2022 2253 2070 2284 vir
2085 2254 2305 2287 doctissimus:
2319 2255 2418 2298 idque

1342 2296 1422 2327 lucri
1445 2297 1659 2328 obventurum
1683 2297 1823 2336 confido,
1847 2304 1883 2329 ut
1906 2298 2127 2339 Areopagitica
2150 2299 2233 2330 dicta
2254 2306 2326 2331 tum
2349 2311 2417 2332 ver-

1342 2340 1402 2380 bis,
1425 2347 1495 2372 tum
1519 2351 1613 2372 sensu
1635 2341 1731 2381 longe
1754 2342 1879 2383 lateque
1903 2342 2023 2373 diversa
2046 2350 2226 2384 appareant.

1409 2385 1517 2416 Sectae
1533 2385 1704 2426 Coriphaei
1719 2386 1904 2428 Eutychetis
1920 2387 2003 2418 dicta
2016 2395 2188 2419 occurrunt
2201 2388 2319 2429 primo,
2333 2398 2418 2430 quae

1343 2429 1528 2460 exhibentur
1542 2429 1676 2461 Actione
1696 2431 1830 2471 septima
1845 2431 1981 2462 Concilii
1997 2431 2343 2473 Constantinopolitani
2362 2443 2417 2464 an-

1342 2484 1386 2504 no
1409 2473 1474 2514 448
1499 2474 1558 2505 sub
1573 2474 1725 2505 Flaviano
1745 2475 1900 2514 celebrati,
1917 2475 2007 2507 cuius
2022 2482 2090 2508 acta
2104 2476 2137 2507 in
2150 2477 2286 2508 Actione
2301 2477 2313 2509 1
2328 2477 2417 2509 Con-

1343 2518 1407 2549 cilii
1438 2517 1708 2550 Calchedonensis
1740 2519 1891 2551 recensita
1923 2520 2081 2561 leguntur.
2113 2521 2259 2562 Nempe,
2291 2522 2416 2563 urgenti

1342 2562 1472 2594 laudato
1495 2563 1666 2602 Flaviano,
1698 2564 1878 2595 orthodoxo
1907 2564 2233 2606 Constantinopoleos
2255 2566 2416 2606 Antistia,

1344 2614 1379 2638 ut
1401 2606 1655 2638 Archimandrita
1682 2607 1734 2638 ille
1765 2608 1914 2639 fateretur
1943 2618 2010 2639 non
2034 2609 2140 2642 solum
2164 2610 2417 2642 consubstantia-

1343 2651 1405 2682 lem
1428 2651 1522 2681 Patri
1545 2650 1710 2682 Christum
1738 2652 1913 2683 secundum
1945 2653 2161 2690 divinitatem,
2186 2663 2298 2684 verum
2321 2654 2418 2685 etiam

1344 2695 1644 2726 consubstantialem
1668 2696 1774 2726 Matri
1795 2706 1831 2726 ac
1854 2696 1947 2727 nobis
1969 2696 2144 2728 secundum
2163 2697 2395 2729 humanitatem
2402 2706 2417 2737 ;

1343 2738 1487 2779 reposuit
1507 2749 1529 2769 1.
1553 2739 1610 2770 Sui
1640 2749 1707 2770 non
1730 2749 1815 2778 esse,
1837 2740 1902 2771 Dei
1924 2745 1955 2771 et
1985 2741 2119 2771 Domini
2145 2742 2228 2772 caeli
2249 2747 2280 2772 et
2308 2747 2418 2774 terrae

1345 2788 1496 2814 naturam
1529 2782 1712 2814 edisserere:
1739 2793 1769 2814 2.
1794 2784 1834 2815 Se
1857 2784 1970 2815 dixisse
1998 2794 2188 2826 numquam,
2212 2795 2329 2826 corpus
2350 2787 2418 2818 Do-

1345 2827 1424 2857 mini
1446 2832 1477 2858 et
1498 2827 1562 2858 Dei
1583 2828 1687 2858 nostri
1709 2828 1979 2860 consubstantiale
2002 2829 2108 2860 nobis:
2130 2830 2157 2860 3.
2174 2830 2214 2861 Se
2228 2829 2344 2871 pariter
2357 2832 2416 2862 mi-

1345 2871 1430 2901 nime
1454 2870 1574 2909 dicere,
1603 2881 1720 2912 corpus
1742 2872 1879 2903 hominis
1906 2883 2023 2914 corpus
2044 2873 2108 2904 Dei
2114 2881 2127 2911 ,·
2153 2874 2330 2906 humanum
2357 2885 2416 2907 au-

1345 2921 1406 2956 tem
1431 2924 1500 2946 esse
1522 2925 1648 2956 corpus,
1674 2916 1763 2957 quod
1784 2916 1884 2948 inerat
1907 2917 1976 2948 lesu
2001 2917 2130 2949 Christo
2154 2924 2184 2949 et
2202 2928 2320 2959 corpus
2341 2920 2416 2952 Dei.

1343 2959 1498 3000 Negantia
1527 2966 1687 3000 postrema
1716 2960 1792 2992 haec
1819 2961 1914 2992 verba
1941 2961 2134 2993 catholicum
2165 2963 2256 2993 edere
2286 2973 2417 2995 sensum

1344 3010 1496 3044 possunt;
1519 3004 1782 3046 quandoquidem
1805 3015 1921 3046 corpus
1944 3005 2073 3044 Christi,
2098 3006 2123 3037 si
2146 3007 2186 3037 ad
2209 3007 2352 3039 Verbum
2371 3008 2417 3039 di·

1343 3047 1467 3087 vinum,
1491 3048 1581 3079 cuius
1604 3055 1661 3087 est,
1685 3049 1835 3080 referatur
1858 3047 1909 3092 (ut
1931 3050 2084 3082 adnotant
2107 3050 2262 3095 theologi)
2281 3061 2348 3083 non
2369 3059 2417 3084 est

1345 3102 1460 3133 corpus
1484 3092 1635 3131 hominis,
1659 3093 1715 3124 sed
1737 3093 1808 3131 Dei,
1831 3094 1887 3135 qui
1911 3104 1975 3136 qua
1998 3095 2085 3126 Deus
2109 3102 2156 3126 est
2178 3102 2233 3127 aut
2255 3096 2414 3136 Verbum,

1344 3146 1411 3167 non
1434 3143 1481 3167 est
1509 3137 1625 3168 homo:
1657 3144 1689 3168 at
1721 3138 1841 3178 puerile
1871 3145 1978 3170 tamen
2007 3146 2054 3170 est
2076 3140 2118 3170 ob
2149 3139 2231 3171 hanc
2257 3140 2415 3172 rationem

1343 3179 1491 3220 inficiari,
1516 3191 1632 3222 corpus
1663 3181 1780 3213 Christi
1812 3192 1879 3213 esse
1906 3193 2022 3224 corpus
2052 3183 2212 3223 hominis,
2236 3194 2276 3215 eo
2298 3194 2415 3226 nempe

1344 3235 1438 3256 sensu
1461 3225 1537 3267 quia
1566 3225 1652 3256 idem
1675 3226 1762 3257 Deus
1792 3237 1828 3258 ac
1851 3227 1993 3259 Verbum
2024 3228 2092 3259 sine
2115 3228 2214 3259 dubio
2244 3235 2292 3260 est
2312 3227 2414 3259 homo

1344 3269 1521 3301 secundum
1550 3277 1737 3311 susceptam,
1757 3271 1796 3302 ab
1820 3281 1859 3302 eo
1889 3281 2026 3304 carnem.
2054 3272 2195 3304 Penitior
2222 3272 2284 3303 alia
2313 3272 2414 3314 Euty-

1344 3313 1441 3345 chetis
1456 3324 1547 3345 mens
1562 3321 1637 3354 erat,
1655 3325 1754 3356 quam
1769 3316 1951 3357 Lequienus
1965 3316 2078 3357 aperit:
2096 3326 2195 3348 unam
2210 3325 2276 3348 esse
2296 3315 2414 3348 Christi

1344 3365 1500 3398 naturam,
1517 3358 1634 3390 scilicet
1656 3359 1797 3390 divinam
1815 3367 1846 3392 et
1863 3360 1938 3392 huic
1958 3361 2189 3392 humanitatem
2211 3360 2415 3392 coniunctam

1343 3402 1440 3434 instar
1461 3403 1644 3444 appendicis
1667 3403 1848 3444 cuiusdam3
1871 3415 1907 3437 ac
1931 3405 2025 3437 etiam
2048 3404 2202 3436 divinitati
2231 3405 2414 3436 immersam

1344 3454 1375 3478 et
1398 3457 1416 3478 a
1437 3447 1599 3479 divinitate
1622 3448 1815 3489 absorptam,
1839 3459 1894 3480 seu
1919 3456 2106 3490 pertractatu
2128 3449 2168 3480 ad
2188 3448 2287 3490 ipsius
2302 3448 2414 3479 divini-

1345 3491 1415 3522 tatis
1447 3492 1684 3532 operationem:
1719 3493 1762 3524 ita
1792 3500 1828 3525 ut
1861 3493 2018 3535 quidquid
2048 3493 2151 3525 vitalis
2173 3499 2205 3524 et
2236 3493 2357 3524 actuosi
2380 3493 2414 3524 in

1345 3535 1473 3567 Christo
1497 3536 1589 3575 foret,
1613 3537 1645 3567 id
1669 3545 1749 3568 esset
1771 3548 1878 3569 revera
1900 3538 2043 3580 operatio
2067 3537 2183 3575 divina,
2198 3546 2254 3577 per
2268 3543 2414 3568 naturam

1345 3580 1520 3611 humanam
1542 3581 1668 3612 traiecta
1690 3581 1787 3613 veluti
1810 3592 1866 3623 per
1888 3581 2153 3620 instrumentum,
2176 3580 2276 3622 ipsius
2299 3581 2413 3612 huma-
