2548 4192
199 293 245 319 ει.
923 276 1382 316 DISSERTATIONES
1412 277 1661 313 CRITICAE

204 373 220 388 »
243 361 334 391 muni
366 360 500 391 laudum
532 359 751 390 modulatione
785 369 858 389 cum
899 357 1113 397 superioribus
1146 355 1270 385 mundo

206 418 221 433 »
244 404 429 435 exercitibus
444 404 685 444 coniungamur.
700 416 714 430 »
728 403 827 433 Notas
844 402 974 432 consule
989 400 1163 430 doctissimi
1182 400 1270 430 Sam-

203 449 343 479 mauraei
367 449 504 479 editoris.
529 447 710 487 Significent
733 457 806 486 ergo
830 446 948 485 figurae
980 445 1050 474 illae
1080 444 1162 474 duae
1190 454 1270 474 sera-

204 493 314 534 phicae
339 493 508 524 Canticum
535 493 725 532 Trisagion,
750 491 839 531 quod
862 490 894 519 in
923 489 1015 519 caelis
1039 495 1194 528 perpetuo
1218 489 1271 518 de-

205 544 365 575 cantatur;
385 532 462 577 quid
485 536 559 566 inde
582 536 752 572 extundas‚
777 534 865 574 quod
889 540 1029 563 mentem
1053 540 1084 563 et
1107 532 1272 572 ingenium

205 582 344 612 redoleat
367 580 529 621 Cnaphaei
553 586 583 610 et
606 579 859 615 Severianorum,
876 587 950 607 cum
974 577 1053 607 illud
1068 577 1100 607 in
1124 576 1271 616 liturgico

205 625 311 656 officio
335 625 463 665 antiqua
487 623 591 654 omnis
615 623 767 652 catholica
790 621 930 652 Ecclesia
953 618 1149 651 adhibuerit?

272 671 314 699 At
336 669 368 698 in
393 678 431 698 eo
456 667 617 698 contendit
638 666 784 696 laudatus
809 665 990 706 Loquienus
1014 675 1145 705 pravam
1176 665 1271 695 latere

205 713 446 744 Severianorum
478 718 637 749 mentem,
663 710 752 751 quod
781 711 952 751 Trisagion
983 709 1062 740 illud
1095 710 1135 739 ad
1165 710 1272 739 solum

205 757 322 787 Filium
346 757 450 786 Iesum
473 755 647 791 Christum,
664 764 752 785 sacro
776 760 941 794 unguento
965 753 1194 793 significatum,
1219 754 1272 783 ad-

204 801 346 841 plicetur.
362 803 408 830 Ac
424 809 497 830 sane
513 799 641 829 Fulloni
658 799 768 829 datum
785 798 907 829 crimini
923 798 993 836 fuit,
1004 798 1093 839 quod
1109 798 1149 828 ad
1165 798 1272 838 ipsum

204 845 310 875 solum
333 844 451 874 Filium
474 853 600 874 carmen
623 843 702 873 illud
725 843 887 883 redegerit,
904 843 1043 873 Sanctus
1065 843 1166 880 Deus,
1191 842 1272 872 San-

204 894 274 919 ctus
295 889 413 926 Fortis,
431 888 570 918 Sanctus
593 887 802 925 Immortalis,
819 887 944 918 invecto
968 887 1196 924 additamento,
1217 887 1273 927 qui

204 933 379 973 crucifixus
402 942 435 963 es
458 942 523 972 pro
547 932 645 963 nobis.
663 932 828 962 Petavium
850 931 919 971 lege
948 931 1028 962 libro
1053 932 1081 962 V
1105 931 1143 961 de
1172 932 1272 961 Incar-

204 977 342 1014 natione,
359 976 460 1017 capite
475 976 546 1017 1v‚§
561 986 593 1016 4.
609 976 720 1007 Nolim
737 986 796 1015 ego
813 976 991 1006 subtiliores
1010 976 1072 1006 hoc
1087 976 1161 1006 loco
1177 986 1272 1016 quae-

204 1021 321 1051 stiones
344 1021 469 1060 agitare.
490 1021 552 1051 Pro
569 1027 654 1051 certo
678 1020 756 1051 illud
779 1021 882 1050 habeo
898 1020 1195 1060 Areopagiticorum
1218 1030 1273 1050 au-

204 1065 282 1096 ctori
306 1072 446 1095 mentem
470 1065 703 1106 consiliumque
726 1075 793 1095 non
817 1065 923 1103 fuisse,
949 1071 985 1095 ut
1013 1065 1184 1105 Trisagion
1214 1065 1273 1094 soli

205 1109 331 1140 Christo
355 1109 549 1150 adplicatum
581 1120 619 1140 eo
643 1109 704 1140 ritu
737 1109 970 1148 intelligeretur.
997 1109 1152 1146 Quinimo
1186 1109 1273 1140 Sera-

205 1153 295 1194 phim
318 1153 374 1191 illi,
391 1154 555 1184 adstantes
577 1153 663 1191 Iesu,
680 1153 846 1184 concinere
864 1153 1083 1193 intelliguntur
1105 1153 1273 1193 Trisagion

204 1198 417 1228 sanctissimae
440 1197 597 1236 Trinitati,
627 1198 732 1228 Iesum
765 1197 968 1228 sanctificanti
1000 1205 1031 1228 et
1058 1198 1131 1228 oleo
1159 1198 1275 1238 gratiae

205 1242 385 1282 plenissime
408 1242 583 1282 inungenti.
600 1242 749 1273 Auctoris
771 1242 1022 1272 luculentissima
1052 1242 1158 1282 accipe
1181 1243 1275 1272 verba

204 1287 278 1317 loco
302 1287 396 1317 citato
420 1296 510 1317 num.
536 1287 599 1327 3‚§
629 1294 683 1317 10:
700 1287 912 1327 Nequaquam
937 1287 1056 1327 igitur,
1083 1287 1274 1327 inquientis,

204 1331 423 1361 divinissimus
438 1331 622 1362 caelestium
640 1332 850 1361 essentiarum
874 1331 954 1361 ordo
977 1331 1150 1371 ignorabat
1166 1331 1273 1362 Iesum

205 1375 437 1405 divinissimum
452 1375 715 1416 sanctificationis
733 1385 812 1416 ergo
829 1375 1047 1405 descendisse:
1066 1385 1176 1406 verum
1196 1377 1274 1406 scie-

206 1419 302 1449 bat....
320 1424 351 1450 et
373 1419 413 1449 ab
437 1421 569 1459 ipsomet
591 1420 688 1449 Patre
711 1419 897 1459 Spirituque
919 1419 1060 1450 humano
1084 1429 1174 1450 more
1199 1430 1274 1450 san—

206 1463 389 1504 ctificatum.
402 1463 568 1494 Consonat
583 1463 788 1495 Scholiastes:
806 1463 891 1493 Nam
909 1468 939 1493 et
953 1463 1055 1500 Iesus,
1067 1464 1123 1504 qui
1137 1469 1172 1494 ut
1185 1464 1276 1494 Deus

206 1509 314 1538 omnia
337 1508 527 1549 sanctificat,
546 1514 581 1538 ut
603 1509 695 1538 homo
719 1508 814 1538 etiam
838 1507 1057 1548 sanctificatus
1071 1507 1145 1548 fuit
1167 1518 1188 1538 a
1214 1509 1274 1538 Pa-

206 1557 256 1582 tre
278 1557 308 1582 et
330 1562 350 1582 a
373 1553 550 1592 semetipso,
567 1553 643 1592 quia
661 1553 755 1582 etiam
779 1552 870 1582 Deus
886 1557 948 1588 est,
966 1557 997 1582 et
1019 1562 1039 1582 a
1061 1552 1184 1592 Spiritu
1200 1562 1274 1583 san-

209 1601 278 1632 cto,·
295 1597 466 1627 scientibus
488 1606 612 1637 quoque
627 1596 814 1627 caelestibus
836 1596 1045 1627 ordinibus....
1066 1597 1190 1626 Eodem
1214 1597 1275 1627 ritu

206 1640 366 1680 hodieque
390 1647 523 1671 utuntur
545 1640 667 1678 Graeci,
685 1647 720 1671 ut
735 1640 821 1680 apud
837 1640 991 1671 Goarium
1008 1640 1113 1671 videre
1137 1647 1196 1672 est:
1222 1651 1274 1672 ne-

206 1694 270 1724 que
293 1691 384 1724 puto,
401 1684 559 1725 quispiam
575 1684 695 1722 dixerit,
712 1694 745 1714 se
761 1684 961 1715 conformare
976 1684 1048 1715 illos
1068 1685 1148 1716 velle
1176 1685 1275 1716 menti

207 1728 404 1769 consilioque
427 1729 508 1759 Petri
533 1729 677 1759 Fullonis
694 1735 725 1759 et
747 1728 1000 1759 Severianorum.

274 1772 443 1803 Caeterum
475 1773 514 1803 ad
546 1773 625 1803 illud
657 1774 746 1814 quod
779 1773 889 1803 attinet
920 1773 1107 1813 Trisagion,
1137 1774 1276 1805 Sanctus

205 1817 306 1854 Deus,
324 1817 463 1848 Sanctus
485 1818 603 1855 Fortis,
624 1817 763 1848 Sanctus
779 1823 810 1848 et
832 1817 1041 1855 Immortalis,
1059 1828 1134 1848 cum
1157 1819 1275 1850 addita-

206 1868 315 1891 mento
338 1861 420 1891 Petri
444 1862 599 1899 Fullonis‚
620 1862 684 1899 Qui
706 1862 882 1902 crucifixus
905 1871 939 1893 es
957 1872 1020 1902 pro
1044 1863 1143 1899 nobis,
1162 1873 1219 1893 nec
1239 1863 1275 1893 il-

205 1905 261 1935 lud
285 1905 424 1936 indicant
445 1906 743 1946 Areopagiticorum
760 1906 896 1937 auctoris
911 1907 1023 1944 verba;
1043 1917 1100 1937 nec
1119 1907 1198 1937 illud
1215 1914 1272 1945 est,

207 1950 296 1990 quod
319 1950 374 1979 abs
397 1950 562 1990 Seraphim
578 1950 611 1980 in
630 1950 722 1981 caelis
739 1950 895 1981 decantari
912 1951 1059 1982 audiebat
1082 1951 1185 1982 lsaias.
1203 1952 1274 1983 Ori-

206 1993 314 2033 ginem
338 1994 555 2027 eiusnarrant
578 1994 776 2025 ecclesiastici
799 1995 975 2035 scriptoreS.

573 2098 772 2135 CAPUT
807 2099 904 2135 XII.

205 2191 359 2224 Symbolum
379 2190 437 2216 fidei
457 2199 509 2215 non
524 2191 618 2215 indicat
635 2195 726 2216 auctor
745 2191 985 2224 Areopagiticorurn
1008 2193 1057 2225 legi
1083 2197 1128 2217 aut
1146 2193 1273 2219 decantari

275 2227 379 2251 solitum
394 2227 419 2251 in
439 2226 560 2258 Litus-gia,
575 2234 654 2259 quam
670 2227 798 2251 describit.
814 2227 889 2252 Unde
908 2228 1044 2261 praecipua
1065 2228 1131 2253 cadit
1149 2229 1274 2262 Lequieni

273 2262 418 2287 coniectura
437 2262 470 2287 de
487 2261 674 2294 Areopagiticis
693 2262 764 2287 libris
784 2262 861 2287 Petro
879 2263 981 2288 Fulloni
1001 2263 1184 2289 adscribendis.

203 2349 226 2379 1.
250 2341 428 2423 Morem
458 2349 582 2390 legendi
617 2356 671 2381 aut
699 2350 845 2381 cantandi
875 2350 948 2381 fidei
978 2351 1171 2393 Symbolum
1201 2359 1276 2393 post

339 2394 568 2434 Evangelium,
591 2394 824 2425 catechumenis
855 2402 886 2426 et
917 2396 1137 2436 energumenis
1168 2396 1274 2427 dimis-

202 2438 255 2476 sis,
271 2438 304 2468 in
327 2449 413 2469 sacra
435 2438 578 2478 liturgia,
601 2449 620 2469 a
642 2439 736 2469 Petro
766 2439 902 2470 Fullone
935 2440 1082 2480 primitus
1113 2440 1274 2472 invectum

203 2489 277 2523 post
290 2483 461 2514 secundam
477 2483 544 2514 eius
568 2482 649 2514 sedis
664 2483 882 2514 Antiochense
895 2484 1093 2515 invasionem
1108 2495 1193 2516 anno
1208 2486 1273 2527 476

203 2537 262 2567 pro
287 2534 371 2558 certo
401 2527 518 2558 habent
550 2527 707 2558 doctiores
736 2528 875 2568 quique,
892 2528 947 2569 qui
976 2529 1014 2559 de
1038 2529 1131 2560 sacris
1164 2530 1275 2561 ritibus

205 2578 313 2611 agunt,
331 2571 392 2602 fide
416 2578 446 2602 et
470 2571 655 2602 auctoritate
685 2571 782 2602 innixi
806 2572 971 2603 Theodori
995 2574 1145 2605 Lectoris.
1172 2575 1275 2605 Verba

205 2615 272 2646 eius
296 2626 364 2656 cap.
381 2626 435 2646 vm
459 2615 615 2646 dedimus.
633 2615 743 2646 Ritum
767 2615 864 2647 istum
888 2616 962 2647 satis
985 2617 1115 2648 indicari
1141 2618 1275 2659 Lequie-

204 2670 265 2690 nus
289 2660 450 2691 contendit
483 2661 521 2691 ab
545 2667 674 2691 auctore
706 2660 1004 2701 Areopagiticorum
1035 2661 1136 2702 capite
1168 2673 1202 2693 111
1235 2663 1274 2693 de

205 2704 411 2735 ecclesiastica
433 2704 616 2735 Hierarchia
631 2714 721 2735 num.
740 2714 771 2743 2,
790 2705 845 2735 ubi
861 2705 938 2736 haec
963 2705 1137 2737 habentur:
1157 2707 1275 2738 Sacra-

205 2759 277 2779 rum
301 2749 545 2789 Scripturarum
570 2749 704 2780 lectione
715 2749 835 2790 finita,
859 2759 954 2780 sacro
976 2750 1098 2782 ambitu
1129 2752 1274 2782 cathecu-

204 2794 290 2823 meni
311 2798 477 2830 arcentur,
501 2798 531 2824 et
553 2803 625 2824 cum
650 2794 690 2824 iis
713 2795 924 2835 energumeni
953 2799 984 2825 et
1000 2795 1210 2835 poenitentes.
1223 2818 1231 2826 .
1244 2818 1252 2826 .
1265 2818 1272 2826 .

207 2837 272 2874 Qui
294 2843 400 2868 autem
418 2838 450 2868 in
467 2838 688 2868 ministrorum
705 2838 819 2868 ordine
835 2839 964 2878 primas
980 2844 1088 2870 tenent
1111 2837 1274 2882 (Diaconi)

205 2891 270 2912 una
295 2891 366 2912 cum
383 2881 609 2913 Sacerdotibus
627 2882 735 2913 divino
750 2883 851 2913 altari
864 2892 984 2923 panem
1009 2893 1202 2925 sacrumque
1221 2894 1274 2915 ca-

204 2926 293 2956 licem
317 2925 544 2957 benedictionis
560 2927 744 2967 imponunt,
766 2927 807 2957 ab
826 2928 978 2958 universa
994 2927 1198 2968 plenitudine
1212 2928 1274 2959 Ec-

204 2970 319 3000 clesiae
343 2968 413 3012 (seu
437 2971 476 3001 ab
500 2970 591 3001 omni
614 2970 772 3001 Ecclesiae
796 2969 914 3014 coetu)
939 2973 1102 3003 communi
1123 2972 1275 3014 Hymno-

205 3014 293 3054 logia
317 3012 396 3056 (seu
429 3015 582 3046 catholica
614 3015 814 3053 laudatione,
839 3015 903 3052 τῆς
927 3013 1111 3053 καθολικῆς
1136 3016 1275 3061 ύμνολο-

205 3057 306 3102 γίας)
326 3060 515 3098 praemissa.
547 3059 638 3090 Hanc
666 3059 884 3091 laudationem
914 3061 1102 3092 catholicam
1132 3061 1276 3102 intelligit

205 3102 253 3132 vir
281 3102 481 3133 doctissimus
508 3102 581 3134 fidei
611 3104 820 3145 Symbolum:
849 3105 939 3146 quod
968 3105 1064 3136 etiam
1087 3106 1201 3137 clarius
1226 3106 1276 3136 in-

206 3146 345 3176 dicatum
376 3154 466 3186 putat
489 3148 527 3178 ab
551 3148 665 3178 eodem
697 3155 825 3179 auctore
849 3159 938 3180 num.
968 3149 1032 3191 3‚5
1056 3160 1087 3192 7,
1105 3150 1158 3181 ubi
1182 3150 1275 3181 latius

205 3190 361 3221 theoriam
384 3191 523 3231 mysterii
539 3192 683 3232 exponit:
703 3193 805 3224 Hunc
819 3199 927 3224 autem
944 3194 1113 3235 hymnum,
1130 3194 1275 3236 inquien-

205 3241 253 3271 te,
276 3235 334 3264 alii
356 3235 478 3266 Laudis
501 3238 679 3274 canticum,
703 3238 762 3267 alii
783 3238 953 3279 religionis
980 3238 1187 3279 Symbolum,
1210 3237 1274 3276 τῆς

205 3275 380 3319 Θρησκείας
405 3277 446 3311 τὸ
463 3277 646 3322 σύμβολον,
672 3282 846 3322 appellant.
866 3283 975 3323 Itaque
999 3289 1110 3314 auctor
1131 3283 1184 3314 ille
1207 3283 1274 3314 fue-

204 3323 244 3354 rit
267 3330 322 3354 aut
344 3323 412 3364 ipse
435 3324 528 3354 Fullo
545 3332 599 3356 aut
622 3325 752 3366 quidam
776 3325 856 3357 alius
879 3326 946 3357 eius
970 3327 1096 3358 assecla.

271 3367 330 3398 His
353 3367 455 3398 verbis
477 3369 705 3410 Areopagiticis
732 3369 862 3401 indicari
891 3371 1083 3412 Symbolum
1106 3370 1179 3402 fidei
1209 3381 1273 3402 cre-

205 3410 282 3442 didit
305 3411 399 3442 etiam
432 3413 530 3452 Hugo
554 3414 723 3444 Menardus
756 3414 788 3445 in
811 3414 904 3446 Notis
932 3421 963 3446 et
991 3415 1273 3447 observationibus

203 3454 236 3485 in
259 3455 374 3486 librum
398 3456 692 3488 Sacramentorum:
713 3471 726 3486 α
750 3458 823 3490 Fuit
845 3459 992 3500 quidem,
1010 3461 1171 3501 inquiens,
1189 3460 1273 3492 illius

207 3511 221 3525 ι
244 3497 434 3543 (Symboli)
458 3511 534 3531 usus
558 3501 589 3532 in
606 3502 753 3533 Ecclesiis
777 3503 982 3544 antiquorum
1011 3513 1214 3544 graecorum,
1238 3511 1274 3536 ut

208 3554 223 3570 ι»
245 3550 367 3574 constat
389 3554 426 3574 ex
449 3555 473 3575 s.
491 3545 647 3586 Dyonisio
664 3546 764 3586 capite
788 3558 821 3577 111
845 3547 1044 3579 Hierarchiae
1067 3549 1175 3580 eccles.
1198 3559 1273 3580 cum

209 3598 223 3612 ι
246 3586 407 3625 proferens
430 3589 566 3619 diversas
590 3590 759 3629 opiniones
783 3591 862 3621 circa
886 3592 1064 3632 hymnum,
1091 3593 1146 3634 qui
1169 3593 1202 3623 in
1226 3603 1273 3623 sa-

209 3641 224 3656 »
247 3630 305 3660 eris
321 3631 477 3671 Mysteriis
493 3639 645 3672 cantatur,
659 3633 703 3664 sic
719 3634 780 3664 ait:
800 3635 902 3666 Hunc
915 3641 1022 3667 autem
1043 3637 1200 3677 hymnum
1216 3638 1275 3668 alii

1329 368 1344 382 »
1366 356 1489 386 Laudis
1513 357 1672 387 canticum
1698 354 1903 399 (appellant),
1928 357 1987 387 alii
2009 357 2179 397 religionis
2199 356 2399 397 Symbolum,

1329 412 1343 426 »
1367 400 1441 438 alii,
1467 411 1538 431 mea
1561 401 1687 441 quidem
1708 402 1886 438 sententia,
1912 401 2052 431 divinius
2076 401 2310 431 hierarchicam
2334 401 2401 431 Eu-

1329 456 1343 471 »
1367 445 1588 475 charistiam.»
1616 445 1692 482 Quo
1716 451 1823 475 tamen
1846 445 1920 476 loco
1940 455 2015 476 cum
2039 445 2183 486 Symboli
2207 444 2281 475 fidei
2305 455 2402 475 usum

1325 488 1359 518 in
1383 499 1468 519 sacra
1491 489 1617 528 liturgia
1639 488 1751 519 referat
1770 490 1941 519 Menardus
1960 489 2000 519 ad
2016 489 2171 520 Ecclesias
2195 490 2405 530 antiquorum*

1325 543 1532 573 graecorum,
1557 533 1654 574 idque
1677 533 1791 573 probet
1814 543 1856 564 ex
1878 539 1989 564 sancto
2012 533 2185 574 Dionysio,
2203 544 2312 564 annon
2332 544 2402 574 spe-

1327 583 1425 607 ctasse
1448 584 1594 617 tempora
1616 577 1760 608 videatur
1782 577 1876 608 Petro
1900 577 2036 608 Fullone
2055 576 2231 608 anteriora?

1395 622 1431 652 11.
1452 621 1539 652 Vidit
1562 622 1643 652 hanc
1667 631 1742 652 vero
1767 621 1980 652 obiectionem
1997 622 2198 660 Scholiastes,
2216 622 2280 653 sive
2304 623 2402 653 Maxi-

1325 665 1431 695 ximus
1464 665 1529 696 sive
1563 666 1697 696 Ioannes
1728 666 2030 706 Scythopolitanus‚
2063 666 2256 707 depellitque
2283 667 2403 707 duplici

1327 710 1444 740 modo:
1468 722 1482 737 «
1504 710 1554 740 Ab
1570 711 1733 740 universa.
1750 710 1931 748 Quoniam,
1948 711 2106 751 inquiens,
2125 710 2219 741 etiam
2242 717 2313 741 tum
2329 710 2403 741 fidei

1329 766 1344 780 ι»
1367 754 1532 794 quoddam
1555 753 1748 794 Symbolum
1766 754 2040 794 praemittebatur;
2059 755 2110 785 vel
2128 755 2237 795 potius
2260 755 2404 786 doctrina

1329 810 1344 824 »
1367 798 1436 836 ista,
1453 808 1552 838 quam
1575 804 1645 828 tum
1669 803 1874 838 acceperant,
1894 809 1950 829 seu
1973 798 2047 829 fidei
2071 799 2259 839 explanatio.
2280 812 2295 827 ³>
2314 800 2402 830 Haec

1326 842 1420 872 habet
1443 842 1495 872 ille
1519 842 1558 871 ad
1582 851 1672 872 num.
1692 851 1722 879 2,
1738 849 1769 872 et
1791 843 1831 872 ad
1850 852 1940 873 num.
1962 843 1990 881 3,
2012 843 2040 883 ξ.
2062 854 2093 884 7,
2110 843 2154 874 sic
2178 843 2236 874 ait:
2261 856 2275 871 α
2300 844 2402 874 Gene-

1329 899 1344 914 »
1367 887 1441 917 rali.
1459 886 1612 917 Generale
1635 885 1753 916 Laudis
1778 886 1936 916 canticum
1954 886 2041 925 dixit,
2057 887 2108 917 vel
2127 887 2215 928 quod
2235 888 2273 918 ab
2298 888 2402 918 omni-

1330 943 1344 958 »
1367 931 1426 961 bus
1451 930 1573 961 canitur
1596 930 1646 960 vel
1661 940 1719 971 pro
1736 930 1904 960 universali
1919 930 2010 971 quasi
2026 931 2125 970 gratia
2141 931 2280 962 offertur.
2301 932 2405 963 Hunc

1330 988 1344 1003 »
1367 981 1474 1006 autem
1498 976 1666 1015 hymnum.
1687 975 1782 1013 Nota,
1807 981 1843 1005 ut
1866 975 1952 1005 hunc
1975 974 2135 1016 hymnum
2158 975 2352 1016 Symbolum
2373 982 2404 1007 et

1330 1033 1344 1047 »
1368 1019 1600 1060 professionem
1632 1026 1663 1049 et
1685 1019 1856 1059 gratiarum
1885 1019 2045 1050 actionem
2074 1020 2220 1060 appellet.
2241 1032 2255 1047 x
2281 1020 2403 1058 Quam-

1328 1065 1402 1094 dam
1419 1063 1491 1094 fidei
1516 1063 1770 1104 explanationem
1786 1063 2094 1105 professionemque,
2111 1074 2193 1105 quae
2217 1065 2404 1105 symbolum

1327 1109 1433 1139 vocari
1456 1115 1575 1149 posset,
1593 1118 1628 1138 ac
1652 1108 1747 1138 etiam
1762 1108 1902 1149 hymnus
1919 1114 1949 1139 et
1971 1108 2074 1139 laudis
2096 1108 2255 1139 canticum
2279 1109 2403 1140 diceba-

1328 1160 1389 1192 tur,
1407 1153 1523 1183 editam
1546 1163 1582 1183 ac
1606 1153 1803 1183 decantatam
1823 1153 1861 1183 ab
1878 1153 1968 1183 omni
1992 1153 2150 1183 Ecclesiae
2174 1163 2336 1192 consessu,
2356 1153 2403 1184 lo-

1330 1208 1404 1228 cum
1428 1197 1602 1238 antiquitus
1618 1197 1650 1227 in
1675 1207 1761 1227 sacra
1783 1197 1909 1237 liturgia
1928 1197 2075 1228 habuisse
2099 1197 2318 1229 animadvertit
2341 1198 2403 1238 pri-

1330 1252 1385 1272 mo
1409 1242 1609 1280 Scholiastes,
1638 1242 1716 1282 quin
1739 1241 1813 1272 inde
1837 1248 1944 1272 tamen
1977 1242 2123 1282 colligere
2146 1242 2237 1273 liceat
2261 1244 2403 1283 Areopa-

1329 1286 1430 1327 giticis
1460 1286 1560 1316 allatis
1592 1286 1694 1316 verbis
1723 1285 1898 1316 indicatum
1931 1296 1998 1317 esse
2022 1286 2214 1328 Symbolum
2237 1286 2311 1317 fidei
2337 1287 2403 1317 sive

1330 1331 1570 1371 Apostolicum‚
1597 1330 1660 1360 sive
1684 1330 1882 1369 Nicaenum,
1909 1330 1973 1361 sive
1997 1330 2403 1372 Constantinopolitanum.

1331 1375 1475 1416 Symboli
1498 1374 1629 1405 Nicaeni
1653 1385 1760 1413 usum,
1777 1375 1953 1405 Theodoro
1978 1376 2110 1406 Lectore
2134 1382 2226 1414 teste,
2244 1375 2277 1406 in
2299 1376 2406 1407 Eccle-

1331 1419 1411 1450 siam
1443 1419 1677 1449 Antiochenam
1700 1419 1818 1450 invexit
1839 1419 1950 1450 Petrus
1974 1420 2089 1458 Fullo,
2116 1427 2147 1450 et
2168 1420 2201 1450 in
2232 1420 2408 1451 Ecclesiam

1331 1463 1723 1503 Constantinopolitanam
1746 1463 1939 1494 Timotheus
1969 1464 2212 1506 Monophysita:
2243 1471 2308 1495 erat
2330 1475 2408 1496 vero

1331 1509 1370 1538 ab
1394 1507 1478 1538 hisce
1502 1507 1648 1538 formulis
1671 1507 1767 1547 longe
1784 1508 1916 1546 diversa,
1933 1518 2015 1549 quae
2040 1508 2226 1539 describitur
2241 1509 2280 1539 ab
2298 1515 2407 1540 aucto-

1331 1559 1417 1582 ctore
1440 1551 1750 1592 Areopagiticorum,
1766 1552 1799 1582 in
1823 1551 1930 1583 officio
1954 1553 2100 1592 liturgico
2121 1553 2259 1584 adhibita
2283 1553 2405 1585 confes-

1331 1596 1379 1627 sio
1403 1595 1487 1634 fidei,
1513 1602 1625 1636 utpote
1648 1605 1731 1637 quae
1749 1597 1998 1638 hymnologiae,
2016 1603 2047 1628 et
2070 1598 2189 1628 cantici
2211 1598 2353 1636 Laudis,
2374 1604 2406 1630 et

1330 1641 1551 1671 hierarchicae
1573 1640 1815 1678 Eucharistiae,
1836 1650 1891 1671 seu
1915 1641 2086 1681 gratiarum
2110 1641 2243 1672 actionis
2267 1642 2405 1673 modum

1330 1685 1475 1723 haberet3
1504 1685 1628 1716 tametsi
1652 1691 1683 1715 et
1705 1684 1893 1725 Symbolum
1927 1686 2098 1727 religionis
2118 1692 2303 1724 vocaretur,
2330 1696 2404 1727 pro-

1330 1737 1436 1770 pterea
1459 1729 1549 1771 quod
1573 1729 1679 1759 divina
1707 1728 1870 1767 beneficia,
1896 1739 1978 1771 quae
2002 1729 2063 1761 fide
2088 1730 2246 1761 credimus
2269 1730 2363 1762 nobis
2386 1741 2405 1762 a

1330 1774 1400 1805 Deo
1424 1774 1457 1804 in
1481 1773 1714 1814 Redemptione
1737 1773 1861 1812 collata,
1879 1775 2071 1805 canebantur
2094 1781 2125 1806 et
2147 1774 2367 1806 laudabantur.

1398 1818 1448 1849 Ad
1464 1828 1532 1849 rem
1555 1818 1636 1848 hanc
1653 1817 1727 1848 facit
1749 1818 1980 1849 animadversio
1998 1819 2123 1859 losephi
2147 1818 2327 1859 Binghami,
2349 1819 2405 1862 qui

1330 1863 1411 1893 libro
1435 1863 1494 1894 XV
1520 1862 1691 1903 Originum
1715 1862 1995 1894 ecclesiasticarum
2019 1863 2121 1904 capite
2144 1874 2179 1893 m
2203 1873 2278 1894 cum
2302 1864 2406 1905 expla-

1330 1914 1434 1938 nasset
1456 1908 1610 1938 maiorem
1641 1908 1828 1948 gratiarum
1853 1908 2023 1946 actionem,
2050 1917 2132 1949 quae
2156 1907 2189 1938 in
2212 1908 2339 1948 liturgia
2362 1909 2405 1940 le-

1330 1952 1430 1992 gitur,
1450 1951 1538 1982 illam
1561 1951 1698 1989 scilicet,
1724 1961 1806 1992 quae
1830 1951 1989 1992 hymnum
2018 1952 2220 1993 seraphicum
2252 1952 2406 1992 includit,

1330 1996 1480 2033 Sanctus,
1498 1996 1647 2033 Sanctus,
1666 1995 1805 2026 Sanctus
1821 1996 1911 2027 Deus
1930 1996 2070 2027 Sabaoth
2078 2004 2091 2035 ,·
2115 1997 2247 2027 adnotat
2270 1997 2406 2028 mentio-

1330 2050 1405 2071 nem
1421 2040 1569 2081 deinceps
1584 2039 1651 2071 fieri
1667 2040 1700 2070 in
1715 2039 2010 2071 Constitutionibus
2026 2040 2222 2082 Apostolicis
2238 2041 2406 2073 cuiusdam

1330 2084 1522 2125 specialioris
1546 2084 1679 2115 actionis
1695 2084 1867 2124 gratiarum
1891 2093 1950 2125 pro
1966 2085 2080 2116 divinis
2103 2084 2263 2116 beneficiis
2286 2085 2320 2116 in
2343 2086 2405 2117 Re-

1329 2129 1513 2170 demptione
1537 2139 1593 2170 per
1615 2128 1780 2160 Christum
1803 2129 1948 2169 acceptis.
1970 2129 2065 2167 Quod
2083 2131 2246 2171 integrum
2268 2130 2404 2171 Symbo-

1329 2175 1395 2205 lum
1420 2179 1502 2211 erat,
1518 2173 1632 2214 inquit,
1649 2183 1712 2214 quo
1735 2173 1881 2204 Ecclesia
1898 2179 1976 2204 tunc
1997 2175 2150 2215 temporis
2169 2174 2202 2204 in
2221 2174 2282 2205 hoc
2295 2174 2405 2216 officio

1330 2218 1488 2250 utebatur.
1518 2218 1670 2249 Nondum
1695 2218 1778 2248 enim
1802 2218 1954 2248 solemnis
1982 2219 2128 2249 recitatio
2150 2218 2298 2260 Symboli
2319 2228 2405 2260 pars

1330 2263 1431 2304 officii
1453 2263 1659 2294 ecclesiastici
1681 2266 1771 2299 erat,
1797 2263 1845 2292 uti
1867 2263 1993 2303 quidem
2018 2264 2051 2293 in
2075 2263 2311 2304 posterioribus
2332 2273 2404 2295 sae-

1330 2307 1430 2345 culis,·
1447 2307 1504 2338 sed
1526 2312 1651 2338 tantum
1676 2307 1757 2337 istae
1779 2307 1946 2338 doctrinae
1970 2307 2200 2344 recitabantur,
2228 2317 2314 2348 quae
2334 2317 2405 2350 spe·

1330 2352 1473 2382 cialioris
1494 2353 1681 2393 gratiarum
1705 2352 1842 2382 actionis
1859 2361 1923 2392 pro
1947 2353 2078 2393 magnis
2101 2352 2344 2383 Incarnationis
2365 2362 2407 2384 ac

1329 2396 1568 2437 Redemptionis
1590 2396 1756 2437 mysteriis
1778 2401 1873 2426 erant
1902 2401 2142 2438 argumentum,
2170 2397 2295 2427 Locum
2318 2396 2406 2428 affert

1330 2450 1367 2471 ex
1383 2440 1686 2478 Constitutionibus,
1703 2440 1845 2481 itemque
1861 2441 2043 2472 testimonia
2059 2441 2186 2472 loannis
2212 2440 2405 2482 chrysosto-

1329 2484 1386 2523 mi,
1410 2484 1554 2515 Homilia
1575 2495 1648 2515 xxxv
1672 2484 1704 2515 in
1729 2484 1829 2525 Epist.
1846 2495 1857 2515 1
1873 2485 1913 2515 ad
1936 2485 2081 2516 Corinth.
2099 2492 2131 2517 et
2146 2485 2310 2527 Cypriani,
2329 2485 2406 2527 Epi·

1329 2529 1409 2560 stola
1433 2539 1506 2559 extu
1529 2529 1601 2560 edit.
1619 2529 1725 2561 Oxon.
1935 2560 1940 2564 ,

1397 2574 1540 2604 lamvero
1573 2574 1613 2604 ad
1641 2574 1771 2604 alteram
1804 2573 1987 2605 Scholiastis
2016 2573 2259 2615 responsionem
2292 2573 2404 2615 dilapsi

1330 2628 1453 2655 sumus,
1469 2628 1551 2659 quae
1575 2618 1683 2659 potius
1707 2624 1753 2648 est
1776 2618 1890 2658 prioris
1913 2618 2024 2649 allatae
2046 2609 2184 2650 lucidior
2212 2618 2403 2658 explanatio.

1330 2662 1400 2702 Ipse
1440 2672 1579 2703 namque
1609 2661 1908 2702 Areopagiticorum
1946 2669 2057 2693 auctor
2089 2662 2278 2693 catholicam
2312 2663 2403 2693 illam

1329 2707 1585 2747 hymnologiam,
1609 2716 1708 2747 quam
1731 2713 1805 2746 post
1827 2706 2038 2746 Evangelium
2057 2706 2270 2745 decantatum,
2294 2706 2403 2737 iussis-

1329 2759 1393 2791 que
1417 2750 1500 2780 foras
1525 2750 1610 2781 abire
1629 2749 1864 2781 catechumenis
1883 2757 1914 2781 et
1934 2750 2156 2790 energumenis
2183 2757 2214 2781 et
2236 2750 2401 2791 poeniten-

1329 2794 1425 2832 tibus,
1449 2801 1536 2825 totus
1559 2794 1717 2825 Ecclesiae
1741 2803 1908 2825 consessus
1931 2794 2128 2832 concinebat,
2147 2794 2287 2835 positam
2310 2795 2404 2826 docet

1329 2838 1362 2868 in
1382 2838 1688 2869 commemoratione
1705 2838 1844 2879 quadam
1863 2838 2091 2870 beneficiorum
2110 2839 2180 2877 Dei,
2197 2838 2321 2880 Deique
2336 2848 2402 2870 rna-

1329 2882 1413 2913 xime
1437 2882 1675 2914 benevolentiae
1691 2882 1723 2913 in
1745 2892 1835 2913 sacro
1849 2883 2002 2924 Mysterio
2026 2893 2102 2914 mox
2119 2883 2310 2924 peragendo,
2327 2891 2403 2914 cum

1330 2927 1424 2958 laude
1447 2927 1587 2968 supremi
1607 2926 1725 2958 datoris
1749 2933 1780 2958 et
1798 2937 1873 2958 cum
1891 2927 2065 2967 gratiarum
2084 2927 2207 2958 actione
2226 2937 2286 2968 pro
2309 2927 2404 2959 donis

1332 2971 1421 3002 datis.
1439 2971 1516 3002 Eius
1539 2971 1645 3012 accipe
1668 2972 1774 3010 verba,
1790 2981 1872 3013 quae
1888 2972 2044 3003 habentur
2062 2982 2151 3002 num.
2173 2972 2202 3010 3,
2219 2972 2247 3013 g.
2265 2979 2300 3014 7:
2322 2972 2403 3004 Tum

1331 3015 1478 3057 denique,
1499 3015 1683 3057 inquientis,
1706 3017 1811 3048 sancti
1832 3025 2000 3047 sacrorum
2025 3016 2224 3054 administri,
2248 3021 2404 3057 spectato-

1332 3069 1446 3101 resque
1468 3060 1604 3091 studiosi
1626 3058 1712 3103 (ecce
1736 3070 1922 3091 consessum
1946 3060 2102 3091 Ecclesiae
2126 3059 2273 3104 omnem)
2291 3070 2403 3092 sacra—

1332 3105 1486 3135 tissimam
1510 3105 1645 3135 hostiam
1670 3103 1767 3147 (quae
1790 3114 1906 3145 nempe
1929 3105 2097 3148 parabatur
2119 3105 2151 3135 in
2176 3105 2263 3136 altari
2285 3105 2403 3136 immo-

1332 3147 1439 3191 landa)
1463 3153 1659 3186 contuentes,
1680 3149 1836 3180 catholica
1855 3150 2067 3191 hymnologia
2087 3147 2157 3192 (seu
2173 3149 2311 3189 generali
2333 3149 2401 3181 lau-

1332 3191 1474 3236 datione)
1489 3192 1712 3224 concelebrant
1734 3193 1908 3234 beneficum
1933 3194 2183 3235 munificumque
2190 3194 2400 3235 principium,

1331 3247 1352 3268 a
1379 3247 1442 3279 quo
1467 3237 1630 3268 'salutaria
1663 3238 1753 3268 nobis
1785 3238 1924 3269 exhibita
1955 3243 2032 3270 sunt
2063 3242 2288 3275 sacramenta,
2317 3246 2403 3279 quae

1330 3287 1570 3313 sacrosanctam
1590 3282 1680 3312 illam
1705 3283 1910 3313 initiatorum·
1929 3280 2192 3325 (baptizatorum)
2211 3285 2402 3313 consumant

1329 3325 1572 3368 deificationem.
1600 3325 1681 3364 Quis
1713 3326 1843 3357 indicari
1873 3326 1922 3357 his
1944 3327 2047 3358 verbis
2077 3326 2188 3358 dixerit
2209 3325 2401 3367 Symbolum

1329 3369 1402 3401 fidei
1425 3380 1480 3401 seu
1505 3370 1677 3401 formulam
1694 3370 1780 3401 illam
1797 3377 1852 3402 aut
1874 3371 2123 3412 Apostolorum,
2143 3377 2199 3402 aut
2215 3370 2400 3408 Nicaenam,

1330 3421 1385 3446 aut
1417 3414 1825 3456 Constantinopolitanam,
1850 3425 1948 3456 quam
1981 3415 2144 3447 recitantes
2176 3420 2232 3446 aut
2262 3413 2400 3454 legentes

1329 3458 1402 3490 fidei
1430 3466 1556 3490 nostrae
1585 3469 1733 3500 suprema
1765 3459 1867 3500 capita
1899 3457 2107 3501 profitemur?
2137 3458 2242 3499 Pergit
2272 3463 2400 3488 auctor:

1329 3503 1431 3535 Hunc
1448 3509 1555 3535 autem
1574 3504 1731 3545 hymnum
1751 3505 1809 3535 alii
1827 3504 1950 3535 Laudis
1968 3505 2143 3540 canticum,
2160 3503 2219 3533 alii
2232 3502 2402 3542 religionis

1330 3548 1517 3589 Symbolum
1541 3549 1723 3588 appellant;
1741 3549 1800 3579 alii
1821 3549 1968 3589 denique,
1993 3557 2065 3579 mea
2087 3546 2213 3588 quidem
2229 3546 2398 3583 sententia,

1330 3592 1470 3623 divinius
1492 3593 1724 3623 hierarchicam
1744 3593 2003 3629 Eucharistiam,
2026 3592 2095 3622 sive
2121 3590 2399 3630 Sacro-principa-

1330 3636 1391 3666 lem
1409 3637 1596 3677 gratiarum
1620 3637 1777 3667 actionem
1787 3643 1801 3674 ;
1824 3641 1860 3667 ut
1882 3645 1966 3676 quae
1983 3635 2136 3666 diuinitus
2154 3634 2198 3665 ad
2216 3643 2274 3665 nos
2296 3634 2399 3665 dima-
