2788 4204
57 340 69 351 ⁴
90 338 164 361 Codd.
186 349 202 353 -
222 343 268 362 ro:

59 363 252 387 considerandum
261 370 270 388 ,-

59 398 83 413 r:
94 390 269 413 ostendendum.

59 441 70 451 ⁴
84 440 147 461 Lect.
167 444 215 465 seq.

59 549 69 560 '
84 547 159 570 Codd.
175 558 185 563 -
200 552 269 571 κιαι

60 575 159 601 oportet.

60 601 70 611 ’
79 607 103 622 r:
117 599 270 621 consideran-

62 626 129 648 dum:
149 632 177 651 Q:
193 625 270 646 consi-

59 653 212 674 cierationem.

58 679 70 690 ⁴
84 679 154 700 Num.
187 694 192 699 .

61 707 69 715 '¹
84 705 154 727 Num.
186 721 191 726 .

61 811 72 822 ¹³
87 810 162 832 Codd.
178 815 270 831 -Βσοττ

59 837 271 884 pann-romonum

62 869 135 910 ’ἦιξα
145 888 271 914 om.codd.‚

63 922 112 937 exc.
127 921 155 936 ι-ι.

65 944 73 952 ·
90 942 152 963 Lect.
162 947 184 967 n,
195 947 218 962 n.
228 947 251 966 4.

64 1075 73 1084 ·
90 1073 177 1094 Tamen
193 1077 240 1093 om.
258 1077 272 1091 Α

63 1104 216 1123 uss-munos.
236 1097 272 1118 Cf

62 1129 117 1148 text.
129 1137 139 1141 -
147 1131 161 1146 Β
171 1130 219 1146 om.
229 1126 271 1145 tta.

86 2143 168 2163 tercio
175 2144 179 2158 :
191 2137 279 2159 debent.

70 2297 78 2305 '¹
93 2297 164 2318 Num.
178 2302 226 2324 seq.

75 2672 86 2683 ⁶
100 2678 125 2694 με
142 2671 208 2693 Eius.

74 2722 83 2731 ·
98 2727 132 2742 ri:
147 2727 195 2742 res.

74 2882 84 2891 ¹³
90 2881 183 2903 Scilicet
190 2887 237 2902 om.
243 2888 283 2907 να.

298 249 374 296 374

297 325 345 362 ad
365 321 670 360 constituendum
687 320 706 340 ’¹²
727 318 831 367 quod
850 316 942 365 quid
963 323 1032 360 est;
1054 313 1236 358 secundo,
1262 324 1357 359 quo-

297 378 415 415 modo
445 376 517 412 sint
541 372 784 423 inquirenda;
814 370 885 407 ibi:
920 370 1141 417 Congruum
1162 370 1286 423 autem
1307 370 1361 423 est

298 443 382 468 cum
403 435 517 466 totum
544 426 695 475 aliquod
710 426 729 446 ²¹⁶
750 432 817 460 etc.
845 422 953 458 Circa
972 421 1139 469 primurn
1161 418 1230 454 tria
1250 420 1356 453 tacit:

297 483 434 533 primo,
455 479 657 531 praemittit
675 476 882 526 quamdam
907 473 1154 517 divisionem3
1175 470 1357 515 secundo,

297 535 476 585 proponit
495 533 617 582 qualia
646 536 818 578 oporteat
838 529 857 548 ²²*
887 539 969 563 esse
998 538 1096 574 quae
1126 523 1360 572 accipiuntur

299 589 348 626 ad
364 586 667 625 constituendum
684 585 703 605 ²⁸
723 581 827 630 quod
843 579 933 629 quid
950 587 1021 625 est;
1039 579 1106 615 ibi:
1126 576 1362 614 Huiusmodi

299 640 513 691 accipienda
531 643 617 675 sunt
631 638 650 658 Ἐ
671 644 753 680 etc.;
773 633 893 679 tertio,
909 633 1062 681 probat3
1083 631 1150 668 ibi:
1171 630 1359 672 Quoniam

299 700 423 732 autem
452 698 636 729 ostensum
664 694 718 725 est
736 688 755 708 '¹‘
786 694 853 723 etc.

355 749 388 784 3.
419 745 527 782 Circa
554 743 720 791 primum
754 738 1074 776 considerandum
1108 744 1164 773 est
1187 736 1291 785 quod
1318 747 1362 772 ea

299 812 396 848 quae
414 796 676 847 praedicantur
696 796 715 815 ³⁴
734 793 773 829 in
794 805 839 829 eo
859 792 965 841 quod
985 790 1076 840 quid
1097 797 1152 826 est
1171 791 1226 837 *ᾖ
1249 801 1361 838 opor-

299 860 351 889 tet
378 850 481 900 quod
509 860 661 896 semper
681 855 716 884 et
734 845 996 883 universaliter
1023 843 1301 893 praedicentur,
1321 849 1362 878 ut

300 916 412 953 supra
440 902 611 939 habitum
641 907 695 937 est
720 901 756 935 *ε
787 907 824 936 et
851 899 938 936 ideo
967 897 1156 946 accipiens
1190 909 1235 933 ea
1263 908 1361 945 quae

298 956 560 1007 praedicantur
574 954 621 991 de
644 964 880 1001 unoquoque
904 959 945 988 ut
969 963 1132 999 semper,
1154 950 1242 987 dicit
1257 948 1362 998 quod

298 1011 393 1047 inter
421 1021 465 1045 ea
493 1007 682 1056 quaedam
711 1005 955 1042 inveniuntur
982 1016 1081 1052 quae
1112 1003 1364 1040 extenduntur

299 1063 336 1100 in
354 1063 439 1111 plus
459 1072 574 1109 quam
595 1060 632 1097 id
662 1059 721 1096 cui
740 1059 881 1103 insunt3
907 1070 985 1094 non
1004 1065 1133 1094 tamen
1149 1058 1170 1078 *
1189 1056 1239 1093 ita
1258 1055 1364 1104 quod

299 1114 536 1152 inveniantur
565 1120 666 1150 extra
686 1124 805 1160 genus
833 1111 935 1148 illud.
958 1112 1006 1147 Et
1026 1110 1180 1159 exponit
1207 1109 1300 1159 quid
1320 1109 1365 1146 sit

302 1180 381 1205 esse
410 1168 446 1204 in
462 1167 559 1216 plus,
590 1174 627 1202 et
655 1165 743 1203 dicit
771 1164 876 1214 quod
904 1164 943 1200 in
971 1165 1056 1214 plus
1079 1176 1160 1200 esse
1191 1163 1366 1200 dicuntur

301 1233 550 1270 quaecunque
569 1218 826 1256 universaliter
849 1217 977 1254 insunt
996 1217 1117 1263 alicui,
1139 1229 1217 1253 non
1237 1224 1366 1253 tamen

302 1275 334 1311 ei
363 1273 443 1320 soli,
464 1274 531 1310 sed
561 1272 673 1309 etiam
701 1271 773 1308 alii.
794 1272 916 1308 Datur
935 1278 1063 1307 autem
1091 1282 1162 1319 per
1188 1271 1263 1307 hoc
1277 1269 1295 1299 β
1314 1270 1368 1306 in-

301 1326 410 1375 telligi
430 1326 531 1363 aliud
551 1325 771 1363 membrum
795 1323 1028 1373 oppositum,
1045 1323 1135 1371 quia
1154 1323 1294 1360 scilicet
1313 1331 1369 1359 est

301 1380 440 1428 aliquid
461 1379 564 1428 quod
589 1377 798 1415 extenditur
816 1377 854 1413 in
872 1378 970 1426 plus,
988 1384 1024 1413 et
1048 1383 1103 1413 est
1118 1384 1221 1412 extra
1236 1388 1366 1424 genus.

302 1434 351 1470 Et
380 1433 427 1470 de
455 1434 529 1470 hoc
555 1432 680 1481 primo
709 1430 816 1480 ponit
845 1430 1077 1478 exemplum,
1108 1428 1237 1466 dicens
1261 1429 1366 1478 quod

304 1494 359 1523 est
386 1486 525 1535 aliquid
545 1484 650 1534 quod
669 1484 765 1521 inest
785 1483 890 1520 omni
911 1482 1074 1520 ternario
1094 1487 1121 1528 ⁷,
1143 1482 1211 1519 sed
1236 1490 1271 1518 et
1290 1494 1366 1519 non

304 1540 467 1577 ternario
496 1539 610 1584 inest;
640 1537 734 1574 sicut
752 1544 854 1586 patet
867 1536 925 1574 *de
945 1536 1028 1585 ipso
1050 1543 1135 1572 ente
1155 1535 1366 1582 communi,

304 1593 407 1642 quod
436 1592 589 1642 quidem
617 1590 877 1627 universaliter
899 1589 995 1626 inest
1023 1602 1102 1626 non
1129 1596 1277 1626 tantum
1305 1589 1366 1626 tri-

303 1646 423 1693 nitati,
453 1645 519 1682 sed
559 1644 671 1681 etiam
706 1643 802 1690 aliis;
832 1651 868 1680 et
900 1655 979 1680 non
1007 1643 1134 1679 solum
1162 1642 1200 1679 in
1228 1654 1366 1690 genere

304 1698 463 1746 numeri,
487 1698 554 1735 sed
574 1697 687 1734 etiam
707 1697 746 1734 in
777 1696 835 1733 his
870 1708 968 1745 quae
998 1703 1084 1733 sunt
1117 1703 1220 1733 extra
1248 1708 1367 1744 genus

304 1752 463 1790 numeri.
485 1753 613 1801 Impar
634 1763 728 1788 vero
753 1750 848 1787 inest
873 1749 980 1787 omni
1007 1749 1182 1796 ternario,
1205 1757 1241 1786 et
1260 1749 1368 1786 estin

304 1807 403 1855 plus,
433 1805 521 1853 quia
550 1804 663 1841 etiam
692 1803 787 1840 inest
814 1803 884 1852 ipsi
913 1802 1102 1851 quinario;
1132 1815 1210 1840 non
1239 1810 1368 1840 tamen

305 1858 494 1896 invenitur
518 1865 619 1895 extra
639 1869 758 1905 genus
777 1856 943 1903 ternarii,
973 1856 1078 1905 quod
1099 1864 1154 1893 est
1172 1868 1367 1904 numerus,

307 1913 394 1961 quia
414 1912 526 1948 etiam
546 1910 739 1960 quinarius
758 1910 796 1947 in
815 1922 952 1958 genere
981 1909 1129 1946 numeri
1158 1909 1368 1956 invenitur3

307 1966 396 2003 nihil
425 1972 552 2002 autern
581 1964 687 2013 quod
715 1964 759 2001 sit
793 1971 895 2000 extra
922 1975 1041 2011 genus
1070 1963 1218 2000 numeri
1245 1971 1372 2012 potest

309 2019 380 2056 dici
408 2018 541 2067 impar.

360 2084 397 2120 4.
428 2070 576 2109 Deinde
606 2083 694 2107 cum
728 2069 835 2107 dicit:
860 2070 1094 2107 Huiusmodi
1124 2075 1249 2107 autem
1274 2070 1371 2107 acci-

301 2125 442 2174 pienda
455 2130 542 2161 sunt
555 2131 637 2170 etc.,
651 2123 813 2160 ostendit
828 2123 952 2171 qualia
968 2123 1159 2160 debeant*
1175 2135 1256 2160 esse
1272 2136 1371 2172 quae

309 2178 542 2227 accipiuntur
570 2176 619 2213 ad
654 2176 959 2213 constituendum
989 2177 1089 2225 quod
1115 2177 1206 2225 quid
1231 2182 1294 2214 est.
1324 2177 1374 2214 Et

306 2231 444 2281 primo,
456 2229 635 2280 proponit
649 2230 754 2278 quod
770 2229 942 2276 intendit3
958 2230 1140 2275 secundo,
1158 2229 1373 2267 manifestat

307 2297 376 2334 per
403 2283 639 2332 exemplum3
667 2282 736 2320 ibi:
772 2284 822 2320 Ut
847 2283 1003 2320 trinitati
1028 2284 1165 2320 omni*
1181 2291 1250 2321 etc.
1273 2283 1374 2320 Dicit

309 2350 397 2386 ergo
430 2337 554 2386 primo
592 2335 698 2385 quod
727 2336 774 2374 ad
800 2336 1120 2374 manifestandum
1150 2337 1255 2386 quod
1281 2337 1373 2385 quid

309 2399 365 2428 est
392 2389 610 2439 accipienda
629 2397 715 2426 sunt
733 2389 832 2436 talia,
852 2402 950 2438 quae
978 2390 1135 2438 quidem
1165 2398 1251 2427 sunt
1274 2402 1373 2427 sern-

308 2457 377 2493 per
397 2452 432 2481 et
450 2444 488 2480 in
506 2444 601 2493 plus,
631 2455 710 2480 non
728 2451 857 2480 tamen
886 2451 988 2480 extra
1011 2455 1146 2492 genus,
1175 2456 1296 2492 usque
1325 2444 1374 2482 ad

308 2499 423 2534 talem
443 2497 663 2542 terminum,
683 2503 724 2532 ut
742 2496 867 2545 primo
892 2496 1047 2545 quidem
1068 2497 1374 2546 unumquodque

310 2550 415 2600 quod
435 2549 614 2599 accipitur
633 2549 678 2586 sit
705 2549 743 2586 in
761 2550 865 2599 plus,
897 2550 1027 2587 omnia
1056 2558 1183 2588 autern
1204 2563 1283 2588 non
1302 2550 1375 2588 sint

309 2603 348 2640 in
375 2604 479 2652 plus,
509 2603 575 2640 sed
605 2610 872 2640 convertantur
901 2615 989 2640 cum
1018 2616 1079 2651 re,
1115 2603 1222 2641 cuius
1259 2616 1375 2653 quae-

311 2656 400 2694 ritur
427 2656 532 2705 quod
560 2655 651 2704 quid
679 2664 744 2694 est.
776 2656 899 2693 Huius
918 2657 938 2678 *
957 2656 1060 2694 enim
1095 2657 1282 2694 rationem
1310 2669 1375 2694 ne-

312 2722 415 2747 cesse
444 2717 498 2746 est
526 2709 734 2758 significare
758 2710 863 2759 quod
892 2709 983 2758 quid
1014 2718 1069 2747 est
1097 2710 1150 2746 rei
1177 2711 1208 2747 *.

368 2764 400 2800 5.
421 2762 569 2800 Deinde
590 2775 677 2800 cum
697 2762 799 2800 dicit:
827 2764 876 2801 Ut
893 2763 1051 2800 trinitati
1067 2763 1174 2800 omni
1191 2763 1285 2800 inest
1306 2776 1375 2800 nu-

310 2828 435 2853 merus
456 2824 536 2863 etc.,
554 2816 767 2854 manifestat
781 2816 886 2866 quod
902 2816 1045 2854 dixerat
1059 2828 1128 2865 per
1143 2817 1375 2865 exemplum.

310 2869 551 2919 Accipiamus
572 2870 673 2907 enim
693 2870 761 2906 ista
780 2877 956 2918 quatuor,
985 2869 1125 2906 scilicet
1143 2869 1163 2890 *
1184 2881 1376 2916 numerus,

311 2923 452 2971 impar,
477 2923 624 2971 primus
662 2931 825 2972 utroque
852 2923 991 2969 modo,
1025 2922 1234 2972 Dupliciter
1275 2922 1378 2960 enim

365 3065 390 3099 β)
410 3067 500 3092 Datur
524 3070 613 3092 autem
627 3074 681 3099 per
694 3067 743 3092 hoc
758 3067 880 3100 intelligi.
893 3080 911 3087 —-
923 3067 1013 3097 Codd.,
1029 3075 1082 3093 exc.
1099 3068 1124 3099 Q
1142 3072 1167 3093 et
1185 3076 1207 3093 s.
1223 3076 1257 3093 m.
1275 3068 1308 3099 Κ,
1322 3076 1376 3094 om.

308 3109 359 3134 per
377 3102 433 3128 hoc.
452 3103 472 3127 C
491 3111 513 3127 s.
527 3110 563 3127 m.
578 3102 652 3135 legit:
672 3103 721 3127 Ex
738 3102 787 3127 hoc
805 3105 894 3127 autem
909 3103 991 3128 datur
1005 3103 1126 3138 intelligi.
1139 3118 1160 3123 ·—
1171 3104 1207 3128 D:
1223 3103 1338 3139 intelligi
1351 3107 1377 3129 et

312 3138 386 3163 aliud
405 3138 548 3163 membrum
555 3145 563 3166 ,·
582 3138 606 3162 1:
626 3137 740 3170 intelligi
759 3138 786 3162 id
806 3138 960 3163 membrum.

364 3173 392 3207 γ)
409 3173 486 3203 Quod
501 3173 568 3198 inest
582 3173 654 3198 omni
669 3173 788 3198 ternario
808 3178 856 3198 etc.
868 3186 888 3193 —-
901 3174 938 3198 H:
959 3174 1030 3207 quod
1044 3174 1112 3200 inest
1126 3174 1199 3200 omni
1213 3175 1332 3200 ternario
1351 3179 1378 3201 et

314 3215 365 3233 non
385 3209 512 3238 ternario,
527 3209 637 3234 sicut...
656 3211 682 3233 et
695 3209 775 3234 etiam
790 3209 815 3233 in
832 3209 901 3234 aliis.
915 3210 949 3234 B:
963 3210 1036 3243 quod
1049 3209 1118 3235 inest
1130 3210 1292 3236 ternario...
1307 3210 1378 3244 quod

314 3243 418 3275 quidem
439 3252 490 3269 non
503 3245 588 3269 solum
612 3244 679 3269 inest
702 3244 819 3269 trinitati
837 3245 1051 3270 eto-Addimus
1069 3246 1118 3271 sed
1135 3249 1161 3271 et
1180 3253 1232 3271 non
1257 3247 1378 3272 ternario

315 3279 389 3309 inest,
409 3280 502 3312 quibus
517 3285 586 3304 caret
599 3280 627 3310 P,
642 3285 667 3304 et
681 3287 748 3312 quae
762 3279 858 3305 habent
871 3281 954 3311 codd„
969 3288 1022 3306 exc.
1037 3280 1069 3311 Q,
1084 3289 1113 3306 ac
1131 3289 1225 3306 sensus
1240 3282 1380 3315 requirit.—

315 3314 436 3346 Legimus
461 3316 537 3340 etiam
560 3323 619 3340 cum
644 3315 766 3340 omnibus
788 3315 874 3340 codd.:
894 3316 927 3341 de
952 3316 1008 3348 ipso
1034 3319 1093 3341 ente
1118 3317 1259 3342 communi.
1279 3317 1298 3342 P
1323 3325 1377 3342 om.

315 3350 581 3380 communi.—-Codd.,
595 3358 648 3375 exc.
663 3350 696 3381 Q,
711 3355 769 3375 ante
788 3351 905 3376 trinitati
921 3359 975 3376 om.
987 3351 1066 3377 verba
1085 3359 1136 3377 non
1157 3355 1271 3378 tantum.

368 3383 393 3418 ὃ)
411 3385 456 3410 Er
474 3386 531 3410 sola
546 3386 676 3411 dualitate
694 3389 720 3411 et
734 3386 923 3411 unitata—Sic
942 3387 1017 3412 codd.
1032 3388 1194 3414 unanimiter.
1215 3388 1251 3413 P:
1265 3395 1303 3413 ex
1320 3389 1378 3414 sola

318 3419 418 3444 unitate
436 3424 462 3445 et
480 3421 624 3450 dualitate,·
645 3422 691 3446 sed
710 3429 756 3454 per
780 3422 951 3454 praecedens,
973 3430 1024 3447 non
1048 3430 1086 3448 ex
1105 3424 1228 3456 pluribus
1252 3423 1378 3454 numeris,

316 3455 414 3479 videtur
438 3457 494 3480 sola
513 3456 639 3488 pertinere
658 3457 689 3481 ad
708 3457 845 3486 dualitate,
861 3458 943 3490 magis
962 3465 1041 3491 quam
1059 3459 1092 3483 ad
1111 3459 1223 3485 unitate.

370 3489 392 3523 ε)
414 3490 467 3515 Sed
485 3491 546 3523 quia
557 3493 666 3525 formae
681 3493 829 3517 essentiales
848 3500 899 3518 non
915 3497 977 3519 sunt
995 3494 1069 3519 nobis
1084 3501 1136 3526 per
1149 3502 1177 3520 se
1191 3498 1282 3524 notae,
1301 3502 1380 3527 opor-

321 3527 356 3548 tet
369 3526 509 3555 ete—Quiw
532 3532 636 3559 propter
654 3527 845 3553 immanentiam
867 3529 973 3553 actionis
993 3530 1182 3562 cognoscitivae
1201 3535 1226 3556 et
1242 3531 1380 3556 necessita-

320 3563 372 3583 tem
391 3562 546 3591 praesentiae
560 3563 595 3586 rei
611 3563 789 3595 cognoscibilis
809 3563 833 3588 in
849 3570 1020 3596 cognoscente
1040 3565 1158 3597 (quoties
1172 3566 1257 3591 existit
1270 3566 1381 3599 cognitio

321 3595 451 3627 actualis),
462 3603 566 3620 necesse
581 3602 619 3621 est
631 3602 659 3622 ut
673 3597 801 3622 obiectum
817 3599 947 3631 cognitum
964 3600 996 3625 sit
1008 3600 1034 3624 in
1050 3601 1180 3626 intellectu
1194 3607 1380 3634 cognoscente;

870 234 1253 275 POSTERIORUM
1281 229 1711 268 ANALYTICORUM
1740 228 1834 264 LIB.
1866 228 1898 263 11

1414 309 1548 346 dicitur
1576 307 1709 356 aliquis
1731 318 1914 344 numerus
1942 304 2101 353 primus.
2122 304 2210 341 Uno
2239 304 2375 350 modo,
2397 305 2487 354 quia

1414 375 1493 399 non
1525 369 1767 399 mensuratur
1801 358 1928 406 aliquo
1967 357 2040 394 alio
2074 369 2257 403 numerO,
2291 357 2387 394 sicut
2417 370 2487 407 per

1414 415 1635 464 oppositum
1663 420 1766 463 patet
1794 411 1899 461 quod
1933 410 2195 458 quaternarius
2223 422 2302 447 non
2332 418 2387 447 est
2418 423 2487 448 nu-

1414 480 1543 505 merus
1557 467 1716 516 primus,
1732 465 1821 514 quia
1838 472 2079 501 mensuratur
2093 463 2287 509 dualitate;
2303 464 2487 501 ternarius

1415 529 1544 558 autem
1569 528 1625 556 est
1644 531 1827 556 numerus
1851 517 2009 566 primus,
2035 517 2124 565 quia
2143 529 2223 554 non
2247 524 2489 554 mensuratur

1416 574 1542 623 aliquo
1572 585 1748 619 numero,
1774 571 1842 608 sed
1871 571 1952 607 sola
1979 570 2132 607 unitate.
2163 569 2250 607 Alio
2288 570 2409 607 modo
2434 569 2488 607 di-

1417 627 1510 664 citur
1538 626 1672 675 aliquis
1701 636 1886 662 numerus
1914 623 2072 672 primus,
2102 623 2194 671 quia
2220 635 2300 660 non
2329 635 2489 672 compo-

1416 680 1515 717 nitur
1531 692 1576 716 ex
1594 679 1765 728 pluribus
1784 679 1804 699 *
1823 676 2010 722 numeris3
2036 676 2132 713 sicut
2153 684 2257 725 patet
2279 688 2348 726 per
2368 688 2489 726 oppo-
2515 684 2528 696 ‘

1417 734 1531 770 situm
1552 733 1598 770 de
1619 731 1853 781 septenario,
1875 730 1938 779 qui
1959 729 2086 778 primo
2110 730 2230 766 modo
2251 738 2308 766 est
2324 731 2489 778 primus,

1417 799 1496 823 non
1525 786 1628 822 enim
1656 791 1899 822 mensuratur
1918 782 1988 820 nisi
2008 782 2166 828 unitate;
2187 795 2267 819 non
2286 791 2415 820 autem
2435 791 2492 820 est

1415 840 1563 889 primus
1592 838 1762 876 secundo
1791 837 1930 882 modo,
1957 835 2202 884 componitur
2230 835 2332 872 enim
2353 848 2399 873 ex
2419 843 2491 873 ter-

1417 893 1523 930 nario
1540 900 1576 929 et
1590 891 1849 940 quaternario:
1866 890 1934 927 sed
1949 889 2134 926 ternarius
2154 901 2233 926 non
2249 888 2494 938 componitur

1418 959 1463 983 ex
1486 945 1657 995 pluribus
1685 944 1867 991 numeris,
1888 943 1955 980 sed
1976 955 2022 979 ex
2047 943 2129 979 sola
2148 941 2325 991 dualitate
2350 950 2387 979 et
2410 942 2493 981 uni-

1417 1008 1491 1037 tate
1508 997 1532 1036 δ.
1551 999 1614 1036 Sic
1629 1010 1719 1047 ergo
1734 1004 1839 1047 patet
1866 996 1971 1046 quod
1991 995 2189 1049 quodlibet
2207 995 2492 1044 praedictorum

1419 1061 1584 1102 quatuor
1611 1051 1791 1093 convenit
1813 1050 2077 1088 universaliter
2099 1048 2271 1095 trinitati,
2297 1049 2494 1098 quodlibet

1420 1115 1549 1144 autern
1580 1118 1713 1142 eorum
1744 1103 1924 1141 convenit
1952 1103 2066 1140 etiam
2095 1102 2176 1139 aliis
2201 1102 2239 1139 in
2258 1115 2396 1151 genere
2423 1115 2493 1140 nu-

1421 1159 1528 1197 meri.
1550 1160 1655 1196 Nam
1675 1159 1750 1195 hoc
1778 1157 1884 1207 quod
1913 1157 2048 1194 dicitur
2067 1168 2252 1193 numerus
2281 1164 2318 1193 et
2331 1157 2351 1177 *
2370 1156 2495 1206 impar

1422 1212 1602 1251 convenit
1634 1211 1815 1249 omnibus
1852 1210 2022 1249 numeris
2054 1209 2281 1258 imparibus:
2314 1210 2494 1249 ultimum

1422 1274 1572 1313 autem,
1598 1265 1738 1303 scilicet
1772 1264 1877 1313 quod
1907 1265 1953 1301 sit
1989 1263 2136 1313 primus
2164 1271 2327 1312 utroque
2356 1263 2506 1311 modo,

1423 1320 1603 1357 convenit
1622 1319 1737 1356 etiarn
1753 1318 1937 1364 dualitati,
1958 1329 2057 1367 quae
2077 1329 2149 1353 nec
2164 1323 2407 1354 mensuratur
2420 1317 2496 1358 alio

1422 1385 1598 1419 numero,
1619 1385 1691 1409 nec
1715 1371 1960 1421 componitur
1980 1383 2025 1407 ex
2045 1370 2232 1417 numeris,
2253 1370 2329 1407 sed⁴
2342 1382 2388 1407 ex
2407 1370 2497 1408 solis

1421 1426 1645 1463 unitatibus:
1669 1425 1774 1462 unde
1803 1425 1936 1462 omnia
1954 1424 2035 1461 >ista
2063 1424 2176 1461 simul
2201 1423 2329 1460 iuncta
2357 1423 2498 1472 signifi-

1423 1487 1509 1517 cant
1528 1479 1634 1528 quod
1654 1478 1747 1527 quid
1767 1486 1822 1515 est
1840 1477 2039 1515 ternarius.

1476 1533 1512 1570 6.
1531 1532 1608 1569 Sed
1622 1531 1775 1569 videtur
1793 1531 1899 1580 quod
1915 1543 1995 1568 non
2015 1530 2227 1579 requiratur
2240 1530 2291 1568 ad
2311 1529 2498 1568 definitio-

1421 1598 1512 1624 nem
1541 1585 1647 1635 quod
1663 1583 1853 1634 quaelibet
1866 1583 2051 1633 particula
2064 1583 2111 1620 sit
2128 1583 2167 1620 in
2190 1584 2277 1633 plus
2296 1595 2414 1632 quam
2434 1584 2499 1622 de-

1421 1639 1584 1676 finitum.
1597 1638 1698 1676 Dicit
1717 1637 1820 1675 enim
1835 1637 2094 1686 Philosophus
2102 1636 2143 1673 in
2156 1637 2226 1674 VII
2237 1637 2457 1686 Metaphy&
2479 1638 2500 1665 ³⁸

1422 1693 1528 1742 quod
1561 1692 1717 1742 quando
1745 1691 1968 1741 pervenitur
2000 1690 2050 1728 ad
2077 1689 2230 1727 ultimas
2255 1689 2500 1738 differentias,

1423 1754 1533 1784 erunt
1565 1746 1745 1795 aequales
1779 1744 2014 1782 differentiae
2048 1743 2266 1793 speciebus3
2301 1755 2380 1781 non
2409 1755 2500 1793 ergo

1423 1808 1575 1849 oportet
1603 1799 1708 1849 quod
1729 1798 1942 1836 differentia
1970 1797 2016 1835 sit
2035 1797 2073 1834 in
2092 1798 2178 1846 plus
2198 1809 2316 1846 quam
2341 1797 2500 1847 species.

1425 1853 1544 1901 Quod
1568 1853 1683 1891 etiam
1718 1852 1863 1890 ratione
1883 1852 1904 1873 '¹
1922 1851 2087 1889 videtur.
2113 1850 2213 1888 Dicit
2246 1850 2349 1888 enirn
2375 1851 2503 1890 Philo*

1425 1908 1570 1956 sophus
1594 1907 1633 1944 in
1646 1907 1734 1944 Vlll
1755 1907 1974 1954 Metaphys.
1987 1906 2020 1951 ¹⁹,
2037 1904 2143 1954 quod
2159 1903 2253 1944 ratio
2269 1916 2369 1953 quae
2385 1912 2442 1942 est
2456 1917 2503 1943 ex

1426 1960 1660 2007 differentiis,
1674 1960 1828 1997 videtur
1847 1971 1932 1996 esse
1952 1958 2092 2008 speciei
2107 1965 2145 1995 et
2163 1965 2286 2004 actus,
2307 1957 2404 1996 idest
2427 1959 2502 1996 for-

1426 2026 1526 2061 mae,
1538 2014 1639 2064 quia,
1656 2013 1752 2052 sicut
1767 2012 1910 2050 ibidem
1927 2012 2063 2050 dicitur
2073 2012 2106 2059 ¹³,
2119 2010 2331 2048 differentia
2346 2023 2504 2062 respon-

1427 2068 1491 2105 det
1518 2068 1684 2114 formae;
1712 2066 1911 2104 cuiuslibet
1934 2073 2064 2103 autem
2093 2064 2235 2114 speciei
2263 2071 2320 2102 est
2346 2065 2504 2115 propria

1426 2121 1562 2168 forma,
1580 2134 1679 2170 quae
1699 2120 1790 2158 nulli
1806 2120 1867 2157 alii
1889 2119 2080 2157 convenit.
2096 2118 2258 2156 Videtur
2273 2117 2383 2166 igitur
2398 2118 2505 2169 quod

1427 2174 1640 2212 differentia
1660 2174 1794 2212 ultima
1809 2186 1887 2211 non
1903 2173 2063 2211 excedat
2077 2171 2259 2221 speciem.
2272 2171 2372 2210 Dicit
2387 2172 2503 2211 etiam

1427 2228 1685 2278 Philosophus
1704 2228 1743 2265 in
1757 2228 1826 2265 Vll
1838 2228 2057 2276 Metaphys.
2070 2227 2090 2248 ¹¹
2101 2225 2208 2275 quod
2223 2224 2315 2262 nihil
2331 2234 2388 2264 est
2402 2225 2505 2264 aliud

1428 2282 1466 2319 in
1487 2282 1709 2320 definitione
1730 2293 1848 2331 quarn
1868 2292 1989 2330 genus
2014 2288 2052 2318 et
2072 2278 2321 2326 differentiae,
2338 2287 2375 2317 et
2398 2279 2505 2330 quod

1427 2335 1609 2385 possibile
1644 2343 1701 2373 est
1738 2335 2002 2373 definitionem
2041 2346 2087 2371 ex
2122 2332 2275 2370 duobus
2311 2333 2503 2381 constitui,

1429 2401 1596 2438 quorum
1615 2401 1738 2427 unum
1758 2388 1804 2426 sit
1822 2401 1955 2438 genus,
1976 2387 2078 2426 aliud
2100 2387 2120 2409 ⁴¹
2140 2385 2363 2425 differentia.
2385 2386 2504 2425 Diffe-

1429 2443 1549 2480 rentia
1576 2451 1705 2480 autem
1735 2455 1814 2480 non
1849 2442 2042 2480 invenitur
2070 2448 2173 2479 extra
2206 2440 2409 2490 proprium
2441 2452 2505 2489 ge-

1430 2508 1513 2543 nus,
1534 2496 1703 2546 alioquin
1722 2509 1801 2534 non
1821 2504 1920 2534 esset
1935 2495 2098 2534 divisiva
2117 2492 2265 2543 generis
2273 2507 2348 2544 per
2364 2506 2416 2541 se,
2436 2493 2506 2534 sed

1423 2561 1497 2598 per
1523 2550 1706 2587 accidens.
1737 2549 1898 2587 Videtur
1925 2561 2016 2598 ergo
2045 2548 2152 2598 quod
2185 2545 2399 2586 differentia
2425 2559 2506 2587 non

1431 2603 1588 2640 excedat
1616 2603 1797 2652 speciem.

1485 2668 1521 2706 7·
1557 2656 1635 2694 Sed
1670 2656 1876 2694 dicendum
1911 2663 1968 2694 est
2006 2654 2111 2704 quod
2146 2655 2176 2693 si
2221 2654 2341 2704 accipi
2375 2661 2507 2703 posset

1431 2709 1654 2756 differentia,
1670 2721 1770 2759 quae
1785 2709 1998 2746 notificaret
2011 2708 2135 2758 ipsam
2151 2709 2316 2746 formam
2332 2708 2506 2746 substan-

1430 2763 1558 2800 tialem
1583 2762 1734 2812 speciei,
1757 2763 1861 2800 nullo
1882 2762 2003 2800 modo
2025 2761 2239 2800 differentia
2257 2761 2392 2799 ultima
2407 2768 2508 2799 esset

1431 2816 1469 2854 in
1498 2817 1583 2865 plus
1612 2828 1731 2865 quam
1759 2815 1919 2865 speeies,
1948 2823 1990 2853 ut
2018 2815 2183 2854 rationes
2211 2816 2389 2866 probant.
2427 2813 2506 2855 Sed

1432 2868 1521 2919 quia
1558 2869 1706 2906 formae
1735 2869 1952 2907 essentiales
1985 2881 2064 2907 non
2101 2877 2188 2907 sunt
2222 2869 2334 2907 nobis
2367 2881 2437 2918 per
2462 2879 2506 2907 se

1433 2930 1545 2960 notae
1559 2928 1583 2969 ⁸,
1600 2930 1750 2972 oportet
1764 2922 1870 2972 quod
1885 2922 2174 2960 manifestentur
2186 2935 2255 2972 per
2269 2922 2395 2972 aliqua
2409 2921 2507 2960 acci·

1430 3069 1499 3094 iuxta
1518 3069 1635 3094 diversos
1654 3069 1748 3094 modos
1771 3069 1868 3102 quibus
1886 3077 1930 3095 rec
1949 3075 1990 3095 est
2013 3069 2039 3094 in
2059 3069 2206 3101 intellectu,
2226 3069 2322 3095 diversi
2341 3069 2412 3095 modi
2431 3068 2507 3096 lutol-

1431 3104 1547 3130 lectionis
1566 3106 1756 3131 constituuntur
1775 3110 1853 3138 atque
1872 3105 2080 3131 denominantur.
2099 3105 2203 3132 Etenim
2230 3115 2243 3128 s
2255 3104 2353 3139 aliquid
2375 3103 2508 3138 mpliciter

1434 3150 1446 3163 »
1468 3141 1639 3173 cognoscitur.
1664 3140 1723 3166 Uno
1748 3141 1828 3165 modo
1853 3148 1899 3173 per
1923 3141 2095 3174 praesentiam
2121 3148 2184 3166 sune
2204 3140 2334 3166 essentiae
2357 3140 2385 3166 in
2409 3147 2506 3174 eogno-

1434 3186 1447 3199 »
1468 3181 1570 3207 scente,
1595 3177 1661 3201 sicut
1678 3176 1702 3201 si
1722 3176 1765 3201 lux
1782 3176 1899 3201 videatur
1918 3177 1943 3202 in
1962 3177 2077 3202 oculo...
2096 3177 2156 3202 Alio
2175 3177 2255 3202 modo

1434 3222 1446 3234 n
1468 3219 1531 3237 suae
1546 3211 1720 3236 similitudinis
1734 3212 1758 3237 in
1773 3212 1887 3244 potentia
1899 3212 2090 3245 cognoscitiva,
2109 3212 2175 3238 sicut
2187 3213 2252 3245 lapis
2264 3211 2367 3237 videtur
2384 3211 2416 3237 nb
2426 3210 2507 3238 oculo

1434 3257 1448 3306 ζ
1467 3255 1518 3308 ξίἱ
1536 3246 2342 3317 2¹32.1225..-2322'¹2?202232.“.‘:l⁸:.2÷2÷13‚·5“÷¹3;m331⁴5
2351 3246 2507 3317 lime-⁶⁶⁹3

1435 3328 1448 3341 ι
1468 3318 1584 3352 cognita,
1610 3319 1656 3344 sed
1679 3326 1695 3343 ι
1714 3326 1743 3344 re
1761 3318 1848 3352 aliqua
1874 3319 1898 3344 in
1923 3326 1975 3352 qun
1997 3319 2119 3350 resultet,
2145 3319 2211 3344 sicut
2234 3319 2354 3344 videmus
2373 3317 2507 3345 hominem

1435 3364 1448 3377 ι
1468 3353 1495 3378 in
1509 3354 1617 3386 speculo
1633 3364 1646 3377 ι
1662 3354 1703 3387 (P.
1716 3354 1735 3385 1,
1748 3361 1793 3387 qu.
1807 3362 1858 3385 ινι,
1873 3359 1920 3380 art.
1935 3355 1983 3388 ιιι).
1998 3355 2084 3380 Prima
2098 3360 2124 3380 et
2144 3354 2259 3380 secunda
2278 3354 2400 3380 dicuntur
2417 3353 2506 3387 cogni*

1434 3389 1517 3414 tiones
1537 3389 1691 3415 intuitivae.-
1710 3390 1819 3415 intuitus
1840 3390 1908 3415 enim
1930 3395 1970 3415 est
1990 3390 2057 3416 actio
2077 3390 2223 3416 intellectu·
2237 3390 2264 3416 in
2277 3389 2409 3417 obiectum
2429 3388 2508 3415 rutb-

1434 3432 1466 3450 ne
1490 3425 1529 3450 sui
1548 3430 1574 3450 et
1594 3433 1646 3450 non
1665 3426 1770 3451 alterius
1789 3433 1923 3458 praesens,
1937 3426 1963 3451 in
1981 3426 2082 3452 mione
2099 3426 2203 3457 obiecti,
2217 3425 2268 3459 ipsi
2289 3425 2429 3452 intellectui
2448 3422 2507 3457 (Cf.

1434 3467 1455 3485 s.
1466 3460 1584 3493 August„
1596 3460 1638 3486 De
1656 3460 1796 3490 fflnitate,
1807 3461 1850 3486 lib.
1860 3461 1903 3491 xl,
1915 3469 1971 3494 cap.
1981 3469 2009 3493 n,
2019 3469 2046 3487 n.
2057 3468 2086 3493 ²3
2101 3469 2123 3486 s.
2133 3461 2184 3487 Th.
2194 3461 2220 3486 in
2235 3461 2245 3486 1
2260 3460 2388 3492 sentent..
2399 3459 2458 3486 dist.
2467 3464 2506 3489 m,

1434 3503 1480 3529 qu.
1490 3503 1523 3527 ιν,
1537 3502 1584 3521 nrt.
1597 3503 1626 3526 v;
1646 3504 1668 3522 s.
1684 3497 1827 3522 Bonavent.
1846 3497 1871 3522 in
1891 3497 1909 3522 ll
1932 3497 2066 3528 Sentent„
2086 3497 2145 3522 dist.
2164 3505 2234 3527 xxm,
2253 3496 2324 3522 artic.
2342 3503 2370 3528 11,
2389 3502 2434 3529 qu·
2451 3494 2506 3527 ¹¹1)-

1434 3531 1522 3556 Tertia
1539 3539 1603 3556 vero
1621 3532 1732 3565 cognitio
1746 3532 1838 3557 dicitur
1851 3533 2028 3560 abstractiva.
2053 3540 2106 3566 qua
2118 3532 2197 3558 menti
2217 3539 2258 3557 res
2273 3531 2374 3564 cognita
2388 3529 2509 3556 obiicitur

1434 3575 1487 3592 non
1506 3575 1552 3600 per
1571 3567 1743 3600 praesentiam
1767 3568 1912 3601 propriam,
1939 3569 1986 3593 sed
2006 3568 2105 3593 ratione
2123 3567 2228 3594 alterius
2247 3567 2339 3593 obiecti
2353 3564 2408 3600 (Cf.
2422 3565 2452 3590 P.
2465 3564 2505 3595 111,

1435 3610 1479 3635 qu.
1488 3610 1531 3633 ιιι,
1547 3603 1616 3628 artic.
1626 3610 1644 3634 1,
1659 3603 1691 3628 nd
1705 3603 1742 3636 ι).
1762 3603 1855 3637 Neque
1873 3602 1951 3628 officit
1970 3603 2041 3636 quod
2060 3603 2086 3628 in
2105 3603 2222 3629 secundo
2236 3602 2316 3628 modo
2332 3599 2508 3635 cognoscendi

2521 1168 2533 1179 ⁸
2552 1167 2586 1189 Ee
2601 1173 2650 1189 om.
2666 1173 2738 1190 tcum

2523 1198 2546 1216 et
2561 1200 2585 1222 p.
2600 1200 2633 1216 m.
2646 1199 2670 1216 Α.

2529 1649 2538 1657 ·
2556 1647 2651 1670 comm.
2665 1653 2686 1669 ι.
2695 1646 2742 1669 Th.

2530 1674 2582 1699 lect.
2603 1679 2646 1696 ιιι.
2665 1686 2671 1690 -
2698 1673 2742 1696 Ed.

2529 1701 2583 1724 nid.
2593 1700 2681 1728 lib-VI,
2690 1706 2743 1729 up.

2529 1733 2601 1756 xum.
2611 1733 2634 1755 7.

2530 1866 2542 1878 '
2556 1865 2633 1889 Codd.
2641 1871 2686 1888 -ιιε
2702 1870 2745 1887 ra-

2530 1891 2652 1929 ‘Uo-naute.

2532 1919 2590 1968 10&
2591 1917 2746 1968 {iffi-fidi?

2532 1972 2573 1995 lib.
2584 1971 2637 2000 vn,
2652 1978 2704 2000 cup.
2718 1977 2744 1999 ιι,

2531 2005 2556 2022 B·
2586 2014 2592 2021 .

2530 2005 2654 2075 .·..<.³s2·t.·r.·
2667 2032 2688 2070 ε·
2698 2025 2747 2074 a:

2531 2079 2587 2103 Did·
2612 2079 2659 2102 loc.
2683 2078 2723 2101 cit.
2738 2095 2747 2106 r

2533 2112 2557 2129 ιι.
2572 2112 2597 2135 9.

2533 2237 2656 2296 lgm&
2665 2244 2685 2281 ·.·
2700 2237 2747 2286 a:

2532 2291 2587 2316 Did.
2597 2291 2638 2314 lib.
2645 2291 2686 2318 Vl,
2694 2297 2748 2320 cop·

2531 2324 2572 2346 m,
2586 2324 2611 2341 n.
2624 2323 2646 2347 3.

2533 2397 2545 2410 ⁸
2559 2403 2604 2420 u:
2619 2398 2644 2419 et
2661 2396 2755 2424 allud:

2533 2430 2562 2447 ιε
2575 2423 2644 2446 allud
2662 2429 2727 2446 m.

2332 3175 2507 3210 pne-mim
2555 3184 2558 3185 ⁷
