2788 4204
86 676 98 688 ⁸
106 676 176 697 Num.
185 681 197 696 ι.
207 687 217 691 -
228 681 299 701 exoa:

87 702 274 723 determinatam.

85 729 145 754 'uqa
154 735 203 750 om.
209 729 297 756 primo.

84 838 96 849 ³
104 843 201 859 cont-or
210 845 215 859 ε
230 837 297 858 illud.

83 917 179 938 'anatot
191 918 228 937 cst
238 922 295 943 quo-

83 943 213 969 dammodo,
221 946 242 964 et
248 949 295 963 om.

80 976 126 997 pro
143 970 179 990 rie
190 986 197 995 ,
232 969 294 997 quod

82 996 111 1017 ad
129 996 145 1017 it
154 996 185 1017 .in
198 1002 270 1023 marg.
279 1003 295 1017 1.

335 219 406 264 148

327 296 545 346 praemissis
564 308 643 332 non
663 294 843 344 accipitur
871 294 996 343 aliqua
1023 292 1233 341 propositio
1259 291 1306 328 de
1327 303 1395 327 nu—

329 362 436 386 mero
458 357 522 386 aut
541 349 588 386 de
609 356 710 386 recta
733 349 830 384 linea
855 360 943 384 cum
963 348 1035 383 hac
1054 345 1258 390 additione,
1280 356 1394 392 quam

328 409 366 440 tu
387 404 492 449 nosti,
514 402 581 439 sed
601 401 817 450 simpliciter
837 401 884 437 de
905 399 1027 444 omni;
1049 410 1174 446 neque
1195 409 1284 445 ergo
1307 409 1395 434 con-

329 457 446 494 clusio
477 454 808 493 demonstrationis
829 461 884 490 est
908 465 995 490 cum
1025 451 1219 488 additione
1246 451 1396 499 praedi-

329 518 404 556 cta,
435 510 503 547 sed
531 507 747 557 simpliciter
776 507 822 544 de
852 506 958 543 omni
977 512 1007 541 μ.

382 564 417 599 6.
449 564 612 609 QuartO,
643 561 709 596 ibi:
739 561 813 597 Sed
831 560 923 596 nihil
942 566 1024 604 etc„
1053 557 1161 606 ponit
1179 568 1314 594 veram
1333 568 1394 593 so-

327 616 510 652 lutionem
540 613 782 652 dubitationis
804 613 1021 661 praedictae
1045 610 1258 647 secundum
1286 622 1395 658 prae-

328 669 615 706 determinatam
632 668 651 688 ’⁵²
666 667 876 712 veritatem,
893 666 1023 703 dicens
1044 664 1149 713 quod
1168 663 1271 709 illud,
1289 664 1395 711 quod

327 723 410 771 quis
430 721 598 767 addiscit,
619 720 708 757 nihil
727 720 905 768 prohibet
923 718 1048 767 primo
1066 719 1085 740 ’³‘
1101 716 1393 767 quodammodo

325 775 419 812 scire
441 782 476 811 et
495 773 786 822 quodammodo
807 773 992 821 ignorare.
1015 772 1107 808 Non
1137 770 1239 807 enim
1260 778 1315 806 est
1339 769 1393 806 in-

325 827 557 865 conveniens
577 827 607 863 si
627 826 760 875 aliquis
789 825 1082 875 quodammodo
1111 823 1296 874 praesciat
1319 823 1358 859 id
1374 824 1394 844 ’¹‘

324 882 428 930 quod
443 881 616 927 addiscit;
638 880 705 917 sed
726 887 824 917 esset
843 878 1117 916 inconveniens
1133 878 1162 914 si
1177 878 1253 914 hoc
1273 876 1392 913 modo

322 942 661 983 praecognosceret
697 933 910 971 secundum
944 933 1049 981 quod
1078 931 1247 969 addiscit.
1277 930 1394 967 Addi-

322 1000 426 1025 scere
457 988 558 1024 enim
587 987 740 1036 proprie
771 994 826 1024 est
847 989 866 1009 ²³*
887 986 1083 1024 scientiam
1112 985 1151 1022 in
1174 984 1302 1033 aliquo
1331 995 1393 1031 ge-

374 1145 402 1180 1²)
422 1145 514 1177 Neque
532 1152 598 1178 ergo
616 1144 749 1169 conclusio
764 1149 812 1169 etc.
827 1144 897 1168 Haec
916 1144 996 1168 illatio
1008 1143 1125 1176 explicite
1143 1143 1252 1168 habetur
1271 1143 1297 1167 in
1311 1142 1388 1167 Piana

320 1187 345 1206 et
364 1182 389 1205 in
409 1181 492 1211 codd„
512 1185 536 1205 et
555 1185 595 1205 est
612 1180 753 1210 retinenda,
768 1184 806 1211 ut,
821 1184 880 1211 post
898 1180 1063 1211 praemissas,
1078 1187 1173 1211 nempe
1189 1178 1315 1203 maiorem
1335 1178 1387 1210 syl-

320 1216 422 1249 logismi
442 1216 598 1248 (Conclusio
617 1223 677 1240 cum
692 1215 850 1247 praemissis
870 1215 928 1247 etc.)
948 1220 974 1239 et
993 1215 1121 1239 minorem
1136 1213 1200 1248 (sed
1213 1214 1239 1239 in
1255 1213 1387 1245 praemis-

318 1253 355 1277 sis
374 1251 433 1286 etc.)
455 1252 576 1276 inferatur
595 1251 620 1276 id
640 1251 711 1283 quod
730 1256 880 1283 susceptum
901 1255 940 1275 est
958 1250 1130 1283 probandum,
1149 1250 1280 1274 videlicet:
1305 1256 1388 1281 neque

319 1295 383 1320 ergo
402 1287 534 1312 conclusio
554 1292 601 1311 etc.
611 1301 631 1305 —
641 1287 713 1312 Unus
733 1286 813 1311 codex
827 1286 846 1310 C
866 1286 1072 1310 subintellectam
1087 1285 1208 1318 relinquit
1226 1290 1307 1309 totam
1323 1284 1387 1309 hanc

319 1323 521 1348 conclusionem.
537 1322 587 1347 Sed
606 1327 646 1347 est
665 1322 801 1351 mendum,
821 1322 894 1346 cuius
913 1322 977 1346 ratio
996 1321 1072 1345 solita
1091 1326 1138 1351 est,
1158 1328 1252 1352 nempe
1270 1320 1387 1352 repetitio

318 1359 436 1383 eiusdem
455 1358 587 1388 vocabuli,
603 1358 636 1382 de
654 1357 836 1382 omna-eod.
851 1357 874 1380 H
894 1364 973 1389 supra
993 1356 1067 1388 legit:
1081 1356 1142 1380 Non
1158 1363 1223 1389 ergo
1243 1363 1334 1380 verum
1347 1358 1388 1380 est

318 1394 390 1426 quod
407 1394 476 1419 sciat
494 1394 527 1418 de
546 1393 618 1418 omni
637 1400 755 1422 numero,
777 1399 853 1424 quem
872 1392 923 1416 scit
940 1398 996 1416 esse
1020 1399 1166 1420 numerum,
1188 1391 1235 1415 sed
1253 1391 1286 1415 de
1306 1390 1386 1415 omni.

319 1430 392 1454 Idem
413 1429 546 1461 improbat
564 1429 651 1456 aliter,
667 1428 717 1453 ibi:
733 1428 824 1460 Neque
842 1427 911 1452 enim
931 1432 980 1452 etc.
996 1426 1058 1451 Cod.
1076 1427 1100 1451 Ο
1119 1426 1197 1451 habet
1215 1426 1332 1450 similiter
1350 1426 1387 1450 la-

319 1472 426 1489 cunam:
440 1465 500 1496 legit
519 1464 600 1488 enim:
615 1471 694 1496 quam
708 1463 785 1488 scivit
803 1469 858 1487 esse
877 1462 1043 1490 dualitatem,
1057 1462 1105 1487 sed
1123 1462 1156 1486 de
1170 1462 1243 1486 omni
1260 1461 1386 1493 simplici-

318 1503 366 1528 ter,
378 1501 485 1532 probat,
501 1499 537 1524 ibi
549 1504 597 1524 etc.
612 1499 728 1531 Denique
744 1499 800 1523 cod.
815 1499 835 1522 L
856 1498 992 1522 lectionem
1007 1497 1114 1530 praebet
1132 1505 1185 1522 non
1204 1497 1386 1530 adoptandam,

317 1535 454 1560 omittens:
468 1535 516 1560 sed
535 1535 567 1559 de
586 1535 658 1559 omni
675 1534 839 1565 simpliciter,
855 1538 913 1558 ante
927 1533 1035 1565 probat.

371 1570 394 1605 ν)
414 1572 483 1595 Ante
501 1570 699 1603 generationem
719 1576 801 1601 neque
818 1569 878 1602 fuit
896 1569 1003 1593 omnino
1023 1576 1075 1593 non
1095 1575 1155 1597 ens,
1176 1575 1259 1601 neque
1278 1567 1385 1593 omnino

317 1613 372 1631 ens.
387 1607 459 1630 Hanc
479 1613 628 1637 germanam
647 1605 792 1633 lectionem,
808 1611 875 1636 quae
892 1611 951 1628 curn
970 1604 1090 1636 sequenti
1105 1604 1224 1628 membro
1244 1604 1386 1628 sententiae

318 1641 444 1671 cohaeret,
459 1641 619 1665 restituimus
635 1648 666 1665 ex
680 1640 756 1664 codd.
769 1639 826 1664 AO.
836 1639 917 1664 —Nisi
930 1639 995 1664 forte
1010 1639 1103 1664 melius
1118 1639 1195 1664 etiam
1210 1639 1267 1664 cod.
1283 1640 1318 1663 B:
1333 1646 1384 1664 non

309 1677 368 1710 suit
386 1677 493 1702 omnino
507 1683 561 1705 ens,
576 1683 657 1708 neque
671 1676 779 1700 omnino
794 1682 845 1699 non
861 1682 915 1700 ens.
930 1675 1009 1700 Piana
1024 1680 1049 1699 et
1067 1675 1109 1700 alii
1128 1675 1216 1699 codd.:
1231 1678 1294 1699 ante
1307 1682 1387 1708 gene-

317 1713 447 1736 rationem
463 1719 513 1736 non
523 1711 582 1744 fuit
596 1711 703 1736 omnino
718 1718 771 1740 ens,
785 1710 832 1735 sed
847 1715 894 1735 etc.
909 1711 942 1735 Et
956 1711 979 1735 I:
995 1718 1046 1735 non
1061 1710 1119 1744 fuit
1135 1710 1242 1735 omnino
1261 1718 1313 1735 non
1331 1717 1385 1740 ens,

315 1748 363 1772 sed
381 1747 577 1780 quodammodo
597 1754 648 1771 non
668 1753 721 1777 ens,
741 1753 836 1778 nempe
853 1746 955 1770 videtur
979 1745 1136 1771 confundere
1159 1746 1304 1771 secundum
1327 1754 1386 1770 sen-

315 1783 410 1807 tentiae
429 1782 578 1807 membrum
592 1790 651 1806 cum
671 1782 763 1815 primo.
783 1783 819 1806 K:
839 1789 891 1807 non
903 1781 963 1815 suit
977 1781 1085 1806 omnino
1105 1789 1156 1806 non
1172 1789 1225 1808 ens.
1242 1787 1266 1806 et
1284 1781 1385 1811 omittit,

315 1818 363 1843 sed
377 1818 574 1851 quodammodo
588 1825 634 1842 ens
648 1821 675 1842 et
688 1817 884 1849 quodammodo
898 1825 950 1842 non
966 1824 1021 1842 ens.
1038 1817 1089 1841 Sed
1103 1822 1143 1841 est
1157 1816 1386 1841 mendum—Infra

315 1861 378 1878 vero
398 1854 455 1879 cod.
469 1853 492 1878 Ο
513 1854 654 1878 mendosus
674 1858 722 1884 est,
737 1853 860 1878 omittens
878 1853 965 1882 verba,
981 1856 1008 1877 et
1025 1853 1074 1878 hoc
1087 1855 1126 1878 est
1143 1853 1278 1886 generari,
1294 1852 1387 1878 reduci

316 1889 349 1914 de
363 1889 487 1921 potentia
506 1889 532 1913 in
552 1892 649 1918 actum,
666 1896 733 1921 quae
752 1888 914 1913 concorditer
932 1888 1086 1912 exhibentur
1104 1888 1136 1912 ab
1156 1889 1210 1913 aliis
1230 1888 1305 1913 codd.

371 1923 394 1957 ξ)
415 1925 451 1950 Et
469 1924 518 1949 hoc
537 1927 576 1949 est
587 1924 734 1952 addiscere,
749 1924 841 1949 reduci
854 1924 887 1948 de
900 1923 1052 1956 cognitione
1066 1928 1114 1948 etc.
1129 1924 1200 1949 Haec
1219 1924 1294 1948 lectio
1308 1923 1386 1948 Piana

316 1965 342 1986 et
360 1961 435 1985 codd.
450 1961 548 1992 optima
567 1960 715 1985 est.—Cod.
730 1960 765 1984 B:
780 1959 829 1984 hoc
847 1962 887 1984 est
905 1959 1044 1984 addiscere
1063 1959 1189 1984 reducere
1207 1959 1385 1992 cognitionem

311 1996 486 2028 potentialem
501 1995 555 2020 sive
574 1996 715 2020 virtualem
730 1998 778 2020 aut
794 1995 969 2020 universalem
990 2000 1037 2019 etc.
1053 1995 1126 2025 Quae
1140 1995 1215 2020 lectio
1229 1994 1292 2019 falsa
1312 1999 1387 2019 est.-

317 2032 403 2056 Docet
421 2031 543 2064 magister
557 2036 583 2055 et
602 2030 706 2055 reducit
725 2030 879 2063 discipulum
896 2030 928 2054 de
942 2030 1088 2062 cognitione
1100 2030 1232 2063 potentiali
1252 2031 1284 2055 ad
1299 2030 1386 2063 cogni-

316 2067 414 2091 tionem
433 2067 558 2091 actualem
578 2066 774 2091 conclusionum
780 2074 788 2096 ,-
800 2066 917 2090 addiscit
931 2066 1073 2097 discipulus
1092 2070 1118 2090 et
1135 2066 1274 2091 reducitur
1292 2066 1324 2090 de
1343 2073 1385 2090 co-

315 2102 429 2136 gnitione
447 2102 576 2134 potentiali
598 2102 630 2126 ad
649 2102 784 2126 actualem.
800 2101 859 2131 Qua
878 2102 910 2126 de
924 2108 952 2125 re
971 2101 1003 2126 cf.
1017 2109 1039 2126 s.
1053 2101 1149 2126 Thom.
1165 2101 1216 2134 Qq.
1228 2109 1253 2126 xi
1273 2102 1314 2126 De
1329 2108 1385 2126 ma-

315 2138 403 2172 gistro
417 2137 483 2162 inter
498 2137 581 2170 dispp.
597 2137 638 2162 De
652 2138 773 2167 veritate,
788 2142 814 2162 et
829 2137 931 2161 Summ.
947 2136 1024 2161 theol.
1039 2144 1092 2169 par.
1107 2137 1125 2165 1,
1141 2144 1185 2169 qu.
1199 2144 1275 2167 cxvu,
1286 2137 1358 2162 artic.
1368 2145 1385 2161 1.

371 2173 444 2203 Quae
462 2173 488 2197 in
508 2172 555 2197 hac
580 2173 689 2197 lectione
714 2171 870 2197 definiuntur
894 2172 1080 2204 aliquantulum
1106 2173 1291 2197 consideranda
1316 2177 1385 2197 sunt.

316 2209 472 2240 Principium
495 2209 564 2233 unde
589 2208 718 2232 exorditur
742 2208 894 2232 Aristoteles
920 2212 973 2232 est:
994 2208 1088 2232 Omnis
1113 2208 1227 2232 doctrina
1251 2213 1276 2232 et
1300 2209 1386 2232 omnis

317 2244 450 2276 disciplina
469 2244 621 2268 intellectiva
635 2251 665 2268 ex
684 2244 863 2275 praeexistenti
878 2243 1023 2275 cognitione
1041 2242 1078 2268 fit.
1098 2244 1177 2274 Quod
1191 2244 1297 2276 quidem
1317 2243 1386 2275 prin-

317 2281 412 2312 cipium
425 2279 589 2304 verissimum
604 2284 652 2304 est.
666 2278 702 2304 At
716 2279 779 2303 illud
794 2284 911 2303 recentes
925 2278 1043 2311 plerique
1056 2278 1204 2312 philosophi
1218 2284 1386 2312 praepostero

317 2323 395 2339 sensu
414 2319 440 2339 et
454 2320 542 2339 contra
561 2315 641 2347 ipsius
654 2314 801 2339 Aristotelis
815 2319 930 2339 mentem
945 2319 1006 2338 sunt
1018 2314 1184 2347 interpretati,
1201 2314 1275 2347 quasi
1290 2322 1386 2347 nempe

307 2351 433 2382 'Stagirita
452 2350 502 2374 hoc
527 2351 584 2374 loco
608 2350 723 2375 docuerit
746 2350 918 2382 cognitionem
944 2349 1141 2374 conclusionum
1160 2349 1273 2382 acquiri,
1292 2350 1386 2383 princi-

316 2386 419 2418 piorum
438 2391 525 2410 autem
544 2385 716 2418 cognitionem
741 2385 817 2410 nobis
837 2393 896 2410 esse
921 2385 1043 2410 innatam.
1062 2385 1231 2415 Aristoteles,
1250 2385 1384 2418 inquiunt,

317 2429 397 2454 quem
416 2421 533 2453 sequitur
552 2429 573 2445 s.
593 2420 726 2452 Thomas,
746 2421 821 2445 docet
845 2421 916 2453 quod
940 2420 1096 2452 discipulus,
1116 2426 1256 2453 antequam
1281 2421 1386 2446 conclu-

317 2456 418 2481 sionem
433 2456 554 2487 addiscat,
569 2463 627 2480 eam
641 2456 846 2489 praecognoscit,
860 2464 912 2480 non
932 2456 1038 2488 quidem
1057 2461 1115 2480 actu
1134 2456 1181 2480 sed
1191 2456 1322 2488 potentia,
1336 2456 1386 2481 hoc

317 2497 357 2517 est
369 2493 394 2516 in
409 2492 539 2524 principiis
551 2491 748 2522 universalibus,
764 2499 831 2524 quae
846 2491 944 2516 virtute
958 2492 1088 2516 continent
1102 2491 1309 2523 conclusionem;
1324 2495 1386 2517 actu

316 2535 379 2552 vero
399 2527 518 2552 eamdem
538 2526 730 2551 conclusionem
751 2527 883 2559 cognoscit
902 2527 1005 2559 quando
1025 2526 1147 2559 principia
1166 2526 1222 2559 ipsa
1240 2535 1286 2559 per
1305 2527 1386 2560 syllo-

317 2563 432 2595 gismum
447 2563 606 2598 applicantur
619 2562 693 2586 alicui
705 2562 843 2587 universali
854 2562 1024 2587 determinato
1039 2562 1090 2594 (Cf.
1101 2562 1249 2594 exemplum
1263 2562 1295 2587 de
1307 2562 1386 2587 trian-

316 2598 387 2631 gulo,
401 2606 426 2623 n.
442 2597 478 2632 1):
494 2595 551 2631 πρὶν
570 2596 592 2621 δ’
613 2594 754 2632 ἐπαχθῆναι
774 2602 821 2622 etc.
836 2602 864 2622 ut
882 2597 907 2622 in
927 2597 1052 2630 principio
1066 2602 1149 2622 textus
1164 2597 1240 2622 huius
1260 2597 1385 2622 lectionis.

316 2634 424 2658 Videtur
442 2641 504 2665 ergo
523 2633 603 2666 quod,
618 2633 643 2657 in
662 2633 789 2658 sententia
807 2632 960 2663 Aristotelis,
981 2633 1109 2658 elementa
1124 2632 1279 2658 universalia
1302 2633 1385 2658 deter-

317 2669 411 2693 minata
430 2676 556 2693 sensuum
570 2676 620 2700 ope
639 2673 665 2693 et
679 2668 907 2693 demonstrationis
921 2668 971 2693 sint
985 2668 1116 2701 acquisita,
1132 2673 1158 2692 at
1176 2668 1304 2692 elementa
1316 2673 1386 2692 tran-

317 2705 490 2729 scendentalia
509 2709 534 2729 et
553 2704 676 2736 principia
699 2704 793 2736 prima,
814 2711 881 2736 quae
900 2711 930 2728 ex
950 2704 999 2728 illis
1019 2708 1226 2736 componuntur,
1247 2704 1342 2728 lateant
1360 2704 1385 2728 in

317 2745 412 2770 mente,
427 2738 542 2772 fiantque
561 2744 618 2764 actu
638 2744 664 2764 et
683 2739 842 2771 applicentur
860 2739 892 2763 ad
911 2739 1066 2763 universalia
1085 2739 1136 2763 illa.

371 2775 422 2800 Sed
440 2774 503 2800 haec
523 2774 698 2807 interpretatio
717 2774 781 2799 falsa
800 2779 840 2799 est
859 2774 995 2799 manifeste
1014 2779 1039 2799 et
1062 2774 1173 2798 inaudita
1197 2778 1385 2799 commentato-

315 2810 387 2835 ribus
406 2811 547 2843 Stagiritae.
566 2810 594 2835 In
614 2815 778 2835 antecessum
797 2809 1000 2834 animadvertere
1025 2817 1137 2842 pronum
1157 2813 1196 2833 est
1219 2809 1385 2834 Aristotelem

316 2846 389 2879 loqui
409 2846 440 2871 de
460 2846 581 2876 doctrina,
601 2845 651 2870 hoc
669 2850 710 2870 est
733 2846 765 2870 de
785 2845 889 2870 scientia
915 2853 994 2878 quam
1013 2844 1136 2877 magister
1160 2844 1277 2869 docendo
1301 2845 1385 2875 tradit,

317 2882 402 2914 deque
421 2881 562 2914 disciplina,
582 2889 678 2914 nempe
697 2882 729 2906 de
748 2881 854 2906 scientia
873 2888 952 2913 quam
972 2880 1115 2913 discipulus
1141 2887 1171 2904 ex
1194 2879 1278 2904 alieno
1297 2880 1386 2913 recipit

316 2917 474 2950 magisterio.
490 2917 571 2941 Porro
586 2924 671 2949 neque
691 2916 813 2949 magister
832 2917 1024 2941 conclusionem
1041 2916 1135 2940 docere
1152 2919 1246 2947 potest,
1266 2915 1315 2940 nisi
1329 2923 1386 2940 mo-

315 2953 401 2977 vendo
420 2960 435 2977 a
453 2952 583 2985 principiis
607 2959 690 2984 eaque
715 2951 867 2984 applicando
886 2951 918 2976 ad
943 2951 1124 2976 determinatas
1144 2950 1286 2980 materias:
1299 2958 1385 2984 neque

317 2988 457 3020 discipulus
472 2988 592 3013 eamdem
606 2987 799 3012 conclusionem
819 2987 927 3018 discere,
943 2986 991 3011 nisi
1009 2994 1067 3012 eam
1086 2994 1146 3012 cum
1165 2986 1294 3018 principiis
1314 2994 1385 3011 com-

317 3024 431 3056 parando
446 3028 524 3056 atque
537 3023 703 3056 percipiendo
718 3030 867 3047 connexam.
878 3022 948 3054 Ergo
961 3030 1101 3055 processus
1117 3021 1265 3046 doctrinalis
1276 3022 1386 3047 assumit

316 3064 345 3083 ut
363 3067 409 3091 per
428 3066 456 3083 se
475 3063 535 3083 nota
554 3059 683 3091 principia,
698 3065 780 3091 eaque
800 3058 922 3090 supponit
942 3057 1089 3082 necessario
1109 3057 1210 3090 cognita
1229 3064 1243 3081 a
1262 3057 1384 3087 discente,

317 3094 362 3126 qui
381 3094 438 3119 ideo
458 3094 531 3119 discit
550 3102 564 3118 a
583 3094 707 3126 magistro
726 3101 779 3118 non
792 3093 924 3126 principia,
940 3094 987 3118 sed
1001 3093 1087 3118 solum
1103 3093 1296 3118 conclusiones:
1311 3092 1386 3117 discit

317 3134 403 3154 autem
422 3130 612 3160 conclusiones,
627 3134 755 3162 quatenus
774 3129 822 3153 sibi
842 3137 857 3153 a
875 3128 999 3162 magistro
1023 3136 1069 3161 per
1088 3129 1174 3161 aliqua
1199 3128 1272 3161 signa
1290 3136 1385 3161 propo-

317 3170 412 3189 nuntur
431 3165 552 3197 principia
571 3173 617 3197 per
636 3173 666 3190 se
685 3169 753 3195 nota,
768 3171 850 3197 eaque
870 3164 1029 3197 applicantur
1047 3164 1079 3188 ad
1103 3164 1284 3188 determinatas
1303 3168 1385 3188 mate-

316 3200 376 3230 riaS,
391 3205 416 3225 et
430 3201 489 3225 inde
508 3201 533 3225 in
548 3201 647 3233 aliquas
666 3200 831 3232 particulares
847 3199 1026 3224 conclusiones
1046 3200 1200 3232 proceditur,
1215 3206 1280 3232 quas
1295 3206 1385 3224 revera

318 3235 349 3259 de
369 3243 437 3260 novo
456 3236 546 3269 accipit
565 3235 707 3268 discipulus
723 3235 773 3268 (Cf.
788 3243 832 3268 qu.
848 3235 951 3267 praecit.
967 3235 1007 3260 De
1023 3235 1161 3268 magistro,
1177 3235 1247 3260 artic.
1261 3242 1269 3259 1
1286 3242 1333 3267 per
1346 3239 1385 3259 to-

316 3272 392 3304 tum).
408 3280 422 3295 a
439 3271 605 3304 Quicunque,
626 3271 713 3304 inquit
735 3270 906 3301 Themistius,
929 3271 960 3296 ad
980 3271 1093 3304 aliquam
1117 3270 1317 3296 intellectualem
1336 3270 1383 3295 do-

920 214 1305 252 POSTERIORUM
1333 213 1764 251 ANALYTICORUM
1792 216 1886 251 LIB.
1919 217 1932 251 I

1451 291 1586 328 nerari.
1611 293 1728 339 Quod
1748 301 1876 330 autern
1896 302 2108 342 generatur,
2129 302 2216 332 ante
2235 297 2520 343 generationem

1451 357 1576 394 neque
1606 346 1674 382 fuit
1702 347 1860 384 omnino
1889 359 1969 384 non
1989 361 2056 385 ens
2075 361 2200 397 neque
2230 348 2388 386 omnino
2410 363 2477 388 ens
2492 356 2520 397 ’;

1451 399 1519 435 sed
1539 399 1830 447 quodammodo
1862 413 1929 437 ens
1950 408 1986 437 et
2005 401 2296 450 quodammodo
2326 414 2405 440 non
2434 416 2519 441 ens:

1452 464 1518 488 ens
1547 452 1703 501 quidem
1732 453 1771 490 in
1798 454 1988 502 potentia,
2023 468 2103 492 non
2131 467 2198 492 ens
2226 467 2320 493 vero
2350 464 2454 494 actu:
2485 465 2522 494 et

1449 505 1524 541 hoc
1554 513 1610 542 est
1637 507 1819 554 generari,
1850 507 1979 545 reduci
2008 509 2056 546 de
2083 508 2253 558 potentia
2278 509 2317 546 in
2341 517 2469 546 actum
2486 511 2517 547 *.

1450 558 1560 595 Unde
1590 571 1661 596 nec
1694 560 1732 597 id
1763 561 1782 581 '¹‘
1812 561 1916 609 quod
1952 561 2036 610 quis
2064 562 2222 600 addiscit
2251 571 2330 600 erat
2358 563 2518 600 omnino

1448 611 1553 659 prius
1568 620 1715 659 notum,
1727 621 1768 650 ut
1783 614 1891 650 Plato
1906 615 2045 663 posuit,
2057 628 2128 652 nec
2148 615 2306 653 omnino
2331 616 2517 664 ignotum,

2547 513 2558 524 ⁸
2570 519 2621 535 om:
2631 513 2666 535 ad
2674 516 2760 537 action.

2546 574 2557 584 ⁸
2569 580 2681 597 nomnen:
2692 576 2759 598 illud.

1448 666 1526 700 ut*
1555 666 1767 703 secundum
1797 667 2027 705 solutionem
2056 681 2172 718 supra
2189 670 2232 690 *³²²
2260 669 2518 718 improbatam
2545 676 2761 723 xxm-neure*

1447 718 1680 765 ponebatur;
1710 719 1778 756 sed
1807 727 1886 756 erat
1904 728 2039 758 notum
2061 723 2230 771 potentia
2247 723 2266 743 ’³
2282 723 2362 760 sive
2383 723 2520 760 virtute

1448 770 1486 806 in
1513 771 1706 820 principiis
1733 774 1986 821 praecognitis
2013 775 2309 822 universalibus,
2344 776 2517 824 ignotum
2546 783 2589 803 1¹²¹·

1449 831 1578 861 autem
1598 833 1696 871 actu,
1717 826 1930 863 secundum
1954 827 2150 876 propriam
2171 829 2439 876 cognitionem.
2469 830 2519 866 Et

1448 877 1523 913 hoc
1552 885 1607 914 est
1635 878 1851 926 addiscere,
1888 880 2017 918 reduci
2052 881 2100 918 de
2135 882 2349 929 cognitione
2383 889 2517 931 poten·
2548 895 2553 934 l

1448 930 1536 978 tiali,
1567 944 1634 968 seu
1662 932 1824 979 virtuali,
1855 941 1919 970 aut
1946 934 2162 982 universali,
2192 935 2232 972 in
2261 934 2517 982 cognitionem
2550 936 2562 992 )

1447 984 1644 1033 propriam
1675 992 1710 1022 et
1738 987 1926 1024 actualem
1946 983 1970 1024 ε.

1446 1151 1458 1165 »
1475 1142 1583 1167 ctrinam
1602 1147 1645 1167 aut
1664 1143 1824 1175 disciplinam
1843 1144 1977 1174 accedunt,
1992 1151 2100 1169 necesse
2119 1149 2159 1169 est
2177 1145 2300 1177 principia
2324 1145 2453 1178 quaedam
2471 1154 2516 1171 na-

1446 1187 1458 1199 »
1475 1178 1565 1202 turalia
1583 1182 1696 1209 teneant,
1715 1186 1762 1211 per
1780 1186 1848 1211 quae
1866 1179 1962 1211 aliquid
1982 1179 2014 1204 de
2032 1179 2072 1211 iis,
2087 1187 2200 1212 quorum
2220 1181 2361 1213 amplexui-i
2381 1181 2515 1206 scientiam

1446 1223 1457 1235 »
1475 1218 1543 1244 sunt,
1562 1219 1742 1245 praenoscant.
1761 1214 1819 1239 Non
1843 1214 1912 1239 enim
1937 1215 2025 1239 omnia
2050 1215 2166 1247 accipere
2190 1223 2334 1248 possumus
2357 1224 2372 1241 a
2391 1217 2514 1241 docente:

1446 1258 1457 1270 »
1473 1249 1519 1273 sed
1544 1249 1630 1281 aliqua
1653 1254 1714 1274 sunt
1737 1257 1804 1282 quae
1830 1251 1904 1282 quasi
1928 1250 2059 1283 suppetias
2079 1251 2111 1275 ad
2135 1251 2300 1282 discendum,
2319 1252 2399 1276 domo
2423 1252 2516 1277 afferre

1446 1294 1457 1305 »
1474 1288 1583 1315 oportet,
1598 1284 1654 1309 sine
1668 1285 1762 1317 quibus
1776 1285 1870 1310 frustra
1890 1286 1988 1310 aditum
2001 1285 2027 1310 in
2046 1286 2149 1310 scholas
2164 1286 2278 1311 feramus
2294 1295 2308 1310 ιι
2325 1286 2474 1319 (Paraphr.
2490 1288 2516 1312 in

1443 1319 1453 1343 1
1472 1319 1583 1348 Foster„
1598 1327 1654 1352 cap.
1668 1328 1691 1351 1,
1711 1327 1769 1353 pag.
1793 1321 1899 1345 1.—-Ed.
1918 1322 1960 1346 cit.
1980 1321 2038 1346 lect.
2057 1329 2075 1352 1,
2094 1330 2121 1346 n.
2140 1320 2177 1354 6).
2197 1322 2268 1347 Haec
2285 1329 2347 1347 vera
2366 1327 2427 1348 sunt
2445 1327 2471 1347 et
2489 1323 2515 1347 in

1441 1354 1589 1385 Aristotele,
1603 1356 1713 1388 eiusque
1732 1356 1920 1388 expositoribus
1939 1357 2060 1381 omnibus
2080 1357 2230 1389 perspicua:
2252 1357 2408 1390 egregieque
2425 1359 2515 1383 valent

1443 1394 1532 1414 contra
1551 1390 1695 1421 Platonem,
1715 1395 1740 1415 et
1758 1391 1790 1415 ad
1809 1392 1990 1416 necessitatem
2010 1392 2236 1417 demonstrationis
2255 1393 2443 1418 ostendendam
2464 1393 2514 1426 (Cf.

1443 1425 1501 1449 lect.
1515 1432 1533 1455 ι,
1547 1433 1572 1449 n.
1587 1425 1714 1457 8).-Sed
1731 1430 1820 1451 utrum
1839 1427 1967 1452 elementa
1984 1428 2194 1453 transcendentia
2211 1428 2285 1460 (ens,
2301 1436 2392 1458 unum,
2407 1435 2513 1458 verum,

1443 1460 1547 1489 bonum,
1561 1461 1691 1493 aliquid).
1713 1462 1891 1494 principiaque
1909 1462 2004 1494 prima,
2024 1470 2092 1495 quae
2111 1471 2142 1488 ex
2164 1464 2214 1488 illis
2234 1464 2395 1496 accipiuntur
2417 1465 2450 1489 ad
2469 1464 2514 1489 de'-

1442 1496 1657 1520 monstrationem
1678 1496 1712 1528 (e.
1726 1504 1760 1529 g.:
1775 1504 1828 1522 non
1843 1500 1935 1529 potest
1952 1498 2056 1530 aliquid
2072 1498 2152 1523 simul
2169 1505 2225 1524 esse
2243 1502 2270 1524 et
2288 1507 2341 1524 non
2360 1506 2424 1529 esse,
2444 1499 2513 1532 etc.),

1442 1531 1493 1555 sint
1516 1531 1592 1556 nobis
1617 1531 1696 1556 indita
1720 1532 1762 1556 vel
1786 1533 1863 1557 etiam
1886 1532 1943 1565 ipsa
1967 1534 2019 1558 sint
2043 1534 2181 1566 acquisita,
2201 1542 2253 1558 non
2277 1534 2384 1567 quidem
2409 1535 2513 1560 alterius

1442 1566 1590 1599 magisterio
1610 1567 1656 1591 sed
1675 1567 1780 1600 proprio
1799 1572 1888 1598 marte,
1907 1575 1961 1593 non
1979 1569 2080 1601 quaerit
2098 1576 2129 1593 ex
2147 1569 2267 1601 professo
2290 1570 2444 1594 Aristoteles
2462 1570 2513 1596 hoc

1442 1601 1508 1632 loco,
1524 1601 1584 1634 quia
1602 1602 1666 1627 haec
1685 1603 1802 1635 quaestio
1821 1603 1853 1627 ad
1866 1610 1945 1628 suum
1963 1611 2074 1636 scopum
2088 1604 2328 1636 impraesentiarum
2347 1612 2400 1629 non
2418 1605 2514 1630 facit.—

1441 1637 1527 1662 Gratis
1547 1638 1655 1670 proinde
1673 1638 1778 1670 ponitur
1796 1638 1893 1663 dictum
1912 1639 1944 1663 ab
1958 1639 2098 1664 Aristotele
2117 1640 2243 1672 quidquid
2255 1640 2282 1664 in
2297 1640 2423 1673 superiori
2441 1640 2513 1666 obie-

1442 1673 1526 1697 ctione
1545 1673 1718 1698 recitavimus.

1495 1708 1603 1739 Deinde,
1614 1709 1673 1733 dato
1686 1709 1763 1734 etiam
1778 1710 1849 1742 quod
1859 1709 2011 1734 Aristoteles
2025 1710 2176 1742 loqueretur
2190 1718 2242 1735 non
2253 1711 2339 1735 solum
2349 1711 2382 1736 de
2396 1710 2513 1736 doctrina

1441 1748 1467 1767 et
1485 1744 1517 1768 de
1536 1744 1678 1776 disciplina,
1693 1745 1739 1769 sed
1754 1745 1778 1769 in
1798 1752 1892 1777 genere
1907 1745 1939 1770 de
1958 1746 2079 1770 scientiae
2097 1746 2276 1778 acquisitione,
2290 1747 2368 1771 etiam
2386 1754 2513 1779 negamus

1442 1779 1512 1811 quod
1532 1779 1558 1803 in
1577 1780 1668 1804 eadem
1687 1780 1831 1805 obiectione
1849 1781 2017 1806 concluditur.
2035 1781 2127 1806 Procul
2147 1781 2227 1806 dubio
2245 1789 2387 1814 processus
2406 1782 2512 1807 rationis

1442 1815 1669 1846 argumentativae,
1682 1822 1712 1840 ex
1731 1816 1816 1848 seipsa
1834 1816 2008 1849 pervenientis
2028 1817 2060 1841 ad
2079 1816 2252 1849 cognitionem
2271 1817 2351 1850 ignoti
2371 1816 2433 1850 (qui
2451 1825 2512 1850 pro-

1442 1857 1532 1875 cessus
1552 1850 1644 1875 dicitur
1662 1851 1831 1883 inventivus),
1847 1856 1886 1876 est
1905 1852 1996 1876 similis
2010 1852 2145 1885 processui
2160 1852 2315 1885 disciplinari
2334 1860 2388 1885 quo
2401 1853 2512 1885 discipu-

1442 1885 1483 1910 lus
1503 1886 1535 1910 ad
1554 1886 1674 1911 scientiae
1693 1887 1890 1919 acquisitionem
1909 1887 2090 1912 manuducitur
2108 1895 2123 1912 a
2142 1888 2282 1920 magistro:
2301 1889 2365 1913 ratio
2384 1893 2432 1919 est,
2451 1888 2513 1921 quia

1441 1920 1467 1945 in
1486 1920 1526 1945 his
1546 1929 1614 1954 quae
1632 1920 1697 1946 fiunt
1715 1929 1730 1946 a
1744 1927 1834 1946 natura
1849 1927 1875 1947 et
1893 1922 1925 1947 ab
1940 1928 2002 1954 arte,
2017 1923 2111 1947 eodem
2125 1923 2204 1947 modo
2222 1928 2344 1956 operatur
2359 1931 2410 1954 ars,
2425 1927 2451 1948 et
2463 1931 2510 1956 per

1441 1956 1532 1981 eadem
1552 1957 1636 1981 media
1655 1957 1752 1990 quibus
1765 1963 1887 1989 operatur
1904 1962 2003 1983 natura.
2017 1958 2087 1990 Ergo
2101 1962 2128 1983 et
2145 1958 2197 1989 ille,
2211 1959 2257 1991 qui
2271 1966 2302 1983 ex
2316 1966 2346 1983 se
2364 1959 2513 1992 aggreditur

1442 1991 1698 2023 demonstrationem,
1710 2000 1881 2025 praenoscere
1895 1993 1972 2018 debet
1985 1994 2116 2026 principia,
2131 1993 2199 2019 sicut
2217 2001 2296 2026 supra
2310 1994 2406 2019 dictum
2425 1999 2466 2019 est
2479 1995 2512 2019 de

1441 2027 1597 2052 addiscente.
1617 2027 1650 2052 Et
1668 2027 1718 2052 hoe
1745 2028 1894 2053 conceditur
1912 2028 1944 2054 ab
1962 2029 2119 2059 Aristotele,
2138 2033 2164 2054 et
2188 2034 2228 2054 est
2253 2029 2459 2054 concedendum.
2476 2030 2512 2055 At

1441 2063 1561 2095 quamvis
1580 2062 1644 2088 haec
1662 2063 1787 2096 principia
1803 2064 2018 2095 transcendentia,
2033 2065 2088 2089 sive
2106 2064 2270 2097 incomplexa
2288 2064 2345 2097 (ens
2363 2064 2424 2097 etc.)
2443 2072 2512 2098 quae

1441 2103 1502 2123 sunt
1520 2098 1621 2123 obiecta
1639 2099 1764 2132 simplicis
1784 2099 2006 2132 apprehensionis,
2021 2099 2077 2124 sive
2095 2101 2229 2133 complexa
2247 2100 2313 2133 (non
2327 2103 2419 2132 potest
2437 2099 2512 2133 etc),

1442 2141 1510 2166 quae
1529 2139 1590 2158 sunt
1608 2134 1707 2159 obiecta
1726 2134 1826 2164 iudicii,
1841 2143 1893 2159 non
1912 2134 2054 2160 habeantur
2073 2142 2159 2168 neque
2175 2134 2263 2160 haberi
2282 2135 2384 2169 possint
2403 2135 2512 2161 demon-

1442 2170 1574 2200 stratione,
1589 2178 1642 2194 non
1655 2171 1772 2203 sequitur
1790 2175 1877 2195 tamen
1891 2171 1962 2203 quod
1981 2178 2028 2203 per
2042 2170 2119 2195 aliam
2132 2170 2201 2196 viam
2221 2178 2274 2196 non
2293 2171 2395 2204 possint
2406 2171 2511 2204 acquiri,

1442 2210 1466 2229 et
1485 2205 1556 2237 quod
1576 2205 1650 2230 insita
1669 2205 1748 2230 menti
1763 2211 1866 2230 nostrae
1879 2214 1893 2230 a
1911 2206 1968 2230 Deo
1986 2206 2012 2230 in
2025 2206 2131 2239 propria
2143 2206 2315 2232 obiectivitate
2329 2206 2377 2231 dici
2392 2206 2511 2231 debeant.

1442 2240 1565 2271 Quinimo
1583 2241 1730 2266 Aristotelis
1749 2241 1865 2266 doctrina
1884 2241 2027 2266 certissima
2047 2246 2095 2272 est,
2115 2249 2194 2274 quam
2217 2242 2273 2275 ipse
2292 2242 2384 2274 iugiter
2401 2242 2512 2267 inculcat

1442 2281 1467 2300 et
1486 2275 1511 2300 in
1531 2276 1551 2300 11
1571 2277 1647 2301 etiam
1667 2277 1777 2307 Foster„
1793 2284 1849 2310 cap.
1863 2277 1918 2308 ult„
1931 2282 1961 2301 ut
1977 2277 2135 2308 videbimus,
2154 2277 2237 2308 tradit,
2258 2277 2371 2310 praefata
2389 2277 2512 2310 principia

1441 2311 1603 2344 incomplexa
1618 2317 1644 2337 et
1658 2313 1793 2345 complexa
1811 2312 1900 2337 haberi
1913 2320 1928 2337 a
1942 2312 2017 2337 nobis
2035 2320 2087 2346 ope
2100 2312 2277 2344 abstractionis
2291 2313 2386 2338 mentis
2399 2321 2414 2338 a
2428 2313 2511 2338 sensi-

1441 2347 1544 2372 bilibus.
1559 2347 1675 2372 Dicimus
1694 2355 1756 2380 ergo
1770 2353 1795 2372 et
1814 2355 1862 2372 nos
1881 2355 1941 2372 cum
1960 2356 1983 2373 s.
1995 2347 2098 2373 Thoma
2111 2353 2136 2373 et
2150 2348 2289 2374 Aristotele
2307 2348 2379 2381 quod
2397 2349 2511 2381 praeexi-

1441 2387 1513 2407 stunt
1531 2383 1556 2407 in
1576 2383 1650 2407 nobis
1670 2383 1799 2416 quaedam
1818 2383 1984 2408 scientiarum
2002 2384 2113 2414 semina,
2133 2384 2230 2409 scilicet
2247 2383 2346 2417 primae
2365 2384 2512 2416 conceptio-

1441 2425 1497 2448 nes,
1511 2425 1580 2451 quae
1594 2419 1681 2443 statim
1700 2419 1798 2443 lumine
1812 2419 1957 2444 intellectus
1976 2424 2176 2452 cognoscuntur,
2191 2419 2247 2444 sive
2261 2419 2313 2444 sint
2326 2419 2468 2452 complexa,
2482 2423 2512 2445 ut

1441 2453 1564 2486 principia
1577 2454 1661 2487 prima
1672 2452 1751 2487 (quae
1766 2454 1843 2479 etiam
1855 2454 2002 2488 dignitates
2014 2454 2197 2488 appellantur),
2208 2454 2263 2479 sive
2277 2454 2329 2480 sint
2341 2455 2511 2487 incomplexa,

1440 2494 1469 2514 ut
1487 2489 1706 2521 transcendentia;
1722 2490 1768 2514 sed
1787 2497 1846 2515 cum
1866 2490 1966 2515 eisdem
1984 2490 2104 2516 addimus
2123 2489 2271 2515 huiusmodi
2297 2490 2394 2523 primas
2418 2497 2510 2515 conce-

1440 2524 1542 2557 ptiones
1561 2533 1576 2550 a
1595 2525 1670 2550 nobis
1688 2524 1776 2550 haberi
1795 2533 1841 2558 per
1859 2525 1960 2558 species
1980 2533 1995 2550 a
2012 2525 2178 2551 sensibilibus
2197 2525 2339 2550 abstractas
2358 2524 2410 2558 (ef.
2422 2533 2444 2551 s.
2458 2524 2510 2551 Th.
2535 2540 2540 2541 ν

1440 2567 1485 2592 qu.
1504 2560 1546 2585 cit.
1566 2560 1608 2585 De
1627 2560 1784 2594 magistro).

1493 2595 1612 2629 Denique
1631 2596 1743 2621 monitos
1762 2596 1885 2620 volumus
1900 2595 2010 2621 novitios
2025 2600 2054 2621 ut
2072 2600 2179 2621 caveant
2191 2603 2206 2620 a
2225 2595 2290 2620 salsa
2308 2595 2509 2627 ratiocinatione,

1441 2638 1492 2663 qua
1511 2631 1627 2656 nonnulli
1647 2635 1763 2656 recentes
1782 2631 1920 2663 scriptores
1945 2631 2019 2656 abusi
2039 2636 2100 2656 sunt
2117 2631 2162 2656 illo
2186 2631 2312 2664 principio
2330 2630 2509 2656 Aristotelico:

1440 2666 1525 2691 omnis
1545 2666 1668 2692 doctrina
1687 2671 1735 2691 etc.
1755 2666 1852 2691 Exinde
1871 2666 1941 2691 enim
1960 2666 2054 2692 inferre
2079 2666 2163 2692 conati
2182 2671 2243 2691 sunt
2266 2665 2292 2691 in
2309 2665 2381 2691 omni
2401 2666 2509 2691 demon-

1440 2701 1563 2726 stratione
1581 2702 1764 2734 praecognosci
1783 2706 1904 2735 oportere
1922 2702 2019 2726 nedum
2037 2701 2169 2735 principia,
2189 2701 2237 2726 sed
2255 2701 2338 2734 ipsam
2364 2702 2509 2727 conclusio-

1440 2744 1510 2767 nem,
1523 2737 1596 2762 cuius
1616 2737 1752 2767 elementa,
1767 2737 1894 2770 inquiunt,
1914 2737 1964 2762 nisi
1982 2741 2247 2770 praecognoscantur‚
2268 2745 2322 2762 non
2340 2742 2449 2769 possent
2467 2745 2508 2762 as-

1440 2773 1508 2797 sumi
1527 2772 1553 2797 in
1572 2772 1722 2805 praemissis
1741 2772 1967 2797 demonstrationis
1986 2777 2012 2797 et
2025 2773 2051 2797 in
2064 2772 2230 2798 conclusione
2249 2772 2433 2798 inferri.-Sed
2445 2772 2510 2798 haec

1440 2807 1628 2840 argumentatio
1639 2826 1646 2839 ,
1667 2815 1734 2840 quae
1753 2815 1768 2832 a
1787 2808 1901 2832 Platonis
1920 2807 2047 2833 sententia
2064 2808 2106 2833 vix
2124 2815 2153 2832 ac
2172 2815 2204 2833 ne
2223 2807 2264 2833 vix
2283 2807 2389 2840 quidem
2409 2807 2509 2840 differt,

1439 2843 1535 2868 nullius
1555 2843 1680 2868 momenti
1699 2848 1748 2868 est.
1766 2843 1866 2868 Debeat
1883 2843 1986 2876 probari
2005 2843 2069 2868 haec
2093 2843 2240 2868 conclusio:
2260 2843 2414 2876 triangulus
2431 2843 2510 2869 habet

1440 2881 1494 2903 tres
1512 2879 1626 2912 angulos
1644 2879 1768 2911 aequales
1795 2878 1897 2904 duobus
1922 2878 2001 2904 rectis
2006 2885 2016 2908 ‚⁹
2038 2883 2177 2912 antequam
2203 2879 2413 2910 demonstretur,
2432 2879 2511 2904 debet

1439 2914 1529 2947 utique
1547 2914 1730 2947 praecognosci
1745 2914 1807 2947 quid
1821 2914 1853 2939 sit
1866 2914 2032 2948 triangulus,
2046 2914 2108 2948 quid
2122 2914 2176 2940 duo
2195 2919 2221 2939 et
2239 2917 2302 2944 tres,
2318 2914 2380 2947 quid
2393 2914 2510 2948 angulus

1440 2953 1465 2974 et
1483 2950 1598 2983 angulus
1617 2953 1719 2975 rectus:
1733 2957 1800 2983 quae
1819 2950 1920 2983 cognita
1938 2955 2120 2983 supponuntur
2138 2950 2164 2975 in
2182 2950 2227 2975 illo
2246 2950 2291 2983 qui
2310 2950 2510 2975 demonstratio-

1439 2992 1499 3010 nem
1512 2985 1666 3018 aggreditur.
1679 2985 1739 3016 Sed,
1753 2990 1782 3010 ut
1796 2993 1874 3018 supra
1889 2985 1999 3010 diximus
2015 2993 2074 3010 cum
2087 2993 2109 3010 s.
2123 2985 2227 3010 Thema
2241 2983 2312 3019 (lect.
2326 2993 2344 3016 ι,
2360 2993 2386 3010 n.
2405 2984 2443 3020 8),
2456 2984 2510 3011 fru-

1439 3025 1492 3045 stra
1507 3021 1681 3054 susciperetur
1694 3021 1925 3046 demonstrandum
1939 3021 2010 3054 quod
2023 3021 2074 3046 iam
2089 3021 2296 3046 demonstratum
2310 3020 2428 3052 habetur,
2443 3020 2510 3046 sieut

1438 3055 1534 3081 frustra
1559 3057 1690 3089 quaeritur
1715 3056 1786 3089 quod
1809 3056 1965 3089 possidetur.
1985 3055 2054 3087 Quid
2077 3064 2141 3082 vero
2167 3054 2318 3090 quaeritur?
2337 3063 2432 3089 nempe
2455 3063 2509 3081 non

1439 3091 1605 3124 triangulum,
1621 3099 1673 3116 non
1693 3092 1810 3125 angulos,
1829 3100 1882 3117 non
1901 3092 1967 3117 duos
1986 3097 2084 3124 rectos,
2104 3092 2151 3117 sed
2169 3091 2344 3124 compositum
2368 3099 2415 3117 seu
2433 3091 2509 3117 iden-

1439 3127 1543 3152 titatem
1563 3127 1628 3152 inter
1646 3132 1698 3152 tres
1718 3127 1826 3161 angulos
1845 3127 1964 3159 trianguli
1979 3133 2005 3152 et
2023 3127 2090 3153 duos
2108 3127 2218 3160 angulos
2236 3132 2330 3152 rectos.
2345 3127 2402 3152 Hoc
2421 3131 2508 3152 autem

1439 3163 1613 3195 compositum
1629 3162 1749 3196 logicum,
1763 3168 1792 3188 ut
1805 3164 1979 3196 compositum
1994 3168 2042 3194 est,
2056 3163 2169 3188 nescitur
2183 3168 2242 3188 ante
2261 3162 2508 3188 demonstrationem

1439 3203 1464 3223 et
1482 3206 1529 3231 per
1548 3198 1795 3223 demonstrationem
1815 3198 1930 3224 infertur.
1943 3198 2014 3231 Ergo
2029 3203 2235 3232 praenoscuntur
2253 3197 2439 3231 (perceptione)
2457 3197 2508 3223 ele-

1439 3237 1528 3259 menta
1547 3233 1728 3262 conclusionis,
1742 3234 1789 3259 sed
1802 3233 1915 3259 nescitur
1933 3234 2073 3264 conclusio,
2087 3233 2136 3259 hoc
2151 3239 2191 3259 est
2204 3234 2325 3259 iudicium
2345 3238 2371 3258 et
2389 3231 2508 3259 identitas

1439 3269 1593 3296 eorumdem
1612 3270 1810 3295 elementorum.

2546 718 2642 764 yNiim.
2669 729 2758 752 raeced.

2570 761 2620 777 tnsr
2627 763 2632 777 :
2658 762 2672 777 n
2678 758 2759 784 poten-

2646 985 2658 1017 Ε
