2788 4204
323 206 393 252 146

909 207 1295 244 POSTERIORUM
1321 207 1752 247 ANALYTICORUM
1782 210 1875 247 LIB.
1900 213 1913 248 I

1083 414 1384 471 LECTIO
1423 415 1740 474 TERTIA

833 549 918 589 DE
950 549 1491 594 PRAECOGNITIONE
1526 554 1971 598 CONCLUSIONIS

264 665 278 677 f

127 677 172 737 ‘il
192 665 279 713 ἂν)
313 699 388 741 Πρὶν
401 691 430 727 δ’
449 694 642 741 ἐπαχθῆναι
657 694 677 731 ἦ
694 695 811 735 λαβεῖν
830 696 1068 742 συλλογισμόν,
1084 695 1209 742 τρόπον
1220 697 1283 753 μέν
1302 709 1380 730 τινα

379 743 455 779 ἴσως
481 739 605 784 φατέον
633 739 852 781 ἐπίστασθαι,
877 740 1003 785 τρόπον
1021 736 1049 772 δ’
1073 741 1175 773 ἄλλον
1194 743 1298 773 ου.““0
1341 743 1379 788 ἀρ

327 790 329 794 “
377 785 423 829 μή
451 781 523 827 ᾔδει
548 785 575 815 εἰ
602 783 692 817 ἔστιν
725 785 860 826 ἁπλῶς,
895 786 1000 818 τοῦτο
1027 788 1095 824 πῶς
1127 782 1202 828 ’ᾔδει
1235 786 1288 819 ὅτι
1315 755 1379 821 δύο

379 829 475 874 ὀρθάς
502 830 570 874 ἔχει
597 829 728 869 ἀπλῶς;
758 829 848 861 ἀλλά
871 824 975 866 δῆλον
1001 832 1042 868 ὠς
1068 827 1126 862 ὡδὶ
1152 831 1211 875 μὲν
1238 832 1381 866 ἐπίστα-

378 886 450 915 ται,
468 873 520 907 ὅτι
533 873 679 905 καθόλου
698 874 901 916 ἐπίσταται,
920 876 1034 913 ἁπλῶς
1052 870 1079 907 δ’
1099 876 1159 907 οὐκ.
1174 876 1376 910 ἐπίσταται.

309 963 346 994 Εἰ
372 957 409 993 δὲ
434 961 495 1006 μή,
515 962 556 995 τὸ
575 963 607 994 ἐν
626 963 673 1003 τῷ
691 961 819 994 Μένωνι
847 962 1008 1008 ἀπόρημα
1027 964 1254 1009 συμβήσεται·
1275 966 1296 1003 ἦ
1314 967 1378 1013 γάρ

377 1002 472 1039 οὐδὲν
498 1006 694 1051 μαθήσεται
721 1006 742 1044 ἦ
770 1009 791 1040 οἳ
817 1005 916 1040 οἶδεν.

309 1052 354 1084 Οὐ
379 1052 443 1097 γάρ
468 1047 526 1093 δή,
552 1051 594 1089 ὥς
619 1051 658 1098 γε’
684 1064 770 1090 τινες
797 1053 985 1097 ἐγχειροῦσι
1009 1052 1114 1094 λύειν,
1141 1053 1294 1087 λεκτέον·
1324 1054 1345 1088 οἶ
1367 1056 1374 1067 ’

376 1092 470 1134 οἶδας
497 1096 636 1128 ἅπασαν
661 1092 773 1130 δυάδα
807 1098 860 1130 ὅτι
888 1099 989 1141 ἀρτία
1008 1096 1028 1134 ἦ
1059 1098 1117 1138 οό;
1145 1098 1316 1143 φήσαντος
1365 1101 1378 1132 ἐ

377 1140 588 1188 προήνεγκάν
615 1153 694 1174 τινα
719 1137 831 1174 δυάδα
850 1142 889 1178 ἦν
916 1143 975 1174 οὐκ
993 1142 1071 1183 ᾤετ’
1092 1141 1191 1185 εἶναι,
1210 1143 1283 1178 ὥστ’
1310 1140 1375 1177 οὐδ’

377 1187 511 1230 ἀρτίαν·
524 1186 642 1218 λύουσι
655 1187 720 1233 γάρ
738 1188 776 1218 οὐ
794 1187 979 1232 φάσκοντες
993 1182 1118 1219 εἰδέναι
1134 1189 1247 1221 πᾶσαν
1266 1184 1378 1222 δυάδα

377 1231 496 1275 ἀρτίαν
523 1231 640 1273 οὖσαν,
670 1232 742 1263 ἀλλ’
772 1232 811 1268 ἦν
836 1234 946 1264 ἴσασιν
974 1230 1027 1264 ὅτι
1053 1227 1147 1270 δυάς.

307 1322 431 1353 Καίτοι
454 1321 547 1352 ἴσασι
573 1320 631 1364 μὲν
665 1319 766 1365 οὗπερ
799 1321 863 1357 τήν
899 1315 1071 1361 ἀπόδειξιν
1106 1320 1220 1366 ἔχουσι
1251 1324 1308 1354 καὶ
1340 1322 1378 1354 οὖ

376 1364 518 1406 ἔλαβον,
547 1364 669 1404 ἔλαβον
695 1360 725 1395 δ’
756 1365 831 1410 οὐχὶ
858 1365 989 1402 παντὸς
1019 1365 1057 1396 ού
1092 1364 1130 1397 ἂν
1163 1361 1293 1398 εἰδῶσιν
1325 1365 1378 1399 ὅτι

375 1412 535 1479 τρίγωνον
561 1408 581 1446 ἦ
609 1408 661 1442 ὅτι
688 1408 844 1454 ἀριθμός,
874 1410 947 1441 ἀλλ’
979 1410 1092 1446 ἁπλῶς
1122 1410 1218 1443 κατά
1247 1411 1378 1449 παντὸς

377 1455 515 1499 ἀριὶμοῦ
532 1456 589 1486 καὶ
615 1454 790 1499 τριγώνου·
819 1448 961 1509 οὐδεμία
978 1454 1042 1500 γάρ
1062 1453 1225 1498 πρότασις
1242 1455 1378 1531 λαμξά-

374 1511 471 1533 νεται
486 1498 647 1540 τοιαύτη,
677 1498 729 1532 ὅτι
756 1499 790 1531 ὃν
816 1498 855 1530 σύ
882 1493 975 1536 οιδας
997 1498 1134 1543 ἀριθμὸν
1152 1497 1172 1536 ἦ
1192 1500 1207 1531 ὃ
1225 1499 1265 1531 σύ
1283 1497 1315 1532 οἷ
1339 1512 1377 1538 ας

374 1544 622 1590 εὐθύγραμμον,
651 1543 741 1576 ἀλλά
763 1542 860 1575 κατά
884 1542 1024 1581 παντός.

300 1591 390 1621 Ἀλλ’
423 1585 521 1622 οὐδὲν
545 1585 680 1632 (οἶμαι)
703 1588 843 1628 κωλύει,
873 1589 888 1619 ὃ
914 1587 1095 1632 μανθάνει,
1123 1587 1214 1620 ἔστιν
1240 1589 1281 1626 ὠς
1307 1589 1379 1621 ἐπί-

373 1634 544 1674 στασθαι,
578 1632 651 1665 ἔστι
682 1627 709 1664 δ’
746 1634 788 1670 ὠς
825 1633 970 1677 ἀγνοεῖν·
1005 1633 1135 1665 ἄτοπον
1162 1633 1226 1678 γάρ
1258 1634 1318 1665 οὐκ.
1350 1635 1378 1665 εἰ

373 1674 444 1711 οἶδε’
469 1691 537 1715 πως
564 1676 778 1721 ὃιμανθάνει,
808 1677 883 1710 άλλ’
912 1678 940 1709 εἰ
965 1672 1046 1718 ὠδί,
1075 1678 1142 1709 οἷον
1170 1678 1189 1720 ᾖ
1215 1677 1378 1722 μανθάνει

371 1725 428 1755 καὶ
453 1722 506 1761 ὥς.

366 1821 514 1848 SYNOPS1s.
535 1835 569 1839 —
595 1828 618 1847 1.
640 1818 768 1847 Actualis
790 1818 918 1855 cognitio
946 1818 1079 1855 principii
1107 1825 1151 1847 est
1173 1819 1307 1847 virtualis
1328 1829 1378 1848 co—

303 1860 394 1898 gnitio
415 1858 618 1894 conclusionis,
641 1868 715 1895 quae
736 1859 766 1886 in
787 1858 929 1895 principio
951 1859 1124 1894 continetur,
1147 1868 1182 1887 eo
1206 1859 1264 1887 fere
1286 1860 1378 1888 modo

304 1910 363 1938 quo
375 1900 502 1935 effectus,
512 1906 668 1936 antequam
683 1899 869 1935 producatur,
885 1899 1051 1927 continetur
1065 1899 1094 1927 in
1110 1908 1162 1927 sua
1176 1908 1263 1927 causa
1276 1899 1377 1928 activa.

304 1942 381 1978 Ergo
403 1947 558 1977 antequam
580 1948 632 1976 per
652 1939 933 1967 demonstrationem
959 1939 1108 1967 conclusio
1130 1939 1284 1975 inferatur,
1307 1949 1377 1968 con—

305 1981 396 2009 clusio
418 1979 604 2017 cognoscitur
629 1989 690 2007 non
711 1979 898 2017 simpliciter,
929 1988 979 2007 seu
1001 1985 1066 2007 actu
1089 1985 1117 2007 et
1139 1980 1167 2007 in
1192 1979 1302 2017 seipsa,
1327 1981 1376 2007 sed

304 2021 462 2049 secundum
489 2021 572 2057 quid,
594 2020 651 2047 hoc
677 2026 719 2047 est
746 2019 912 2047 virtualiter
933 2026 961 2047 et
983 2019 1011 2047 in
1033 2019 1107 2053 alio,
1130 2029 1236 2056 nempe
1265 2029 1377 2057 cogno-

304 2061 392 2089 scitur
408 2060 587 2098 principium
609 2059 639 2087 in
660 2069 720 2096 quo
735 2059 884 2087 conclusio
902 2069 963 2087 non
985 2066 1060 2094 actu,
1077 2060 1128 2087 sed
1149 2058 1308 2087 virtualiter
1328 2069 1376 2088 so-

304 2101 457 2129 lummodo
479 2100 650 2128 continetur.
666 2117 686 2121 -
701 2107 727 2127 2.
749 2099 877 2127 Platonis
898 2099 1109 2136 argumentatio
1132 2100 1169 2128 ad
1190 2100 1375 2136 probandum

305 2142 385 2178 quod
406 2140 555 2169 conclusio
576 2139 832 2176 praecognoscitur
853 2138 940 2167 etiarn
962 2139 1145 2177 simpliciter,
1160 2146 1319 2176 antequam
1343 2149 1377 2168 ex

438 2247 554 2286 1⁷:20)
571 2248 748 2289 ostquam
777 2240 940 2277 ostendit
967 2240 1222 2289 Philosophus
1241 2247 1259 2262 ‘¹‘
1283 2253 1378 2289 quo-

431 2290 484 2334 ι’ξζῗ
525 2295 556 2325 (³³
570 2294 690 2331 modo
711 2301 861 2342 oportet
878 2305 1204 2342 praecognoscere
1220 2294 1240 2314 *⁸
1261 2306 1376 2342 quae-

462 2364 511 2391 γ
543 2348 662 2397 dam
691 2347 783 2394 alia,
818 2355 1024 2395 antequam
1054 2347 1101 2384 de
1136 2347 1378 2384 conclusione

529 2396 553 2416 '¹
573 2400 735 2449 cognitio
757 2409 939 2447 sumatur,
957 2413 1058 2437 nunc
1071 2401 1153 2437 vult
1179 2401 1378 2438 ostendere

307 2454 505 2504 quomodo
535 2454 658 2503 ipsam
693 2454 976 2491 conclusionem
1012 2454 1191 2502 contingit
1222 2466 1379 2503 praeco—

68 2528 118 2548 mn:
127 2531 280 2554 cognoscere.
307 2520 488 2557 gnoscere
506 2508 535 2553 ²³⁴,
557 2515 762 2555 antequam
792 2507 955 2555 cognitio
985 2516 1156 2544 sumatur
1176 2508 1223 2544 de
1244 2520 1288 2544 ea
1311 2519 1380 2557 per

67 2580 113 2600 w:
133 2579 170 2600 νει
187 2578 281 2600 aemon-
308 2562 570 2611 syllogismum
597 2562 659 2598 vel
688 2560 947 2597 inductionem
965 2560 994 2596 *.
1016 2561 1066 2597 Et
1086 2560 1184 2598 circa
1206 2562 1282 2598 hoc
1302 2561 1379 2598 duo

67 2606 221 2630 strationem:
239 2605 280 2626 sed
370 2616 376 2622 -

68 2639 114 2654 non
126 2636 193 2655 recte.
206 2635 229 2653 ut
240 2637 280 2658 pa·
308 2617 405 2653 faClt.

67 2658 281 2713 ffiigfflfdgaem-
353 2668 483 2706 Primo
495 2678 661 2715 namque
673 2666 898 2704 determinat
906 2666 1117 2712 veritatem,
1131 2666 1259 2704 dicens
1275 2667 1380 2715 quod

308 2730 513 2770 antequam
542 2721 741 2758 inducatur
769 2720 936 2757 inductio
963 2720 1026 2756 vel
1059 2719 1297 2768 syllogismus
1331 2720 1380 2757 ad

308 2775 521 2813 faciendam
541 2773 796 2822 cognitionem
816 2774 863 2811 de
883 2773 1008 2821 aliqua
1033 2773 1291 2819 conclusione,
1321 2772 1381 2810 illa

309 2829 500 2866 conclusio
538 2827 831 2876 quodammodo
861 2826 989 2874 scitur,
1025 2833 1061 2862 et
1088 2826 1380 2874 quodammodo

70 2900 79 2908 ·
93 2898 209 2920 satura
219 2900 281 2918 zxet
309 2895 404 2919 non:
430 2881 647 2931 simpliciter
667 2881 769 2918 enim
789 2880 968 2926 nescitur,
990 2879 1057 2916 sed
1077 2879 1191 2916 scitur
1210 2881 1229 2899 “
1255 2879 1380 2916 solum

65 2313 113 2334 ‘om
122 2318 276 2341 cognoscere.

70 2926 225 2998 {gaggis-gd
235 2930 282 2972 ’ἒῗῖἷ
309 2935 519 2973 secundum
540 2934 642 2983 quid.
662 2934 765 2971 Sicut
779 2933 810 2970 si
825 2933 962 2971 debeat
977 2932 1131 2982 probari
1146 2932 1214 2969 ista
1230 2933 1380 2969 conclu-

81 2984 125 2999 um·

310 2989 377 3036 sio,
399 2988 612 3038 triangulus
630 2988 743 3025 habet
766 2992 839 3024 tres
850 2982 1023 3036 'angulos
1042 2986 1217 3034 aequales
1236 2985 1381 3023 duobus

73 3057 81 3065 ·
93 3056 184 3078 eoda-
201 3062 227 3077 p:
242 3055 283 3076 de-
310 3043 440 3087 rectis,·
459 3050 664 3090 antequam
686 3041 1008 3078 demonstraretur
1022 3040 1053 3085 ³¹⁶,
1076 3039 1134 3076 ille
1149 3038 1214 3087 qui
1232 3051 1301 3087 per
1316 3039 1379 3076 de-

71 3085 222 3104 mnm‘m'
310 3095 625 3133 monstrationem
641 3094 776 3143 accipit
794 3093 989 3130 scientiam
1007 3092 1098 3138 eius,
1119 3092 1277 3129 nescivit
1291 3092 1379 3129 sim-

73 3160 83 3171 ·
98 3166 129 3182 02
149 3160 192 3182 sea
210 3161 283 3182 sotum
310 3149 463 3198 pliciter,
475 3148 542 3186 sed
558 3147 665 3185 scivit
679 3148 699 3168 ’²²
720 3147 931 3184 secundum
947 3146 1049 3195 quid.
1066 3145 1176 3183 Unde
1193 3145 1379 3194 quodam-

73 3187 167 3209 ΨΜ
311 3203 429 3240 modo
464 3201 684 3251 praescivit,
723 3200 939 3249 simpliciter
972 3207 1100 3237 autem
1137 3211 1226 3236 non.
1262 3198 1379 3236 Cuius

367 3346 393 3379 α)
414 3347 556 3378 Postquam
576 3345 692 3371 ostendit
711 3344 884 3377 Philosophus
903 3350 951 3369 etc.
971 3345 1036 3369 Cod.
1052 3344 1090 3374 Q:
1111 3344 1255 3376 Postquam
1275 3344 1380 3370 Ar1'sto-

314 3377 375 3406 tel'es
394 3382 509 3406 ostendit
527 3387 583 3411 etc.;
599 3386 624 3406 et
643 3389 694 3405 non
715 3380 847 3412 distinguit
871 3380 936 3405 hanc
961 3380 1099 3405 lectionem
1120 3388 1134 3404 a
1153 3380 1328 3413 praecedenti,
1348 3379 1381 3404 ita

315 3425 408 3448 nempe
431 3422 459 3441 ut
484 3417 533 3441 sub
553 3417 665 3441 secunda
685 3417 793 3441 lectione
816 3415 881 3440 hanc
906 3415 1007 3440 tertiam
1035 3415 1245 3448 comprehendat.
1270 3415 1320 3440 Sed
1340 3415 1381 3439 alii

314 3452 414 3476 codices
438 3452 535 3484 optime
561 3452 737 3483 distinguunt;
761 3459 871 3483 eamque
902 3459 960 3475 esse
986 3451 1194 3482 distinguendam
1222 3451 1382 3476 demonstrat

315 3487 390 3511 etiam
406 3488 499 3511 modus
514 3487 656 3519 incipiendi,
672 3495 726 3519 quo
741 3486 890 3517 regulariter
902 3486 980 3510 utitur
998 3494 1019 3510 s.
1027 3486 1158 3511 Thomas:
1174 3486 1317 3518 Postquam
1333 3490 1381 3511 etc.

369 3521 394 3553 β)
406 3523 460 3546 Sed
472 3523 614 3547 secundum
626 3522 697 3554 quid.
709 3522 809 3546 Codd.—
816 3522 898 3546 Editio
909 3521 985 3546 Piana
996 3521 1081 3553 habet,
1096 3521 1240 3547 secundum
1253 3521 1318 3555 quid
1327 3524 1382 3551 εει,-

316 3562 341 3581 at
359 3560 398 3581 est
417 3558 550 3582 manifeste
569 3558 693 3582 redundat
711 3562 737 3582 et
760 3556 938 3581 confusionem
958 3557 1031 3589 parit.

1436 701 1645 743 *Antequam
1660 703 1699 733 sit
1713 702 1861 734 inducere
1880 711 1935 735 aut
1949 704 2088 745 accipere
2103 706 2336 747 syllogismum,
2352 708 2508 748 quodam-

1503 747 1603 776 modo
1620 746 1751 777 fortasse
1768 748 1939 778 dicendum
1955 755 2001 779 est
2016 749 2104 788 scire,
2117 751 2216 781 modo
2228 758 2335 782 autern
2350 753 2413 782 alio
2429 763 2507 785 non.

1505 790 1569 827 Qui
1586 790 1672 820 enim
1695 791 1826 822 nescivit
1854 792 1879 822 si
1906 799 1952 823 est
1974 793 2167 833 simpliciter,
2189 795 2240 825 hic
2264 797 2507 836 quodammodo

1503 835 1609 873 scivit,
1634 842 1665 866 et
1687 836 1777 876 quod
1800 836 1881 866 duos
1905 843 2007 867 rectos
2030 838 2125 868 habet
2147 839 2210 869 hoc
2232 840 2363 871 nescivit
2386 841 2508 882 simpli-

1502 879 1592 918 citer;
1617 880 1673 910 sed
1695 880 1900 911 manifestum
1915 888 1961 912 est
1977 883 2066 922 quod
2081 882 2125 913 sic
2144 883 2275 923 quidem
2295 884 2368 923 scit,
2388 885 2509 926 simpli—

1503 924 1578 954 citer
1600 931 1709 954 autem
1731 935 1799 955 non
1822 925 1888 956 scit.

1434 968 1451 987 *
1462 968 1494 999 Si
1510 978 1585 998 vero
1601 978 1678 1007 non,
1693 969 1841 999 Menonis
1856 969 2044 1010 ambiguitas
2061 971 2215 1011 contingit
2221 979 2230 1011 ;
2255 978 2310 1003 aut
2328 973 2414 1003 enim
2429 973 2509 1005 nihil

1502 1013 1623 1043 discent
1645 1020 1700 1044 aut
1723 1023 1804 1054 quae
1828 1021 1995 1044 noverunt.

1434 1057 1509 1087 Non
1533 1057 1629 1095 enim,
1655 1057 1735 1088 sicut
1754 1058 1886 1098 quidam
1909 1065 2170 1099 argumentantur
2185 1060 2317 1100 solvere,
2338 1061 2509 1093 dicendum

1502 1108 1562 1132 est:
1587 1102 1746 1143 numquid
1769 1103 1883 1133 scivisti
1909 1113 2040 1134 omnem
2060 1104 2254 1143 dualitatem,
2274 1106 2429 1146 quoniam
2452 1117 2509 1147 par

2537 723 2546 730 ·
2557 721 2612 747 Seq.
2629 726 2679 748 cap.
2694 727 2710 748 t,

2537 751 2559 769 et
2574 751 2628 769 text.
2644 753 2665 769 2.

2536 985 2547 997 *
2557 985 2624 1008 Text.
2639 992 2661 1014 3.

1502 1153 1548 1177 est
1576 1153 1630 1177 aut
1658 1145 1742 1177 non?
1769 1147 1900 1178 Dicente
1924 1154 2032 1178 autem
2060 1149 2122 1187 sic,
2152 1150 2320 1181 attulerant
2347 1152 2509 1191 quandam
2542 1164 2551 1175 ·

1502 1191 1686 1222 dualitatem
1710 1202 1808 1232 quam
1831 1202 1897 1222 non
1921 1192 2070 1233 opinatus
2094 1200 2141 1224 est
2164 1202 2248 1234 esse;
2271 1195 2399 1226 solvunt
2422 1196 2509 1226 enim

1502 1235 1638 1266 dicentes
1662 1246 1728 1266 non
1743 1246 1933 1276 cognoscere
1951 1247 2082 1268 omnem
2100 1238 2284 1270 dualitatem
2303 1249 2413 1280 parem
2429 1250 2507 1279 esse,

1502 1280 1555 1310 sed
1579 1290 1678 1321 quam
1701 1280 1806 1312 sciunt
1828 1282 1917 1322 quod
1942 1282 2074 1312 dualitas
2099 1282 2147 1314 sit.

1433 1323 1506 1354 *Et
1529 1324 1624 1355 etiam
1648 1324 1751 1356 sciunt
1779 1325 1868 1356 cuius
1898 1336 1970 1356 vere
2002 1326 2306 1358 demonstrationem
2332 1327 2450 1359 habent
2478 1335 2509 1360 et

1502 1369 1591 1399 cuius
1607 1377 1810 1409 acceperunt;
1830 1377 2019 1410 acceperunt
2032 1378 2140 1402 autern
2154 1382 2220 1402 non
2238 1373 2276 1402 de
2295 1372 2396 1410 omni,
2417 1373 2508 1404 cuius

1500 1413 1611 1453 utique
1642 1414 1745 1445 sciunt
1775 1415 1864 1455 quod
1893 1415 2068 1455 triangulus
2099 1423 2154 1447 aut
2181 1426 2334 1447 numerus
2364 1417 2421 1456 sit,
2452 1418 2508 1448 sed

1500 1457 1684 1498 simpliciter
1707 1458 1746 1488 de
1769 1459 1859 1489 omni
1883 1469 2018 1490 numero
2038 1467 2068 1491 et
2091 1460 2259 1501 triangulo.
2284 1462 2396 1502 Neque
2420 1462 2508 1492 enim

1500 1512 1564 1532 una
1580 1502 1758 1542 propositio
1774 1502 1925 1543 accipitur
1939 1504 2137 1543 huiusmodi,
2153 1506 2242 1546 quod
2258 1516 2356 1546 quem
2371 1513 2406 1537 tu
2422 1506 2507 1538 nosti

1500 1556 1673 1576 numerum
1692 1553 1747 1577 aut
1765 1557 1863 1588 quam
1878 1548 1962 1579 nosti
1980 1555 2099 1579 rectam
2117 1549 2244 1588 lineam,
2265 1550 2319 1580 sed
2342 1550 2381 1580 de
2405 1550 2505 1582 omni.

1434 1590 1496 1621 Sed
1518 1590 1597 1620 nihil
1616 1588 1667 1632 (ut
1685 1589 1814 1633 opinor)
1838 1591 1995 1632 prohibet,
2019 1593 2174 1633 quoniam
2199 1600 2245 1624 est
2263 1595 2352 1634 quod
2376 1594 2508 1626 addiscit

1501 1635 1545 1665 sic
1564 1635 1652 1672 scire,
1673 1642 1718 1666 est
1735 1642 1842 1666 autem
1858 1636 1902 1667 sic
1917 1637 2071 1677 ignorare.
2093 1637 2321 1668 Inconveniens
2337 1638 2424 1668 enim
2439 1649 2507 1669 non

1501 1686 1547 1710 est
1563 1679 1588 1709 si
1605 1679 1662 1710 scit
1677 1681 1921 1720 quodammodo
1940 1682 2029 1722 quod
2046 1682 2192 1722 addiscit,
2210 1683 2266 1713 sed
2287 1683 2312 1713 si
2327 1682 2390 1713 hoc
2406 1683 2505 1714 modo

1501 1730 1537 1754 ut
1560 1724 1593 1754 in
1617 1731 1775 1765 quantum
1798 1725 1930 1756 addiscit
1953 1732 1984 1757 et
2007 1726 2074 1757 scit.

1434 1819 1583 1857 principiis
1604 1820 1837 1850 demonstrativis
1859 1822 2026 1850 deducatur.
2041 1839 2061 1843 —
2078 1822 2103 1850 3.
2126 1823 2355 1851 Concedendum
2377 1830 2420 1852 est
2440 1823 2505 1852 Pla-

1433 1860 1495 1888 toni
1510 1861 1591 1897 quod
1612 1867 1678 1889 ante
1700 1861 1979 1890 demonstrationem
2001 1862 2150 1890 conclusio
2165 1862 2200 1890 sit
2215 1863 2313 1900 aliquo
2329 1864 2420 1892 modo
2435 1863 2507 1892 scita

1433 1900 1601 1928 addiscenti.
1617 1917 1637 1922 -
1650 1910 1678 1936 4.
1701 1901 1828 1936 Quidam
1843 1902 1915 1930 falso
1931 1901 2088 1930 obviabant
2102 1902 2216 1930 Platoni
2230 1903 2357 1931 dicentes
2373 1910 2439 1932 ante
2454 1904 2504 1932 de-

1433 1940 1675 1969 monstrationem
1700 1941 1782 1970 nullo
1803 1942 1894 1970 modo
1916 1941 1946 1970 in
1967 1942 2133 1979 cognitione
2153 1942 2365 1979 principiorum
2386 1943 2505 1972 conclu-

1432 1980 1545 2008 sionem
1572 1980 1730 2009 addiscenti
1752 1981 1898 2018 cognitam
1922 1991 1993 2010 esse.
2009 1998 2029 2004 —
2045 1982 2070 2010 5.
2093 1983 2277 2019 Improbarur
2298 1983 2369 2011 haec
2390 1989 2505 2012 senten-

1432 2019 1480 2055 tia,
1497 2026 1525 2048 et
1539 2020 1782 2057 argumentationi
1796 2021 1930 2050 inductae
1945 2023 2145 2059 respondetur.
2158 2039 2177 2044 —
2191 2023 2218 2050 6.
2234 2023 2360 2051 Solvitur
2375 2016 2505 2052 Platonis

1432 2059 1575 2088 dubitatio
1603 2060 1715 2089 ratione
1740 2061 1815 2089 facta
1835 2070 1864 2089 n.
1885 2071 1915 2096 1;
1943 2068 1971 2090 et
1998 2061 2161 2090 ostenditur
2185 2062 2299 2090 nullum
2319 2071 2382 2091 esse
2403 2062 2505 2092 incon-

1431 2099 1549 2128 veniens
1570 2100 1679 2138 aliquid
1700 2109 1763 2129 esse
1783 2102 2005 2138 quodammodo
2027 2101 2140 2138 scitum,
2157 2107 2185 2130 et
2199 2103 2422 2140 quodammodo
2443 2112 2506 2132 non

1431 2146 1544 2168 scitum.

1433 2240 1590 2290 quidem
1619 2241 1712 2278 ratio
1743 2250 1813 2289 est,
1843 2242 1952 2290 quia,
1974 2242 2069 2279 sicut
2086 2242 2164 2281 iam
2185 2250 2381 2281 ostensum
2402 2245 2468 2292 es‘t,
2484 2242 2505 2265 ‘⁴

1433 2302 1584 2344 oportet
1619 2294 1803 2344 principia
1843 2295 2076 2333 conclusioni
2104 2296 2124 2317 *
2165 2308 2503 2345 praecognoscere.

1434 2348 1622 2397 Principia
1641 2356 1769 2385 autem
1790 2360 1830 2385 se
1848 2349 1991 2386 habent
2019 2349 2068 2386 ad
2098 2349 2360 2387 conclusiones
2384 2350 2423 2387 in
2441 2350 2506 2388 de-

1433 2401 1690 2438 monstrativis
1705 2403 1737 2448 ⁶,
1758 2402 1853 2439 sicut
1881 2414 2019 2439 causae
2043 2402 2189 2439 activae
2213 2403 2252 2440 in
2275 2404 2506 2441 naturalibus

1434 2454 1482 2492 ad
1507 2467 1596 2492 suos
1617 2455 1773 2492 effectus
1798 2454 1919 2502 (unde
1943 2455 1983 2492 in
2002 2457 2035 2492 11
2050 2456 2301 2504 Hysicorum
2324 2457 2346 2478 *⁸
2364 2469 2506 2506 propo-

1434 2508 1588 2545 sitiones
1616 2508 1823 2557 syllogismi
1850 2516 2046 2557 ponuntur
2064 2509 2103 2546 in
2121 2521 2260 2557 genere
2289 2521 2426 2547 causae
2452 2511 2504 2548 ef—

1434 2561 1625 2608 ficientis).
1660 2561 1829 2598 Effectus
1861 2570 2019 2609 autem,
2036 2570 2242 2610 antequam
2273 2563 2506 2611 producatur

1435 2614 1473 2651 in
1501 2622 1587 2651 actu
1606 2615 1639 2660 ⁴,
1658 2614 1873 2662 praeexistit
1891 2615 2047 2663 quidem
2076 2615 2115 2652 in
2143 2615 2264 2652 causis
2280 2615 2410 2653 activis
2428 2616 2504 2653 νίν·-
2532 2633 2543 2643 ·

1435 2672 1526 2712 tute,
1547 2679 1626 2704 non
1645 2674 1774 2704 autem
1789 2673 1887 2714 actu,
1907 2667 2012 2716 quod
2033 2675 2088 2704 est
2110 2667 2327 2717 simpliciter
2345 2681 2434 2706 esse.
2455 2669 2506 2709 Et

1435 2719 1603 2756 similiter
1636 2728 1842 2768 antequam
1871 2732 1916 2757 ex
1943 2720 2134 2770 principiis
2164 2721 2468 2759 demonstrativis
2485 2723 2506 2745 ‘¹

1435 2772 1645 2810 deducatur
1659 2773 1863 2820 conclusio,
1875 2773 1914 2811 in
1924 2773 2013 2823 ipsis
2023 2773 2179 2822 quidem
2190 2774 2381 2824 principiis
2394 2788 2504 2825 prae-

1436 2826 1592 2874 cognitis
1619 2826 1955 2875 praecognoscitur
1981 2827 2001 2849 *
2025 2827 2217 2865 conclusio
2240 2828 2399 2876 virtute,
2424 2841 2504 2867 non

1435 2886 1564 2916 autem
1579 2879 1599 2900 *
1615 2887 1718 2916 actu:
1735 2879 1787 2916 sic
1799 2879 1900 2917 enim
1911 2880 1950 2917 in
1961 2879 2012 2917 eis
2031 2880 2255 2930 praeexistit.
2272 2881 2322 2919 Et
2335 2881 2389 2919 sic
2401 2889 2505 2931 patet

1435 2932 1540 2981 quod
1569 2944 1648 2969 non
1679 2933 2014 2982 praecognoscitur
2039 2934 2060 2955 '¹‘
2088 2934 2319 2984 simpliciter,
2353 2935 2421 2972 sed
2447 2947 2502 2973 se-

1435 2986 1599 3022 cundum
1627 2986 1718 3034 quid
1734 2983 1762 3022 β.

1490 3051 1524 3076 2.
1556 3038 1752 3085 Secundo3
1782 3038 1849 3076 ibi:
1880 3039 1922 3076 Si
1942 3051 2032 3076 vero
2057 3051 2131 3077 non
2162 3047 2244 3086 etc.,
2275 3041 2438 3079 excludit
2457 3053 2502 3079 ex

1433 3092 1591 3129 veritate
1606 3091 1854 3129 determinata
1869 3092 2065 3140 quandam
2080 3093 2367 3141 dubitationem,
2384 3106 2502 3142 quam

1435 3146 1542 3182 Plato
1570 3145 1679 3194 ponit
1706 3144 1744 3182 in
1778 3145 1873 3182 libro
1902 3146 2080 3183 Menonis
2100 3151 2129 3193 ⁷,
2159 3146 2211 3184 sic
2244 3147 2427 3184 intitulato
2457 3159 2503 3184 ex

1433 3198 1588 3236 nomine
1622 3197 1679 3235 sui
1712 3197 1893 3247 discipuli.
1930 3199 1998 3236 Est
2031 3207 2159 3237 autem
2192 3199 2374 3238 dubitatio
2409 3200 2501 3238 talis.

1487 3343 1514 3378 γ)
1535 3344 1612 3369 Plato
1626 3344 1706 3376 ponit
1725 3343 1751 3369 in
1771 3343 1838 3369 libro
1857 3343 1980 3369 Menonis
1995 3349 2042 3369 etc.
2056 3344 2129 3374 Quae
2143 3343 2185 3370 hic
2198 3352 2229 3370 ex
2243 3345 2351 3370 Platone
2365 3344 2503 3378 recitantur

1435 3379 1466 3404 ab
1477 3380 1617 3405 Aristotele
1633 3379 1780 3404 defenderat
1791 3387 1812 3404 s.
1820 3379 1981 3412 Augustinus
1997 3379 2022 3404 in
2032 3380 2052 3404 ll
2064 3379 2242 3413 soliloquior„
2254 3388 2309 3413 cap.
2319 3387 2364 3411 ¹13
2377 3384 2404 3404 at
2411 3384 2503 3413 postea

1435 3415 1575 3447 sapientior
1594 3415 1701 3440 effectus
1721 3422 1815 3447 magna
1827 3415 1852 3439 vi
1871 3419 1896 3439 et
1910 3413 2021 3440 efficacia
2039 3414 2166 3440 refutavit.
2182 3415 2332 3440 Retractans
2351 3414 2420 3440 enim
2434 3422 2502 3447 quae

1435 3451 1574 3483 scripserat
1592 3450 1617 3475 in
1636 3450 1712 3475 citato
1731 3450 1775 3475 lib.
1791 3450 1899 3483 Soliloq.
1919 3450 1982 3476 haec
2001 3449 2092 3476 habet:
2113 3460 2125 3473 ι
2144 3451 2207 3476 Item
2227 3451 2342 3484 quodam
2361 3451 2419 3475 loco
2438 3449 2501 3481 dixi,

1437 3495 1451 3509 a>
1467 3486 1537 3518 quod
1563 3485 1704 3519 disciplinis
1724 3485 1873 3510 liberalibus
1893 3485 1999 3517 eruditi,
2019 3485 2076 3510 sine
2095 3485 2174 3510 dubio
2194 3485 2220 3510 in
2243 3493 2272 3510 se
2290 3485 2347 3510 illas
2370 3484 2501 3510 oblivione

1437 3530 1450 3545 ιι
1467 3521 1574 3546 obrutas
1590 3525 1684 3546 eruunt
1698 3520 1830 3551 discendo,
1845 3526 1871 3546 et
1885 3521 2080 3554 quodammodo
2099 3520 2235 3546 refodiunt.
2255 3520 2306 3545 Sed
2324 3519 2374 3545 hoc
2392 3527 2500 3553 quoque

1438 3567 1450 3579 »
1466 3556 1595 3590 improbo.
1614 3556 1768 3581 credibilius
1782 3561 1822 3581 est
1836 3556 1913 3588 enim,
1933 3561 2071 3589 propterea
2088 3563 2149 3581 vera
2167 3556 2326 3589 respondere
2340 3556 2373 3580 de
2391 3555 2500 3589 quibus-

2536 1343 2547 1354 *
2556 1342 2624 1365 Text.
2638 1350 2662 1371 4.

2532 2260 2544 2272 ’
2558 2259 2663 2288 Leet.n,
2677 2266 2734 2284 im.

2532 2312 2609 2338 *mu
2620 2312 2746 2335 conchato

2533 2339 2747 2391 :attvfflt

2533 2391 2674 2419 elusionem,
2698 2393 2745 2414 loc.

2534 2499 2542 2507 ¹
2563 2497 2621 2524 Cup.
2637 2503 2674 2525 m,
2693 2504 2716 2519 n.
2741 2514 2747 2520 .

2533 2523 2667 2546 Commeat.
2675 2530 2695 2546 ι.
2740 2540 2746 2546 .

2532 2550 2585 2572 leet.
2595 2556 2616 2578 5.

2561 2638 2698 2660 mer:
2722 2634 2747 2656 ἠι

2531 2661 2616 2683 Cem-

2531 2734 2543 2746 ’
2549 2740 2682 2757 Amnon
2689 2743 2694 2757 :
2703 2735 2744 2757 de-

2531 2761 2723 2784 moneto-adonim

2532 2849 2615 2870 'Anum
2686 2849 2746 2872 osd-

2531 2874 2636 2897 tan-Co
2670 2876 2746 2898 ,mtr—

2531 2902 2580 2924 tnte
2588 2901 2689 2930 quiden.

2530 2927 2542 2939 ⁸
2554 2933 2717 2950 ωηκκοιιτ.
2733 2940 2743 2946 -

2530 2960 2558 2976 P:
2584 2959 2631 2976 non
2653 2956 2747 2982 tanen,-

2529 2986 2566 3006 uq
2579 2986 2627 3002 om.
2643 2987 2658 3002 u
2699 2997 2705 3003 .

2531 3008 2672 3035 Ἀεοοριοε
2695 3010 2744 3031 tur.

2529 3164 2602 3186 Plato.
