2548 4192
936 256 992 292 IN
1022 256 1060 292 S.
1082 255 1324 292 THOMAM
1351 255 1675 303 AQUINATEM

203 337 309 370 nitatis
332 335 532 376 operationes
555 334 712 375 quaslibet
734 334 862 364 imitans
885 344 920 365 ac
945 334 1107 374 supplens.
1135 333 1278 364 Consule

203 392 286 424 quae
308 380 419 411 latiore
442 388 589 410 sermone
613 388 709 418 supra
732 378 949 409 disseruimus.

270 426 392 457 Verum
406 423 492 454 enim
503 433 579 453 vero
595 422 682 463 paria
699 429 754 453 aut
768 422 873 452 affinia
889 422 999 453 docuit
1014 422 1164 462 nuspiam
1179 424 1278 452 Areo-

203 470 415 511 pagiticorum
431 474 550 498 auctor.
576 466 778 506 Quamplura
794 476 830 496 ex
847 467 914 497 eius
931 466 1081 507 operibus
1097 466 1279 497 testimonia

204 514 369 546 attulimus
385 519 416 543 et
431 511 651 552 expendimuS‚
668 520 751 551 quae
766 511 932 551 perspicue
952 517 983 541 et
998 511 1118 551 absque
1134 511 1277 550 ambage,

205 559 270 589 sive
283 567 340 598 per
354 567 387 587 se
407 562 588 597 spectentur
609 554 674 585 sive
690 565 764 585 cum
779 554 1038 595 praecedentibus
1056 561 1280 595 comparentur

204 609 236 633 et
258 600 536 642 subsequentibus,
561 599 711 639 dogmata
733 599 900 639 perhibent
915 599 1132 640 Eutychianae
1155 605 1278 629 senten-

205 646 269 677 tiae
287 645 433 675 adversa:
458 653 586 684 nempe,
610 643 753 674 Verbum
776 643 835 673 Dei
859 644 997 684 integre,
1019 653 1104 681 vere,
1125 644 1277 680 totaliter,

205 689 386 721 omnimode
409 689 449 719 ad
471 694 614 718 nostram
636 687 760 718 venisse
784 693 936 718 naturam
960 694 991 718 et
1012 688 1224 718 substantiam
1249 693 1279 717 et

205 735 380 766 vilitatem:
403 732 572 772 adsumpta
595 732 634 762 ab
654 741 693 762 eo
718 731 814 762 fuisse
829 733 937 762 omnia
954 738 1077 770 nostra,
1102 741 1279 772 omnesque

207 779 359 810 veritates
381 778 542 808 humanas
564 776 597 806 in
621 786 660 806 eo
684 776 823 807 elucere:
853 776 932 806 nihil
954 776 988 807 in
1012 777 1124 807 eadem
1151 776 1279 806 adsum-

205 823 316 863 ptione
331 831 458 862 passam
481 830 548 852 esse
572 820 751 851 detrimenti
775 820 982 859 divinitatem,
1006 831 1081 851 cum
1100 821 1188 851 Deus
1203 820 1279 851 Ver-

205 868 285 897 bum
300 865 507 906 permanserit
530 875 626 905 supra
648 871 805 903 naturam,
829 875 926 905 supra
941 865 1160 903 substantiam,
1184 874 1280 904 supra

205 910 390 941 hominem:
415 917 554 940 attamen
570 909 678 949 ipsum
702 919 776 940 vere
799 909 920 940 factum
936 919 1003 940 esse
1019 909 1280 950 appellatumque

205 956 376 992 hominem,
401 961 432 985 et
455 953 640 984 hominibus
664 963 739 984 vere
761 959 999 994 aggregatum,
1024 953 1182 994 nobisque
1205 962 1280 983 con-

204 1001 317 1041 geneis
341 996 517 1043 ὀμογὲνεσι
541 997 739 1028 consortium
763 997 918 1028 dedissse:
950 1004 1045 1038 atque
1070 998 1202 1027 demum
1224 996 1280 1027 ab·

205 1044 344 1075 solutam
375 1049 407 1074 et
436 1042 639 1082 inconfusam
675 1041 735 1071 dici
765 1042 878 1072 debere
911 1047 1042 1072 nostrae
1069 1041 1281 1071 humanitatis

206 1088 479 1127 adsumptionem,
513 1085 558 1127 τῇ
592 1085 760 1116 παντελεῖ
785 1086 843 1115 καὶ
870 1083 1052 1130 ἀσυγχύτῳ
1083 1082 1159 1115 καθ’
1189 1084 1279 1127 ἡμᾶς

207 1128 472 1174 ἐνανθρωπῆσει,
499 1137 536 1161 ut
553 1129 690 1169 legimus
705 1129 806 1170 capite
821 1140 855 1160 m
874 1130 914 1159 de
933 1129 1140 1160 ecclesiastica
1155 1130 1280 1160 Hierar-

206 1175 276 1206 chia
300 1185 436 1206 numero
463 1176 496 1212 3,
520 1174 549 1214 §-
571 1183 600 1204 2.

273 1219 459 1250 severianos
482 1218 524 1249 ita
546 1218 715 1258 loquentes
738 1218 825 1258 apud
847 1217 1052 1248 Anastasium
1070 1217 1224 1248 Sinaitam
1247 1217 1280 1247 in

207 1257 320 1308 ὁδηγῷ
334 1262 456 1294 inducit
464 1262 646 1303 Lequienus
657 1260 703 1304 (n.
716 1272 726 1292 1
737 1260 780 1304 5):
791 1262 827 1292 Si
839 1261 988 1292 Christus
998 1271 1061 1292 non
1073 1267 1144 1292 erat
1153 1262 1278 1299 Deitas,

205 1308 362 1351 quomodo
385 1312 513 1348 sputum
542 1307 612 1337 eius
635 1315 727 1337 coeco
750 1306 940 1336 medicinam
965 1305 1081 1346 fecit?
1113 1306 1280 1343 Quomodo

161 1388 164 1390 v
205 1352 375 1393 lacqrmae
386 1350 466 1382 ”eius
483 1351 647 1392 Lazarum
676 1350 890 1381 excitarunt?
912 1350 977 1381 Sed
1000 1360 1102 1390 neque
1124 1350 1281 1381 dormisse

206 1397 270 1428 nisi
286 1396 386 1427 semel
409 1396 442 1426 in
467 1396 544 1426 navi
566 1395 723 1436 legimus:
744 1394 802 1425 sed
821 1404 923 1435 neque
946 1395 978 1425 in
998 1395 1181 1436 Evangelio
1205 1405 1280 1425 con-

205 1446 271 1472 stat
293 1450 377 1478 eum,
399 1445 435 1471 ut
449 1443 521 1470 ¹tors
535 1438 680 1480 serebat,
700 1439 823 1469 bibisse.
852 1438 945 1476 Quae
960 1440 1069 1469 omnia
1084 1445 1280 1480 argumento

205 1490 282 1516 sunt
305 1494 435 1516 carnem
463 1484 584 1514 Christi
606 1483 748 1514 diuinam
778 1484 928 1521 euasisse,
954 1493 1012 1514 nec
1032 1484 1183 1514 humanis
1201 1493 1280 1524 pro-

199 1529 396 1570 prietatibus
411 1528 582 1559 obnoxiam
590 1527 711 1568 fuisse.
731 1527 945 1565 Quamobrem
961 1537 1028 1558 una
1044 1533 1170 1558 tantum
1188 1528 1280 1558 Chri-

205 1579 275 1605 stus
290 1578 410 1604 natura
427 1578 485 1610 est,
497 1572 614 1603 scilicet
629 1572 751 1610 divina;
766 1581 848 1612 quae
862 1582 919 1612 per
932 1579 1079 1602 naturam
1092 1572 1279 1611 humanam,

204 1618 304 1649 veluti
327 1616 537 1658 appendicem
553 1616 611 1647 sibi
627 1616 782 1647 adiectam
804 1616 855 1646 vel
878 1616 1126 1647 instrumentum
1147 1617 1280 1647 coniun-

207 1668 306 1701 ctum,
331 1661 497 1692 efficientia
520 1671 578 1692 sua
601 1660 707 1691 divina
730 1660 763 1690 id
786 1659 921 1692 efficeret
944 1671 1056 1699 omne,
1080 1661 1170 1702 quod
1194 1661 1281 1692 Iesus

207 1706 353 1738 Christus
376 1706 575 1746 operabatur.
603 1704 836 1736 Commentum
859 1706 955 1736 habes
974 1706 1029 1735 abs
1044 1705 1280 1746 Monophysitis

207 1750 437 1791 excogitatum,
465 1760 532 1791 quo
555 1759 655 1780 unam
677 1749 711 1779 in
735 1748 863 1780 Christo
886 1756 1032 1780 naturam
1055 1759 1140 1787 esse,
1164 1749 1282 1780 scilicet

207 1794 368 1834 divinam,
397 1794 598 1825 ostenderent
628 1803 663 1824 ac
698 1794 875 1824 humanam
907 1794 1111 1835 adsumptam
1145 1794 1279 1824 evasisse

206 1838 370 1870 divinam:
386 1839 511 1878 Pugnat
533 1847 570 1868 ex
593 1837 748 1868 diametro
771 1844 881 1869 contra
910 1845 1020 1868 auctor
1042 1838 1280 1878 Areopagitico-

205 1892 289 1914 rum.
313 1882 490 1923 Magnificis
513 1881 645 1923 quidem
668 1888 699 1912 et
714 1882 931 1923 grandiloquis
956 1882 1059 1913 verbis
1083 1883 1280 1913 divinitatem

207 1926 325 1958 Christi
349 1926 468 1967 passim
489 1925 626 1957 extollit:
649 1926 745 1956 simul
766 1936 843 1957 vero
858 1926 891 1956 in
913 1936 952 1957 eo
973 1933 1060 1958 totus
1082 1933 1145 1965 est,
1170 1934 1206 1958 ut
1221 1928 1280 1957 do-

206 1977 276 2002 ceat
297 1977 328 2002 et
343 1971 481 2002 inculcet
503 1977 534 2001 et
557 1977 720 2011 exaggeret
742 1971 850 2002 Deum
873 1971 1027 2010 Verbum,
1051 1981 1118 2002 non
1134 1972 1280 2003 obstante

205 2025 332 2047 summa
356 2015 424 2046 eius
447 2014 620 2054 divinitate,
644 2015 1012 2055 supersubstantialitate,
1035 2016 1280 2056 supernaturali-

204 2066 268 2091 tate
291 2069 327 2091 ac
351 2059 522 2091 eminentia
544 2069 640 2100 super
662 2059 828 2098 homines,
851 2070 924 2090 vere
948 2059 1068 2091 factum
1088 2070 1155 2091 esse
1175 2060 1279 2091 homi-

205 2111 298 2135 nem:
329 2105 368 2134 ad
397 2109 540 2137 nostram
565 2105 689 2135 venisse
716 2110 887 2142 naturam,
919 2104 992 2136 licet
1019 2105 1087 2145 ipse
1111 2105 1151 2136 sit
1177 2114 1279 2146 supra

206 2154 380 2180 naturam:
407 2149 447 2178 ad
471 2153 614 2179 nostram
639 2149 836 2180 descendisse
858 2149 1087 2188 substantiam,
1116 2149 1189 2180 licet
1211 2150 1278 2190 ipse

206 2193 247 2224 sit
261 2202 362 2233 supra
377 2193 608 2223 substantiam:
623 2199 766 2224 nostram
782 2194 820 2224 ab
837 2204 876 2224 eo
891 2193 1095 2234 adsumptam
1111 2195 1276 2232 vilitatem,

204 2237 278 2269 licet
300 2237 367 2278 ipse
397 2237 436 2267 sit
458 2246 559 2277 supra
588 2237 756 2268 hominem.
786 2239 899 2279 Neque
923 2238 997 2269 satis
1024 2245 1090 2269 tarn
1119 2239 1226 2279 ampla
1249 2246 1280 2270 et

205 2282 371 2323 splendida
387 2281 515 2312 fuerunt
530 2281 600 2322 ipsi.
624 2282 841 2322 Adsumptam
863 2289 1022 2323 praeterea
1042 2290 1187 2314 naturam
1203 2294 1279 2314 cum

205 2326 270 2357 suis
293 2325 538 2366 proprietatibus
567 2326 690 2367 egregie
713 2327 865 2366 declarat;
892 2337 966 2358 cum
990 2337 1106 2368 nempe
1130 2327 1279 2359 edisserat

203 2371 312 2402 omnia
336 2376 447 2401 nostra
470 2370 639 2410 adsumpta
663 2371 701 2401 ab
725 2381 765 2402 eo
789 2371 902 2410 fuisse,
931 2372 1092 2402 humanas
1114 2373 1278 2412 persistere

205 2416 356 2447 veritates
384 2414 418 2445 in
445 2414 557 2445 eadem
585 2415 790 2446 humanitatis
819 2423 944 2446 nostrae
968 2416 1212 2456 adsumptione,
1243 2427 1279 2447 ac

205 2469 310 2490 unum
333 2458 556 2499 excipiendum
579 2469 647 2489 esse
664 2465 854 2500 peccatum,
883 2460 979 2501 idque
1008 2470 1105 2491 omne
1133 2462 1222 2501 quod
1245 2461 1278 2491 in

205 2503 299 2534 nobis
322 2503 442 2543 peccati
465 2503 655 2543 contagione
679 2504 784 2544 aliqua
805 2504 947 2534 afflatum
967 2510 1022 2534 est.
1056 2505 1173 2535 Recole
1196 2515 1278 2545 quae

205 2547 270 2578 iam
292 2547 487 2587 protulimus
509 2547 708 2586 testimonia,
739 2548 919 2588 diligentius
943 2548 1054 2579 eadem
1084 2550 1225 2589 expende
1249 2557 1280 2580 et

206 2597 360 2622 scrutare:
390 2591 522 2632 ipseque
546 2592 756 2623 luculentiora
779 2593 994 2633 deprehendes
1018 2594 1056 2623 ab
1080 2593 1279 2634 Eutychiana

204 2636 356 2677 pravitate
379 2636 475 2675 longe
498 2635 609 2667 aliena.

272 2679 515 2711 Severianorum
538 2680 715 2720 principem
739 2681 907 2719 Severum,
930 2681 1149 2712 Antiochenae
1171 2683 1278 2713 Eccle-

205 2725 269 2755 siae
283 2731 467 2766 tyrannum,
484 2724 628 2765 perhibet
643 2735 667 2755 s.
678 2725 836 2756 Maximus
853 2726 996 2766 Epistola
1007 2726 1033 2756 11
1050 2727 1090 2756 ad
1106 2727 1277 2766 Marinum,

204 2768 282 2800 dolo
306 2775 336 2799 et
360 2768 470 2800 fraude
493 2768 656 2807 adhibitis,
686 2769 726 2800 In
750 2772 906 2811 mysterio
930 2770 1172 2802 Incarnationis
1195 2772 1277 2802 idem

203 2823 273 2844 esse
290 2814 469 2844 asseruisse
490 2814 689 2854 hypostasim
714 2820 745 2845 et
767 2820 931 2853 naturam,
956 2821 992 2845 ut
1010 2815 1163 2846 nimirum
1182 2816 1278 2847 unius

203 2858 384 2899 hypostasis
412 2858 543 2888 nomine
572 2864 757 2889 naturarum
787 2858 1010 2889 confusionem
1039 2866 1197 2891 statueret.
1226 2861 1278 2891 Ad

203 2901 304 2942 ipsius
320 2902 525 2933 humanitatis
541 2903 728 2943 adsumptae
743 2903 951 2943 proprietates
967 2904 1057 2944 quod
1073 2904 1193 2942 attinet,
1210 2915 1277 2935 non

205 2955 257 2975 eas
281 2945 452 2987 aliquando
475 2946 562 2977 visus
586 2953 633 2977 est
655 2955 801 2987 negasse:
827 2948 882 2978 sed
903 2948 936 2978 in
951 2948 1044 2978 variis
1060 2955 1166 2979 tamen
1182 2949 1277 2979 libro-

205 2998 278 3019 rum
301 2990 370 3020 eius
393 2997 424 3020 et
440 2990 647 3030 epistolarum
669 2991 759 3029 locis,
780 3002 862 3032 quae
886 2992 919 3022 in
942 2999 1028 3022 sexta
1046 2993 1178 3033 Synodo
1202 2994 1277 3023 reci-

206 3039 270 3063 tata
280 3040 365 3071 sunt,
376 3041 480 3074 aperte
494 3041 598 3074 negat,
608 3035 773 3075 Lequieno
784 3036 975 3067 admonente
986 3034 1035 3076 (n.
1044 3036 1110 3075 15),
1118 3038 1278 3068 humanas

206 3075 373 3121 ἐνεργείας
401 3075 422 3112 ἦ
451 3071 632 3114 ἰδιότητας
656 3081 857 3119 operationes
886 3081 954 3111 sive
975 3075 1202 3121 proprietates.
1226 3084 1278 3112 An

205 3131 281 3151 vero
305 3128 451 3152 naturam
467 3122 645 3154 confuderit
660 3133 734 3154 cum
750 3124 924 3165 hypostasi,
947 3125 1003 3166 qui
1020 3125 1278 3156 luculentissimis

209 3166 302 3196 docet
323 3166 426 3196 verbis
450 3175 633 3206 supremam
653 3167 863 3206 divinitatem,
880 3169 913 3199 in
930 3179 993 3209 qua
1009 3179 1075 3200 una
1092 3175 1139 3200 est
1151 3170 1276 3208 Deitas,

205 3215 271 3241 tres
294 3215 371 3240 sunt
392 3210 592 3251 hypostases,
618 3213 737 3242 nostris
758 3213 933 3244 secundum
961 3215 1126 3244 veritatem
1152 3215 1279 3255 integre

206 3255 239 3284 in
264 3264 330 3284 una
353 3263 488 3285 suarum
513 3255 746 3295 hypostasium,
770 3257 851 3287 idest
864 3257 946 3295 Filii,
967 3259 1279 3289 communicavisse?

206 3299 294 3329 Haec
310 3305 418 3328 autem
440 3298 534 3329 tradit
552 3305 663 3329 auctor
677 3301 985 3340 Areopagiticorum,
1005 3301 1060 3342 qui
1079 3311 1206 3332 rursum
1225 3302 1278 3332 ad-

206 3342 253 3372 dit
275 3342 347 3373 Filii
370 3342 429 3373 Dei
454 3342 648 3373 adsumentis
675 3344 837 3384 propriam
866 3345 1007 3375 effectam
1034 3346 1209 3375 humanam
1233 3347 1277 3376 vi-

206 3387 340 3424 litatem,
365 3397 407 3417 ex
429 3396 494 3427 qua
518 3387 675 3427 ineffabili
696 3388 790 3418 modo
812 3389 950 3428 simplex
972 3389 1065 3419 Iesus
1087 3390 1279 3429 compositus

208 3437 274 3462 est:
303 3436 334 3461 et
362 3432 417 3472 qui
439 3436 591 3462 aeternus
615 3436 661 3462 est
690 3433 896 3471 temporalem
924 3434 1097 3472 sumpsisse
1125 3434 1277 3463 accessio-

207 3483 300 3506 nem:
322 3485 445 3506 necnon
463 3475 506 3505 ad
522 3476 635 3505 intima
659 3481 790 3506 nostrae
805 3482 944 3506 naturae
964 3476 1174 3513 descendisse,
1197 3477 1276 3507 εἴσω

207 3518 269 3555 τῆς
293 3517 368 3550 καθ’
387 3518 476 3562 ἡμᾶς
495 3517 643 3564 ἐγεγόνει
662 3517 800 3562 φύσεως,
818 3521 875 3560 qui
897 3521 1082 3550 universum
1107 3522 1203 3550 totius
1219 3531 1277 3551 na-

207 3569 302 3594 turae
315 3565 459 3595 ordinem
475 3565 787 3604 superessentialiter
801 3564 1008 3601 transcendit,
1019 3565 1156 3595 servatis
1170 3570 1276 3595 tamen

202 3609 456 3648 proprietatibus
472 3618 613 3649 prorsus
635 3609 773 3650 integris
795 3613 827 3639 et
849 3608 1036 3650 inconfusis.
1066 3610 1118 3639 An
1141 3608 1278 3640 duarum

351 3669 420 3702 Opp.
439 3670 470 3694 D.
485 3669 600 3694 'saonen
619 3669 651 3694 T.
670 3670 688 3694 1.

2324 272 2404 297 CLXI

1333 342 1539 374 naturarum,
1570 345 1652 376 quae
1682 334 1869 366 inconfusae
1898 342 2124 375 permaneant,
2155 336 2189 367 in
2217 348 2281 368 una
2304 339 2410 370 divina

1334 380 1404 410 Filii
1421 390 1558 420 persona
1572 379 1766 410 luculentius
1783 379 1928 419 explicari
1944 379 2046 410 unitio
2058 378 2180 420 potest?
2194 382 2281 418 Quid
2291 384 2406 423 aptius,

1334 424 1412 465 quid
1435 424 1549 455 clarius
1573 424 1742 454 adversum
1765 433 1864 454 unam
1888 423 2005 454 Christi
2029 431 2185 463 naturam,
2211 435 2344 467 eamque
2363 428 2409 458 di·

1333 469 1452 507 vinam,
1470 468 1604 509 proferri
1626 468 1729 498 verbis
1748 475 1882 508 poterat,
1902 478 2000 509 quam
2019 469 2193 509 simplicem
2212 470 2328 509 Iesum,
2345 482 2410 512 qua

1334 513 1422 543 Deus
1446 519 1511 551 est,
1536 513 1678 543 adserere
1701 513 1908 553 compositum
1933 522 1975 543 ex
1997 513 2140 543 humana
2165 514 2306 552 vilitate,
2335 525 2410 546 cum

1334 557 1422 587 Deus
1438 557 1538 587 homo
1556 556 1657 587 factus
1673 554 1739 587 est?
1756 555 1888 587 Inficiari
1910 556 1936 587 si
1950 557 2026 587 velis
2042 557 2218 588 humanam
2232 558 2266 588 in
2282 558 2410 590 Christo

1335 608 1482 632 naturam
1497 611 1564 632 non
1580 601 1715 631 evasisse
1731 601 1798 631 ullo
1815 601 1915 631 modo
1932 601 2084 639 divinam,
2106 602 2268 642 aptiorane
2284 610 2410 643 praesto

1336 645 1453 676 fuerint
1486 646 1597 683 verba,
1621 655 1719 686 quam
1742 645 1983 686 Areopagitica,
2007 646 2097 687 queis
2121 646 2275 678 docemur
2305 648 2411 678 Iesum

1336 690 1493 730 ineffabili
1508 690 1602 720 modo
1618 699 1660 720 ex
1674 690 1817 720 humana
1834 691 1957 720 vilitate
1972 691 2179 731 compositum
2197 699 2282 730 esse;
2307 698 2338 723 et
2352 692 2409 733 qui

1335 741 1482 764 aeternus
1497 741 1555 772 est,
1572 734 1779 774 temporalem
1803 735 1976 774 sumpsisse
1997 736 2210 766 accessionem
2218 743 2232 774 ;
2255 743 2286 767 et
2300 737 2345 767 ad
2360 738 2409 767 in-

1336 779 1413 809 tima
1438 784 1569 809 nostrae
1592 783 1731 808 naturae
1761 778 1980 816 descendisse,
2013 778 2069 820 qui
2098 779 2283 811 universum
2311 781 2409 812 totius

1335 829 1465 853 naturae
1489 822 1635 853 ordinem
1658 820 1871 852 transcendit?
1894 823 2013 853 Animo
2038 823 2170 854 demum
2196 831 2316 855 attento
2340 835 2409 866 per-

1336 867 1460 906 pende,
1490 866 1550 897 Dei
1573 867 1716 896 Verbum
1740 867 1858 896 nostris
1880 868 2054 898 secundum
2087 869 2252 899 veritatem
2282 870 2409 911 integre

1335 911 1630 947 communicavisse,
1655 910 1827 950 ipsumque
1851 911 2047 942 descendisse
2076 913 2120 942 ad
2142 914 2255 943 intima
2279 919 2410 945 nostrae

1337 960 1495 985 naturae:
1517 964 1600 995 quae
1618 954 1895 994 Eutychianorum
1918 965 2014 985 nemo
2033 956 2154 995 dixerit,
2179 967 2217 987 eo
2237 968 2409 998 praeoccu-

1336 1006 1428 1039 patus
1445 1008 1560 1036 errore,
1584 1005 1620 1029 ut
1635 1005 1782 1028 naturam
1804 998 1980 1029 humanam
1996 1007 2145 1040 perneget
2169 1011 2240 1032 cum
2259 1004 2409 1043 proprie-

1336 1043 1454 1074 tatibus
1476 1043 1545 1073 suis
1568 1047 1599 1072 et
1621 1043 1860 1082 operationibus
1882 1044 2094 1084 adsumptam.

1402 1086 1567 1117 Timothei
1583 1086 1693 1116 Aeluri
1716 1087 1810 1117 verba
1833 1094 2020 1128 sequuntur,
2040 1098 2121 1129 quae
2140 1089 2274 1129 legimus
2290 1091 2324 1121 in
2341 1091 2408 1122 eius

1335 1130 1555 1162 lucubratione
1566 1137 1675 1161 contra
1686 1130 1853 1170 epistolam
1870 1141 1894 1161 s.
1904 1132 2020 1162 Leonis
2035 1133 2142 1172 Magni
2153 1134 2192 1163 ad
2203 1134 2406 1166 Flavianum:

1335 1175 1413 1206 Sola
1436 1175 1589 1205 divinitas
1612 1180 1659 1205 est
1683 1175 1804 1205 Christi
1827 1180 1957 1213 natura,
1983 1178 2042 1206 etsi
2065 1178 2246 1208 incarnata.
2274 1179 2407 1210 Pravam

1336 1226 1477 1250 mentem
1488 1229 1580 1249 suam
1590 1219 1710 1259 aperire
1720 1220 1805 1259 apud
1816 1220 2017 1260 Lequienum
2027 1219 2048 1261 (
2045 1227 2118 1258 n.14
2114 1221 2135 1263 )
2146 1222 2256 1262 pergit,
2266 1223 2344 1253 dum
2354 1224 2407 1255 ait:

1339 1278 1354 1292 ‹
1376 1263 1618 1294 Humanitatem
1642 1263 1759 1294 Christi
1783 1264 1872 1294 omni
1891 1264 2015 1295 actione
2034 1265 2161 1305 propria
2181 1267 2326 1307 caruisse,
2350 1279 2408 1299 nec

1338 1320 1352 1335 ›
1373 1308 1576 1348 operationes
1592 1307 1667 1338 alias
1684 1308 1743 1338 nisi
1759 1307 1881 1338 divinas
1898 1318 1953 1348 per
1969 1319 2039 1339 eam
2056 1317 2189 1340 exsertas
2206 1319 2288 1341 esse:
2314 1319 2408 1353 atque

1339 1365 1352 1379 ι
1376 1353 1456 1383 adeo
1473 1362 1554 1393 quae
1570 1352 1776 1382 humanitatis
1791 1353 1990 1393 operationes
2007 1354 2223 1391 censebantur,
2240 1358 2409 1395 passiones

1338 1409 1352 1424 ›
1375 1397 1484 1437 potius
1513 1403 1544 1427 et
1571 1407 1673 1427 meras
1697 1398 1945 1437 exequutiones,
1977 1395 2069 1434 πάθη
2095 1405 2126 1429 et
2150 1396 2308 1441 προίξεις,
2340 1411 2407 1432 esse

1338 1453 1353 1468 »
1375 1441 1616 1481 nuncupandas.
1629 1453 1644 1468 »
1672 1442 1797 1472 Locum
1813 1442 1918 1472 Severi
1943 1442 2079 1472 similem
2095 1443 2215 1483 profert
2230 1444 2277 1474 vir
2294 1445 2408 1476 doctis—

1336 1486 1418 1516 simu
1430 1483 1510 1527 (ib.)
1525 1495 1562 1516 ex
1578 1485 1711 1526 epistola
1727 1486 1766 1516 ad
1782 1486 1918 1517 Oecum.
1946 1486 2065 1518 Comit.
2084 1485 2240 1529 (Actione
2253 1499 2273 1518 x
2288 1489 2409 1530 Synodi

1336 1528 1460 1572 sextae)
1485 1530 1539 1560 ubi
1555 1530 1632 1560 haec
1647 1530 1818 1561 habentur:
1844 1531 1879 1560 ln
1896 1530 2035 1569 Christo,
2063 1544 2077 1560 ε
2090 1531 2155 1562 sive
2172 1532 2277 1563 divina
2293 1540 2407 1573 ageret,

1338 1587 1352 1602 v
1375 1581 1453 1615 puta
1476 1574 1628 1605 miracula
1651 1575 1825 1614 patrando,
1849 1575 1914 1605 sive
1938 1575 2089 1614 humana,
2114 1576 2314 1617 gradiendo,
2340 1588 2408 1609 mu-

1339 1631 1352 1646 »
1376 1619 1474 1649 tando
1498 1619 1602 1649 locum
1627 1616 1679 1660 (id
1702 1619 1792 1659 quod
1815 1625 1926 1659 suapte
1949 1626 2060 1650 natura
2083 1630 2213 1660 prorsus
2228 1621 2408 1653 humanum

1339 1675 1353 1690 »
1377 1661 1460 1706 est),
1486 1672 1549 1693 non
1573 1663 1655 1693 illud
1678 1663 1767 1693 illius
1790 1669 1930 1694 naturae
1943 1673 2022 1702 esse,
2040 1674 2099 1695 nec
2117 1665 2203 1695 istud
2221 1666 2333 1697 istius:
2353 1667 2408 1697 sed

1338 1718 1353 1734 »
1376 1707 1472 1738 unius
1496 1714 1527 1738 et
1558 1707 1700 1737 eiusdem
1724 1707 1913 1746 divinitatis,
1941 1718 2024 1749 quae
2047 1709 2157 1740 divina
2181 1711 2307 1740 ratione
2339 1716 2405 1741 tum

1339 1763 1353 1778 ›
1371 1752 1538 1792 prodigia,
1555 1757 1622 1782 tum
1639 1752 1782 1782 humana
1798 1762 1896 1792 opera
1913 1752 2081 1793 efficiebat.
2095 1765 2110 1780 »
2137 1753 2196 1783 His
2212 1754 2298 1794 paria
2315 1762 2406 1794 sunt,

1336 1796 1503 1837 Lequieno
1518 1796 1544 1826 si
1560 1795 1728 1833 credimus,
1752 1796 1972 1836 Areopagitica
1995 1797 2077 1828 dicta
2095 1798 2260 1829 nonnulla.
2285 1799 2340 1830 Ait
2354 1800 2407 1830 ille

1337 1850 1404 1880 cap.
1415 1851 1438 1870 n
1453 1840 1492 1870 de
1506 1840 1629 1871 Divinis
1644 1839 1837 1870 Nominibus
1851 1841 1880 1881 §-
1896 1848 1949 1871 10:
1964 1842 2126 1872 Divinitas
2139 1832 2216 1872 Filii
2229 1843 2293 1873 Dei
2306 1842 2409 1884 (quod

1336 1886 1478 1915 omnium
1503 1894 1659 1915 novorum
1684 1885 1907 1926 novissimum)
1928 1887 1960 1916 in
1983 1886 2186 1917 naturalibus
2209 1889 2328 1918 nostris
2350 1898 2408 1919 su-

1330 1929 1557 1969 pernaturalis
1579 1934 1662 1966 erat,
1687 1934 1718 1959 et
1733 1930 1766 1959 in
1789 1930 2052 1961 substantialibus
2074 1931 2404 1971 supersubstantialis,

1335 1974 1444 2004 omnia
1461 1978 1572 2004 nostra
1588 1983 1630 2004 ex
1650 1973 1739 2003 nobis
1755 1978 1786 2004 et
1799 1983 1900 2014 supra
1917 1984 1975 2005 nos
1991 1975 2186 2005 excellenter
2201 1975 2328 2007 habens.
2351 1977 2407 2007 Di-

1334 2025 1420 2048 xerat
1436 2017 1597 2058 superiore
1612 2017 1641 2058 §-
1658 2018 1696 2048 6:
1712 2018 1786 2058 Ipse
1800 2018 1892 2048 Deus
1911 2019 2056 2056 Verbum,
2073 2021 2129 2059 qui
2143 2029 2243 2060 supra
2260 2021 2407 2051 substan-

1335 2064 1413 2093 tiam
1430 2067 1488 2099 est,
1506 2063 1634 2103 integre
1648 2072 1688 2093 ac
1704 2072 1789 2099 vere,
1811 2063 1903 2093 iuxta
1919 2073 1959 2094 ac
1975 2073 2043 2101 nos,
2060 2069 2156 2104 atque
2171 2074 2213 2094 ex
2229 2065 2319 2095 nobis
2333 2066 2406 2096 sub-

1334 2108 1508 2138 stantiatus
1531 2111 1595 2138 est:
1618 2108 1685 2148 egit
1707 2112 1739 2137 et
1755 2116 1930 2147 perpessus
1953 2113 2000 2138 est
2019 2118 2102 2148 quae
2122 2109 2408 2140 humano-divinae

1334 2152 1531 2191 operationis
1547 2152 1647 2191 :jasius
1658 2152 1837 2191 praecipua
1846 2157 1923 2182 sunt
1937 2157 1968 2182 et
1981 2153 2176 2193 singularia.
2191 2153 2246 2183 Ait
2262 2154 2356 2183 etiam
2372 2154 2406 2184 in

1334 2196 1477 2236 Epistola
1492 2196 1535 2226 1v
1555 2196 1593 2226 ad
1610 2195 1743 2226 Caium:
1766 2196 1873 2236 Supra
1888 2196 2051 2226 hominum
2072 2197 2282 2227 conditionem
2306 2199 2407 2238 gessit

1335 2250 1390 2278 ea,
1405 2250 1489 2281 quae
1503 2245 1580 2271 sunt
1599 2241 1755 2270 hominis:
1769 2240 1855 2281 quod
1869 2240 2015 2271 declarat
2031 2246 2061 2271 et
2082 2241 2190 2282 Virgo,
2206 2251 2290 2282 quae
2305 2252 2405 2282 supra

1335 2290 1487 2315 naturam
1499 2285 1608 2324 parit,
1626 2290 1657 2315 et
1672 2294 1757 2324 aqua
1767 2285 1955 2324 profluens,
1973 2295 2056 2325 quae
2067 2285 2183 2325 pedum
2201 2291 2404 2316 terrenorum

1333 2330 1528 2370 gravitatem
1545 2329 1691 2366 sustinet,
1708 2338 1767 2359 nec
1781 2329 1864 2359 cedit
1878 2329 1935 2359 sed
1950 2330 2067 2360 virtute
2082 2331 2327 2370 supernaturali
2335 2332 2406 2361 sine

1334 2373 1509 2413 diffusione
1528 2373 1680 2403 subsistit.
1705 2372 1759 2403 Ait
1778 2373 1909 2403 demum
1932 2373 2067 2404 ibidem:
2095 2374 2265 2404 Caeterum
2282 2375 2403 2413 divina,

1335 2427 1398 2447 non
1422 2427 1486 2458 qua
1512 2418 1603 2447 Deus
1624 2417 1781 2457 patrabat
1788 2425 1801 2454 ;
1825 2427 1926 2458 neque
1948 2418 2107 2456 humana,
2132 2424 2290 2459 quatenus
2313 2419 2405 2450 homo

1334 2462 1485 2503 gerebat:
1498 2461 1555 2492 sed
1569 2467 1729 2502 quatenus
1739 2467 1811 2492 erat
1819 2462 1911 2492 Deus
1924 2467 1956 2492 et
1964 2463 2068 2500 homo,
2087 2472 2202 2493 novam
2219 2463 2403 2504 quamdam,

1335 2506 1497 2536 nobiscum
1522 2506 1753 2543 conversando,
1777 2506 1966 2537 Deivirilem
1991 2508 2207 2547 operationem
2228 2508 2403 2539 exhibebat.

1401 2550 1529 2580 Pervios
1554 2549 1723 2591 facilesque
1749 2550 1934 2581 huiusmodi
1962 2551 2189 2582 sententiarum
2218 2552 2332 2592 cuique
2349 2553 2405 2582 ob-

1333 2594 1403 2624 vios
1430 2594 1641 2635 propriosque
1669 2604 1780 2624 sensus
1803 2594 1998 2626 orthodoxos
2021 2595 2086 2625 iam
2109 2596 2325 2636 exposuimus.
2354 2599 2405 2626 An

1334 2639 1461 2669 easdem
1485 2648 1560 2669 cum
1583 2638 1847 2679 Monophysiticis
1871 2639 1971 2670 allatis
1994 2640 2181 2670 testimoniis
2211 2647 2406 2681 comparatas

1334 2683 1583 2724 expendentibus
1603 2682 1801 2724 Eutychiana
1824 2684 1968 2715 suboleat
1995 2682 2152 2724 pravitas?
2182 2685 2405 2715 Animadverte

1334 2728 1373 2758 de
1396 2727 1452 2757 illo
1475 2727 1525 2767 agi
1549 2727 1808 2768 Monophysitico
1828 2735 2023 2766 commento,
2043 2739 2109 2769 quo
2129 2739 2192 2759 una
2214 2729 2319 2759 divina
2338 2729 2404 2759 effi-

1334 2771 1462 2810 cientia,
1486 2781 1568 2812 quae
1592 2771 1648 2802 uni
1672 2772 1819 2802 convenit
1842 2779 1971 2803 naturae
1995 2773 2133 2811 divinae,
2159 2773 2406 2803 constituebatur

1334 2816 1368 2846 in
1387 2816 1527 2853 Christo,
1551 2826 1615 2857 qua
1634 2816 1697 2854 ille,
1721 2826 1784 2857 qua
1799 2816 1886 2847 Deus
1903 2823 1959 2854 est,
1984 2827 2040 2857 per
2055 2824 2199 2847 naturam
2218 2818 2404 2856 humanam,

1333 2861 1431 2891 veluti
1448 2871 1504 2901 per
1520 2861 1778 2898 instrumentum,
1802 2868 1873 2891 tum
1889 2871 1985 2901 opera
2001 2861 2404 2902 miraculosa'operabatur,

1334 2912 1405 2935 tum
1429 2915 1465 2935 ea
1489 2905 1642 2935 efficiebat
1670 2905 1811 2935 humana
1840 2906 1964 2944 omnia,
1989 2916 2070 2946 quae
2098 2906 2130 2935 in
2155 2906 2246 2936 nobis
2274 2906 2312 2935 ab
2336 2905 2404 2946 ipsa

1333 2949 1475 2980 humana
1490 2956 1612 2986 natura,
1637 2956 1802 2990 tamquam
1825 2960 1844 2979 a
1866 2950 2022 2990 principio
2042 2956 2173 2980 actuoso
2190 2949 2314 2980 formali
2330 2960 2404 2990 pro-

1333 2993 1528 3024 ficiscuntur.
1552 2993 1639 3023 Nihil
1655 3000 1702 3024 est
1717 2994 1749 3023 in
1773 2994 2000 3034 Areopagiticis
2024 2994 2123 3031 dictis,
2146 2995 2234 3034 quod
2254 2995 2340 3024 hunc
2358 3004 2404 3025 er-

1334 3047 1439 3068 rorem
1455 3038 1632 3068 adumbret.
1649 3038 1751 3068 Docet
1767 3045 1878 3068 auctor
1894 3039 2035 3069 Verbum
2051 3038 2110 3068 Dei
2126 3038 2158 3068 in
2175 3038 2289 3069 nostris
2312 3044 2404 3069 natu-

1335 3082 1495 3113 turalibus
1518 3088 1548 3112 et
1571 3082 1834 3112 substantialibus
1857 3083 2032 3122 adsumptis
2056 3082 2218 3122 propriam
2241 3083 2404 3113 retinuisse

1334 3127 1453 3167 absque
1486 3126 1553 3156 ullo
1587 3126 1775 3156 detrimento
1809 3126 2002 3157 divinitatem
2014 3149 2022 3164 ,
2057 3127 2383 3166 supernaturalitatem
2395 3150 2403 3165 ‚

1334 3170 1740 3210 supersubstantialitatem:
1768 3170 1835 3200 imo
1859 3177 1890 3201 et
1912 3171 2020 3201 omnia
2044 3178 2151 3201 nostra
2175 3181 2216 3202 ex
2239 3172 2329 3202 nobis
2352 3171 2404 3201 ad-

1335 3221 1462 3254 sumpta
1477 3215 1624 3244 habuisse
1639 3224 1740 3254 supra
1764 3224 1822 3245 nos
1846 3216 2015 3245 excellenti
2038 3222 2069 3246 et
2087 3215 2203 3246 eximio
2219 3216 2329 3246 modo.
2355 3216 2403 3245 In-

1333 3265 1454 3298 tegram
1477 3258 1548 3298 quis
1571 3268 1637 3288 non
1660 3259 1765 3288 videat
1788 3259 1975 3289 catholicam
1998 3259 2113 3297 fidem,
2142 3270 2205 3300 qua
2229 3260 2403 3297 credimus,

1334 3302 1443 3332 omnia
1459 3308 1565 3332 nostra
1588 3312 1606 3332 a
1629 3302 1711 3332 Filio
1728 3302 1787 3332 Dei
1803 3303 1981 3343 adsumpta,
2006 3314 2048 3334 ex
2064 3304 2152 3334 nobis
2168 3304 2308 3344 quidem,
2325 3303 2405 3334 idest

1332 3356 1405 3376 vere
1429 3356 1464 3376 ac
1480 3346 1610 3385 integre,
1635 3347 1690 3376 sed
1712 3356 1812 3387 supra
1830 3357 1897 3384 nos,
1923 3354 2035 3387 utpote
2051 3348 2106 3388 qui
2123 3354 2295 3387 conceptus
2311 3347 2404 3378 fuerit

1333 3400 1370 3419 ex
1386 3390 1525 3429 Virgine,
1543 3391 1582 3420 ab
1599 3390 1688 3420 omni
1704 3390 1857 3420 immunis
1881 3398 2009 3430 peccato
2033 3402 2068 3421 ac
2088 3391 2176 3421 omni
2192 3391 2311 3431 peccati
2329 3401 2404 3422 con-

1333 3431 1481 3473 tagione?
1509 3434 1583 3470 Qua
1606 3443 1733 3464 rursum
1757 3435 1914 3464 credimus
1937 3435 2048 3465 eadem
2079 3435 2188 3465 omnia
2217 3442 2323 3465 nostra
2352 3446 2403 3466 ex-

1333 3477 1457 3507 cellenti
1481 3478 1581 3507 modo
1605 3487 1640 3507 ac
1664 3478 1771 3507 divino
1795 3478 1896 3508 inesse
1921 3478 2068 3517 Christo,
2100 3489 2175 3509 cum
2194 3479 2309 3510 vdivina
2332 3480 2403 3510 Filii

1333 3531 1468 3561 persona
1491 3521 1713 3551 subsistentem
1728 3522 1837 3552 reddat
1857 3529 2002 3553 naturam
2019 3523 2203 3562 humanam,
2228 3525 2404 3565 eademque

1332 3565 1471 3595 Persona
1494 3565 1599 3595 divina
1622 3565 1654 3595 in
1678 3565 1818 3595 humana
1841 3573 1952 3596 namra
1967 3567 2136 3608 adsumpta
2152 3568 2192 3598 sit
2206 3568 2404 3609 principium

1333 3619 1534 3650 quarumque
1558 3609 1675 3640 Christi
1699 3609 1944 3650 operationum?

2227 3682 2287 3709 21-
