2548 4192
207 272 277 297 Lxx

209 346 279 369 tum
302 336 448 367 Thomae
472 334 618 365 suadeat:
652 341 748 372 quem
771 330 877 370 potius
902 328 995 359 everti
1020 323 1269 375 Cantimpratani

208 380 410 418 testimonio,
434 379 489 420 qui
512 378 633 418 primus
656 386 722 406 rem
745 375 824 404 hanc
847 372 955 403 litteris
978 370 1156 406 mandawt,
1182 378 1268 398 com-

207 425 421 467 pertissimum
444 430 498 453 est.

567 481 597 517 C
608 482 642 516 A
653 481 683 516 P
694 479 727 516 U
739 479 774 514 T
810 478 845 513 V
855 478 869 512 l
883 478 908 512 I.

209 556 312 582 lachetti
322 555 486 587 Malaspinae,
497 552 639 577 monastico
649 550 767 574 instituto
782 546 920 572 addicentis
927 545 1068 586 'Th-oman
1083 544 1201 585 pluribus
1217 543 1268 567 ele-

278 596 353 616 vatur
363 590 525 621 eluditurque
539 585 723 612 testimonium.
742 584 805 608 Acta
819 582 992 606 translationis
1011 587 1127 612 corporis
1148 586 1203 603 eius
1224 586 1266 602 ex-

282 627 436 659 penduntur,
456 630 522 656 quae
540 620 721 647 monachatum
741 618 855 643 eiusdem
875 620 1000 641 evertunt.

212 691 234 722 Ι.
288 690 445 720 achettum
459 685 665 724 Malaspinam
687 683 818 712 advocat
832 679 1022 720 Disquisitor
1040 678 1140 718 capite
1155 688 1207 707 vm
1223 684 1266 707 tc-

246 686 366 764 rlstem
388 729 580 762 Benedictini
608 726 814 757 monachatus
842 723 988 754 Doctoris
1009 722 1172 762 Angelici,
1202 731 1265 751 non

208 778 286 808 adeo
310 778 341 806 in
356 774 497 816 serendo
520 772 696 803 testimonio
718 770 919 804 diminutum,
940 772 975 797 ut
993 766 1132 797 abundet
1145 766 1265 805 potius,

207 822 358 861 abeatque
377 821 409 849 in
428 823 603 848 extremum
623 815 713 845 nulla
733 814 857 844 ratione
866 811 1057 852 ferendum:
1083 823 1097 837 «
1115 810 1162 839 Illi
1181 809 1266 839 enirn

210 878 224 893 »
246 874 346 904 usque
361 863 438 893 adeo
453 869 638 901 persuasum
657 865 720 889 erat
739 856 800 898 (de
818 866 898 887 novo
918 861 1004 891 teste,
1025 864 1117 895 quem
1136 854 1266 893 saepius

210 922 224 937 ›>
247 908 444 939 Sacchettum
466 905 615 945 appellat,
637 903 723 943 loqui
739 900 871 942 pergit)
895 900 1057 930 Thomam
1072 898 1265 938 Aquinatem

209 966 224 981 2>
246 951 456 983 monasticum
478 947 754 980 Benedictinorum
773 945 954 976 Institutum
972 943 1062 973 initio
1086 942 1265 982 professum

208 1010 222 1024 »
244 1006 320 1034 esse,
335 1005 370 1025 ac
389 1001 458 1025 tum
481 993 520 1023 ad
534 991 763 1023 Praedicatores
784 989 976 1025 convolasse,
993 994 1027 1018 ut
1047 997 1121 1017 cum
1135 987 1159 1016 F
1162 987 1264 1016 loren-

207 1053 221 1068 x>
243 1041 303 1071 tiae
317 1040 442 1079 degens,
462 1048 498 1068 ex
517 1037 642 1077 publica
660 1035 743 1065 fama
761 1033 972 1070 inaudivisset,
987 1032 1150 1062 Thomam
1164 1030 1264 1071 Aqui-

206 1098 221 1112 a>
243 1091 362 1121 uatem,
387 1092 550 1113 summum
573 1081 663 1110 illum
686 1078 909 1118 theologorum
932 1076 1073 1116 apicem,
1105 1076 1164 1105 sub
1183 1075 1264 1105 vitae

206 1142 221 1156 »
242 1128 338 1158 finem
353 1127 392 1157 ad
406 1126 608 1157 Cisterciense
626 1124 858 1154 Fossae-novae
881 1120 1108 1151 monasterium
1125 1119 1264 1149 divertis-

206 1185 221 1200 »
243 1183 285 1210 se,
300 1172 424 1212 illicque
439 1171 518 1201 inter
531 1168 762 1199 monachorum
776 1165 900 1197 brachia
918 1171 1093 1195 extremum
1117 1164 1264 1194 clausisse

206 1230 220 1244 ι
243 1217 346 1254 diem3
370 1222 492 1246 externa
514 1214 566 1244 illa
589 1222 693 1243 rerum
712 1211 813 1251 specie
833 1210 970 1247 delusus,
991 1208 1210 1239 existimaverit
1225 1209 1264 1238 ad

207 1274 221 1288 »
243 1261 409 1301 pristinum
428 1258 608 1289 Institutum
623 1256 716 1287 morti
732 1255 913 1295 proximum
932 1253 1068 1291 rediisse,
1084 1259 1262 1293 resumpto-

207 1318 221 1333 »
244 1315 305 1346 que
329 1303 453 1335 cucullo
476 1302 669 1332 monachum
693 1300 814 1331 obiisse.
830 1312 844 1326 »

269 1348 441 1379 lachettum
464 1347 569 1387 ipsum
591 1345 711 1376 inducit
733 1345 808 1375 haec
831 1342 932 1383 patrio
955 1341 1106 1372 idiomate
1121 1352 1264 1382 pronun-

205 1393 338 1424 ciantem
361 1392 459 1432 capite
475 1401 585 1421 ccxxm
603 1389 741 1420 Auctarii
765 1388 804 1418 ad
817 1387 980 1418 historiam
1003 1386 1172 1417 Ricordani
1197 1387 1264 1417 Ma-

203 1437 340 1477 laspinae
368 1435 470 1476 patrui
494 1435 561 1473 sui,
592 1434 631 1464 ad
662 1443 781 1464 annum
810 1432 890 1462 1286
920 1429 1048 1473 (1284)
1073 1431 1127 1461 ubi
1155 1430 1262 1462 Caroli

202 1481 295 1522 primi
309 1480 541 1520 Andegavensis
565 1478 684 1509 Siciliae
703 1478 795 1517 Regis
817 1486 864 1506 res
883 1483 983 1515 gestas
1004 1475 1177 1516 exequitur.
1197 1476 1265 1506 Dal

202 1524 280 1568 (del)
303 1525 386 1556 detto
413 1524 509 1555 Carlo
530 1525 647 1553 rimase
668 1522 765 1552 Carlo
783 1520 929 1557 second0,
949 1521 1098 1560 Principe
1117 1518 1263 1562 (Prenze)

205 1570 304 1600 Conte
325 1569 359 1600 di
380 1569 533 1599 Salerno:
556 1568 595 1598 ed
617 1567 689 1597 ebbe
711 1565 764 1608 (ed
788 1575 839 1596 era
862 1565 945 1595 bello
970 1564 1020 1595 del
1041 1575 1140 1605 corpo
1160 1575 1177 1595 e
1195 1575 1263 1604 gra-

201 1614 310 1652 zioso,
335 1613 373 1643 ed
396 1611 486 1654 ebbe)
503 1613 563 1652 piu
581 1611 729 1652 figliuoli
759 1610 844 1641 della
867 1618 928 1640 sua
951 1609 1080 1647 donna,
1103 1609 1263 1651 figliuola

202 1658 297 1688 ereda
321 1656 352 1699 (e
371 1655 455 1698 reda)
479 1656 531 1686 del
546 1656 594 1686 Re
611 1655 645 1686 di
666 1655 842 1695 Ungheria.
866 1653 898 1684 Il
910 1655 1020 1694 primo
1037 1663 1097 1684 suo
1105 1654 1263 1695 figliuolo

192 1702 238 1743 fu
265 1702 362 1732 Carlo
385 1700 546 1737 Martello,
567 1700 623 1730 che
634 1701 692 1740 poi
701 1699 747 1740 fu
765 1699 814 1730 Re
836 1698 867 1729 d’
882 1698 1071 1739 Ungheria:
1090 1698 1114 1728 il
1126 1698 1264 1730 secondo

201 1744 233 1788 (e
248 1746 269 1776 ’l
287 1743 438 1786 secondo)
453 1744 499 1785 fu
523 1744 689 1782 Lodovico,
712 1744 769 1774 che
790 1744 819 1774 si
833 1742 912 1784 fece
925 1742 1023 1783 frate
1040 1743 1126 1773 della
1139 1753 1263 1784 ponera

201 1791 276 1827 vita,
297 1800 314 1820 e
336 1790 401 1819 mai
423 1791 512 1819 entro
531 1787 563 1830 (e
582 1788 644 1818 mai
663 1798 728 1818 non
748 1786 853 1830 entro)
870 1788 1095 1828 avvegnacche
1118 1787 1139 1818 1'
1150 1788 1264 1818 abbino

200 1835 404 1875 appropriato
431 1843 451 1863 a
480 1833 567 1863 loro:
589 1834 722 1863 siccome
746 1834 757 1862 i
776 1832 869 1873 frati
896 1832 1097 1862 Predicatori
1130 1833 1264 1863 Tomaso

200 1878 366 1918 d'Aquino,
387 1878 410 1907 il
427 1878 521 1918 quale
544 1878 674 1918 innanzi
692 1878 748 1908 che
763 1876 858 1917 fosse
872 1876 970 1917 frate
988 1877 1205 1915 Predicatore,
1223 1877 1263 1916 fu

201 1923 371 1953 monacho:
401 1932 418 1952 e
440 1922 566 1962 quando
599 1931 699 1952 venne
721 1932 742 1952 a
766 1926 885 1958 morte,
910 1921 957 1951 ch'
969 1921 1097 1963 infirmo
1121 1923 1153 1952 in
1178 1931 1264 1952 cam-

200 1968 285 1997 mino
308 1965 340 2008 (a
359 1964 543 2008 cammino),
559 1966 762 1997 rimordendo
785 1966 818 1996 la
838 1966 1022 2006 coscienza,
1046 1967 1075 1996 si
1088 1965 1167 2007 fece
1184 1976 1264 2007 por-

201 2016 271 2041 tare
293 2011 359 2042 alla
382 2010 493 2048 badia,
525 2010 628 2041 donde
650 2020 707 2041 era
731 2009 862 2053 (d'ond’
875 2008 940 2052 era)
958 2011 1069 2050 prima
1092 2015 1176 2041 stato
1197 2021 1263 2042 mo-

201 2055 320 2092 nacho,
350 2065 367 2085 e
390 2055 541 2086 monacho
565 2057 664 2092 mori,
695 2065 712 2086 e
735 2055 883 2086 monachi
905 2064 992 2085 anno
1017 2055 1041 2085 il
1062 2064 1122 2086 suo
1154 2065 1261 2096 corpo.

199 2099 313 2129 Veram
327 2099 494 2130 lectionem
517 2099 689 2130 restitutam
709 2099 805 2130 habes
824 2109 860 2129 ex
880 2099 985 2139 operis
1004 2099 1161 2137 editione,
1181 2111 1263 2141 quae

199 2150 318 2183 prostat
347 2144 431 2184 apud
459 2144 668 2174 Muratorium
699 2151 790 2175 tomo
822 2144 893 2174 VIII
919 2143 1117 2184 Scriptorum
1146 2145 1261 2176 ltaliae.

198 2188 335 2218 Textum
353 2198 426 2218 vero
441 2188 484 2218 sic
498 2188 591 2218 latine
611 2188 711 2219 reddit
724 2189 791 2229 ipse
805 2188 1013 2229 Disquisitor:
1037 2189 1156 2220 Carolo
1164 2199 1262 2230 prae-

198 2232 280 2262 dicto
302 2238 460 2272 superstes
483 2232 555 2273 fuit
580 2233 718 2264 Carolus
740 2233 920 2270 secundus,
946 2233 1077 2264 Salerni
1098 2234 1261 2275 Princeps.

199 2276 234 2307 Is
256 2286 297 2306 ex
317 2277 515 2317 Hungariae
528 2277 627 2318 Regis
634 2278 713 2318 filia
733 2283 763 2308 et
776 2277 924 2315 haerede,
940 2287 1036 2318 quam
1052 2288 1186 2309 uxorem
1206 2279 1261 2310 ha—

199 2320 275 2358 buit,
295 2321 471 2361 complures
484 2322 612 2353 sustulit
615 2322 729 2363 filios:
746 2332 882 2363 quorum
892 2324 1022 2362 primus
1031 2322 1105 2363 suit
1122 2323 1262 2355 Carolus

198 2365 389 2403 Martellus,
408 2371 520 2406 postea
543 2366 614 2397 Rex
636 2367 855 2407 Hungariae:
882 2366 968 2397 alter
990 2367 1182 2406 Ludovicus,
1207 2370 1264 2410 qui

191 2408 339 2450 fratrum
367 2420 567 2450 pauperum,
595 2420 652 2441 seu
675 2412 861 2449 Minorum,
887 2411 1037 2442 Instituto
1059 2422 1095 2443 se
1117 2412 1263 2444 devovit:

201 2463 309 2484 eorum
339 2459 444 2484 tamen
467 2454 609 2485 claustra
634 2465 805 2496 numquam
830 2457 998 2497 ingressus
1020 2462 1086 2494 est,
1115 2458 1263 2498 quamvis

201 2497 291 2528 illum
311 2498 402 2528 iidem
421 2499 480 2529 sibi
499 2499 676 2530 vindicent:
693 2500 957 2540 quemadmodum
973 2506 1003 2531 et
1017 2501 1263 2534 Praedicatores

205 2542 354 2572 nomam
369 2543 568 2583 Aquinatem,
583 2545 638 2584 qui
651 2549 820 2585 antequam
840 2545 883 2575 ad
896 2545 1141 2577 Praedicatores
1155 2551 1261 2578 trans-

201 2586 280 2623 iret,
305 2587 477 2618 monachus
499 2587 639 2628 fuerat;
670 2594 701 2619 et
726 2589 770 2619 ad
792 2594 969 2620 extremum
994 2599 1065 2621 cum
1090 2591 1123 2621 in
1148 2592 1263 2622 itinere

201 2630 309 2660 morbo
317 2637 529 2675 premeretur,
545 2633 702 2674 religione
715 2639 828 2671 tactus,
845 2635 877 2664 in
902 2634 1086 2665 coenobium
1102 2635 1155 2666 ubi
1162 2636 1261 2676 prius

202 2675 375 2706 monachus
397 2677 581 2714 exstiterat,
605 2679 734 2718 portari
755 2687 790 2708 se
818 2678 934 2716 voluit,
960 2679 1064 2720 ibique
1086 2681 1263 2712 monachus

201 2724 345 2750 mortuus
367 2726 435 2750 est:
458 2721 586 2761 eiusque
609 2731 724 2762 corpus
746 2722 886 2753 obtinent
909 2723 1066 2754 monachi.

246 2764 351 2794 *Haec
374 2764 500 2795 lachetti
522 2765 614 2796 verba
644 2773 754 2797 monet
776 2767 985 2808 Disquisitor,
1010 2778 1075 2798 non
1102 2774 1204 2800 extare
1227 2769 1260 2799 in

201 2808 426 2848 exemplaribus
441 2809 533 2847 cusis,
543 2819 624 2850 quae
638 2811 812 2841 Florentiae
827 2811 967 2851 primum
984 2822 1070 2843 anno
1091 2813 1171 2844 1568
1189 2823 1261 2854 pro-

202 2852 333 2883 dierunt.
353 2853 427 2883 Non
446 2860 564 2884 exstant
583 2852 679 2896 (addo
699 2854 772 2898 ego)
792 2866 894 2896 neque
911 2856 943 2886 in
958 2856 1101 2888 eiusdem
1120 2857 1182 2888 loci
1202 2858 1262 2889 alia

202 2896 352 2935 editione,
371 2907 452 2938 quae
471 2907 554 2928 anno
579 2899 658 2939 1718
685 2899 798 2930 iterum
827 2907 933 2931 curata
960 2907 1015 2932 est.
1037 2902 1152 2933 Extant
1171 2902 1262 2933 nihil-

203 2940 329 2971 ominus
353 2939 473 2982 (pergit
494 2940 566 2984 ine)
598 2942 629 2972 in
649 2951 828 2983 pervetusto
853 2945 960 2976 codice
984 2956 1042 2976 ms.
1068 2946 1148 2977 olim
1177 2947 1263 2988 apud

201 2985 328 3015 Petrum
351 2985 478 3016 lunium
501 2986 628 3026 Ugolini
651 2987 752 3018 filium
778 2989 943 3028 patricium
965 2990 1187 3022 Florentinum
1210 2992 1263 3022 ad-

203 3035 339 3059 servato:
362 3029 455 3066 Quod
468 3035 603 3061 testatur
625 3029 765 3075 (inquit)
790 3033 1024 3065 illustrissimus
1046 3036 1184 3076 praesul
1196 3037 1263 3066 An-

203 3072 296 3113 gelus
314 3072 353 3103 de
370 3073 461 3104 Nuce
478 3075 739 3116 Archiepiscopus
757 3077 968 3109 Rossanensis
994 3080 1026 3109 in
1053 3080 1206 3120 opusculo
1225 3090 1263 3111 ea

203 3116 243 3146 de
266 3126 301 3146 re
322 3117 487 3148 adornato.
511 3118 599 3149 Patet
625 3130 722 3160 quam
746 3121 898 3159 maxime,
923 3122 1173 3155 dissertationem
1198 3126 1263 3155 An-

205 3159 265 3199 geli
285 3159 322 3190 de
336 3161 423 3191 Nuce
448 3161 628 3193 defloratam
647 3174 665 3194 a
683 3164 890 3205 Disquisitore
909 3165 1014 3198 fuisse.
1030 3168 1151 3199 Eadem
1169 3169 1264 3200 verba

205 3203 290 3234 addit
308 3204 456 3235 Erasmus
470 3205 595 3236 Gattula
613 3207 646 3237 in
665 3209 840 3247 Addendis,
867 3210 927 3249 legi
954 3211 986 3241 in
1006 3212 1168 3244 codicibus
1187 3223 1262 3244 mss.

205 3247 330 3278 duobus
353 3247 557 3280 bibliothecae
580 3251 791 3290 Strozzianae,
820 3254 983 3284 certiorem
1006 3266 1038 3286 se
1062 3257 1264 3288 reddentibus

206 3291 313 3322 amicis
336 3291 523 3323 florentinis:
547 3296 691 3334 quamvis
721 3302 825 3327 tamen
855 3298 894 3328 iis
923 3299 1026 3330 verbis
1048 3298 1161 3342 (verba
1189 3308 1264 3333 sunt

206 3335 272 3365 eius
294 3335 561 3368 animadversione
580 3338 686 3380 digna)
707 3350 784 3371 usus
802 3350 865 3371 non
885 3343 955 3380 sim,
977 3353 1034 3374 nec
1051 3346 1110 3375 sim
1130 3355 1262 3384 usurus,

206 3379 249 3410 ad
270 3389 371 3410 meam
394 3382 581 3412 sententiam
600 3383 813 3423 probandam.
837 3385 927 3423 Quae
951 3387 1086 3428 denique
1109 3390 1203 3420 verba
1227 3400 1263 3420 ex

208 3423 300 3454 citato
320 3423 426 3454 codice
445 3435 503 3456 ms.
519 3435 615 3466 penes
629 3428 844 3459 Marchionem
868 3429 990 3471 Giugni
1011 3431 1112 3463 civem
1134 3433 1263 3464 Floren-

206 3466 309 3497 tinum
331 3468 475 3508 suppleta
497 3469 644 3510 leguntur
662 3471 694 3502 in
709 3472 866 3511 editione,
892 3484 973 3515 quae
992 3475 1072 3507 inter
1090 3477 1263 3518 Scriptores

206 3510 309 3541 ltaliae
323 3521 340 3541 a
354 3511 535 3544 doctissimo
550 3515 723 3546 Muratorio
738 3517 886 3548 collectos
900 3518 1032 3550 habetur
1044 3527 1135 3552 tomo
1150 3522 1232 3553 VIII.

272 3554 494 3587 Monachatum
513 3558 658 3589 Thomae
672 3559 734 3591 hoc
752 3561 851 3591 adseri
870 3571 1093 3602 monumento,
1113 3566 1202 3606 quod
1221 3565 1264 3596 al-

206 3596 307 3627 latum
330 3605 389 3637 est,
414 3601 516 3639 negari
545 3603 670 3643 nequit:
694 3603 771 3635 fides
794 3604 861 3635 eius
885 3607 1103 3647 expendenda,
1127 3619 1167 3639 an
1191 3610 1264 3641 satis

917 244 1374 286 DISSERTATIONES
1405 242 1653 279 CRITICAE

1322 323 1436 353 idonea
1459 322 1499 352 ad
1522 321 1615 351 illum
1638 316 1915 360 persuadendum?
1935 318 1970 347 Id
1989 327 2049 357 ego
2069 316 2189 348 inficias
2208 328 2258 349 eo.
2274 320 2321 350 Ac
2336 320 2399 360 pri-

1323 377 1414 396 mum
1438 367 1492 395 abs
1515 375 1547 395 re
1572 374 1637 394 non
1662 363 1729 401 erit,
1754 363 1780 392 si
1805 362 2016 399 admonuero,
2041 362 2195 393 Ioannem
2221 362 2397 402 villanum,

1322 411 1377 451 qui
1401 420 1448 439 res
1473 409 1615 439 eiusdem
1639 407 1706 437 aevi
1730 407 1763 436 in
1788 417 1845 436 sua
1869 406 2025 443 Historia,
2050 405 2164 437 iisdem
2188 417 2269 447 pene
2297 409 2400 439 verbis

1322 453 1570 493 Malaspinarum
1594 451 1763 482 Ricordani
1794 457 1824 480 et
1848 450 1992 488 lachetti,
2022 450 2103 481 solet
2126 461 2303 490 recensere,
2326 453 2396 483 nul-

1321 499 1386 528 lam
1409 497 1452 527 ibi
1476 496 1674 526 mentionem
1693 495 1841 525 Thomae
1861 494 1992 535 eiusque
2012 495 2223 526 monachatus
2247 496 2398 536 ingerere,

1322 551 1519 582 quamquam
1543 547 1573 570 et
1596 540 1704 579 ipsum
1723 539 1868 569 liberiore
1889 539 2012 569 calamo
2038 539 2197 579 scripsisse
2223 550 2319 571 nemo
2344 551 2398 572 ne-

1322 586 1388 616 scit.
1421 586 1470 615 En
1494 584 1578 614 illius
1602 584 1696 614 verba
1726 583 1807 613 libro
1832 583 1910 622 V11,
1939 583 2040 623 capite
2059 594 2130 613 xcxv
2149 584 2183 614 in
2202 585 2397 616 editionibus

1322 631 1441 661 Veneta
1470 630 1570 670 1537,
1596 627 1779 658 Florentina
1815 627 1896 669 1587
1926 635 1957 658 et
1979 628 2211 663 Mediolanensi
2235 629 2268 659 in
2291 631 2398 660 Mura-

1321 674 1441 704 toriana
1457 673 1655 713 Scriptorum
1675 671 1780 702 Italiae
1805 672 1992 702 collectione
2007 679 2098 703 tomo
2114 673 2205 704 XIII:
2234 674 2300 704 Del
2312 674 2398 706 detto

1323 718 1422 748 Carlo
1446 727 1509 747 non
1534 718 1654 747 rimase
1676 717 1764 747 altra
1788 716 1879 754 reda,
1905 717 1962 747 che
1988 717 2088 748 Carlo
2113 718 2251 749 secondo
2274 719 2398 760 Prenze

1319 762 1354 792 di
1376 762 1523 798 Salerno,
1544 761 1579 791 di
1597 762 1651 792 cui
1669 771 1781 791 avemo
1791 760 1883 801 fatto
1902 762 2085 802 menzione:
2104 772 2121 792 e
2139 768 2250 803 questo
2273 764 2398 805 Prenze

1323 806 1422 836 Carlo
1446 815 1502 836 era
1531 806 1584 836 del
1612 815 1709 846 corpo
1738 805 1928 843 bellissimo,
1959 807 2128 847 grazioso,
2162 813 2191 837 et
2215 808 2322 849 largo.
2339 831 2346 839 .
2363 831 2371 839 .
2388 831 2397 839 .

1319 856 1350 881 et
1367 850 1463 880 hebbe
1475 851 1536 890 piis
1551 850 1697 890 figliuoli
1710 850 1797 881 della
1816 850 1992 881 Prencessa
2011 861 2072 882 sua
2092 852 2222 892 moglie,
2231 852 2393 893 figliuola

1319 900 1350 925 et
1372 891 1451 925 reda
1474 894 1528 924 del
1549 895 1598 925 Re
1620 894 1836 936 d'Ungheria.
1860 894 1892 925 Il
1909 896 2018 935 primo
2033 895 2080 935 fu
2105 895 2205 927 Carlo
2224 897 2393 935 Martello,

1319 939 1375 969 che
1387 938 1435 979 fu
1458 940 1517 979 poi
1538 939 1587 970 Re
1609 938 1840 980 d'Ungheria;
1863 940 1887 970 il
1909 939 2046 970 secondo
2067 939 2134 980 fue
2163 941 2261 978 Luis,
2286 942 2344 972 che
2366 943 2396 972 si

1319 983 1437 1014 rendeo
1458 983 1556 1024 frate
1578 984 1727 1022 Minore,
1754 994 1771 1014 e
1787 985 1847 1024 poi
1864 983 1911 1025 fu
1942 984 2076 1015 Vescovo
2106 985 2141 1015 di
2169 985 2305 1016 tholosa
2333 992 2392 1017 etc.

1319 1028 1380 1058 Ubi
1400 1028 1594 1068 Malaspinae
1621 1028 1723 1059 irrisio
1743 1028 1782 1059 de
1802 1028 1948 1059 fratribus
1975 1029 2172 1067 Minoribus,
2192 1030 2398 1061 Ludovicum

1318 1071 1426 1103 Caroli
1441 1073 1570 1103 secundi
1585 1072 1688 1104 filium
1703 1073 1762 1103 sibi
1786 1073 1883 1104 veluti
1903 1083 2000 1104 suum
2019 1073 2262 1113 vindicantibus,
2277 1075 2397 1106 omissa

1318 1124 1381 1155 est,
1406 1117 1557 1158 nullaque
1586 1117 1707 1158 ingesta
1739 1118 1859 1149 mentio
1889 1119 2036 1149 Thomae
2064 1118 2233 1160 Aquinatis
2264 1119 2397 1160 eiusque

1318 1162 1544 1193 monachatus:
1569 1163 1659 1203 quod
1682 1169 1729 1193 est
1753 1162 1833 1193 forte
1857 1162 1993 1201 indicio,
2018 1173 2085 1193 rem
2115 1163 2196 1194 hanc
2223 1163 2270 1194 uti
2294 1164 2395 1195 mani-

1318 1206 1431 1237 festam
1454 1206 1602 1237 fabellam
1625 1208 1664 1237 ab
1689 1207 1805 1238 eodem
1836 1207 1964 1238 Villano
1992 1207 2140 1238 reiectam
2168 1207 2265 1239 fuisse
2296 1218 2332 1239 ac
2355 1209 2396 1239 si-

1317 1251 1416 1282 lentio
1440 1261 1591 1291 pressam.
1607 1252 1656 1282 Eo
1672 1252 1721 1282 vel
1736 1251 1873 1282 maxime
1888 1252 1978 1293 quod
1999 1252 2167 1293 Aquinatis
2191 1253 2395 1293 apotheosim

1319 1306 1446 1326 narrans
1475 1296 1515 1326 ad
1543 1307 1665 1327 annum
1698 1297 1778 1327 1323
1806 1296 1887 1327 libro
1908 1297 1962 1335 lx,
1978 1297 2079 1337 capite
2098 1308 2200 1328 ccxvn
2220 1297 2301 1328 inter
2328 1308 2396 1328 cae·

1318 1340 1387 1371 lites
1410 1340 1545 1372 relatum
1575 1341 1672 1372 fuisse
1703 1341 1809 1372 scribit
1834 1341 1984 1372 Fratrem
2015 1342 2167 1372 Thomam
2199 1342 2239 1372 de
2268 1343 2398 1383 Aquino

1322 1384 1456 1416 Ordinis
1480 1386 1586 1416 sancti
1608 1386 1791 1423 Dominici‚
1813 1386 2037 1426 philosophiae
2055 1396 2095 1417 ac
2118 1387 2300 1427 theologiae
2326 1397 2396 1418 ma-

1316 1430 1469 1470 gistrum,
1485 1431 1638 1461 eximium
1661 1431 1693 1461 in
1716 1432 1804 1461 omni
1821 1431 2030 1462 scientiarum
2049 1441 2171 1472 genere
2190 1432 2317 1462 virum:
2342 1431 2398 1462 ad-

1318 1473 1438 1515 ditque,
1458 1475 1548 1515 quod
1571 1474 1656 1505 fama
1680 1474 1808 1514 ferebat,
1827 1485 1952 1506 veneno
1974 1475 2136 1506 sublatum
2160 1476 2398 1508 sanctissimum

1317 1518 1432 1557 virum,
1453 1519 1542 1560 quod
1565 1519 1804 1560 propinandum
1827 1519 1952 1551 iusserit
1975 1520 2111 1551 Carolus
2131 1520 2254 1560 primus
2273 1520 2398 1552 Siciliae

1318 1563 1402 1601 Rex3
1420 1563 1547 1594 caeteris
1558 1564 1784 1604 praetermissis
1800 1564 2002 1603 commentis,
2017 1575 2100 1605 quae
2123 1565 2241 1605 scripto
2261 1565 2397 1606 relique-

1318 1614 1364 1638 rat
1387 1608 1572 1649 Malaspina.
1602 1609 1779 1639 Historiam
1809 1619 1902 1639 suam
1925 1609 2071 1649 perduxit
2094 1609 2228 1640 Ioannes
2252 1609 2399 1641 Vinanus

1318 1652 1358 1682 ad
1382 1662 1503 1683 annum
1528 1663 1628 1694 usque
1658 1653 1750 1693 1348.

1386 1699 1428 1728 At
1441 1697 1510 1738 ipsa
1525 1697 1653 1728 lachetti
1668 1698 1804 1729 narratio
1819 1698 1958 1738 penitius
1980 1698 2186 1738 expendenda
2205 1705 2263 1737 est,
2277 1698 2312 1729 in
2331 1707 2398 1740 qun

1319 1748 1366 1772 tot
1389 1741 1441 1772 ille
1465 1749 1592 1782 peccata
1615 1742 1766 1782 patravit,
1799 1750 1835 1774 ut
1865 1743 1983 1774 mirum
2015 1749 2115 1781 esset,
2147 1743 2296 1774 Thomae
2326 1753 2398 1775 mo—

1319 1786 1490 1817 nachatum
1520 1796 1592 1817 vere
1628 1797 1778 1818 narrasse.
1817 1787 1871 1818 Ait
1902 1787 2011 1818 fratres
2048 1787 2188 1818 Minores
2227 1787 2397 1820 vindicare

1317 1830 1378 1861 sibi
1399 1831 1538 1862 voluisse
1562 1831 1765 1862 Ludovicum
1784 1831 1893 1862 Caroli
1915 1832 2046 1870 secundi
2065 1831 2168 1863 filium
2192 1832 2398 1864 Tolosanum

1319 1875 1536 1916 Episcopum,
1571 1875 1629 1907 sibi
1651 1876 1711 1916 ipsi
1743 1876 1939 1917 apertissime
1968 1886 2170 1916 repugnans,
2201 1887 2277 1908 cum
2299 1876 2398 1908 etiam

1319 1927 1422 1951 narret
1452 1930 1484 1950 se
1516 1919 1649 1951 fratrum
1679 1931 1859 1961 pauperum
1890 1931 1946 1951 seu
1978 1921 2144 1952 Minorum
2171 1921 2319 1952 Instituto
2342 1921 2396 1952 de-

1318 1964 1441 1995 vovisse
1465 1965 1679 2003 Ludovicum,
1699 1967 1728 1996 si
1737 1965 1817 2006 fece
1831 1965 1930 2007 frate
1952 1965 2039 1996 della
2056 1975 2182 2006 povera
2202 1967 2285 1997 vita:
2310 1966 2397 1997 unde

1318 2009 1522 2040 Ludovicum
1540 2009 1706 2040 Minorum
1729 2009 1877 2041 Instituto
1901 2009 2064 2041 addictum
2083 2020 2139 2041 cur
2162 2010 2222 2041 sibi
2237 2020 2303 2041 non
2327 2010 2398 2042 vin-

1318 2053 1456 2084 dicarent
1487 2053 1595 2085 fratres
1626 2052 1789 2085 Minores?
1820 2054 1967 2085 Bollandi
1999 2054 2248 2086 Continuatores
2272 2054 2324 2086 adi
2352 2055 2395 2086 ad

1318 2098 1403 2129 diem
1436 2109 1473 2139 19
1498 2098 1643 2138 augusti;
1672 2105 1939 2140 compertumque
1963 2099 2040 2138 erit,
2074 2109 2140 2130 non
2171 2099 2260 2139 prius
2284 2099 2394 2140 ipsum

1316 2143 1349 2173 in
1373 2142 1489 2174 infulas
1512 2143 1692 2174 Tolosanas
1711 2143 1919 2182 consensisse,
1939 2153 2039 2184 quam
2061 2143 2095 2174 in
2119 2144 2213 2174 verba
2235 2143 2395 2184 regulam-

1317 2198 1380 2229 que
1403 2187 1501 2218 sancti
1526 2187 1682 2219 Francisci
1706 2188 1842 2218 solemni
1870 2187 2086 2228 professione,
2118 2194 2278 2219 annuente
2302 2189 2398 2221 Ionn-

1317 2242 1356 2263 ne
1381 2232 1466 2263 XXII
1492 2232 1628 2263 Summo
1657 2231 1822 2270 Pondfice,
1850 2232 1990 2264 iurasset.
2013 2233 2101 2264 Haec
2133 2243 2208 2263 vero
2235 2232 2309 2264 satis
2341 2242 2394 2264 nu-

1317 2286 1436 2318 perque
1460 2283 1552 2316 sunt,
1583 2283 1618 2308 ut
1641 2277 1734 2308 illum
1765 2277 1823 2308 sibi
1852 2277 1949 2308 veluti
1977 2287 2074 2308 suum
2102 2277 2263 2309 vindicent
2286 2277 2396 2310 fratre·

1316 2321 1465 2352 Minores.

1385 2366 1472 2404 Quid
1501 2373 1547 2397 est
1570 2365 1670 2404 illud,
1701 2366 1791 2408 quod
1819 2366 1915 2397 etiam
1939 2366 2047 2397 fratres
2077 2366 2311 2397 Praedicatores
2333 2365 2394 2398 eibi

1317 2410 1481 2441 Thomam
1504 2410 1699 2452 Aquinatem
1718 2410 1962 2449 vindicaverint,
1981 2410 2120 2442 l‘abbino
2142 2411 2353 2451 appropriato
2370 2420 2392 2442 a

1317 2455 1415 2486 loro?
1438 2455 1590 2486 Iuvenem
1614 2465 1707 2495 ergo,
1727 2465 1825 2497 quem
1849 2455 2034 2496 prophetica
2057 2455 2220 2492 vaticinia,
2245 2455 2395 2487 nondum

1317 2506 1440 2537 natum,
1464 2499 1781 2540 praenunciaverant,
1805 2500 1891 2541 quod
1914 2501 1975 2531 erit
1995 2499 2114 2541 frater
2139 2499 2276 2531 Ordinis
2292 2499 2394 2531 Pme-

1316 2543 1516 2577 dicatorum.-
1529 2544 1585 2585 qui
1599 2544 1735 2585 Neapoli
1749 2544 1997 2576 Dominicanam
2015 2551 2137 2576 vestem
2164 2543 2270 2575 induit
2282 2554 2319 2576 ac
2333 2543 2395 2576 Or·

1317 2581 1383 2619 diiii
1407 2599 1527 2619 nomen
1551 2588 1648 2627 dedit,
1667 2588 1775 2630 ipsum
1798 2588 1971 2629 excipiente
1995 2589 2125 2620 Thoma
2144 2588 2228 2628 Agrii
2252 2588 2291 2620 de
2310 2589 2394 2620 Len·

1317 2633 1385 2664 tino
1400 2633 1548 2664 coenobii
1568 2643 1591 2664 s.
1604 2633 1766 2664 Dominici
1780 2633 1906 2671 Priore;
1928 2633 1984 2674 qui
1999 2643 2055 2674 per
2071 2643 2194 2664 annum
2208 2639 2239 2664 et
2253 2632 2393 2674 amplius

1317 2677 1470 2718 plurimas
1494 2677 1566 2708 tulit
1589 2687 1607 2708 a
1630 2677 1813 2718 parentibus
1836 2688 1872 2709 ac
1896 2677 2042 2708 fratribus
2060 2677 2173 2708 inlatas
2196 2676 2338 2715 iniurias,
2357 2683 2394 2708 ut

1317 2721 1528 2754 Dominicana
1547 2722 1691 2762 deposita
1709 2729 1795 2753 veste
1813 2728 1868 2753 aut
1887 2721 2109 2753 monachalem
2128 2728 2185 2752 aut
2198 2721 2392 2753 saecularem

1317 2766 1471 2804 indueret,
1491 2766 1604 2807 hisque
1623 2765 1772 2797 recusatis
1791 2766 2044 2797 constantissime
2065 2765 2192 2797 retinuit
2210 2765 2317 2804 illam;
2335 2765 2394 2807 qui

1318 2811 1400 2842 duos
1414 2817 1446 2842 et
1459 2810 1586 2851 triginta
1599 2821 1701 2842 annos
1715 2810 1972 2842 Praedicatorum
1982 2810 2138 2842 Ordinem
2153 2809 2315 2851 professus
2334 2816 2392 2850 est,

1317 2854 1546 2896 illustravitque
1575 2854 1690 2886 sanctis
1720 2854 1865 2886 moribus
1895 2865 1931 2886 ac
1958 2854 2085 2893 litteris,
2110 2854 2265 2896 editisque
2289 2854 2395 2895 operi-

1317 2901 1393 2931 bus:
1418 2899 1504 2930 hunc
1523 2899 1683 2937 iuvenem,
1703 2899 1847 2940 inquam,
1874 2898 2043 2941 virumque
2065 2898 2219 2930 eximium
2242 2898 2302 2930 sibi
2324 2898 2393 2930 vin·

1317 2944 1472 2982 dicarunt,
1495 2943 1521 2974 si
1540 2943 1734 2984 Malaspinae
1753 2943 1842 2983 fides,
1862 2953 2023 2985 suumque
2043 2943 2195 2982 fecerunt,
2215 2953 2291 2975 cum
2314 2953 2394 2975 suus

1317 2999 1383 3020 non
1403 2995 1504 3027 esset,
1532 2987 1670 3020 nimium
1688 2988 1823 3020 audaces
1847 2987 1955 3019 fratres
1973 2987 2222 3019 Praedicatores!
2246 2988 2314 3019 Nae
2332 2998 2394 3029 pu-

1317 3033 1510 3064 tidissimum
1533 3032 1636 3064 insani
1660 3032 1771 3073 capitis
1794 3039 2026 3064 commentum.

1385 3077 1445 3109 Sed
1465 3077 1583 3118 ipsum,
1599 3077 1653 3116 ait,
1669 3087 1744 3109 cum
1762 3077 1794 3108 in
1818 3077 1928 3108 itinere
1953 3077 2068 3108 morbo
2088 3083 2299 3117 premeretur,
2318 3085 2393 3118 por-

1317 3121 1374 3153 tari
1398 3132 1431 3153 se
1453 3121 1593 3153 voluisse
1620 3121 1653 3153 in
1678 3121 1913 3153 monachorum
1936 3121 2151 3159 coenobium,
2176 3121 2230 3152 ubi
2245 3122 2392 3162 primun

1317 3166 1493 3198 monachus
1512 3165 1658 3208 degerat.
1673 3166 1779 3197 Nemo
1798 3175 1873 3197 vero
1898 3165 2007 3204 nescit,
2023 3176 2089 3196 non
2109 3165 2229 3204 Casini,
2251 3165 2307 3197 ubi
2321 3175 2392 3196 mo·

1317 3211 1403 3242 ribus
1417 3218 1448 3242 et
1465 3210 1575 3242 litteris
1594 3210 1736 3242 imbutus
1751 3210 1822 3247 fuit,
1841 3210 1896 3241 sed
1915 3210 1940 3241 F
1942 3220 2150 3241 ossae-novae
2169 3209 2256 3251 apud
2274 3209 2392 3242 Cister-

1317 3255 1436 3287 cienses
1454 3254 1596 3296 hospitio
1615 3261 1783 3295 exceptum
1802 3254 1908 3286 fuisse.
1933 3254 2032 3286 Addit
2051 3254 2157 3293 etiam,
2177 3254 2393 3286 conscientiae

1315 3300 1453 3331 stimulis
1466 3304 1598 3337 tactum,
1613 3299 1751 3330 voluisse
1772 3299 1805 3330 in
1820 3298 1978 3330 coenobio
1989 3299 2226 3330 monachorum
2239 3298 2328 3330 diem
2340 3297 2390 3331 ul-

1315 3344 1433 3375 timum
1456 3343 1618 3382 claudere;
1641 3353 1677 3375 ac
1701 3343 1727 3374 si
1753 3343 1963 3375 conscientiae
1992 3343 2128 3375 stimulis
2150 3343 2201 3384 agi
2231 3342 2392 3374 debuisset

1315 3388 1341 3419 is
1360 3388 1415 3430 qui
1439 3387 1561 3419 etiamsi
1585 3387 1763 3419 monachus
1787 3395 1878 3419 antea
1897 3387 2072 3426 exstitisset,
2092 3387 2149 3419 rite
2168 3394 2275 3419 tamen
2297 3393 2330 3418 et
2351 3395 2391 3418 ex

1315 3432 1391 3463 iuris
1415 3432 1580 3471 formulis,
1611 3442 1646 3464 ac
1669 3432 1806 3463 aliorum
1825 3432 1953 3474 praevio
1977 3432 2140 3473 exemplo,
2164 3431 2320 3464 Ordinem
2342 3440 2391 3462 re-

1315 3477 1442 3516 ligionis
1457 3483 1671 3508 commutasse
1686 3477 1838 3508 dicendus
1853 3483 1943 3508 esset.
1959 3479 2002 3509 At
2019 3476 2198 3508 verissimas
2215 3474 2292 3507 alias
2315 3484 2389 3507 cau-

1316 3531 1364 3551 sas
1383 3521 1482 3561 aperit
1495 3521 1702 3553 Ptolomaeus
1722 3521 1885 3559 Lucensis,
1905 3531 1987 3563 quae
2001 3521 2167 3552 Thomam
2179 3519 2389 3560 impulerunt,

1316 3571 1352 3596 ut
1375 3575 1449 3596 cum
1468 3566 1583 3597 morbo
1603 3573 1808 3607 premeretur,
1828 3566 1868 3597 ad
1886 3565 2064 3598 monachos
2082 3564 2108 3596 F
2109 3573 2317 3596 ossae-novae
2335 3563 2390 3595 de-

1316 3609 1459 3640 clinaret:
1485 3610 1574 3651 quod
1597 3620 1714 3651 nempe
1743 3610 1852 3642 nullus
1881 3616 2007 3651 praesto
2030 3615 2096 3641 erat
2117 3607 2227 3640 vicinis
2252 3607 2286 3639 in
2310 3607 2392 3639 locis
