2548 4192
197 292 242 318 cu
294 328 298 331 ι

202 370 342 399 nensem‚
367 361 440 392 Ioco
464 361 574 392 natalis
597 361 630 391 in
654 359 781 400 ancipiti
804 356 933 389 relicto?
951 357 1110 398 Equidem
1132 357 1262 386 Petrum

199 405 239 435 de
251 405 355 436 Adria
378 405 472 436 habet
486 405 633 435 Trivetus
652 404 737 444 apud
751 403 952 440 Dacherium,
967 401 1061 431 habet
1073 400 1166 430 Bulla
1185 399 1263 430 Cae-

197 449 301 480 lestini
320 449 349 481 V
364 450 449 490 apud
463 450 642 480 Fontanam
651 448 684 478 in
693 447 859 478 Provincia
871 447 1032 483 Romana;
1048 450 1079 474 at
1088 444 1128 474 de
1135 443 1262 474 Andria

199 493 335 534 legimus
363 493 448 534 apud
471 493 698 533 Logothetam‚
721 490 917 521 Bernardum
945 488 1102 519 Guidonis
1133 494 1163 518 et
1190 497 1262 517 san-

199 543 287 568 ctum
300 537 512 576 Antoninum,
528 543 558 567 et
570 536 727 567 Andriam
747 534 852 564 ferunt
860 533 996 573 Apuliae
1009 532 1119 562 Iocum
1137 531 1171 561 in
1187 541 1261 571 pro-

197 581 300 612 vincia
334 582 449 611 Terrae
479 580 562 611 Barii
590 579 688 610 lexica
716 577 989 617 Geographorum.
1027 576 1102 613 Quo
1133 585 1260 606 rursum

198 632 285 664 teste,
301 636 363 666 qua
386 624 458 663 fide,
476 631 550 665 post
571 623 722 654 indictam
745 631 829 651 anno
858 630 941 660 1294
965 620 1015 650 die
1037 621 1052 650 3
1074 619 1259 659 septembris

196 680 214 699 a
229 669 406 700 Caelestino
425 669 454 699 V
482 667 670 698 divisionem
683 664 866 696 Provinciae
880 665 1043 694 Romanae
1061 674 1079 693 a
1093 662 1259 693 Provincia

195 713 305 753 Regni,
330 713 415 743 hunc
436 712 566 742 Petrum
589 709 698 740 dixerit
721 708 869 740 Oudinus
893 709 925 738 in
950 707 1099 748 Capitulo
1122 707 1256 738 Provin-

195 757 270 787 ciali
282 757 418 796 Aquilae
441 757 473 785 in
486 755 578 796 sesto
594 754 812 784 Exaltationis
834 762 860 784 s.
874 752 989 782 Crucis
1005 752 1114 792 Regni
1127 751 1257 781 Siciliae

192 800 422 831 Provincialem
447 800 578 829 electum
593 797 731 839 fuisse?
751 796 845 827 Illum
867 796 900 826 in
925 796 1035 826 eadem
1058 795 1150 826 Bulla
1180 805 1255 826 con-

193 844 336 874 stitutum
360 854 378 873 a
401 843 580 874 Caelestino
603 841 738 881 legimus
755 840 979 881 Apostolicum
1002 849 1104 870 novae
1122 839 1254 870 Provin-

192 888 255 918 ciae
268 887 428 918 Vicarium
447 887 487 917 ad
505 886 603 917 futuri
621 885 824 916 Provincialis
844 884 1031 915 electionem
1049 894 1151 925 usque
1180 894 1254 924 pro-

189 931 273 962 xima
296 931 404 962 festiva
428 930 633 962 Exaltationis
658 941 681 961 s·
698 929 808 961 Crucis
828 929 877 959 die
891 928 1112 969 peragendam.
1132 931 1175 960 At
1194 928 1254 960 Or-

538 279 996 318 DISSERTATIONES
1026 276 1273 314 CRITICAE
1303 276 1357 312 IN
1387 276 1425 312 S.
1447 274 1689 311 THOMAM
1716 247 2042 319 AQUINATEM

1318 354 1399 384 dinis
1423 359 1644 392 monumenta,
1665 362 1747 394 quae
1770 353 1936 393 ignorabat
1960 353 2121 394 Oudinus,
2141 357 2283 396 produnt
2306 360 2393 400 apud

1316 398 1520 429 Vincentium
1543 397 1678 428 Mariam
1701 397 1882 427 Fontanam
1911 397 1986 428 loco
2010 398 2105 430 citato
2134 410 2239 442 neque
2262 403 2393 435 Petrum

1316 442 1355 472 de
1378 441 1497 472 Andria
1520 451 1622 471 novae
1641 441 1802 472 institutae
1821 441 2007 473 Provinciae
2031 443 2168 475 electum
2189 445 2287 477 fuisse
2300 448 2392 480 Prae-

1315 485 1445 524 fectum,
1461 495 1560 526 quem
1573 486 1720 516 Priorem
1735 486 1971 518 Provincialem
1987 498 2141 520 vocamus
2151 512 2161 528 ,
2180 500 2285 532 neque
2304 502 2392 533 prae-

1315 529 1430 560 dictam
1441 529 1607 570 utn'usque
1617 529 1803 560 Provinciae
1814 530 2005 562 divisionem
2015 534 2194 565 executioni
2208 537 2393 568 mandatam

1314 581 1397 604 esse:
1421 573 1503 604 hanc
1526 583 1614 613 vero,
1639 574 1712 605 data
1742 585 1799 615 per
1826 575 2030 607 Bonifacium
2053 578 2126 609 VIII
2152 578 2392 613 Constitutione

1312 627 1398 648 anne
1428 618 1508 658 1295
1535 618 1585 648 die
1615 629 1625 648 1
1650 618 1765 658 martii,
1789 619 1907 651 iterum
1933 621 2087 653 indictam
2110 624 2390 667 completamque,

1312 668 1406 702 atque
1434 662 1568 693 demum
1595 662 1629 693 in
1657 669 1726 694 acta
1754 663 1895 705 Capituli
1925 665 2087 697 Generalis
2115 669 2307 709 Argentinae
2335 681 2389 702 an-

1311 716 1354 736 no
1375 707 1456 747 1296
1478 706 1623 738 celebrati
1642 707 1811 741 redactam.
1827 709 1950 741 Eadem
1964 718 2033 742 acta
2052 713 2183 744 consule
2202 714 2286 755 typis
2306 715 2389 746 edita
2446 743 2449 746 .

1310 751 1397 791 apud
1419 751 1561 782 Martene
1586 758 1616 783 et
1638 752 1790 792 Durand,
1814 754 2038 787 Benedictinos
2071 767 2095 788 ε.
2120 757 2224 789 Mauri
2249 766 2388 799 ascetas,

1310 801 1401 825 tomo
1426 795 1469 826 IV
1492 795 1650 846 Thesauri
1679 798 1933 831 Anecdotorum.
1968 800 2004 831 In
2034 800 2167 833 homine
2197 802 2387 844 importuno

1309 849 1450 890 censore,
1465 850 1522 890 qui
1544 841 1595 872 vel
1617 840 1702 882 ipsas
1726 852 1883 884 perquam
1905 843 2080 877 levissimas
2103 846 2195 878 tricas
2215 848 2333 889 arripit,
2351 856 2388 880 ut

1307 894 1342 914 111
1365 884 1444 915 ahos
1467 884 1557 915 litem
1580 893 1720 926 moveat,
1735 893 1802 918 tam
1816 887 1997 930 frequentes
2016 900 2052 921 ac
2075 891 2210 932 pingues
2230 893 2302 934 quis
2316 893 2386 925 miti

1308 928 1417 960 animo
1443 928 1521 969 ferat
1544 928 1683 962 errores?
