2788 4204
1102 283 1216 319 CAP.
1247 283 1353 330 XIII,
1383 282 1535 319 LECT.
1565 282 1675 318 XXV

289 367 382 405 tinet
392 371 551 415 propter
569 365 669 414 quid.
693 364 798 401 Sicut
811 370 916 413 patet
935 362 984 399 de
1003 361 1194 399 medicina
1214 368 1251 398 et
1269 373 1358 409 geo-

289 419 436 457 metria.
466 419 558 455 Non
587 418 689 455 enim
717 416 932 454 subiectum
960 415 1174 452 medicinae
1198 412 1360 451 sumitur

289 472 362 509 sub
390 471 562 508 subiecto
586 469 830 519 geometriae,
847 469 943 506 sicut
971 468 1184 505 subiectum
1203 479 1359 516 perspe-

289 525 433 571 ctivae3
463 524 532 561 sed
558 531 689 560 tamen
717 522 766 560 ad
794 522 961 571 aliquam
990 521 1295 567 conclusionem,
1320 520 1359 557 in

289 577 480 615 medicina
499 575 791 622 consideratam,
812 574 1052 624 applicabilia
1071 581 1158 611 sunt
1175 573 1360 623 principia

289 630 533 678 geometriae.
565 629 670 666 Sicut
689 628 795 678 quod
814 629 974 665 vulnera
994 627 1190 664 circularia
1217 627 1359 663 tardius

289 690 480 730 sanentur,
497 682 638 719 medici
653 689 709 719 est
723 682 820 719 scire
839 682 940 730 quia,
958 681 1023 729 qui
1037 681 1113 717 hoc
1127 679 1318 729 experitur
1332 685 1358 727 ⁶,

288 736 359 774 sed
383 741 543 784 propter
569 735 660 784 quid
685 734 782 775 scire
810 742 867 771 est
893 741 1129 783 geometrae,
1165 733 1215 770 ad
1243 745 1360 782 quem

288 942 518 968 last-Praeterea
536 941 585 966 nt:
604 944 631 966 et
649 941 670 974 (1
688 948 743 966 om.
757 941 793 974 et)
813 941 850 967 ad
867 942 949 966 aliam
964 944 1080 974 propter
1097 940 1171 973 quid.
1189 936 1228 965 Τὸ
1239 939 1359 972 pertinet

288 985 344 1003 om.
363 978 440 1002 etiam
459 977 491 1002 ab
511 977 566 1002 aliis
585 977 725 1008 codicibus,
746 983 799 1003 exc.
814 978 848 1002 H.

343 1012 370 1046 σ)
390 1012 466 1038 Scire
484 1011 556 1045 quia,
570 1012 616 1045 qm·
629 1012 679 1037 hoc
691 1012 843 1044 experitur.
852 1026 872 1033 -
881 1013 946 1037 Cod.
956 1012 974 1037 S
988 1018 1042 1037 om.
1056 1011 1135 1044 quia‚·
1148 1011 1170 1035 B
1184 1017 1266 1043 marg.
1280 1009 1359 1034 habet

287 1048 360 1081 quia,
379 1055 410 1072 ac
427 1055 489 1078 non,
507 1047 554 1080 qui
571 1047 627 1077 hoc,
647 1047 716 1080 legit,
736 1048 783 1073 sed
799 1054 850 1079 per
868 1048 918 1073 hoc
932 1047 969 1079 (et
981 1055 1064 1079 marg.
1079 1046 1138 1071 add.
1153 1045 1234 1078 quod)
1249 1044 1357 1076 experi-

288 1083 489 1109 tun-Codices
508 1082 574 1114 (exc.
589 1082 666 1115 GK):
684 1083 733 1109 sed
745 1086 861 1116 propter
879 1083 945 1115 quid
963 1085 1003 1107 est
1019 1082 1089 1107 scire
1106 1083 1268 1115 geometrae.

341 1118 367 1151 τ)
386 1118 433 1142 Fit
450 1117 644 1143 demonstratio
657 1125 710 1150 per
727 1125 837 1144 causam
856 1117 1167 1147 remotamffiQuantum
1189 1115 1289 1140 intersit
1302 1113 1358 1147 phi-

287 1152 428 1185 losophum
447 1153 558 1185 cognitio
581 1153 832 1178 demonstrationum
850 1156 966 1185 propter
983 1152 1050 1185 quid
1068 1157 1094 1176 et
1111 1151 1188 1184 quia,
1214 1157 1358 1181 earumque

286 1188 353 1212 inter
371 1195 400 1212 se
419 1188 572 1212 discriminis
587 1192 613 1211 et
625 1188 665 1212 vis
679 1188 705 1212 in
719 1188 915 1221 quaestionibus
929 1187 1088 1217 dirimendis,
1101 1186 1203 1211 abunde
1217 1192 1248 1209 ex
1261 1184 1357 1209 hucus-

286 1229 340 1256 que
354 1222 428 1247 dictis
442 1227 551 1248 constat.
562 1222 657 1255 Operis
671 1229 810 1256 propterea
822 1223 935 1256 pretium
949 1229 1008 1247 esse
1018 1222 1145 1252 existimo,
1155 1221 1177 1245 si
1190 1220 1222 1244 de
1234 1219 1356 1244 omnibus

285 1257 481 1283 demonstrandi
499 1257 585 1282 modis
605 1257 712 1283 schema
728 1258 885 1289 exhibeatur,
899 1265 952 1290 quo
970 1257 1050 1282 veluti
1067 1264 1121 1281 uno
1139 1256 1231 1280 intuitu
1246 1255 1357 1279 novitius

285 1297 424 1326 pernoscat
441 1300 509 1326 quae
528 1293 560 1318 ad
578 1292 645 1318 hanc
663 1301 720 1318 rem
738 1294 875 1326 pertinent.
893 1293 932 1318 Ex
945 1292 986 1317 his
1005 1300 1058 1316 non
1077 1290 1179 1316 difficile
1197 1291 1245 1315 erit
1261 1297 1357 1322 cogno-

286 1335 360 1354 scere
378 1335 487 1353 sensum
511 1329 638 1353 intentum
656 1336 672 1354 a
689 1337 712 1354 s.
722 1329 827 1354 Thoma
849 1329 875 1353 in
892 1328 993 1358 verbis,
1018 1327 1113 1360 quibus
1131 1326 1198 1351 hanc
1220 1325 1357 1350 lectionem

285 1364 405 1389 absolvit.

751 1429 890 1455 SCHEMA

379 1531 401 1556 Ι.
421 1511 691 1592 {Demonstratio
712 1522 733 1541 a
750 1514 859 1548 priori.

449 1549 692 1577 Demonstratio
712 1557 733 1576 a.
750 1550 935 1584 posteriori.

339 1640 385 1666 Illa
402 1640 520 1673 procedit
533 1638 648 1664 a‘causis
661 1639 694 1663 ad
707 1638 824 1668 effectus,
838 1637 889 1662 hoc
903 1642 951 1668 est,
966 1637 1076 1662 assumit
1089 1641 1118 1661 ut
1131 1637 1283 1669 principium
1298 1644 1358 1661 cau-

283 1683 344 1702 sam
361 1675 470 1701 effectus
489 1674 695 1705 demonstrandi,
719 1674 765 1706 qui
783 1678 919 1706 propterea
939 1674 965 1697 in
984 1673 1150 1697 conclusione
1169 1672 1359 1702 infertum-ex

262 1707 264 1712 ¹
285 1712 419 1744 opposito,
433 1710 619 1736 demonstratio
638 1717 654 1735 a
671 1709 807 1742 posteriori
833 1709 943 1734 assumit
961 1713 990 1733 ut
1007 1708 1131 1741 principia
1149 1707 1268 1738 effectus,
1283 1712 1309 1732 et
1327 1715 1358 1732 ex

285 1747 336 1772 illis
354 1754 464 1773 causam
484 1747 510 1772 in
528 1746 695 1771 conclusione
713 1745 796 1770 infert.

370 1861 402 1887 n,
422 1838 692 1898 {nemon-trotio
710 1842 844 1884 propter
863 1841 945 1875 quid.

429 1901 440 1918 ι
450 1877 692 1906 Demonstratio
712 1884 796 1911 quia.

339 1967 412 1993 Haec
429 1972 471 1992 est
487 1967 572 1999 prima
590 1965 732 1991 subdivisio
758 1965 985 1990 demonstrationis
1005 1972 1020 1989 a
1037 1965 1128 1997 priori,
1148 1971 1228 1997 quam
1247 1964 1358 1988 diximus

286 2010 346 2029 ense
365 2010 395 2028 ex
413 2002 514 2032 causis,
535 2009 583 2027 seu
601 2002 731 2034 principiis
749 2001 786 2025 rei
806 2001 1007 2025 demonstratae.
1032 2000 1118 2024 Causa
1136 2000 1205 2024 enim
1224 2005 1358 2032 assumpta

285 2043 316 2064 ut
332 2038 502 2072 principium,
526 2042 570 2062 aut
588 2037 646 2062 talis
665 2042 706 2062 est
723 2041 753 2061 ut
771 2041 934 2061 convertatur
959 2043 1019 2061 cum
1038 2035 1144 2065 effectu,
1163 2040 1207 2060 aut
1226 2042 1311 2060 secus.
1330 2035 1358 2059 In

285 2074 370 2108 prima
386 2073 525 2107 hypothesi
543 2072 653 2105 habetur
671 2080 750 2097 causa
763 2072 912 2099 immediata
930 2079 978 2096 seu
994 2072 1117 2104 proxima,
1132 2075 1158 2095 et
1173 2071 1359 2095 demonstratio

285 2117 303 2135 a
319 2110 398 2142 priori
422 2109 471 2133 erit
483 2111 599 2141 propter
617 2107 683 2141 quid
687 2115 696 2137 ‚¹
715 2108 741 2132 in
760 2107 874 2132 secunda
892 2106 1030 2140 hypothesi
1049 2111 1090 2131 est
1108 2114 1186 2131 causa
1204 2111 1318 2137 remota,
1334 2111 1360 2130 ει

286 2145 474 2170 demonstratio
493 2152 509 2169 a
526 2144 605 2176 priori
624 2144 671 2168 erit
689 2143 762 2176 quia.
776 2156 795 2162 ·-
808 2143 861 2168 Ex:
882 2143 931 2167 Est
949 2142 1051 2167 animal
1069 2142 1203 2167 rationale
1208 2148 1218 2171 ‚·
1235 2149 1300 2175 ergo
1319 2145 1359 2167 est

285 2180 396 2206 risibile.
414 2179 555 2204 Risibilitas
579 2179 682 2204 ariimali
700 2178 816 2203 rationali
834 2178 968 2208 tribuitur,
987 2183 1016 2202 ut
1034 2185 1128 2202 causae
1147 2178 1220 2202 cuius
1240 2182 1280 2202 est
1298 2185 1358 2209 pro-

285 2216 396 2249 prietas;
417 2215 464 2240 sed
479 2215 546 2240 sicut
563 2221 640 2240 omne
658 2214 761 2239 animal
778 2213 912 2239 rationale
930 2216 971 2238 est
988 2213 1096 2241 risibile,
1111 2213 1153 2244 ita,
1168 2219 1246 2237 omne
1259 2213 1359 2238 risibile

285 2254 327 2277 est
344 2250 447 2276 animal
465 2250 606 2275 rationale.
625 2250 732 2275 Servata
750 2257 812 2282 ergo
830 2254 922 2274 natura
945 2249 1113 2279 causalitatis,
1133 2256 1211 2273 causa
1229 2249 1279 2273 ista
1297 2256 1358 2273 con-

285 2287 395 2312 vertitur
413 2293 474 2311 cum
488 2285 594 2317 effectu;
614 2290 655 2310 est
672 2285 749 2318 igitur
768 2293 846 2310 causa
859 2285 976 2317 proxima
994 2284 1135 2317 (quatenus
1148 2284 1206 2316 ipsa
1218 2284 1303 2316 posita
1315 2284 1359 2309 vel

285 2322 384 2353 ablata,
403 2322 507 2354 ponitur
523 2321 566 2346 vel
591 2321 705 2346 aufertur
723 2320 859 2353 effectus),
878 2325 904 2345 et
922 2320 1108 2344 demonstratio
1134 2323 1175 2344 est
1191 2326 1210 2344 a
1223 2319 1315 2351 priori
1332 2324 1359 2344 et

281 2360 398 2390 propter
411 2357 510 2389 quid.-·
522 2356 677 2388 Exemplum
696 2356 778 2381 aliud:
799 2356 849 2381 Est
861 2355 964 2380 animal
967 2362 977 2384 ;
994 2354 1059 2380 haec
1077 2362 1155 2380 emisa
1166 2362 1221 2380 non
1234 2354 1310 2380 infert
1321 2354 1358 2379 ef-

285 2393 396 2418 fectum:
411 2399 477 2425 ergo
491 2395 531 2417 est
545 2391 652 2416 risibile.
665 2391 788 2416 Attamen
802 2399 833 2416 ex
846 2391 983 2424 negatione
997 2390 1115 2415 eiusdem
1129 2397 1232 2421 musae
1245 2389 1357 2415 scilicet:

286 2428 348 2454 Non
367 2430 408 2453 est
420 2427 538 2458 anima1;
551 2427 659 2451 infertur
677 2427 790 2459 legitime
805 2431 830 2451 et
844 2426 990 2451 necessario
1004 2426 1106 2458 negatio
1120 2425 1237 2456 effectus,
1247 2433 1358 2458 nempe:

289 2463 364 2497 Ergo
383 2470 436 2488 non
456 2465 496 2488 est
514 2462 623 2487 risibile.
642 2462 767 2486 Videlicet
781 2469 812 2486 ex
826 2469 904 2486 causa
922 2466 1023 2486 remota
1041 2461 1184 2493 (animal),
1205 2461 1228 2486 si
1245 2461 1304 2485 talis
1317 2465 1359 2486 est

285 2503 316 2524 ut
333 2506 387 2523 non
404 2498 454 2523 nisi
471 2499 498 2523 in
515 2498 610 2522 virtute
628 2498 662 2522 sit
679 2505 759 2522 causa
777 2497 898 2527 effectus,
922 2496 1082 2521 concluditur
1100 2496 1232 2529 negative,
1252 2503 1284 2521 ex
1302 2497 1357 2521 eius

285 2534 437 2567 negatione,
457 2533 565 2558 effectus
586 2533 603 2563 (
603 2532 742 2558 risibilitas
742 2533 772 2564 )‚·
791 2533 839 2557 sed
857 2540 888 2557 ex
906 2532 961 2557 eius
985 2530 1154 2557 affirmatione
1178 2532 1286 2556 effectus
1305 2539 1358 2556 non

285 2569 449 2595 concluditur
467 2567 626 2594 affirmative.
646 2568 839 2592 Demonstratio
857 2568 934 2600 igitur
952 2572 992 2592 est
1010 2574 1028 2592 a
1042 2567 1140 2599 priori,
1156 2567 1203 2592 sed
1219 2567 1289 2600 quia,
1305 2574 1357 2591 non

280 2607 399 2638 propter
415 2603 654 2637 quid.—Consulto
674 2603 732 2635 dixi,
751 2603 775 2628 si
793 2603 856 2628 talis
874 2606 915 2628 est
932 2607 990 2633 etc„
1010 2602 1044 2627 ob
1063 2603 1172 2627 dicenda
1190 2602 1255 2627 infra
1273 2611 1299 2627 n.
1314 2602 1357 2628 lv.

496 2733 630 2767 propter
649 2732 723 2766 qnid
739 2733 872 2758 tantum.

450 2767 693 2795 Demonstratio
707 2768 842 2801 propter
856 2767 930 2801 qnid
944 2774 1062 2794 causae
1076 2767 1109 2794 et
1123 2774 1198 2794 esse
1214 2766 1356 2799 effectus,

451 2696 693 2724 Demonstratio
721 2697 855 2730 propter
882 2696 957 2730 quid
984 2703 1102 2723 causae
1126 2695 1275 2727 effectus,
1299 2703 1358 2723 seu

357 2747 391 2775 m

419 2704 441 2835 {
496 2811 555 2830 seu
572 2803 707 2837 propter
726 2803 800 2836 quid
819 2803 852 2830 et
870 2803 1065 2837 simpliciter.

340 2884 384 2912 Ab
395 2886 535 2911 Aristotele
549 2886 671 2918 implicite
684 2886 750 2910 tradi
759 2885 826 2911 hanc
839 2886 992 2911 divisionem
1007 2886 1234 2911 demonstrationis
1242 2890 1358 2918 propter

285 2922 360 2955 quid,
375 2920 487 2951 affirmat
500 2921 637 2946 Caietanus
652 2922 678 2946 in
690 2921 700 2946 1
714 2921 824 2951 Foster„
840 2929 896 2953 cap.
909 2929 955 2946 1111
970 2921 1001 2954 (ἓ
1019 2921 1084 2946 Tria
1098 2921 1356 2947 demonstrationum

285 2964 387 2990 genera
406 2961 455 2982 etc.
467 2969 488 2976 -
504 2957 583 2981 Circa
602 2956 758 2981 divisionem
777 2962 842 2987 etc.‚
861 2957 906 2981 fol.
922 2956 970 2989 59,
994 2956 1043 2981 col.
1060 2956 1105 2988 3),
1129 2964 1210 2989 quamv
1227 2958 1357 2982 Averroes

286 2992 406 3024 explicite
423 2992 495 3026 ponit
513 2992 539 3016 in
553 2991 667 3024 Prologo
685 2992 718 3016 ad
731 2999 795 3016 suos
810 2992 912 3016 Comm.
932 2992 958 3016 in
971 2991 1052 3016 libros
1067 2991 1243 3025 Phssicorum
1257 2993 1357 3017 Aristo-

285 3027 357 3057 telis,
371 3031 398 3051 et
411 3026 560 3052 Comment.
573 3034 625 3051 xm
638 3027 665 3051 in
678 3027 722 3051 lib.
732 3027 753 3051 11
767 3027 886 3051 eiusdem
898 3027 994 3059 operis,
1007 3034 1055 3051 nec
1069 3034 1123 3052 non
1136 3027 1284 3052 Comment.
1293 3035 1358 3053 xxxv

287 3062 315 3087 in
333 3062 355 3086 11
373 3061 417 3086 lib.
437 3061 479 3086 De
496 3062 570 3086 caelo
588 3064 615 3086 et
633 3062 742 3086 mundo.
760 3062 858 3093 Video,
878 3062 988 3094 exempli
1006 3063 1102 3094 gratia,
1121 3063 1247 3096 eclypsim
1266 3063 1358 3094 lunae,

289 3102 315 3122 et
333 3104 438 3130 quaero
450 3104 557 3122 causam
577 3103 625 3121 seu
643 3101 749 3129 propter
774 3097 837 3130 quid
856 3097 978 3129 eclypsis.
1000 3097 1071 3130 ,Cum
1090 3098 1181 3122 dicitur
1199 3098 1261 3123 mihi
1286 3099 1357 3131 quod

286 3132 353 3157 haec
372 3139 450 3157 causa
468 3132 502 3156 sit
519 3132 679 3164 interpositio
697 3137 781 3156 terrae
799 3133 865 3156 inter
883 3133 968 3157 solem
986 3137 1012 3157 et
1030 3133 1127 3164 lunam,
1148 3134 1294 3166 assignatur
1313 3134 1357 3158 de-

287 3167 443 3193 monstratio
460 3171 566 3199 propter
581 3167 644 3200 quid
662 3167 718 3192 eius
737 3167 808 3200 quod
822 3175 929 3200 quaero.
948 3168 983 3192 At
995 3175 1049 3192 non
1063 3176 1161 3201 quaero
1175 3176 1208 3194 an
1222 3169 1256 3193 sit
1269 3169 1357 3200 (esse)

287 3203 402 3235 eclypsis
421 3202 496 3235 (eam
514 3202 583 3227 enim
601 3202 684 3227 oculis
703 3203 806 3235 cerno),
826 3203 873 3227 sed
888 3210 969 3235 quare
987 3204 1129 3235 (causam)
1143 3204 1190 3234 sit;
1210 3209 1236 3228 et
1249 3204 1357 3228 demon-

288 3238 380 3263 stratio
394 3238 507 3262 ostendit
521 3245 574 3262 non
586 3237 693 3270 quidem
712 3245 772 3262 esse
786 3245 834 3262 seu
848 3237 1011 3263 existentiam
1030 3239 1149 3271 eclypsis,
1164 3239 1212 3263 sed
1225 3239 1281 3263 eius
1298 3247 1358 3264 cau-

289 3281 355 3298 sam.
369 3274 440 3298 Haec
455 3273 641 3298 demonstratio
653 3277 759 3305 propter
773 3273 836 3305 quid
849 3274 991 3298 ostendens
1006 3281 1120 3304 causam,
1130 3281 1183 3298 non
1197 3279 1284 3298 autem
1298 3281 1357 3298 esse

287 3309 406 3339 effectus,
426 3308 493 3333 dicta
508 3313 549 3333 est
567 3308 598 3333 ab
612 3308 728 3332 Averroe
747 3308 934 3333 demonstratio
947 3312 1063 3340 propter
1076 3309 1141 3341 quid
1155 3309 1358 3333 tantum-*De-

287 3344 442 3369 monstratio
461 3348 548 3368 autem
561 3348 667 3376 propter
681 3343 751 3376 quid,
766 3344 907 3368 ostendens
925 3351 978 3368 non
997 3345 1084 3368 solum
1099 3351 1205 3368 causam
1220 3344 1267 3368 sed
1281 3344 1359 3368 etiam

289 3387 350 3405 esse
368 3379 489 3410 effectus,
509 3379 600 3403 didtur
618 3378 650 3403 ab
669 3379 763 3403 eodem
780 3379 897 3403 Averroe
912 3382 1028 3411 propter
1045 3379 1111 3411 quid
1129 3384 1155 3403 et
1173 3379 1304 3403 absoluta.
1322 3379 1357 3409 Si,

289 3423 314 3440 e.
329 3423 368 3448 g.,
393 3422 442 3447 ego
461 3414 589 3439 nescirem
607 3414 766 3446 triangulum
783 3413 880 3438 habere
903 3419 957 3439 tres
976 3414 1086 3447 angulos
1108 3414 1231 3447 aequales
1255 3413 1358 3438 duobus

287 3451 382 3481 rectis,
405 3449 602 3475 mathematicus
626 3448 688 3473 mihi
712 3449 783 3482 quod
807 3449 898 3482 ignoro
917 3450 1108 3474 demonstraret
1126 3456 1173 3481 per
1196 3449 1358 3474 demonstra-

288 3486 401 3517 tionem,
421 3493 474 3518 qua
492 3490 518 3510 et
535 3484 685 3509 ostenderet
702 3491 758 3510 esse
775 3490 828 3509 tres
848 3485 1094 3517 angulos-trianguli
1113 3484 1235 3516 aequales
1255 3484 1357 3509 duobus

286 3522 375 3552 rectis,
388 3525 414 3546 et
427 3521 496 3545 illius
511 3527 570 3545 esse
585 3527 691 3545 causam
705 3520 857 3552 assignaret.
873 3520 931 3544 Tali
944 3520 1025 3544 modo
1039 3519 1233 3544 demonstrandi
1247 3520 1359 3544 maxime

289 3561 397 3582 umntur
415 3555 627 3581 mathematici.-
642 3555 717 3580 Ratio
735 3554 812 3580 huius
831 3555 963 3580 divisionis
983 3555 1014 3580 ab
1034 3555 1091 3588 ipso
1109 3555 1224 3580 Averroe
1243 3555 1357 3588 assigna-

286 3595 345 3617 tur:
365 3591 555 3616 ‹Declaratum
574 3595 614 3615 est
632 3591 658 3616 in
677 3591 775 3624 logicis,
794 3591 887 3623 inquit,
908 3590 979 3624 quod
994 3590 1228 3615 demonstrationes
1245 3595 1314 3621 sunt,
1332 3590 1358 3615 in

289 3636 305 3650 a·
326 3627 421 3660 quibus
440 3627 491 3652 itur
509 3634 540 3652 ex
558 3626 651 3651 notiori
670 3626 702 3651 ad
721 3626 850 3652 latentius.
874 3626 901 3652 Si
919 3626 995 3659 igitur
1013 3626 1099 3651 notius
1118 3625 1195 3651 fuerit
1213 3625 1357 3658 posterius,

2408 282 2484 330 239

1411 361 1574 410 pertinet
1602 372 1833 408 cognoscere
1863 359 1968 409 quod
1997 359 2158 396 circulus
2179 367 2235 397 est
2260 360 2382 407 figura
2402 360 2483 397 sine

1413 415 1564 462 angulo.
1595 413 1707 451 Unde
1725 421 1852 462 partes
1873 413 2062 450 circularis
2082 413 2250 450 vulneris
2265 414 2285 432 ⁴*
2315 425 2394 450 non
2418 425 2483 462 ap-

1411 467 1671 516 propinquant
1698 467 1789 515 sibi,
1827 474 1869 503 ut
1899 466 2047 515 possint
2079 466 2127 503 de
2160 466 2258 503 facili
2292 466 2480 514 coniungi.

1414 519 1624 557 Sciendum
1650 527 1779 557 autem
1799 527 1856 557 est
1883 519 1990 568 quod
2021 518 2084 556 illa
2105 520 2124 540 '¹‘
2153 519 2365 556 differentia
2393 519 2482 567 quia
2511 531 2519 539 ·

1414 580 1451 609 et
1462 578 1621 622 propter
1634 573 1733 622 quid,
1750 584 1848 622 quae
1869 580 1925 610 est
1943 572 2157 610 secundum
2173 572 2343 609 diversas
2363 572 2482 609 scien-

1413 625 1498 673 tias,
1529 626 1742 663 continetur
1765 627 1836 663 sub
1857 627 1974 663 altero
1994 625 2278 674 praedictorum
2300 626 2320 647 *
2347 625 2483 662 modo-

1414 691 1512 726 rum,
1525 679 1664 715 scilicet
1676 680 1838 728 quando
1858 680 1902 716 fit
1921 678 2195 716 demonstratio
2210 691 2281 727 per
2295 690 2451 723 causam
2462 679 2483 699 *

1415 739 1605 768 remotam
1618 737 1645 768 τ.

1415 948 1428 961 s
1449 938 1683 963 demonstrationes
1698 943 1774 963 erunt
1787 939 1862 971 quia;
1882 944 1907 963 ct
1921 939 1943 963 si
1958 939 2043 963 notius
2059 939 2134 963 fuerit
2148 939 2219 971 prius
2234 944 2260 963 et
2273 938 2392 963 latentius
2407 938 2484 963 fuerit

1414 982 1428 997 »
1449 981 1526 998 suum
1545 981 1605 998 esse
1624 979 1649 998 et
1667 981 1715 998 sua
1734 981 1812 998 causa
1830 973 1922 1004 notior,
1941 974 1990 1002 erit
2008 974 2194 998 demonstratio
2212 973 2338 1003 absoluta,
2358 981 2426 1006 quae
2441 973 2484 998 dat

1414 1019 1427 1031 ›
1448 1017 1554 1033 causam
1573 1014 1598 1033 et
1616 1016 1689 1040 esse;
1710 1014 1735 1033 et
1759 1009 1781 1033 si
1805 1009 1925 1033 latentius
1948 1009 2024 1033 fuerit
2049 1017 2125 1033 causa
2144 1009 2179 1033 rei
2204 1017 2282 1041 quam
2307 1017 2384 1033 suum
2408 1016 2482 1037 esse,

1414 1054 1427 1066 »
1448 1045 1496 1068 erit
1514 1044 1700 1068 demonstratio
1719 1048 1824 1076 propter
1849 1044 1911 1076 quid
1930 1048 2031 1068 tantum
2043 1054 2055 1066 ι
2077 1044 2120 1076 (ln
2139 1052 2158 1069 ιι
2178 1044 2220 1069 De
2237 1045 2310 1070 caelo
2329 1047 2356 1069 et
2374 1044 2482 1073 mundo,

1413 1079 1516 1104 Comm.
1534 1079 1756 1104 xxxv.—·Venetiis
1780 1078 1855 1112 1489,
1874 1078 1931 1103 sine
1949 1086 2021 1103 num.
2036 1079 2137 1112 pagg.).

1621 1211 1663 1230 ne
1680 1204 1940 1237 praedicationis.

1577 1238 1819 1266 Demonstratio
1839 1247 1859 1266 ει
1876 1240 1976 1273 priori
1993 1247 2050 1273 per
2065 1247 2195 1266 causam
2212 1240 2368 1267 remotam
2386 1240 2483 1267 ratio-

1576 1168 1819 1195 Demonstratio
1839 1177 1859 1195 a
1877 1169 1977 1203 priori
1995 1177 2052 1203 per
2068 1177 2198 1196 eausam
2211 1171 2368 1196 remotam
2386 1168 2482 1196 ratio-

1483 1220 1518 1245 lv

1545 1178 1566 1306 i
1621 1281 1662 1301 ne
1680 1275 1855 1308 positionis
1873 1276 1927 1301 vel
1946 1275 2079 1301 ordinis.

1465 1360 1570 1384 Dictum
1584 1365 1625 1384 est
1637 1360 1716 1392 paulo
1729 1368 1807 1392 supra
1823 1360 1894 1392 quod
1908 1360 2094 1385 demonstratio
2109 1368 2124 1384 a
2137 1361 2215 1392 priori
2235 1361 2296 1393 quia
2310 1366 2349 1385 εει
2363 1368 2409 1392 per
2423 1368 2482 1385 cau-

1412 1403 1470 1420 sam
1488 1401 1632 1426 remotam;
1652 1403 1729 1420 causa
1748 1400 1835 1420 autem
1854 1401 1962 1424 remota,
1976 1401 2006 1420 ut
2019 1396 2045 1420 in
2064 1396 2189 1428 superiori
2209 1396 2318 1420 lectione
2337 1400 2390 1420 not.
2410 1394 2425 1428 β
2444 1396 2482 1420 di-

1411 1431 1505 1461 ximus,
1520 1431 1562 1455 vel
1576 1436 1617 1456 est
1630 1431 1687 1456 talis
1702 1431 1800 1455 ratione
1815 1431 2018 1463 praedicationis,
2033 1431 2074 1455 vel
2088 1431 2187 1455 ratione
2201 1431 2299 1455 ordinis
2314 1438 2362 1455 seu
2376 1431 2483 1463 positio·

1411 1467 1460 1491 nis.
1481 1466 1568 1491 Prima
1586 1471 1627 1491 est
1644 1466 1742 1491 ordinis
1757 1466 1840 1498 logici,
1855 1471 1984 1499 quatenus
1999 1474 2028 1491 se
2041 1466 2118 1491 habet
2136 1467 2211 1499 quasi
2230 1474 2312 1498 genus
2328 1466 2360 1490 ad
2374 1466 2483 1490 effectus

1412 1502 1507 1534 speciei
1513 1509 1521 1532 ;
1541 1506 1566 1526 et
1584 1502 1651 1532 ideo,
1671 1502 1737 1526 sicut
1754 1509 1837 1534 genus
1856 1501 1961 1526 nonnisi
1975 1507 2134 1526 contractum
2151 1509 2198 1534 per
2212 1501 2380 1526 differentiam
2400 1501 2484 1533 speci-

1412 1536 1487 1562 ficam
1507 1542 1547 1562 est
1564 1537 1622 1562 talis
1637 1537 1736 1569 species
1745 1555 1751 1567 ‚
1771 1537 1804 1561 ita
1818 1545 1895 1561 causa
1913 1542 2013 1562 remota
2027 1537 2128 1561 nonnisi
2143 1542 2272 1562 contracta
2285 1544 2332 1570 per
2345 1537 2424 1561 talem
2438 1536 2485 1561 dif-

1411 1572 1546 1598 ferentiam
1560 1577 1601 1597 est
1619 1580 1696 1597 causa
1711 1572 1817 1597 effectus
1832 1571 1952 1604 specifici.
1971 1573 2107 1597 Praeterea
2121 1573 2186 1597 sicut
2200 1580 2282 1605 genus
2301 1572 2439 1605 requiritur
2453 1572 2485 1597 ad

1411 1608 1619 1633 constituendam
1633 1609 1756 1640 speciem,
1773 1613 1802 1632 ut
1814 1615 1874 1640 pars
1888 1609 2033 1640 potentialis
2049 1607 2099 1641 (Cf.
2114 1609 2123 1632 I
2138 1608 2236 1637 Per-ih„
2251 1608 2310 1632 lect.
2319 1615 2378 1638 vm,
2394 1612 2442 1632 not
2451 1607 2484 1639 ν),

1412 1644 1447 1668 ita
1464 1643 1602 1676 requiritur
1621 1643 1670 1668 sub
1690 1643 1781 1668 eadem
1802 1644 1901 1668 ratione
1920 1651 1996 1668 causa
2015 1648 2115 1668 remota
2133 1644 2165 1668 ad
2185 1643 2306 1668 effectum
2321 1643 2423 1675 speciei.
2437 1643 2484 1667 Αι-

1411 1684 1500 1704 tamen
1519 1679 1587 1703 sicut
1601 1686 1684 1711 genus
1699 1686 1751 1703 non
1766 1679 1923 1703 convertitur
1941 1687 2000 1703 cum
2014 1679 2100 1711 specie
2121 1684 2146 1703 et
2166 1679 2224 1703 ideo
2245 1677 2371 1703 affirmato
2389 1685 2485 1711 genere

1411 1722 1465 1739 non
1483 1715 1600 1747 sequitur
1619 1713 1754 1739 affirmatio
1773 1714 1876 1746 speciei,
1895 1714 1942 1739 sed
1961 1713 2086 1739 affirmata
2104 1715 2190 1746 specie
2209 1714 2327 1746 sequitur
2346 1713 2482 1738 affirmatio

1411 1750 1529 1783 generis;
1545 1750 1579 1775 ita
1593 1754 1633 1774 est
1647 1750 1679 1774 de
1694 1757 1772 1774 causa
1790 1754 1890 1774 remota
1909 1750 2006 1774 ratione
2025 1749 2221 1782 praedicationis
2240 1754 2359 1782 respectu
2374 1749 2482 1774 effectus

1412 1784 1532 1818 specifid,
1551 1785 1596 1818 qui
1615 1790 1752 1817 propterea
1770 1793 1822 1809 non
1841 1790 1881 1809 est
1899 1785 1954 1809 sine
1973 1785 2037 1817 ipsa,
2057 1785 2103 1810 sed
2123 1793 2175 1809 non
2195 1790 2235 1810 est
2253 1785 2284 1809 ab
2304 1784 2369 1817 ipsa.

1465 1821 1499 1845 At
1517 1828 1596 1845 causa
1613 1826 1713 1845 remota
1731 1820 1830 1845 ratione
1847 1821 1982 1852 positionis
1996 1821 2038 1845 vel
2057 1821 2153 1844 ordinis
2173 1821 2250 1852 longe
2269 1820 2351 1844 differt
2370 1827 2384 1844 a
2404 1827 2482 1845 causa

1411 1861 1512 1881 remota
1530 1856 1628 1880 ratione
1653 1855 1856 1888 praedicationis.
1883 1856 1953 1880 Haec
1977 1856 2046 1881 enim
2071 1863 2214 1888 numquam
2238 1861 2324 1888 potest
2344 1863 2404 1880 esse
2424 1863 2483 1887 pro-

1411 1892 1467 1924 prie
1486 1898 1576 1921 causa;
1597 1892 1645 1916 alia
1667 1899 1730 1916 vero
1749 1896 1789 1916 est
1812 1899 1889 1916 causa
1914 1891 2035 1916 effectus:
2061 1891 2219 1916 contrahitur
2242 1898 2288 1923 per
2313 1890 2483 1915 differentiam

1411 1935 1490 1952 causa
1508 1932 1608 1952 remota
1626 1927 1724 1951 ratione
1742 1927 1947 1959 praedicationis,
1967 1932 1993 1951 et
2010 1927 2069 1951 ideo
2087 1934 2102 1951 a
2121 1926 2264 1951 differentia
2282 1930 2322 1950 est
2340 1926 2483 1951 formaliter

1412 1963 1534 1994 effectus3
1555 1962 1741 1987 determinatur
1759 1970 1839 1987 causa
1856 1967 1956 1986 remota
1975 1962 2072 1986 ratione
2090 1962 2226 1994 positionis
2246 1961 2276 1986 ab
2297 1962 2392 1994 aliquo,
2412 1962 2484 1993 quod

1410 2003 1499 2023 tamen
1518 2006 1572 2023 non
1590 2003 1630 2023 est
1648 1997 1798 2029 differentia,
1818 1998 1865 2022 sed
1883 2003 1923 2022 est
1941 1998 2036 2030 aliquid
2050 1998 2121 2030 quod
2139 1998 2181 2022 vel
2201 1997 2232 2022 ab
2252 1997 2308 2029 ipsa
2326 1997 2442 2029 procedit
2457 2001 2483 2021 et

1412 2041 1465 2066 quo
1480 2034 1576 2065 indiget
1588 2034 1620 2058 ad
1633 2034 1801 2063 causandum,
1811 2034 1854 2058 vel
1868 2037 1908 2057 est
1920 2033 2033 2058 conditio
2046 2033 2174 2066 quaedam
2189 2032 2336 2057 materialis
2351 2032 2388 2057 Sit
2398 2040 2484 2057 exem-

1411 2070 1484 2101 plum
1502 2069 1579 2102 primi
1594 2077 1684 2094 casus:
1704 2069 1796 2094 Omnis
1810 2069 1959 2094 substantia
1973 2068 2123 2100 spiritualis
2136 2069 2196 2101 agit
2209 2075 2247 2093 ex
2260 2068 2342 2093 libero
2356 2067 2480 2092 arbitrio.

1412 2105 1561 2130 Substantia
1578 2105 1716 2137 spiritualis
1736 2112 1788 2129 non
1807 2104 1860 2137 agit
1878 2112 1908 2129 ex
1927 2112 1970 2134 se,
1990 2104 2037 2129 sed
2056 2103 2228 2129 mediantibus
2250 2103 2425 2133 facultatibus,
2445 2103 2483 2127 in-

1411 2141 1516 2165 tellectu
1535 2140 1631 2165 scilicet
1649 2145 1675 2165 et
1693 2140 1834 2164 voluntate.
1853 2140 1975 2164 Attamen
1991 2139 2124 2164 facultates
2143 2140 2207 2164 istae
2225 2144 2287 2163 sunt
2305 2147 2320 2163 a
2339 2139 2484 2164 substantia

1411 2176 1545 2208 spirituali,
1561 2183 1646 2208 neque
1660 2180 1721 2200 sunt
1740 2175 1795 2200 eius
1811 2175 1969 2200 differentiae
1983 2175 2030 2200 sed
2049 2175 2209 2199 necessariae
2222 2174 2395 2199 resultantiae.
2415 2174 2483 2198 Hinc

1411 2212 1583 2236 convertitur:
1607 2211 1690 2236 Omne
1709 2211 1781 2243 quod
1798 2211 1857 2243 agit
1875 2218 1912 2235 ex
1931 2211 2013 2235 libero
2032 2210 2146 2235 arbitrio
2171 2213 2211 2235 est
2229 2210 2379 2234 substantia
2402 2209 2482 2241 spiri-

1411 2247 1500 2272 tualis.
1519 2246 1717 2279 Consequenter
1732 2245 1919 2271 demonstratio
1938 2246 2010 2271 liberi
2030 2246 2125 2270 arbitrii
2144 2253 2175 2270 ex
2189 2245 2333 2270 substantia
2347 2245 2482 2277 spirituali,

1410 2288 1452 2308 est
1470 2282 1655 2307 demonstratio
1668 2285 1783 2315 propter
1802 2281 1874 2314 quid,
1890 2281 1949 2305 licet
1967 2289 1997 2306 ex
2010 2289 2088 2306 causa
2100 2285 2201 2306 remota
2214 2281 2314 2305 ratione
2327 2280 2426 2305 ordinis
2439 2281 2482 2304 vel

1410 2317 1555 2351 positionis.
1573 2317 1729 2350 Exemplum
1749 2317 1817 2342 aliud
1837 2317 1870 2341 sit
1888 2317 1951 2341 illud
1971 2317 2042 2349 quod
2062 2316 2136 2341 affert
2154 2324 2176 2341 s.
2186 2316 2303 2341 Thomas
2323 2317 2356 2340 de
2374 2316 2483 2340 vulnere

1411 2353 1536 2384 circulari,
1555 2353 1627 2386 quod
1641 2353 1674 2378 sit
1687 2352 1756 2377 haud
1770 2352 1844 2377 facile
1857 2352 1980 2377 sanabile.
1994 2352 2112 2377 Circulus
2126 2359 2212 2384 neque
2226 2352 2324 2376 ratione
2338 2352 2386 2382 sui,
2396 2358 2483 2383 neque

1410 2389 1510 2414 ratione
1528 2388 1634 2413 alicuius
1653 2388 1817 2421 imaginariae
1836 2387 1993 2412 differentiae
2012 2392 2052 2412 est
2067 2387 2206 2419 sanabilis3
2226 2394 2312 2420 neque
2326 2387 2422 2411 vulnus
2442 2391 2483 2411 est

1412 2424 1555 2449 differentia
1578 2423 1732 2448 contrahens
1758 2423 1884 2448 circulum
1909 2423 1941 2448 ad
1966 2424 2162 2448 determinatam
2187 2423 2315 2455 speciem:
2341 2430 2394 2446 non
2413 2422 2483 2446 enim

1411 2459 1497 2492 specie
1514 2459 1562 2484 sed
1580 2459 1637 2484 sola
1651 2459 1766 2484 materia
1779 2459 1901 2483 differunt
1913 2459 2000 2483 circuli
2015 2459 2094 2489 aurei,
2109 2458 2223 2491 argentei
2237 2463 2286 2483 etc.
2306 2458 2375 2490 Ergo
2390 2458 2411 2481 si
2425 2458 2483 2482 vul-

1411 2503 1462 2520 nus
1481 2495 1604 2520 circulare
1623 2499 1664 2519 est
1682 2493 1784 2519 difficile
1800 2494 1923 2524 sanabile,
1938 2494 1987 2518 hoc
2001 2494 2152 2519 attributum
2166 2494 2286 2518 convenit
2299 2493 2428 2518 circulari
2441 2500 2481 2517 ra-

1410 2531 1480 2555 tione
1499 2530 1629 2561 materiae,
1649 2529 1698 2554 hoc
1717 2535 1757 2555 est
1770 2530 1894 2554 vulneris.
1914 2529 2041 2560 Quocirca
2055 2537 2116 2554 cum
2131 2529 2235 2554 dicitur:
2261 2529 2358 2553 Vulnus
2376 2531 2416 2553 est
2429 2528 2483 2553 cir—

1410 2566 1515 2595 culare;
1539 2572 1603 2599 ergo
1622 2568 1662 2590 est
1688 2565 1796 2598 difficile
1819 2565 1950 2595 sanabile,
1975 2570 2015 2589 est
2034 2565 2220 2590 demonstratio
2239 2572 2254 2589 a
2271 2565 2349 2596 priori
2364 2567 2484 2597 propter

1411 2602 1489 2635 quid,
1510 2605 1536 2626 et
1554 2606 1594 2625 est
1612 2601 1799 2625 demonstratio
1818 2608 1870 2633 qua
1889 2601 2034 2633 assignatur
2057 2608 2109 2625 non
2128 2600 2235 2633 quidem
2254 2607 2333 2624 causa
2351 2604 2483 2624 contracta

1411 2645 1458 2670 per
1477 2637 1655 2667 differentiam,
1674 2637 1722 2661 sed
1740 2644 1819 2661 causa
1837 2637 1862 2660 in
1881 2636 2050 2661 determinata
2067 2636 2174 2661 materia
2193 2636 2314 2660 existens-

1465 2673 1538 2697 Hanc
1557 2672 1710 2696 divisionem
1729 2672 1956 2696 demonstrationis
1977 2679 1991 2696 a
2012 2672 2090 2704 priori
2114 2679 2167 2696 non
2190 2671 2253 2695 levis
2278 2671 2403 2695 momenti
2423 2677 2482 2695 esse

1412 2709 1530 2733 existimo
1548 2708 1575 2732 in
1593 2708 1714 2738 scientiis,
1734 2712 1763 2732 ut
1781 2714 1813 2732 ex
1831 2707 1979 2732 differentiis
1994 2707 2091 2740 patebit
2108 2714 2176 2739 quae
2195 2707 2306 2731 existunt
2324 2706 2390 2730 inter
2403 2714 2483 2730 unam

1411 2749 1437 2769 et
1446 2744 1523 2768 aliam
1537 2743 1793 2773 demonstrationem,
1803 2742 1853 2767 hoc
1867 2747 1907 2767 est
1921 2743 1987 2767 inter
1999 2751 2081 2767 unum
2094 2748 2120 2767 et
2134 2743 2212 2767 alium
2227 2742 2336 2766 modum
2350 2742 2482 2766 causandi.

1464 2779 1558 2803 Prima
1577 2778 1737 2812 differentia.
1757 2778 1872 2803 Effectus
1892 2786 1986 2803 causae
2004 2783 2120 2802 remotae
2139 2777 2328 2802 contrahendae
2342 2784 2389 2809 per
2408 2777 2481 2801 diffe-

1411 2815 1521 2839 rentiam
1539 2819 1568 2839 ut
1586 2814 1693 2839 effectus
1715 2813 1847 2845 habeatur,
1866 2821 1919 2838 non
1938 2818 2040 2838 emanat
2058 2813 2200 2838 formaliter
2219 2813 2267 2837 nisi
2287 2820 2302 2837 a
2320 2820 2399 2837 causa
2417 2812 2481 2836 infe-

1410 2851 1480 2880 riori,
1499 2850 1549 2874 hoc
1567 2855 1607 2874 est
1626 2857 1641 2874 a
1659 2857 1738 2874 causa
1756 2854 1898 2880 contracta3
1918 2854 1944 2874 et
1962 2849 2129 2873 solummodo
2147 2848 2291 2873 radicaliter
2310 2853 2350 2872 est
2369 2855 2384 2872 a
2402 2855 2482 2872 causa

1411 2891 1526 2916 remota,
1545 2893 1577 2910 eo
1596 2885 1676 2910 modo
1695 2893 1748 2918 quo
1767 2886 1936 2917 proprietates
1959 2885 2104 2916 specierum
2129 2884 2271 2908 radicaliter
2290 2888 2352 2907 sunt
2370 2891 2384 2907 a
2403 2891 2482 2915 gene-

1411 2921 1492 2952 ribus,
1511 2926 1537 2945 et
1550 2925 1622 2945 tanto
1636 2921 1719 2952 magis
1733 2921 1876 2945 radicaliter
1890 2925 1987 2952 quanto
2001 2920 2083 2952 magis
2098 2927 2193 2951 genera
2206 2919 2301 2943 distant
2315 2926 2329 2942 a
2343 2919 2429 2950 specie
2443 2919 2481 2942 in-

1411 2957 1530 2981 feriori.-
1539 2956 1578 2980 Ex
1586 2957 1707 2988 opposito
1717 2956 1824 2980 effectus
1839 2963 1932 2980 causae
1946 2960 2061 2979 remotae
2075 2955 2172 2979 ratione
2182 2953 2279 2978 ordinis
2289 2954 2330 2978 vel
2345 2953 2480 2985 positionis

1409 2996 1471 3016 vere
1490 2997 1516 3016 et
1534 2991 1676 3016 formaliter
1694 2996 1797 3015 emanat
1815 2991 1847 3015 ab
1866 2991 1923 3023 ipsa
1941 2998 2033 3020 causa3
2058 2995 2083 3014 et
2101 2997 2191 3014 revera
2210 2996 2269 3013 esse
2288 2987 2389 3013 difficile
2403 2996 2480 3014 sana-

1409 3027 1462 3052 bile
1475 3027 1517 3059 (in
1532 3027 1651 3058 exemplo
1665 3027 1757 3058 allato)
1773 3031 1813 3051 est
1827 3034 1888 3050 vere
1902 3031 1928 3050 et
1941 3026 2082 3050 formaliter
2101 3025 2208 3049 effectus
2227 3029 2333 3049 naturae
2347 3024 2478 3049 circularis

1410 3062 1487 3087 huius
1507 3063 1637 3092 materiae,
1656 3069 1750 3094 nempe
1768 3062 1891 3086 vulneris.

1463 3098 1558 3122 Altera
1572 3096 1732 3130 differentia.
1747 3097 1882 3121 Resolutio
1895 3095 2033 3121 scientifica
2047 3095 2154 3120 effectus
2170 3096 2195 3120 in
2211 3102 2285 3120 suam
2306 3102 2411 3119 causam
2425 3102 2479 3120 non

1411 3138 1514 3165 oportet
1531 3137 1560 3157 ut
1578 3131 1622 3156 fiat
1640 3133 1666 3156 in
1684 3140 1790 3157 causam
1808 3137 1949 3162 remotam,
1969 3139 1984 3156 a
2002 3139 2053 3164 qua
2072 3131 2214 3155 radicaliter
2237 3130 2405 3154 solummodo
2424 3135 2479 3155 est:

1412 3169 1434 3192 si
1453 3169 1522 3192 enim
1541 3172 1680 3200 quaeratur
1704 3175 1750 3192 cur
1768 3167 1864 3199 aliquid
1882 3167 2005 3199 respiret,
2034 3165 2128 3191 sufficit
2151 3171 2180 3190 ut
2198 3166 2303 3196 dicatur,
2323 3166 2383 3197 quia
2401 3165 2480 3190 habet

1411 3203 1573 3235 pulmonem,
1587 3202 1613 3226 in
1627 3201 1765 3235 hypothesi
1780 3202 1852 3234 quod
1865 3202 1956 3234 pulmo
1971 3207 2041 3226 esset
2053 3209 2131 3226 causa
2145 3201 2293 3226 immediata
2306 3201 2480 3232 respirandi.-

1411 3239 1446 3262 At
1459 3238 1561 3270 quoties
1577 3238 1659 3269 agitur
1673 3237 1706 3262 de
1721 3237 1814 3262 effectu
1829 3245 1922 3262 causae
1935 3242 2051 3262 remotae
2065 3237 2162 3261 ratione
2180 3236 2286 3266 ordinis,
2302 3236 2333 3260 ad
2348 3236 2418 3260 illam
2433 3236 2477 3260 de-

1411 3273 1505 3297 bemus
1525 3273 1666 3305 pervenire,
1688 3273 1709 3296 si
1730 3273 1811 3304 ipsius
1835 3272 1943 3297 effectus
1962 3273 2085 3296 volumus
2109 3272 2175 3296 scire
2189 3274 2304 3303 propter
2321 3271 2407 3304 quid..
2421 3271 2479 3296 Non

1412 3309 1481 3332 enim
1501 3308 1576 3332 datur
1593 3315 1656 3332 vera
1677 3308 1741 3332 ratio
1766 3315 1812 3331 cur
1830 3307 1925 3331 vulnus
1944 3307 2067 3332 circulare
2091 3307 2188 3331 tardius
2208 3312 2327 3337 sanetur,
2346 3306 2395 3331 nisi
2414 3307 2479 3331 assi-

1411 3343 1515 3375 gnando
1533 3347 1652 3367 naturam
1670 3343 1821 3367 circularem
1838 3343 1864 3366 vi
1884 3343 1956 3367 cuius
1970 3343 2065 3367 vulnus
2080 3350 2132 3366 non
2150 3341 2228 3366 habet
2246 3346 2340 3374 partes,
2355 3349 2423 3374 quae
2441 3341 2478 3366 fa-

1412 3379 1485 3403 cilius
1503 3378 1603 3410 possint
1621 3378 1695 3408 uniri,
1714 3385 1799 3410 neque
1818 3378 1962 3409 assignatur
1977 3378 2069 3402 ultima
2086 3377 2150 3402 ratio
2169 3377 2241 3401 liberi
2260 3377 2354 3401 arbitrii
2373 3377 2421 3401 nisi
2436 3385 2478 3402 as-

1411 3413 1542 3445 surgendo
1556 3413 1588 3437 ad
1602 3413 1771 3437 substantiam
1784 3413 1952 3444 spiritualem,
1966 3420 1981 3437 a
1995 3420 2047 3445 qua
2059 3417 2100 3437 est
2114 3413 2178 3437 ratio
2192 3411 2378 3437 indifferentiae
2392 3412 2477 3437 iudicii

1412 3449 1564 3479 intellectus,
1584 3453 1610 3472 et
1628 3448 1759 3472 electionis
1778 3448 1926 3472 voluntatis.

1469 3483 1560 3508 Tertia
1578 3483 1737 3517 differentia.
1756 3483 1842 3508 Causa
1859 3487 1959 3508 remota
1982 3482 2153 3508 contrahenda
2172 3490 2218 3515 per
2237 3482 2406 3507 differentiam
2425 3490 2478 3508 non

1413 3519 1553 3545 assumitur
1571 3519 1597 3543 in
1615 3519 1834 3543 demonstratione
1853 3517 2016 3549 affirmativa;
2040 3519 2065 3542 in
2083 3518 2200 3550 negativa
2223 3523 2310 3543 autem
2328 3518 2477 3549 assumitur,

1413 3555 1460 3579 sed
1478 3562 1531 3578 non
1549 3554 1608 3579 facit
1627 3561 1783 3586 cognoscere
1802 3554 1850 3578 nisi
1869 3553 1932 3586 quia
1951 3553 2095 3578 effectus.-
2107 3553 2203 3578 Contra
2221 3560 2299 3578 causa
2317 3558 2417 3578 remota
2435 3554 2478 3578 vel

1413 3590 1511 3615 ratione
1530 3589 1615 3620 medii,
1630 3590 1671 3614 vel
1690 3590 1788 3614 ratione
1806 3589 1928 3614 materiae
1947 3589 2144 3619 determinatae,
2167 3589 2307 3613 assumitur
2326 3589 2351 3613 in
2370 3589 2477 3613 demon-

1412 3625 1534 3650 stratione
1553 3623 1710 3656 affirmativa,
1725 3629 1751 3650 et
1764 3624 1823 3649 facit
1842 3632 1998 3657 cognoscere
2016 3629 2121 3657 propter
2135 3624 2211 3657 quid;
2230 3629 2259 3649 ut
2272 3628 2342 3656 patet
2356 3631 2387 3648 ex
2402 3624 2477 3649 dictis

2511 425 2522 434 ⁸
2528 430 2542 445 o
2550 424 2621 446 male:
2630 425 2728 446 circula-

2510 457 2567 476 res,·
2576 457 2591 472 Η
2601 457 2649 473 om.
2662 455 2722 480 utrq.

2545 535 2704 552 acoznnfflusr
2718 538 2724 552 t

2510 556 2567 578 ista.
2692 562 2695 564 ·

2510 627 2605 648 “Codd.
2620 640 2636 644 -
2651 635 2676 649 r:
2688 628 2725 649 di-

2511 655 2608 676 ctorum.

2511 690 2522 700 ⁸
2536 690 2599 711 Lect.
2615 690 2712 717 praeced
2717 706 2722 710 .

2610 739 2624 755 τ
