2788 4204
1095 294 1207 330 CAP.
1237 294 1325 342 XV,
1356 294 1507 331 LECT.
1537 295 1610 331 XX

981 554 1284 611 LECTIO
1324 556 1735 613 VIGESIMA

510 690 822 744 QUOMODO
858 691 1362 732 COGNOSCANTUR
1394 692 1437 732 A
1470 680 1650 734 NOBIS
1683 695 1871 736 PRIMA
1904 696 2203 738 PRINCIPIA

1063 766 1651 810 DEMONSTRATIONIS

257 899 334 941 Περὶ
357 892 396 930 δέ
421 897 488 929 τῶν
515 896 645 942 ἀρχῶν,
673 897 742 934 πῶς
768 909 805 929 τε
830 899 986 942 γίνονται
1011 896 1170 942 γνώριμοι
1194 898 1251 927 καὶ
1279 898 1329 933 τίς

326 943 347 979 ή
372 941 580 988 γνωρίζουσα
605 939 690 983 ἕξις,
717 941 872 974 ἐντεῦθέν
888 942 977 975 .ἐστι
1001 937 1106 979 δῆλον
1132 940 1330 986 προαπορή-

324 998 404 1019 σασι
430 997 580 1029 πρωτον.

249 1030 327 1066 Ὅτι
351 1032 411 1075 μὲν
439 1029 495 1064 οὖν
522 1031 582 1063 οὐκ.
609 1025 789 1075 ἐνδέχεται
813 1030 1022 1064 ἐπίστασθαι
1046 1026 1091 1062 δι’
1122 1024 1327 1070 ἀποδείξεως

325 1076 372 1121 μή
398 1075 599 1123 γινώσκοντι
617 1075 680 1112 τὰς
699 1075 836 1120 πρώτας
856 1076 962 1122 ἀρχάς
982 1076 1045 1114 τοίς
1065 1076 1223 1120 ἀμέσους,
1243 1077 1328 1119 εἴρη-

325 1133 387 1154 ται
413 1121 589 1167 πρότερον.

256 1167 328 1198 Τῶν
352 1161 384 1198 δ’
415 1165 547 1210 ἀμέσων
573 1164 638 1202 τήν
686 1165 803 1206 νῶσιν,
822 1167 881 1197 καὶ
899 1164 1044 1209 πότερον
1070 1165 1091 1201 ή
1118 1163 1211 1200 αὐτή
1236 1164 1328 1196 ἐστιν

323 1209 345 1248 ἦ
371 1211 436 1257 οὐχ
460 1212 481 1248 ή
515 1210 629 1252 αὐτή,
662 1176 904 1255 Ξιαπορήσειεν
932 1209 971 1242 ἄν
997 1221 1048 1247 τις
1064 1234 1073 1251 ,
1098 1211 1156 1240 καὶ
1182 1207 1328 1252 πότερον

324 1255 499 1301 ἐπιστήμη
527 1255 691 1301 ἐκατέρου
726 1253 746 1292 ἢ
774 1255 833 1296 οὗ,
860 1253 881 1291 ἦ
907 1255 970 1286 τοῦ
987 1254 1047 1298 μὲν
1073 1252 1246 1297 ἐπιστήμη
1266 1255 1329 1286 τοῦ

323 1295 352 1332 δ’
390 1300 504 1346 ἕτερόν
539 1312 573 1332 τι
605 1301 722 1347 γένος,
756 1302 814 1332 καὶ
848 1298 993 1341 πότερον
1027 1299 1086 1331 οὐκ
1124 1299 1262 1331 ἐνοῦσαι
1293 1298 1328 1331 αἱ

324 1344 407 1387 ἕξεις
432 1347 628 1402 ἐγγίνονται
654 1345 675 1383 ἦ
701 1346 836 1378 ἐνοῦσαι
859 1343 1056 1380 λελήθασιν.

255 1389 294 1422 Εἰ
318 1390 379 1435 μὲν
403 1385 447 1429 δή
474 1402 596 1437 εχομεν
622 1389 750 1429 αὐτοῖς,
780 1388 926 1421 ἄτοπον·
953 1389 1129 1433 συμβαίνει
1154 1389 1219 1435 γάρ
1239 1389 1331 1434 ἀκρι-

324 1435 487 1481 βεστέρας
514 1436 660 1481 ἔχοντας
684 1434 821 1482 γνώσεις
848 1428 1052 1474 ἀποδείξεως
1075 1433 1269 1467 λανθάνειν.

254 1524 294 1558 Εἰ
317 1518 356 1556 δὲ
378 1525 601 1569 λαμβάνομεν
626 1524 674 1568 μή
701 1523 837 1569 ἔχοντες
864 1522 1040 1568 πρότερον,
1068 1525 1137 1561 πῶς
1158 1522 1196 1556 ἄν
1213 1527 1331 1570 γνωρί-

321 1569 436 1614 ζοιμεν
460 1572 518 1602 καὶ
544 1568 773 1613 μανθανοιμεν
800 1568 836 1599 ἐκ.
861 1568 908 1611 μή
934 1567 1221 1614 προῦπαρχούσης
1245 1568 1330 1613 γνώ-

322 1624 424 1655 σεωςς
452 1613 625 1648 ἀδύνατον
649 1613 730 1660 γοίρ,
755 1611 867 1658 ὥσπερ
883 1615 942 1645 καὶ
964 1614 1019 1646 ἐπὶ
1040 1614 1103 1651 τῆς
1123 1609 1328 1658 ἀποδείξεως

324 1657 498 1705 ἐλέγομεν.

253 1703 403 1749 Φανερόν
437 1706 548 1736 τοίνυν
580 1702 633 1736 ὅτι
659 1702 734 1736 οὔτ’
770 1701 858 1754 ἔχειν
892 1700 1025 1743 οἷόντε,
1054 1701 1129 1735 οὔτ’
1165 1703 1327 1749 ἀγνοοῦσι

320 1749 381 1781 καὶ
405 1743 574 1794 μηδεμίαν
601 1748 734 1794 ἔχουσιν
760 1746 826 1788 ἐςιν
852 1745 1056 1800 ἐγγίνεσθαι.

248 1793 402 1840 Ἀνάγκη
438 1793 505 1839 ἄρα
535 1793 624 1839 ἔχειν
649 1792 709 1837 μὲν
735 1804 813 1825 τινα
837 1787 1000 1835 δυναμιν,
1027 1791 1074 1836 μή
1099 1792 1269 1830 τοιαύτην
1293 1787 1324 1824 δ’

323 1839 412 1885 ἔχειν
437 1838 459 1875 ἥ
485 1839 586 1871 ἔσται
610 1837 745 1871 τούτων
772 1836 960 1881 τιμιωτέρα
984 1836 1062 1869 κατ’
1094 1836 1280 1881 ἀκρίβειαν.

252 1929 422 1961 Φαίνεται
445 1922 484 1960 δέ
510 1927 620 1960 τοῦτο’
635 1938 673 1972 γε
699 1926 802 1958 πᾶσιν
829 1924 983 1971 ὑπάρχον
1009 1928 1081 1963 τοῖς
1103 1925 1212 1968 ζῷοις.
1232 1926 1326 1972 Ἔχει

319 1972 386 2019 γοὶρ
418 1968 561 2017 δύναμιν
593 1970 767 2016 σύμφυτον
798 1970 981 2014 κριτικήν,
1015 1970 1055 2006 ἦν
1079 1971 1242 2003 καλοῦσιν
1277 1974 1329 2003 αἶ-

320 2014 451 2054 σθησιν·

254 2061 393 2100 ἐνούσης
424 2057 454 2094 δ’
498 2059 685 2097 αἰσθήσεως
720 2063 791 2097 τοῖς
825 2059 885 2104 μὲν
919 2060 986 2092 τῶν
1023 2058 1117 2101 ζῴων
1152 2059 1325 2107 ἐγγίνεται

321 2106 409 2151 μον-ἠ
435 2107 498 2139 τοῦ
524 2104 755 2148 αἰσθήματος,
775 2108 846 2142 τοῖς
872 2101 902 2136 δ’
933 2104 992 2136 οὐκ
1011 2104 1198 2150 ἐγγίνεται.
1213 2105 1326 2145 “’οσοις

320 2151 380 2197 μὲν
399 2149 456 2184 οὖν
473 2149 523 2195 μή
541 2151 730 2197 ἐγγίνεται,
751 2148 772 2186 ἦ
792 2148 873 2187 ὅλως
892 2148 913 2187 ἦ
933 2151 1007 2192 περὶ
1027 2151 1049 2182 οἳ
1065 2150 1113 2194 μή
1132 2150 1322 2196 ἐγγίνεται,

321 2197 383 2229 οὐκ
407 2197 485 2229 ἐστι
519 2195 657 2232 τούτοις
709 2195 805 2232 νῶσις
840 2194 902 2236 ἐξω
929 2195 991 2227 τοῦ
1022 2194 1256 2228 αἰσθάνεσθαι·
1292 2197 1325 2229 ἐν

321 2241 368 2279 οἷς
393 2237 442 2283 δ’,
470 2240 599 2273 ἔνεστιν
615 2241 682 2272 -αἱσ
708 2238 883 2284 ανομὲνοις
910 2238 997 2286 ἔχειν
1024 2240 1077 2272 ἔτι
1103 2240 1137 2272 ἐν
1155 2242 1201 2283 τῇ
1220 2240 1322 2286 ψυχῇ.

250 2330 387 2363 Πολλῶν
411 2324 455 2362 δὲ·
474 2328 641 2362 τοιούτων
674 2327 857 2375 γινομένων
887 2324 952 2366 ἤδη
986 2323 1134 2374 διαφοραί
1158 2342 1209 2368 τις
1240 2334 1328 2377 γίνε-

320 2386 395 2416 ται,
414 2374 502 2406 ὥστε
528 2377 600 2411 τοῖς
625 2373 684 2417 μὲν
702 2372 856 2418 γίνεσθαι
872 2373 974 2420 λόγον
994 2374 1030 2406 ἐκ
1048 2376 1112 2412 τῆς
1130 2376 1196 2406 τῶν
1215 2375 1328 2407 τοιού-

321 2431 389 2452 των
414 2420 540 2463 μονῆς,
567 2422 639 2455 τοῖς
663 2413 702 2450 δὲ
727 2417 788 2462 μή.

246 2463 308 2496 Ἐκ.
332 2463 394 2508 μὲν
419 2462 477 2496 οὖν
503 2461 690 2500 αἰσθήσεως
715 2465 848 2509 γίνεται
873 2462 1009 2507 μνήμη,
1035 2462 1146 2508 ὥσπερ
1165 2464 1204 2496 λε’
1231 2477 1324 2509 ομεν,

319 2509 357 2541 ἐκ
382 2504 420 2541 δὲ
445 2507 579 2552 μνήμης
605 2509 770 2545 πολλάκις
797 2508 860 2539 τοῦ
888 2509 998 2541 αὐτοῦ
1016 2510 1192 2554 γινομένης
1212 2522 1328 2554 ἐμπει-

339 2555 390 2585 ία·
417 2555 453 2585 αἱ
478 2553 543 2599 γὰρ
570 2554 698 2585 πολλαὶ
722 2553 854 2598 μνῆμαι
877 2554 924 2595 τῷ
945 2553 1071 2598 ἀριθμῷ
1089 2554 1246 2599 ἐμπειρία
1264 2557 1326 2598 μία

321 2598 497 2631 εστίν.Ἐκ.
514 2594 544 2630 δ’
567 2598 741 2642 ἐμπειρίας
759 2596 781 2635 ἦ
799 2597 836 2629 ἐκ.
855 2598 985 2636 παντὸς
1005 2598 1242 2643 ἦρεμήσαντος
1264 2601 1327 2633 τοῦ

317 2642 468 2675 καθόλου
494 2643 528 2675 ἐν
554 2645 599 2686 τῇ
619 2642 660 2686 ψυ
689 2644 723 2685 ᾖ,
744 2642 806 2676 τοῦ
825 2642 896 2680 ἐνὸς
915 2644 1012 2687 παραὶ
1036 2645 1084 2676 τοὶ
1103 2643 1230 2685 πολλοί,
1251 2646 1267 2677 ὃ
1287 2644 1326 2677 ἄν

320 2688 354 2721 ἐν
381 2687 510 2720 ἅπασιν
536 2688 569 2720 ἓν
595 2689 655 2731 ἐνῇ
674 2691 810 2724 ἐκείνοις
837 2687 878 2719 τὸ
897 2688 1000 2730 αὐτό,
1020 2688 1143 2734 τέχνης
1164 2690 1252 2733 ἀρχή
1270 2691 1328 2721 καὶ

321 2733 530 2777 ἐπιστήμης,
549 2732 608 2765 ἐαν
627 2733 686 2776 μὲν
705 2735 779 2776 περὶ
796 2731 939 2788 γένεσιν,
965 2734 1101 2778 τέχνης,
1121 2735 1180 2767 ἐαν
1197 2735 1235 2767 δὲ
1254 2737 1326 2779 περὶ

319 2777 362 2810 τὸ
381 2777 429 2820 ὄν,
453 2777 659 2821 ἐπιστήμης.
687 2778 774 2811 Οὔτε
795 2776 839 2813 ὸή
867 2778 1112 2823 ἐνυπάρχουσιν
1140 2779 1329 2824 ἀφωρισμέ-

319 2834 375 2854 ναι
393 2825 428 2855 αἱ
447 2822 543 2864 ἕξεις,
572 2822 647 2855 οὔτ’
671 2823 731 2856 ἀπ’
755 2824 865 2856 ἄλλων
885 2822 984 2864 ἕξεων
1003 2826 1158 2869 γίνονται
1183 2836 1327 2872 γνωστι-

318 2867 489 2912 κωτέρων,
511 2868 585 2901 ἀλλ’
616 2868 686 2900 ἀπὸ
712 2867 913 2908 αἰσθήσεως,
941 2868 1009 2899 οἷον
1029 2869 1062 2900 ἐν
1081 2868 1177 2914 μάχῃ
1197 2870 1326 2914 τροπῆς

318 2912 501 2958 γενομένης
519 2912 591 2950 ἑνὸς
608 2913 758 2951 στοίντος
777 2912 889 2957 ἕτερος
910 2912 1006 2954 ἔστη,
1029 2910 1086 2944 εἷθ’
1116 2913 1243 2959 ἕτερος,
1267 2913 1325 2952 ἐ’ως

320 2959 376 2991 ἐπὶ
403 2957 512 3002 ἀρχήν
538 2955 652 2995 ἦλθεν.
677 2959 719 2989 Ἣ
736 2953 776 2990 δὲ,
789 2957 879 3002 ψυχή
905 2957 1053 3002 ύποίρχει
1071 2959 1220 3000 τοιαύτη
1240 2958 1326 2992 οὖσα

320 3002 377 3035 οἵα
401 2997 570 3035 δύνασθαι
596 3001 741 3048 πάσχειν
768 3003 887 3035 τοῦτο.

243 3048 286 3080 “0
311 3042 342 3080 δ’
371 3046 494 3092 ἐλέχθη
521 3047 581 3091 μὲν
607 3046 731 3087 πάλαι,
751 3047 790 3078 οὖ
808 3047 921 3088 σαφῶς
938 3045 976 3077 δὲ
994 3046 1130 3092 ἐλέχθη,
1158 3048 1261 3080 πάλιν
1283 3050 1328 3079 εἷ-

320 3103 447 3136 πωμεν.
483 3091 636 3128 Στάντος
661 3091 725 3137 γάρ
752 3092 818 3122 τῶν
846 3087 1037 3145 ἀδιαφόρων
1071 3091 1165 3132 ἑνός,
1192 3094 1325 3136 πρῶτον

320 3136 380 3180 μὲν
406 3136 439 3168 ἐν
466 3137 511 3177 τῇ
537 3135 627 3180 ψυχῇ
659 3134 820 3175 καθόλου·
853 3137 912 3167 καὶ
937 3148 1002 3181 γαρ
1038 3135 1241 3169 αἰσθάνεται
1266 3137 1325 3180 μὲν

320 3181 362 3213 τὸ
386 3179 469 3212 καθ’·
486 3179 653 3220 ἕκαστον,
681 3181 701 3216 ή
727 3175 756 3211 δ’
780 3179 930 3217 αἴσθησις
957 3177 1026 3212 τοῦ
1043 3180 1192 3212 καθόλου
1217 3182 1323 3221 ἐστίν,

320 3225 389 3256 οἷον
417 3223 606 3269 ἀνθρώπου,
633 3225 705 3257 ἀλλ’
728 3225 766 3257 οὗ
786 3226 934 3257 Καλλίου
955 3224 1142 3268 ἀνθρώπου·
1169 3225 1271 3257 πάλιν
1292 3224 1325 3257 ἐν

320 3268 460 3306 τούτοις
481 3269 644 3310 ἵσταται,
664 3268 723 3308 ἕως
744 3269 782 3302 ἂν
809 3269 856 3302 τοὶ
883 3270 989 3313 αμερῆ
1016 3270 1084 3311 στῇ
1109 3271 1168 3301 καὶ
1194 3270 1241 3302 τοὶ
1263 3281 1326 3301 κα-

320 3312 441 3354 Θόλου,
475 3315 542 3345 οἷον
575 3310 704 3346 τοιονδὶ
729 3315 827 3356 ζῷον,
860 3313 919 3351 ἕως
945 3314 1042 3356 ζῷον·
1069 3315 1126 3345 καὶ
1153 3314 1186 3346 ἐν
1211 3314 1325 3355 τούτῳ

320 3357 496 3395 ὡσαύτως.
532 3358 641 3394 Δῆλον
665 3353 709 3395 δή
745 3358 799 3390 ὅτι
824 3360 904 3401 ἡμῖν
931 3358 979 3390 τοὶ
1003 3358 1124 3401 πρῶτα
1157 3359 1324 3404 ἐπαγωγῇ

320 3403 489 3449 γνωρίζειν
518 3403 719 3448 ἀναγκαῖον·
745 3405 802 3435 καὶ
828 3403 892 3449 γὰρ
916 3405 974 3434 καὶ
1001 3401 1153 3440 αἴσθησις
1174 3402 1263 3435 οὕτω
1282 3403 1324 3434 τό

319 3446 467 3479 καθόλου
494 3448 639 3491 ἐμποιεῖ.

243 3492 346 3523 Ἐπεὶ
370 3487 408 3523 δὲ
433 3493 501 3524 τῶν
527 3493 602 3535 περὶ
626 3490 691 3527 τήν
716 3486 870 3524 διάνοιαν
896 3492 1010 3531 ἕξεων,
1031 3491 1082 3528 αἶς
1102 3490 1322 3535 ἀληθεύομεν,

322 3539 356 3568 αἱ
381 3536 442 3581 μὲν
469 3537 521 3569 αἐὶ
549 3534 682 3573 ἀληθεῖς
707 3537 802 3576 εἰσίν,
831 3538 866 3568 αἱ
890 3530 928 3567 δὲ
947 3532 1169 3580 ἐπιδέχονται
1191 3536 1232 3568 τὸ
1250 3535 1325 3579 ψεῦ-

321 3576 392 3623 δος,
414 3581 481 3613 οἷον
507 3576 593 3622 δόξα
610 3583 668 3612 καὶ
683 3579 860 3627 λογισμός,
882 3579 992 3617 ἀληθῆ
1018 3576 1047 3612 δ’
1079 3581 1130 3613 ἀεὶ
1150 3580 1323 3624 ἐπιστήμη

295 3627 378 3662 ,καὶ
403 3626 492 3668 νοῦς,
518 3627 577 3658 καὶ
610 3620 707 3658 οὐδὲν
743 3627 935 3668 ἐπιστήμης
968 3625 1203 3670 ἀκριβέστερον
1241 3624 1323 3657 ἄλλο

1382 893 1400 912 *
1414 894 1463 925 De
1481 893 1642 934 principiis
1665 901 1789 934 autem,
1814 898 1982 936 quomodo
1999 898 2080 930 fiunt
2097 901 2222 941 cognita
2237 902 2400 943 principia,
2421 910 2453 934 et

1451 939 1523 979 quis
1547 946 1593 969 est
1615 948 1809 978 cognoscens
1832 941 1969 982 habitus,
1992 943 2065 974 hinc
2089 951 2135 975 est
2157 946 2371 986 manifestum,
2396 947 2453 978 du-

1452 983 1622 1013 bitantibus
1646 983 1777 1024 quidem
1799 985 1950 1025 primum.

1385 1027 1484 1064 Quod
1499 1028 1630 1068 quidem
1649 1028 1745 1068 igitur
1767 1038 1833 1059 non
1857 1031 2011 1072 contingit
2033 1032 2110 1063 scire
2133 1043 2189 1074 per
2212 1035 2453 1067 demonstratio—

1451 1082 1526 1102 nem
1556 1082 1623 1102 non
1657 1082 1903 1114 cognoscentem
1934 1077 2036 1116 prima
2069 1077 2222 1119 principia
2251 1079 2453 1120 immediata,

1452 1117 1574 1147 dictum
1597 1123 1644 1147 est
1666 1119 1764 1157 prius.

1385 1161 1647 1192 Immediatorum
1670 1170 1778 1194 autem
1801 1164 1940 1205 cognitio
1965 1172 2073 1197 utrum
2096 1167 2208 1197 eadem
2237 1174 2283 1198 est
2308 1175 2363 1199 aut
2387 1179 2454 1199 non

1452 1206 1574 1244 eadem,
1587 1207 1743 1237 dubitabit
1758 1209 1868 1249 utique
1881 1210 2010 1250 aliquis:
2029 1217 2059 1241 et
2076 1218 2184 1241 utrum
2196 1212 2324 1243 scientia
2339 1213 2453 1244 utrius-

1452 1260 1515 1291 que
1538 1258 1594 1282 aut
1617 1258 1663 1282 est
1693 1259 1748 1283 aut
1771 1263 1837 1283 non
1861 1261 1922 1292 est,
1952 1262 2006 1285 aut
2027 1255 2122 1285 huius
2151 1256 2282 1297 quidem
2310 1257 2453 1297 scientia,

1451 1295 1536 1325 illius
1548 1302 1656 1326 autem
1667 1297 1803 1327 alterum
1814 1298 1945 1339 aliquod
1956 1308 2056 1338 genus
2069 1299 2124 1330 sit:
2139 1307 2169 1330 et
2181 1307 2289 1331 utrum
2302 1311 2376 1332 cum
2387 1312 2454 1332 non

1450 1340 1558 1379 insint,
1577 1341 1702 1371 habitus
1721 1342 1808 1382 fiant,
1827 1351 1882 1374 aut
1901 1343 1980 1374 dum
1997 1343 2103 1383 insint,
2123 1345 2248 1376 lateant.

1385 1384 1418 1415 Si
1434 1385 1565 1426 quidem
1578 1385 1674 1426 igitur
1698 1387 1853 1418 habemus
1875 1388 1963 1428 ipsos
1974 1411 1984 1427 ,
2000 1389 2226 1420 inconveniens
2250 1398 2304 1421 est.
2323 1391 2455 1422 Contin-

1451 1431 1496 1470 git
1511 1430 1598 1460 enim
1621 1431 1766 1462 certiores
1789 1433 1904 1463 habere
1919 1434 2114 1473 cognitiones
2137 1435 2405 1467 demonstratione
2424 1442 2455 1467 et

1450 1478 1555 1507 latere.

1384 1520 1418 1552 Si
1440 1527 1549 1551 autem
1576 1520 1749 1561 accipimus
1778 1532 1845 1552 non
1874 1522 2025 1554 habentes
2048 1524 2156 1564 prius,
2189 1525 2295 1566 itaque
2323 1525 2455 1566 qualiter

1452 1566 1675 1606 cognoscimus
1699 1574 1730 1597 et
1752 1567 1942 1598 addiscimus
1967 1578 2003 1598 ex
2027 1578 2093 1599 non
2116 1570 2333 1609 praeexistenti
2349 1569 2454 1610 cogni-

1451 1610 1556 1660 tione?
1575 1612 1774 1652 impossibile
1789 1613 1875 1643 enim
1890 1620 1951 1652 est,
1968 1613 2049 1644 sicut
2069 1613 2103 1644 in
2119 1614 2387 1646 demonstratione
2406 1614 2453 1645 di-

1450 1665 1566 1686 ximus.

1383 1700 1590 1732 Manifestum
1612 1701 1707 1742 igitur
1730 1709 1776 1733 est
1798 1703 1952 1744 quoniam
1975 1714 2079 1745 neque
2097 1704 2210 1735 habere
2234 1704 2383 1745 possibile
2408 1709 2454 1734 est

1450 1746 1680 1786 ignorantibus,
1700 1755 1731 1778 et
1749 1757 1852 1788 neque
1871 1758 1937 1778 non
1955 1749 2142 1780 habentibus
2161 1749 2305 1780 habitum
2322 1749 2398 1780 fieri.

1384 1792 1519 1822 Necesse
1534 1792 1641 1833 itaque
1660 1800 1707 1823 est
1721 1793 1835 1823 habere
1851 1794 2025 1834 quamdam
2037 1794 2167 1835 quidem
2179 1794 2369 1834 potentiam:
2386 1803 2452 1824 non

1450 1837 1637 1868 huiusmodi
1660 1845 1767 1869 autem
1789 1838 1903 1869 habere
1926 1846 1963 1869 ut
1985 1838 2024 1870 sit
2041 1839 2089 1869 his
2108 1839 2324 1869 honorabilior
2343 1848 2452 1869 secun-

1451 1883 1531 1912 dum
1554 1883 1783 1914 certitudinem.

1384 1926 1516 1958 Videtur
1528 1935 1637 1959 autem
1650 1928 1713 1960 hoc
1728 1929 1829 1959 inesse
1846 1929 1994 1960 omnibus
2011 1928 2213 1959 animalibus:
2230 1927 2347 1959 habent
2367 1927 2453 1958 enim

1450 1973 1626 2004 naturalem
1644 1973 1820 2014 potentiam
1842 1973 2063 2012 indicativam,
2087 1983 2186 2014 quam
2208 1983 2360 2004 vocamus
2384 1981 2452 2002 sen-

1450 2028 1533 2049 sum.

1383 2062 1470 2093 Cum
1484 2071 1593 2094 autem
1607 2063 1680 2095 insit
1702 2074 1813 2095 sensus
1836 2063 2034 2102 animalibus,
2058 2063 2092 2093 in
2114 2062 2162 2093 his
2186 2062 2317 2103 quidem
2332 2061 2450 2092 anima-

1448 2108 1530 2139 lium
1553 2109 1676 2140 mansio
1705 2117 1751 2141 est
1774 2108 1946 2147 sensibilis,
1974 2108 2006 2139 in
2031 2108 2099 2139 aliis
2124 2114 2232 2138 autem
2254 2117 2320 2137 non
2343 2106 2388 2138 fit.
2417 2106 2452 2136 In

1449 2153 1694 2196 quibuscunque
1708 2155 1802 2196 igitur
1817 2164 1883 2184 non
1906 2154 1951 2193 fit,
1975 2161 2030 2185 aut
2046 2153 2190 2191 omnino,
2205 2159 2260 2183 aut
2276 2151 2356 2182 circa
2371 2160 2452 2191 quae

1450 2209 1516 2230 non
1541 2199 1590 2238 fit,
1615 2210 1681 2230 non
1697 2208 1743 2231 est
1762 2201 1794 2231 in
1810 2201 1858 2231 his
1878 2200 2015 2242 cognitio
2040 2200 2121 2230 ultra
2136 2209 2234 2239 quam
2251 2198 2398 2229 sentiunt.
2417 2197 2452 2227 ln

1450 2244 1566 2284 quibus
1590 2252 1697 2276 autem
1720 2245 1940 2285 sentientibus,
1965 2252 2011 2276 est
2033 2245 2146 2274 habere
2171 2253 2273 2273 unum
2287 2243 2451 2284 quoddam

1450 2289 1484 2318 in
1507 2289 1621 2320 anima.

1382 2333 1491 2363 Multis
1514 2333 1609 2374 igitur
1632 2334 1719 2366 factis
1737 2335 1933 2373 huiusmodi,
1957 2335 2021 2365 iam
2037 2332 2208 2363 differentia
2230 2331 2387 2372 quaedam
2405 2329 2450 2361 fit.

1450 2379 1557 2416 Quare
1575 2379 1608 2409 in
1623 2379 1671 2410 his
1687 2380 1862 2421 quamdam
1885 2387 1931 2411 est
1945 2379 2012 2410 fieri
2035 2378 2190 2409 rationem
2209 2387 2245 2407 ex
2259 2376 2371 2408 talium
2385 2384 2451 2405 me—

1449 2426 1561 2464 moria,
1585 2426 1619 2456 in
1642 2426 1709 2456 aliis
1732 2436 1807 2456 vero
1831 2436 1907 2456 non.

1383 2468 1431 2498 Ex
1446 2480 1540 2501 sensu
1564 2472 1696 2512 quidem
1714 2472 1809 2512 igitur
1825 2471 1860 2502 fit
1878 2471 2042 2510 memoria,
2059 2469 2140 2500 sicut
2163 2469 2318 2507 diximus;
2333 2478 2370 2499 ex
2385 2478 2450 2498 me-

1450 2516 1552 2546 moria
1574 2524 1682 2547 autem
1704 2516 1867 2547 multoties
1891 2517 2033 2547 eiusdem
2062 2515 2159 2552 facta,
2189 2513 2448 2554 experimentum.

1450 2561 1569 2591 Multae
1580 2561 1666 2591 enim
1677 2561 1851 2591 memoriae
1862 2571 2008 2599 numero,
2020 2559 2270 2600 experimentum
2282 2566 2328 2589 est
2338 2568 2449 2589 unum.

1449 2604 1497 2634 Ex
1521 2606 1735 2645 experimento
1755 2613 1878 2644 autem,
1896 2612 1951 2636 aut
1969 2615 2006 2636 ex
2026 2604 2115 2635 omni
2131 2603 2311 2644 quiescente
2326 2602 2450 2633 univer-

1450 2649 1507 2679 sali
1523 2650 1556 2679 in
1572 2650 1688 2686 anima,
1710 2660 1777 2680 uno
1794 2657 1916 2690 praeter
1929 2650 2041 2688 multa,
2058 2650 2148 2689 quod
2164 2659 2238 2679 curn
2253 2648 2285 2677 in
2301 2648 2450 2678 omnibus

1451 2704 1554 2724 unum
1569 2694 1609 2725 sit
1625 2702 1655 2725 et
1670 2694 1767 2732 idem,
1791 2695 1871 2725 illud
1888 2701 1934 2726 est
1949 2694 2020 2725 artis
2039 2693 2231 2733 principium
2247 2700 2278 2723 et
2294 2692 2448 2722 scientiae.

1450 2738 1483 2768 Si
1506 2739 1638 2779 quidem
1663 2739 1744 2769 circa
1767 2739 2018 2779 generationem,
2042 2739 2114 2769 artis
2138 2745 2199 2775 est,
2223 2737 2248 2767 si
2271 2747 2346 2767 vero
2371 2736 2451 2767 circa

1450 2792 1528 2820 esse,
1553 2783 1707 2814 scientiae.
1725 2784 1837 2824 Neque
1860 2783 1954 2824 igitur
1975 2783 2083 2813 insunt
2101 2781 2296 2813 determinati
2314 2781 2450 2820 habitus,

1450 2837 1554 2868 neque
1578 2829 1617 2858 ab
1642 2828 1708 2858 aliis
1733 2828 1890 2858 habitibus
1913 2828 1994 2859 fiunt
2013 2827 2204 2864 notioribus,
2221 2826 2275 2856 sed
2299 2836 2317 2856 a
2340 2836 2449 2864 sensu,

1450 2872 1530 2902 utin
1546 2872 1688 2902 versione
1702 2882 1827 2912 pugnae
1844 2883 1909 2903 uno
1925 2873 2009 2903 enim
2025 2879 2123 2903 stante
2139 2872 2215 2901 alter
2231 2870 2323 2908 stetit,
2340 2877 2450 2910 postea

1450 2917 1544 2954 alter,
1570 2927 1741 2957 quousque
1765 2917 1797 2946 in
1821 2917 2012 2957 principium
2039 2917 2179 2946 veniunt.
2202 2915 2319 2946 Anima
2342 2921 2449 2945 autem

1449 2971 1525 2992 cum
1543 2961 1731 2992 huiusmodi
1755 2961 1794 2991 sit
1817 2962 1919 3002 qualis
1940 2961 2040 3001 possit
2062 2961 2127 3001 pati
2149 2961 2221 2990 hoc.

1383 3050 1482 3087 Quod
1505 3057 1613 3080 autem
1636 3051 1757 3081 dictum
1780 3058 1826 3081 est
1850 3051 1944 3089 olim,
1972 3060 2038 3080 non
2068 3056 2175 3079 autem
2205 3049 2297 3088 plane
2329 3047 2449 3078 dictum

1450 3102 1511 3132 est,
1535 3094 1649 3125 iterum
1674 3095 1826 3125 dicamus.
1852 3095 1957 3126 Stante
1981 3094 2066 3125 enirn
2094 3103 2159 3123 uno
2187 3092 2448 3130 indifferentium,

1449 3139 1591 3178 primum
1615 3139 1746 3180 quidem
1772 3139 1946 3169 universale
1969 3139 2001 3169 in
2025 3138 2130 3169 anima
2153 3144 2208 3168 est.
2239 3137 2280 3167 Et
2310 3146 2448 3177 namque

1448 3183 1561 3213 sentire
1585 3184 1715 3223 quidem
1739 3183 1896 3223 singulare
1920 3191 1983 3221 est,
2008 3192 2117 3213 sensus
2141 3189 2247 3212 autem
2266 3181 2448 3211 universalis

1449 3234 1505 3263 est,
1523 3234 1559 3257 ut
1574 3227 1725 3265 hominis,
1750 3237 1815 3257 non
1840 3228 1958 3259 Calliae
1973 3226 2122 3258 hominis.
2143 3227 2260 3257 Iterum
2280 3225 2313 3255 in
2327 3225 2374 3255 his
2391 3233 2449 3256 sta-

1448 3278 1509 3307 tur,
1535 3281 1706 3312 quousque
1731 3271 1840 3311 utique
1864 3271 2063 3311 impartibilia
2086 3277 2167 3300 stent
2190 3277 2219 3300 et
2243 3269 2448 3308 universalia3

1448 3322 1483 3345 ut
1495 3315 1682 3345 huiusmodi
1694 3315 1811 3346 animal
1823 3326 1992 3356 quousque
2002 3315 2128 3352 animal,
2141 3314 2213 3344 etin
2227 3314 2288 3344 hoc
2298 3314 2448 3345 similiter.

1447 3359 1653 3390 Manifestum
1674 3359 1769 3399 igitur
1793 3367 1839 3390 est
1861 3360 2015 3400 quoniam
2039 3359 2130 3389 nobis
2149 3359 2251 3399 prima
2266 3358 2449 3389 inductione

1448 3414 1639 3443 cognoscere
1663 3404 1875 3434 necessarium
1898 3411 1953 3434 est.
1978 3404 2018 3434 Et
2034 3413 2172 3443 namque
2192 3402 2235 3433 sic
2251 3413 2361 3433 sensus
2378 3402 2448 3432 uni-

1446 3448 1564 3478 versale
1589 3448 1670 3478 facit.

1381 3493 1545 3530 Quoniam
1561 3499 1668 3522 autern
1689 3502 1802 3522 eorum
1825 3492 1880 3532 qui
1904 3492 1983 3522 circa
2005 3491 2243 3531 intelligentiam
2265 3491 2449 3530 habituum,

1447 3537 1563 3577 quibus
1587 3547 1698 3566 verum
1722 3537 1871 3574 dicimus,
1897 3537 1948 3566 alii
1972 3536 2102 3577 quidem
2126 3545 2250 3575 semper
2271 3535 2336 3565 veri
2360 3542 2448 3573 sunt,

1447 3581 1498 3612 alii
1515 3588 1621 3611 autem
1640 3581 1795 3620 recipiunt
1818 3581 1994 3618 falsitatem,
2019 3587 2055 3611 ut
2078 3580 2188 3619 opinio
2213 3587 2243 3611 et
2265 3580 2360 3610 ratio:
2385 3580 2450 3610 veri

1447 3634 1555 3657 autem
1579 3633 1652 3656 sunt
1675 3635 1799 3666 semper
1822 3625 1948 3656 scientia
1971 3633 2002 3656 et
2024 3625 2218 3662 intellectus,
2250 3631 2280 3655 et
2302 3624 2381 3654 nihil
2404 3631 2450 3655 est

2482 904 2494 915 ⁸
2509 904 2565 932 cap.
2576 910 2617 927 xv.

2482 930 2550 953 Text.
2561 936 2595 959 ²7·
