2788 4204
45 3073 96 3095 ἰο
109 3073 169 3095 mule
180 3080 185 3095 ε
201 3072 261 3100 (1(ίὶ-

45 3099 166 3121 ultionem.

48 3339 58 3358 7
74 3338 186 3360 onerum
204 3345 232 3360 ex

47 3365 126 3389 codd..
137 3371 230 3391 exeso,

47 3392 88 3420 qui
101 3392 156 3414 hab.
166 3393 209 3414 lac.

46 3419 60 3431 ³
67 3419 132 3441 Lect.
139 3425 199 3447 seq„
207 3418 262 3440 n.6.

1111 270 1223 307 CAP.
1253 271 1341 317 XII,
1377 271 1528 308 LECT.
1558 270 1647 307 XIV

877 457 1094 516 LECT
1098 461 1181 516 10
1220 461 1888 534 DECIMAQUARTA

607 584 692 624 DE
730 583 1043 624 DIVISIONE
1083 584 1344 625 GENERIS
1385 586 1471 625 AD
1511 585 2027 627 INVESTIGANDUM
2065 586 2148 627 EA

771 653 943 707 QUAE
975 654 1276 711 PONENDA,
1306 655 1468 697 SUNT
1501 656 1563 696 IN
1597 657 1992 698 DEFINITIONE

281 765 354 810 Χρτὶ
372 758 424 806 δέ,
444 762 527 797 ὅταν
555 763 630 797 ὅλον
649 775 683 796 τι
705 763 999 817 πρῇαγματεύηταί
1018 777 1082 805 τις,
1101 760 1221 796 διελεῖν
1241 765 1282 798 τὸ
1299 765 1356 814 γε’-
1410 769 1427 787 *
1443 768 1635 810 Congruum
1655 776 1761 799 autem
1782 776 1828 800 est
1844 779 1918 799 cum
1937 776 2043 800 toturn
2066 769 2197 810 aliquod
2217 770 2330 811 aliquis
2347 772 2484 812 negotie-
2513 779 2521 788 ”
2537 778 2592 806 Seq.
2607 785 2710 807 cap.xu.

349 819 402 846 νος
427 809 472 847 εἰς
498 808 546 842 τά
571 808 687 852 ἄτομα
713 822 761 850 τῳ
787 805 866 840 ε’ίδει
892 810 939 842 τοὶ
964 810 1097 854 πρῶτα,
1118 810 1186 841 οἷον
1215 809 1352 855 ἀριθμον

324 867 327 870 ’
349 854 395 891 εἱς
419 848 546 897 τριάδα
573 855 634 885 καὶ
658 849 792 895 δυάδα,
819 852 877 886 εἶθ’
907 853 1014 892 οὕτως
1041 855 1172 887 ἐκείνων
1200 855 1356 899 ὁρισμούς

349 897 530 943 πειρᾶσθαι
554 898 756 942 λαμβάνειν,
784 899 853 931 οἷον
879 898 1009 937 εὐθείας
1034 900 1194 946 γραμμῆς
1218 901 1277 931 καὶ
1297 899 1357 931 κό-

348 944 430 975 κλου
453 947 512 976 καὶ
538 942 637 988 ὀρθῆς
656 946 800 990 γωνίας,

281 987 375 1036 μετὰ.
397 985 436 1020 δὲ
460 989 567 1021 τοῦτο
585 990 745 1029 λαβόντα
764 991 797 1020 τί
823 989 864 1022 τὸ
888 987 998 1035 γένος,
1026 988 1094 1019 οἷον
1126 987 1212 1020 πότε
1235 1000 1270 1020 ον
1288 989 1356 1021 τῶν

350 1034 461 1065 ποσῶν
488 1033 509 1070 ἢ
535 1034 602 1066 τῶν
621 1035 738 1074 ποιῶν,
767 1034 814 1066 τοὶ
836 1029 909 1065 ἴδια
935 1031 1027 1069 πάθη
1051 1031 1182 1077 θεωρεῖν
1207 1000 1267 1066 §aaz
1288 1034 1354 1066 τῶν

348 1079 466 1109 κοινῶν
492 1077 645 1123 πρώτων.
674 1080 750 1116 Τοῖς
774 1078 839 1125 γάρ
857 1076 1103 1122 συντιθεμένοις
1125 1078 1161 1109 ἐκ
1187 1079 1254 1110 τῶν
1274 1077 1357 1110 ἀτό-

374 1134 418 1154 ων
451 1122 499 1155 τοὶ
522 1123 756 1167 συμβαίνοντα
789 1124 825 1155 ἐκ
851 1123 916 1155 τῶν
951 1123 1092 1167 ὁρισμῶν
1124 1121 1223 1155 ἔσται
1248 1117 1354 1163 δῆλα,

349 1133 410 1201 διὰ
440 1167 482 1200 τὰ
515 1168 622 1213 ἀρχὴν
654 1165 740 1200 εἶναι
778 1167 917 1200 πάντων
951 1167 1010 1199 τὸν
1047 1167 1181 1221 ὁρισμὸν
1218 1169 1276 1198 καὶ
1314 1167 1356 1200 τὸ

352 1213 484 1246 ἁπλοῦν
516 1215 574 1244 καὶ
606 1217 677 1250 τοῖς
714 1214 836 1250 ἁπλοῖς
866 1211 942 1244 καθ’
983 1213 1078 1244 αὐτα
1110 1210 1274 1256 ὑπάρχειν
1308 1212 1357 1245 τά

349 1258 586 1302 συμβαίνοντα
611 1257 737 1302 μόνοις,
764 1261 836 1295 τοῖς
862 1252 891 1288 δ’
923 1257 1036 1293 ἄλλοις
1061 1256 1140 1287 κατ’
1170 1256 1293 1288 ἐκεῖνα.

281 1303 322 1335 Αἰ
346 1298 385 1335 δὲ
409 1297 589 1347 διαιρέσεις
615 1304 650 1334 αἱ
673 1302 770 1336 κατά
794 1302 857 1339 τάς
882 1296 983 1346 διαφο
1009 1302 1047 1339 οὶς
1076 1299 1244 1355 χρήσιμαί
1274 1302 1355 1333 εἰσιν

351 1348 396 1386 εἰς
415 1346 456 1380 τὸ
475 1346 566 1380 οὕτω
587 1346 752 1391 μετιέναι.
778 1347 831 1384 Ὠς
849 1345 967 1391 μέντοι
1007 1357 1205 1386 εικνυουσιν,
1223 1348 1356 1390 εἴρηται

338 1393 385 1426 ’ἓν
405 1392 486 1429 ’τοῖς
520 1390 695 1436 πρότερον.
729 1390 895 1436 Χρήσιμοι
927 1386 956 1422 δ’
995 1389 1033 1423 ἂν
1060 1387 1123 1422 εἶεν
1156 1386 1219 1422 ὧδε
1254 1390 1356 1434 μόνον

352 1436 434 1481 πρὸς
459 1436 500 1469 τὸ
526 1434 783 1478 συλλο·ίζεσθαι
813 1435 854 1468 τὸ
880 1438 913 1468 τί
939 1435 1043 1469 ἐστιν.
1080 1437 1204 1468 Καίτοι
1229 1430 1357 1477 δόξειέν

367 1482 375 1494 ’
407 1479 446 1513 ἂν
471 1476 583 1522 οὐδέν,
613 1481 635 1513 ά
657 1481 687 1511 λ’
716 1479 811 1517 saed<
841 1479 1029 1525 λαμβάνειν
1057 1479 1220 1521 ἅπαντα,
1247 1480 1358 1526 ὥσπερ

352 1537 391 1558 αν
417 1526 445 1556 εἰ
470 1525 505 1566 ἐξ
532 1526 638 1571 ἀρχῆς
665 1523 840 1569 ἐλάμβανέ
871 1537 922 1563 τις
955 1526 1032 1558 ἄνευ
1058 1526 1121 1563 τῆς
1146 1520 1356 1569 διαιρέσεως,

283 1569 438 1615 Διαφέρει
463 1565 501 1602 δέ
527 1582 560 1603 τι
586 1570 627 1603 τὸ
653 1571 785 1615 πρῶτον
810 1572 868 1601 καὶ
896 1569 1034 1615 ὕστερον
1061 1571 1127 1603 τῶν
1144 1582 1357 1616 κατηγορου-

350 1615 457 1660 μένων
486 1613 774 1662 κατηγορεῖσθαι,
810 1615 879 1646 οῐον
908 1616 1012 1647 εἰπεῖν
1043 1615 1127 1657 ζῷον
1160 1615 1283 1660 ἥμερον
1309 1611 1359 1648 δί-

351 1671 434 1692 πουν
466 1658 486 1696 ἦ
519 1655 638 1692 δίπουν
671 1660 755 1703 ζῷον
789 1658 924 1704 ἥμερον.
959 1661 996 1691 Εἰ
1021 1659 1086 1706 γάρ
1114 1658 1206 1692 ἅπαν
1235 1661 1270 1692 ἐκ
1296 1656 1357 1693 δύο

352 1705 438 1746 ἐστί,
456 1707 514 1736 καὶ
537 1704 569 1736 ’ἐν
588 1716 622 1738 τι
648 1705 688 1737 τό
714 1705 797 1747 ζῷον
817 1703 952 1749 ἥμερον,
971 1706 1030 1736 καὶ
1048 1704 1151 1737 πάλιν
1174 1706 1210 1737 ἐκ.
1230 1705 1358 1738 τούτου

348 1751 408 1782 καὶ
433 1750 496 1787 τῆς
521 1744 684 1794 διαφορᾶς
702 1750 718 1781 ὀ
738 1749 909 1793 ἅνθρωπος
930 1748 950 1786 ἦ
970 1749 986 1781 δ’
1008 1761 1042 1782 τι
1063 1744 1192 1786 δήποτ’
1214 1750 1291 1783 ἐστὶ
1317 1751 1359 1783 τὸ

352 1795 386 1827 ἓν
410 1793 600 1840 γινόμενον,
630 1795 818 1840 ἀναγκαῖον
845 1789 1039 1838 διελόμενον
1065 1793 1250 1828 αἰτεῖσθαι.

277 1838 355 1872 Ἔτι
381 1839 462 1884 πρὸς
492 1839 533 1872 τό
567 1834 672 1884 μηδὲν
704 1840 910 1883 παραλιπεῖν
942 1840 974 1871 ἑν
1001 1840 1048 1880 τῷ
1075 1841 1108 1872 τί
1143 1840 1234 1872 ἐστιν
1266 1839 1357 1872 οὕτω

350 1883 458 1929 μόνως
484 1879 675 1930 ἐνδέχεται.
696 1882 805 1917 Ὅταν
826 1883 890 1930 γάρ
908 1884 949 1917 τὸ
967 1885 1100 1928 πρῶτον
1118 1883 1229 1929 ληφθῇ
1247 1886 1356 1930 γένος,

353 1927 392 1961 ἄν
418 1928 477 1973 μὲν
504 1929 571 1961 τῶν
595 1927 751 1961 κάτωθέν
778 1939 857 1962 τινα
883 1923 1078 1973 διαιρέσεων
1103 1929 1279 1973 λαμβάνῃ,
1299 1930 1359 1961 οὐκ

351 1974 555 2018 ἐμπεσεῖται
590 1972 683 2006 ἅπαν
716 1973 761 2011 εὶς
792 1974 918 2014 τοῦτο,
956 1974 1023 2006 οἷον
1056 1974 1094 2006 οὗ
1126 1975 1194 2007 πᾶν
1226 1975 1310 2017 ζῷον
1337 1973 1359 2011 ἦ

353 2018 539 2062 ὀλόπτερον
565 2017 587 2055 ἦ
612 2017 850 2064 σχιζόπτερον,
871 2018 963 2051 ἀλλὰ
986 2018 1116 2055 πτηνὸν
1143 2019 1228 2061 ζῷον
1248 2018 1357 2052 ἅπαν·

352 2062 480 2097 τούτου
505 2063 570 2109 γάρ
596 2059 745 2108 διαφορά
769 2062 871 2100 αὕτη.
899 2062 1018 2108 Πρώτη
1043 2058 1082 2096 δὲ
1106 2059 1254 2109 διαφορά
1284 2064 1358 2097 ἐστι

350 2107 450 2151 ζῴου,
477 2109 522 2146 εἰς
548 2109 588 2145 ἦν
616 2107 709 2141 ἅπαν
738 2109 823 2151 ζῷον
857 2108 1033 2151 ἐμπίπτει.
1067 2110 1207 2153 Ὀμοίως
1235 2103 1272 2140 δέ
1297 2112 1355 2141 καὶ

353 2154 420 2185 τῶν
449 2153 558 2186 ἄλλων
578 2152 741 2195 ἑκάστου,
759 2155 818 2186 καὶ
843 2155 910 2186 τῶν
930 2153 993 2194 ἔξω
1010 2155 1113 2199 γενῶν
1130 2157 1188 2186 καὶ
1211 2155 1278 2187 τῶν
1297 2154 1353 2186 ὐπ’

353 2196 460 2239 αὑτό,
487 2199 555 2230 οἷον
581 2197 724 2242 ὄρνιθος,
751 2199 795 2236 εἰς
821 2199 861 2234 ἦν
889 2198 981 2231 ἅπαν
1008 2200 1111 2243 ὄρνις,
1137 2200 1196 2231 καὶ
1227 2197 1357 2245 ἰχθύος,

353 2243 397 2281 εἷς
424 2243 464 2279 ἦν
496 2242 587 2281 ἅπας
617 2243 628 2274 ἱ
655 2242 724 2281 θός.
763 2242 861 2276 Οὕτω
891 2243 951 2288 μὲν
978 2242 1036 2276 οὖν
1062 2239 1239 2286 βαδίζοντι
1265 2243 1358 2276 ἔστιν

351 2283 479 2319 εἰδέναι
506 2287 559 2321 ὅτι
585 2289 623 2320 οὐ
650 2288 682 2335 Ιἐν
706 2287 999 2332 παραλέλειπται·
1029 2289 1137 2327 ἄλλως
1155 2284 1193 2321 δέ
1217 2291 1275 2321 καὶ
1294 2300 1362 2321 πα-

352 2334 506 2377 ραλιπεῖν
534 2333 724 2379 ἀναγκαῖον
749 2334 807 2365 καὶ
833 2333 881 2377 μή
907 2329 1045 2366 εἰδέναι.

347 2429 497 2457 SYNOPSIS.
512 2445 546 2449 —
569 2438 592 2456 1.
608 2429 821 2466 Argumentum
844 2435 872 2456 et
893 2428 995 2456 divisio
1017 2435 1118 2456 textus.
1132 2444 1153 2451 -
1167 2436 1194 2457 2.
1211 2429 1286 2457 Cum
1308 2428 1361 2457 ali-

286 2468 351 2507 quis
373 2468 545 2506 negotiatur,
561 2469 599 2497 ad
613 2468 820 2503 definiendum,
835 2468 956 2505 aliquod
967 2475 1071 2503 totum,
1087 2478 1248 2506 congruum
1270 2474 1313 2496 est
1329 2475 1361 2496 ut

286 2509 382 2546 primo
404 2508 513 2537 dividat
533 2518 624 2546 genus
638 2508 668 2536 in
689 2508 815 2545 species3
831 2508 936 2536 deinde
957 2515 1047 2536 tentet
1061 2508 1191 2545 accipere
1217 2508 1362 2536 definitio-

286 2558 355 2578 nem
381 2549 559 2586 singulamm
586 2548 757 2585 specierum.
775 2565 796 2570 —
814 2549 840 2576 3.
863 2549 911 2576 Ad
932 2548 1164 2586 investigandum
1187 2548 1362 2577 differentias

285 2589 399 2627 generis
420 2589 529 2626 accepti
551 2595 682 2625 oportet,
704 2598 757 2625 per
781 2588 879 2626 aliqua
899 2588 1060 2617 accidentia
1085 2589 1269 2624 eommunia,
1291 2598 1363 2617 con-

409 2694 527 2733 ww.
556 2688 734 2730 ostquam
762 2681 1020 2730 Philosophus
1049 2681 1213 2718 ostendit
1235 2681 1362 2730 qualia

365 2733 381 2771 .’
409 2702 540 2799 ιίῖᾓξι
557 2742 707 2783 oportet
743 2747 827 2772 esse
855 2735 875 2756 '¹‘
908 2748 954 2772 ea
995 2747 1094 2783 quae
1130 2735 1362 2772 constituunt

356 2816 382 2832 ⁴*
409 2785 540 2839 {QZQss
557 2788 819 2826 definitionem
850 2788 1127 2836 significantem
1157 2789 1360 2825 essentiam

420 2839 458 2883 ⁴<
499 2839 537 2869 »Ψ
557 2842 621 2888 rei,
643 2841 705 2878 hic
733 2841 898 2879 ostendit
925 2843 1084 2892 qualiter
1113 2842 1278 2880 debeant
1305 2842 1359 2879 in-

567 2895 665 2932 circa
683 2895 759 2932 hoe
784 2896 865 2933 duo
894 2895 1160 2945 facitz-primo,
1181 2896 1362 2944 proponit

289 2949 453 2986 modum
472 2948 641 2985 maxime
662 2949 957 2986 convenientem
978 2950 1027 2986 ad
1052 2949 1361 2997 investigandum

290 3014 335 3038 ea
367 3014 467 3050 quae
497 3009 584 3038 sunt
611 3001 650 3038 in
679 3002 900 3039 definitione
919 3003 1112 3051 ponenda,
1134 3003 1274 3040 scilicet
1292 3015 1361 3052 per

289 3054 519 3092 divisionem
540 3056 560 3076 ’¹‘
589 3055 757 3102 gener183
792 3056 983 3102 secundo,
1012 3056 1121 3105 ponit
1150 3056 1360 3105 quemdam

290 3107 407 3146 aliurn
423 3108 586 3145 modum
600 3120 670 3157 per
683 3108 819 3145 similia
834 3116 870 3145 et
890 3109 1119 3156 differentia3
1140 3110 1212 3147 ibi:
1238 3110 1360 3151 Quae-

289 3174 375 3198 rere
393 3167 519 3199 autem
539 3167 685 3209 oportet
700 3162 720 3182 *
745 3169 814 3198 etc.
842 3162 951 3199 Circa
966 3163 1135 3211 primum
1156 3163 1233 3200 duo
1255 3162 1358 3199 facit:

289 3215 428 3264 primo,
450 3214 614 3251 ostendit
633 3215 739 3263 quod
759 3223 910 3263 oportet
927 3216 982 3252 uti
1006 3216 1193 3253 divisione
1213 3216 1360 3264 generis

290 3268 339 3305 ad
359 3268 668 3316 investigandum
688 3268 891 3316 particulas
911 3269 1159 3316 definitionis;
1177 3270 1358 3315 secundo,

291 3321 484 3358 ostendit*
498 3321 591 3370 quid
607 3329 781 3370 oporteat
795 3322 834 3359 in
848 3322 910 3359 tali
925 3322 1214 3370 investigatione
1231 3322 1360 3358 obser-

289 3375 387 3421 vari3
409 3375 476 3412 ibi:
496 3375 559 3411 Ad
571 3376 872 3423 consequendum
891 3381 1016 3412 autem
1040 3376 1241 3413 terminum
1254 3376 1274 3396 ’¹‘
1290 3382 1359 3411 etc.

291 3429 402 3465 Circa
415 3428 585 3477 primum
601 3428 678 3466 duo
694 3428 795 3465 facit:
812 3429 950 3478 primo,
963 3429 1128 3466 ostendit
1141 3428 1359 3474 veritatem;

344 3557 371 3595 α)
384 3560 476 3584 Primo
492 3559 598 3586 diuidat
610 3567 695 3593 genus
705 3565 781 3584 etc.—-
791 3569 804 3583 α
821 3560 936 3584 Primum
952 3568 1022 3593 ergo,
1037 3560 1123 3593 inquit
1139 3561 1257 3585 Clemens
1271 3561 1360 3589 Alex„

291 3596 450 3621 sumendum
469 3600 510 3620 est
527 3603 619 3628 genus,
635 3595 660 3619 in
674 3603 728 3628 quo
746 3601 808 3620 sunt
820 3603 850 3620 ea
864 3603 932 3628 quae
946 3601 1007 3620 sunt
1021 3596 1137 3628 proxima
1151 3595 1295 3628 supremis:
1315 3604 1362 3628 po—

291 3637 347 3656 stea
365 3631 513 3664 propinqua
537 3631 688 3656 differentia.
709 3631 918 3656 Differentiarum
941 3637 1027 3656 autem
1051 3631 1208 3656 continuatio
1232 3632 1314 3656 scissa
1336 3636 1362 3656 et

434 3684 504 3717 Opp.
523 3684 554 3709 D.
569 3684 683 3709 Tuomst-2
702 3684 734 3709 T.
749 3684 768 3708 1.

1478 821 1540 851 tur,
1558 814 1704 854 departiri
1720 823 1821 854 genus
1838 814 1871 843 in
1888 821 1995 844 atoma
2011 814 2113 853 specie
2130 814 2242 854 prima,
2261 822 2296 846 ut
2311 826 2483 847 numerum

1479 858 1511 889 in
1534 858 1706 889 trinitatem
1737 865 1766 888 et
1790 858 1993 896 dualitatem;
2018 866 2128 898 postea
2152 859 2195 889 sic
2219 859 2348 891 illorum
2372 861 2482 892 defini-

1478 904 1582 934 tiones
1613 903 1753 943 accipere
1777 909 1913 940 tentare,
1938 910 1973 933 ut
2003 910 2103 933 rectae
2133 904 2234 934 lineae
2259 912 2289 935 et
2317 906 2424 936 circuli
2453 913 2484 937 et

1479 949 1553 979 recti
1578 947 1696 988 anguli.

1392 1004 1394 1006 ’
1412 994 1488 1024 Post
1512 993 1589 1023 haec
1608 999 1716 1023 autem
1739 990 1947 1031 accipientem
1967 992 2045 1032 quid
2064 1002 2163 1032 genus
2183 993 2232 1030 sit,
2258 1001 2366 1024 utrum
2383 1005 2483 1035 quan-

1480 1037 1576 1068 titatis
1607 1037 1647 1067 sit
1670 1043 1726 1067 aut
1749 1035 1927 1076 qualitatis,
1959 1037 2102 1076 proprias
2133 1038 2296 1077 passiones
2329 1040 2483 1079 speculari

1480 1092 1536 1122 per
1559 1091 1745 1112 communia
1768 1087 1885 1120 prima;
1911 1081 2095 1120 compositis
2115 1082 2200 1112 enim
2219 1093 2255 1112 ex
2274 1084 2388 1114 atomis
2408 1094 2483 1115 con-

1479 1126 1637 1157 venientia
1661 1136 1697 1156 ex
1721 1124 1957 1155 definitionibus
1989 1133 2080 1156 erunt
2104 1126 2284 1165 manifesta,
2318 1136 2484 1168 propterea

1481 1171 1571 1211 quod
1595 1169 1788 1210 principium
1812 1176 1858 1199 est
1881 1169 2028 1199 omnium
2053 1170 2275 1202 definitionum
2296 1174 2384 1213 quod
2409 1174 2483 1203 sim-

1481 1215 1553 1255 plex
1577 1222 1632 1252 est,
1658 1221 1688 1244 et
1712 1214 1909 1253 simplicibus
1933 1224 1989 1253 per
2013 1225 2044 1244 se
2061 1214 2169 1246 insunt
2193 1218 2409 1248 convenientia
2433 1229 2483 1249 so-

1481 1260 1561 1297 lum,
1586 1259 1653 1289 aliis
1678 1266 1786 1289 autem
1809 1259 1986 1288 secundum
2009 1259 2072 1290 illa.

1413 1304 1430 1323 *
1444 1304 1623 1335 Divisiones
1648 1310 1766 1341 autem,
1787 1313 1869 1344 quae
1888 1311 1962 1333 sunt
1981 1304 2158 1334 secundum
2177 1305 2375 1345 differentias,
2394 1307 2484 1338 utiles

1482 1356 1556 1380 sunt
1578 1348 1610 1378 in
1634 1348 1682 1378 his
1706 1355 1742 1378 ut
1765 1348 1808 1378 sic
1832 1348 1998 1385 adeamus;
2023 1348 2103 1379 sicut
2126 1355 2232 1380 tamen
2256 1351 2484 1390 demonstrant,

1482 1394 1602 1424 dictum
1627 1400 1673 1423 est
1696 1392 1728 1422 in
1754 1392 1921 1433 prioribus.
1948 1393 2047 1423 Utiles
2071 1400 2178 1423 autem
2207 1403 2280 1426 sunt
2308 1396 2417 1436 utique
2442 1397 2484 1427 sic

1483 1439 1590 1468 solum
1614 1438 1653 1468 ad
1678 1437 1893 1477 colligendum
1910 1437 1999 1477 quod
2025 1437 2103 1478 quid
2120 1446 2181 1476 est;
2199 1446 2229 1470 et
2246 1440 2338 1470 etiam
2363 1441 2486 1471 videtur

1481 1483 1592 1523 utique
1611 1483 1657 1513 nil
1676 1482 1763 1519 utile,
1788 1482 1842 1512 sed
1862 1492 1937 1512 mox
1956 1482 2103 1512 videntur
2121 1483 2260 1523 accipere
2279 1485 2398 1522 omnia,
2418 1493 2485 1516 tan-

1480 1532 1579 1569 quam
1603 1527 1629 1558 si
1653 1537 1690 1558 ex
1713 1526 1868 1567 principio
1893 1527 2047 1567 acceperit
2069 1527 2183 1568 aliquis
2206 1529 2273 1559 sine
2297 1530 2462 1561 divisione.

1414 1572 1525 1603 Differt
1543 1580 1651 1603 autem
1674 1572 1795 1613 aliquid
1819 1571 1906 1612 prius
1927 1579 1957 1602 et
1976 1572 2134 1612 posterius
2156 1574 2486 1612 praedicamentorum

1482 1617 1668 1658 praedicari:
1696 1624 1731 1647 ut
1754 1624 1800 1647 est
1823 1616 1925 1646 dicere
1949 1616 2066 1646 animal
2090 1626 2293 1648 mansuetum
2318 1619 2416 1659 bipes,
2436 1620 2486 1650 vel

1482 1662 1571 1702 bipes
1591 1661 1707 1691 animal
1725 1668 1939 1691 mansuetum.
1964 1661 1996 1691 Si
2015 1661 2100 1691 enirn
2118 1672 2214 1692 omne
2230 1673 2267 1693 ex
2286 1664 2413 1694 duobus
2429 1671 2486 1703 est,

1483 1714 1514 1737 et
1537 1717 1639 1737 unum
1664 1706 1741 1746 quid
1758 1705 1797 1736 sit
1816 1705 1933 1735 animal
1951 1713 2165 1743 mansuetum,
2187 1714 2217 1737 et
2236 1707 2349 1738 iterum
2369 1718 2404 1738 ex
2423 1709 2486 1739 hoc

1483 1758 1513 1782 et
1532 1750 1704 1781 differentia
1728 1757 1774 1780 est
1789 1750 1901 1787 homo,
1918 1757 1973 1780 aut
1992 1751 2157 1791 quodlibet
2172 1758 2218 1782 est
2238 1762 2341 1782 unum
2360 1753 2414 1791 sic,
2433 1763 2486 1784 ne-

1483 1805 1568 1826 cesse
1592 1802 1638 1825 est
1661 1795 1854 1825 dividentem
1878 1801 1992 1835 petere.

1415 1840 1564 1880 Amplius
1589 1847 1696 1870 autem
1720 1841 1760 1870 ad
1784 1840 1828 1870 nil
1853 1839 2097 1880 relinquendum
2119 1840 2151 1870 in
2171 1850 2210 1871 eo
2226 1841 2314 1881 quod
2332 1841 2409 1882 quid
2429 1850 2485 1881 est,

1483 1885 1526 1915 sic
1551 1885 1760 1915 solummodo
1778 1884 1940 1924 contingit.
1967 1884 2052 1915 Cum
2072 1884 2156 1914 enim
2177 1885 2316 1925 primum
2337 1886 2487 1927 accipitur

1482 1939 1592 1970 genus,
1618 1929 1643 1959 si
1667 1929 1798 1969 quidem
1823 1928 2008 1959 inferiorum
2031 1928 2170 1969 aliquam
2196 1929 2383 1960 divisionem
2407 1931 2485 1962 acci-

1482 1974 1558 2014 piat,
1575 1983 1642 2004 non
1660 1974 1776 2004 incidet
1796 1983 1892 2004 omne
1908 1973 1939 2003 in
1960 1974 2036 2011 hoc,
2055 1981 2089 2004 ut
2104 1984 2169 2004 non
2185 1984 2280 2005 omne
2296 1975 2411 2005 animal
2432 1983 2487 2007 aut

1482 2019 1619 2049 totalum
1643 2025 1689 2049 est
1712 2025 1767 2049 aut
1791 2018 1927 2048 divisum
1952 2018 2078 2058 pennis;
2103 2019 2156 2048 sed
2176 2026 2351 2059 pennatum
2370 2020 2487 2051 animal

1483 2070 1529 2094 est
1548 2073 1660 2101 omne,
1681 2063 1776 2094 huius
1795 2063 1880 2093 enirn
1901 2062 2072 2093 differentia
2087 2063 2163 2093 haec
2180 2071 2235 2094 est.
2256 2064 2361 2094 Prima
2379 2072 2487 2095 autem

1483 2115 1529 2139 est
1551 2108 1723 2139 differentia
1746 2108 1901 2144 animalis,
1926 2107 1958 2138 in
1978 2118 2075 2148 quam
2100 2113 2196 2138 omne
2220 2108 2337 2139 animal
2360 2108 2485 2147 incidit;

1482 2153 1624 2184 similiter
1641 2159 1748 2183 autem
1765 2160 1811 2183 est
1823 2152 1855 2182 in
1870 2162 2069 2193 unoquoque
2086 2152 2232 2190 aliorum,
2253 2160 2282 2183 et
2297 2153 2329 2183 in
2343 2153 2390 2183 his
2403 2164 2486 2194 quae

1483 2205 1567 2228 extra
1590 2207 1690 2237 genus
1721 2204 1750 2228 et
1778 2207 1859 2238 quae
1884 2197 1942 2227 sub
1966 2197 2042 2237 ipsis
2066 2204 2159 2234 sunt,
2180 2204 2215 2227 ut
2238 2198 2270 2227 in
2295 2208 2351 2228 ave
2370 2198 2401 2227 in
2422 2208 2486 2238 qua

1482 2249 1528 2273 est
1547 2242 1651 2272 omnis
1671 2242 1746 2279 avis,
1772 2249 1802 2272 et
1825 2242 1856 2271 in
1877 2241 1961 2282 pisce
1980 2241 2011 2271 in
2032 2252 2098 2282 quo
2118 2248 2165 2272 est
2183 2242 2287 2272 omnis
2307 2242 2410 2282 piscis.
2436 2242 2486 2273 Sic

1482 2287 1577 2327 igitur
1599 2286 1725 2317 vadenti
1750 2293 1796 2316 est
1819 2286 1896 2316 scire
1920 2286 2075 2326 quoniam
2096 2286 2139 2316 nil
2156 2286 2301 2316 relictum
2321 2294 2380 2325 est;
2398 2287 2488 2317 aliter

1483 2338 1590 2363 autern
1613 2331 1789 2371 relinquere
1813 2338 1859 2361 est
1883 2340 2019 2369 necesse,
2044 2338 2075 2361 et
2097 2341 2164 2361 non
2188 2331 2275 2361 scire.

1415 2427 1541 2456 siderare
1562 2427 1695 2464 proprias
1716 2426 1883 2463 passiones,
1905 2436 1980 2463 quae
2002 2433 2069 2454 sunt
2090 2426 2171 2463 signa
2190 2426 2401 2454 manifestantia
2428 2427 2487 2455 for—

1415 2477 1478 2496 mas
1493 2467 1624 2504 proprias
1646 2467 1816 2504 specierum.
1829 2484 1848 2488 -
1859 2477 1887 2501 4.
1902 2468 1957 2494 Per
1978 2466 2063 2494 istum
2080 2473 2177 2495 tamen
2206 2476 2374 2503 processum
2390 2474 2487 2495 osten-

1415 2508 1492 2535 ditur
1519 2508 1595 2544 quod
1625 2508 1694 2544 quid
1723 2512 1781 2540 est,
1812 2507 1863 2534 sed
1890 2516 1952 2534 non
1982 2506 2174 2544 syllogizatur.
2194 2524 2212 2528 -
2233 2507 2258 2535 5.
2287 2508 2385 2534 Partes
2413 2516 2487 2543 quae

1416 2554 1604 2576 assumuntur
1631 2547 1661 2575 in
1689 2547 1867 2582 definitione,
1889 2547 1996 2575 debent
2018 2556 2080 2575 esse
2101 2547 2269 2582 ordinatae;
2287 2563 2306 2567 -
2320 2548 2347 2575 6.
2370 2548 2405 2574 Et
2426 2556 2488 2575 non

1416 2587 1585 2616 diminutae.

1417 2680 1599 2727 secundo,
1622 2680 1786 2717 excludit
1805 2692 1997 2725 errorem;
2018 2679 2085 2716 ibi:
2106 2680 2215 2716 Nihil
2233 2686 2356 2717 autem
2378 2692 2486 2728 opor-

1416 2740 1467 2771 tet
1478 2734 1700 2771 dividentem
1714 2734 1733 2754 ²⁸
1745 2742 1814 2770 etc.
1833 2734 1943 2771 Circa
1958 2733 2125 2782 primum
2141 2733 2210 2770 tria
2230 2733 2331 2770 facit:
2347 2734 2485 2782 primo,

1417 2788 1582 2825 ostendit
1609 2787 1770 2836 qualiter
1802 2800 1872 2836 per
1901 2787 2129 2824 divisionem
2158 2787 2304 2834 generis
2335 2787 2486 2824 investi-

1417 2849 1551 2890 gentur
1577 2841 1808 2878 'definitionis
1835 2841 2058 2890 particulae;
2087 2840 2269 2886 secundo,
2287 2842 2485 2888 quomodo

1416 2908 1619 2944 processus
1640 2894 1836 2932 divisionis
1851 2895 1871 2915 ’¹‘
1886 2895 1932 2931 sit
1950 2894 2048 2930 utilis
2068 2894 2117 2931 ad
2137 2894 2393 2942 propositum;
2414 2893 2483 2930 ibi:

1417 2950 1630 2986 Divisiones
1644 2954 1769 2985 autem
1785 2960 1882 2996 quae
1895 2948 2014 2984 sunt*
2029 2955 2116 2993 etc.;
2137 2947 2263 2994 tertio,
2285 2947 2484 2995 quomodo

1417 3011 1504 3039 sunt
1533 3002 1706 3039 cavenda
1734 3015 1795 3048 ea,
1817 3014 1916 3050 quae
1937 3001 2035 3038 circa
2055 3002 2157 3038 hunc
2176 3013 2400 3049 processum
2421 3001 2485 3038 de-

1417 3056 1558 3093 fectum
1579 3056 1760 3093 inducere
1788 3062 1964 3104 possunt;
1985 3054 2052 3091 ibi:
2073 3055 2213 3104 Differ!
2231 3060 2355 3091 autem
2375 3055 2395 3075 '¹‘
2414 3062 2483 3091 etc.

1418 3109 1529 3146 Circa
1557 3109 1726 3158 primum
1761 3109 1837 3145 duo
1874 3108 1974 3145 facit:
2002 3108 2127 3157 primo
2140 3138 2148 3152 ‚
2184 3108 2347 3144 ostendit
2380 3108 2486 3156 quod

1418 3170 1568 3211 oportet
1595 3162 1648 3199 uti
1678 3162 1864 3199 divisione
1893 3162 2039 3209 generis
2060 3161 2108 3198 ad
2129 3161 2406 3205 definiendum;
2428 3174 2484 3197 se-

1418 3216 1566 3261 eundo,
1588 3223 1789 3263 quomodo
1817 3223 1967 3263 oportet
1991 3215 2161 3263 accipere
2187 3215 2417 3252 differentias
2441 3216 2482 3260 *3
2513 3230 2524 3241 ·

1417 3268 1488 3305 ibi:
1518 3270 1608 3305 Post
1634 3274 1758 3305 autem
1787 3275 1938 3316 accepto
1968 3270 1988 3288 ⁴*
2018 3276 2085 3305 etc.

1472 3333 1506 3358 2.
1538 3321 1638 3358 Dicit
1666 3333 1755 3369 ergo
1784 3322 1909 3370 primo
1931 3322 2034 3370 quod
2055 3333 2142 3357 cum
2163 3321 2295 3370 aliquis
2320 3322 2402 3358 vult
2421 3333 2484 3358 ne-

1417 3374 1560 3422 gotiari,
1582 3375 1630 3411 ad
1651 3374 1927 3421 definiendum,
1950 3375 2103 3424 aliquod
2133 3380 2261 3420 totum,
2282 3375 2378 3411 idest
2402 3374 2484 3411 uni-

1416 3428 1575 3474 versale,
1593 3440 1805 3476 congruum
1826 3435 1882 3465 est
1900 3435 1942 3465 ut
1958 3428 2084 3477 primo
2106 3427 2249 3465 dividat
2271 3440 2390 3476 genus
2409 3434 2427 3449 α
2446 3428 2485 3465 in

1418 3559 1498 3584 divisa
1521 3560 1635 3592 complet
1654 3559 1716 3591 quid
1730 3560 1762 3584 sit
1775 3567 1841 3589 esse,
1857 3567 1903 3584 seu
1918 3560 1954 3584 rei
1968 3559 2107 3584 essentiam
2122 3567 2151 3584 ac
2166 3559 2338 3584 definitionem
2347 3577 2369 3584 ..
2379 3578 2385 3584 .
2399 3560 2488 3592 Atque

1417 3603 1500 3627 genus
1521 3595 1628 3627 quidem
1648 3595 1692 3624 rei,
1712 3602 1779 3627 quae
1798 3595 1937 3627 quaeritur,
1954 3595 2091 3619 dividimus
2106 3596 2130 3619 in
2144 3603 2187 3619 eas
2207 3603 2274 3627 quae
2288 3595 2310 3620 ei
2325 3596 2413 3620 insunt
2428 3603 2487 3627 spe-

1418 3631 1482 3655 cies:
1502 3635 1530 3655 ut
1550 3630 1662 3663 exempli
1681 3638 1768 3659 causa.
1787 3630 1812 3655 in
1831 3630 1951 3660 homine,
1970 3631 2064 3655 animal
2084 3631 2155 3663 quod
2174 3636 2215 3655 est
2232 3639 2329 3663 genus,
2348 3631 2486 3656 dividimus

2276 3684 2344 3716 48*

2509 805 2578 827 Text.
2588 806 2619 827 18.

2512 1312 2522 1322 ⁸
2536 1312 2605 1334 Text.
2617 1318 2650 1340 ¹9-

2516 2756 2524 2763 ”
2539 2754 2603 2776 Lect.
2618 2760 2667 2782 seq.

2515 2909 2523 2916 ”
2540 2908 2616 2929 Codd.
2626 2919 2636 2924 -
2646 2915 2671 2930 ¹³:
2687 2909 2728 2930 de-

2507 2935 2638 2962 finitionis.

2514 2966 2525 2977 ⁴
2540 2966 2611 2988 Num.
2621 2973 2644 2993 4.

2515 3073 2525 3082 ⁸
2540 3072 2611 3094 Num.
2626 3078 2645 3100 5.

2539 3237 2552 3251 Ρ
2567 3234 2588 3252 et
2610 3237 2633 3258 p.
2653 3237 2685 3253 m.
2703 3238 2725 3253 1:

2514 3257 2690 3285 dgfferentiamy
2718 3264 2726 3279 ι

2513 3290 2574 3305 sana
2584 3284 2726 3312 differentia.

2511 3310 2523 3320 ⁸
2538 3312 2607 3332 Num.
2618 3317 2638 3338 3.

2611 3445 2628 3461 α
