2788 4204
304 238 374 286 198

296 329 417 353 unum
446 328 582 364 genus,
616 315 769 364 quando
799 314 1001 350 assumitur
1029 313 1125 349 circa
1145 312 1357 348 subiectum

298 369 422 418 aliqua
454 368 664 406 differentia
697 375 871 404 extranea
907 379 929 402 a
957 373 1090 402 natura
1122 365 1218 400 illius
1246 376 1359 411 gene-

299 423 363 469 ris;
393 422 487 458 sicut
513 421 655 459 visuale
683 428 738 457 est
766 427 984 456 extraneum
1013 431 1035 454 a
1063 429 1200 465 genere
1219 417 1356 464 lineae,

60 489 271 511 'Estextraneus
300 483 336 512 et
366 487 479 511 sonus
513 482 567 510 est
601 481 796 510 extraneus
814 473 834 493 '¹‘
862 484 883 508 a
911 482 1048 518 genere
1082 470 1240 507 numeri.
1276 471 1358 507 Nu-

61 522 89 538 ex
103 516 171 538 codd.

63 597 69 605 ·
80 600 270 620 Βωῑιιωακετ.

64 633 74 637 -
82 627 108 642 r:
123 627 232 643 sonorus.

299 540 427 565 merus
455 539 543 574 ergo
570 526 793 573 simpliciter,
823 524 887 572 qui
916 531 972 559 est
998 536 1117 571 genus
1146 523 1358 560 subiectum

298 580 564 626 arithmeticae,
586 586 621 615 et
635 589 815 614 numerus
834 588 1018 613 sonorum
1036 577 1066 622 ³¹²,
1083 575 1147 624 qui
1168 583 1223 612 est
1241 589 1359 624 genus

299 633 510 670 subiectum
538 631 725 676 musicae,
758 641 837 665 non
865 636 951 665 sunt
978 641 1099 665 unum
1128 640 1246 676 genus
1273 629 1360 665 sim-

63 699 272 727 ·1221mp1.,.=ea
293 686 440 735 pliciter
457 686 488 721 *.
521 683 696 720 Similiter
728 690 854 718 autem
887 694 959 718 nec
991 682 1089 718 linea
1122 682 1358 730 simpliciter,

61 726 97 748 sic
110 725 154 751 (Cf.
165 728 249 753 supra).

58 1335 67 1343 ²
79 1333 223 1355 Ertrernitas
240 1340 267 1354 ex

55 1359 124 1382 codd.
140 1371 150 1376 -
167 1366 210 1382 er:
233 1361 269 1381 est

56 1386 187 1407 subiectum.

58 1413 76 1422 ··
99 1412 135 1434 Cf.
150 1413 201 1434 lect.
218 1418 267 1439 vm,

56 1447 104 1465 not.
119 1449 144 1474 ρ.

57 1474 65 1482 ·
76 1480 98 1495 c:
109 1474 133 1495 in
144 1474 222 1495 eodem
230 1480 270 1501 ge—

59 1506 123 1521 nere.

62 1542 71 1550 '¹
80 1539 151 1562 Num.
165 1547 188 1566 4.

158 1599 165 1614 t

58 1758 64 1764 ·
77 1755 159 1776 Codd.:
175 1756 268 1777 demon-

55 1782 216 1803 strationibus.
233 1782 268 1804 ef.

58 1808 156 1835 princip.
175 1809 242 1830 huius

52 1839 118 1856 num.

299 750 414 786 quam
435 736 645 773 considerat
663 742 869 783 geometra,
892 742 928 771 et
946 735 1044 771 linea
1057 735 1225 782 visualis,
1243 747 1359 783 quam

299 790 511 827 considerat
527 787 798 837 perspectiVUS.
820 788 931 824 Unde
951 795 1053 836 patet
1072 787 1175 835 quod
1205 788 1359 836 quando

299 855 362 888 ea,
392 854 489 890 quae
518 849 604 877 sunt
630 840 751 877 lineae
779 840 1015 888 simpliciter,
1050 840 1284 889 applicantur
1312 841 1361 878 ad

296 895 435 932 lineam
463 894 660 940 visualem,
689 893 732 929 fit
760 893 1050 941 quodammodo
1084 894 1288 931 descensus
1322 894 1361 930 in

297 947 397 984 aliud
425 959 563 994 genus:
597 959 675 983 non
704 953 831 982 autem
865 946 1019 994 quando
1049 959 1114 994 ea,
1148 959 1246 994 quae
1276 955 1362 984 sunt

297 1000 477 1047 trianguli,
507 999 742 1048 applicantur
769 999 817 1036 ad
846 999 1045 1036 isoscelem
1059 997 1082 1036 ⁰.

349 1054 384 1089 6.
415 1052 612 1098 Secundo3
643 1052 714 1088 ibi:
733 1053 799 1088 Ex
826 1053 955 1089 eodem
984 1053 1082 1089 enim
1109 1064 1250 1102 genere
1278 1060 1359 1100 etc.,

296 1105 458 1142 ostendit
488 1105 726 1154 propositum
759 1105 834 1141 hoc
866 1105 997 1143 modo.
1035 1106 1196 1154 Oportet
1227 1106 1265 1143 in
1299 1106 1362 1143 de-

295 1158 567 1195 monstratione
596 1158 766 1195 eiusdem
795 1158 942 1205 generis
971 1171 1053 1195 esse
1081 1159 1208 1196 medIa
1237 1167 1273 1196 et
1301 1172 1362 1196 ex-

295 1219 425 1248 trema.
442 1212 623 1248 Extrema
641 1218 770 1247 autem
789 1211 828 1247 in
848 1211 1091 1248 conclusione
1112 1212 1360 1249 continentur.

294 1265 398 1301 Nam
435 1263 558 1300 maior
586 1263 799 1312 extremitas
827 1264 865 1300 in
894 1264 1136 1301 conclusione
1174 1273 1229 1302 est
1255 1278 1363 1314 prae-

295 1317 481 1362 dicatum;
510 1316 637 1353 minor
662 1329 756 1354 vero
786 1317 1001 1354 extremitas
1017 1318 1038 1339 ⁸
1065 1317 1277 1354 subiectum
1300 1319 1361 1364 **;

295 1369 465 1407 medium
494 1377 621 1406 autem
650 1369 688 1406 in
714 1369 931 1418 praemissis
951 1370 1171 1407 continetur.
1202 1371 1364 1420 Oportet

296 1423 404 1470 igitur
417 1423 599 1472 principia
614 1430 650 1459 et
674 1423 934 1460 conclusiones
959 1423 1056 1460 circa
1079 1423 1213 1460 idern*
1242 1436 1362 1471 genus

297 1476 406 1513 sumi.
433 1476 533 1512 Cum
563 1483 689 1512 autem
718 1476 807 1512 huic
836 1476 1143 1513 coniunxerimus
1171 1476 1275 1524 quod
1307 1476 1360 1513 di-

295 1541 428 1566 versae
461 1529 636 1565 scientiae
656 1530 675 1548 ⁴⁸
705 1529 777 1566 sint
805 1529 903 1565 circa
931 1529 1080 1566 diversa
1108 1541 1247 1576 genera
1275 1530 1363 1566 sub-

296 1582 391 1618 iecta
409 1589 437 1628 ¹;
459 1594 504 1618 ex
523 1581 742 1619 necessitate
771 1582 938 1630 sequitur
965 1582 1070 1630 quod
1099 1594 1145 1618 ex
1172 1582 1362 1631 principiis

295 1635 406 1671 unius
435 1634 610 1671 scientiae
642 1647 722 1672 non
755 1635 1002 1672 concludatur
1039 1635 1178 1683 aliquid
1216 1635 1254 1672 in
1287 1635 1359 1672 alia

297 1687 460 1734 scientia,
490 1700 588 1736 quae
616 1700 694 1725 non
716 1688 761 1725 sit
788 1688 858 1725 sub
888 1700 933 1725 ea
960 1688 1094 1737 posita.

350 1740 465 1786 Quod
481 1748 608 1778 autern
623 1741 662 1778 in
681 1741 1035 1778 demonstratione*
1049 1748 1222 1790 oporteat
1236 1741 1364 1778 media

297 1801 333 1830 et
361 1801 528 1830 extrema
557 1794 667 1831 unius
695 1795 841 1842 generis
870 1806 964 1841 esse,
994 1794 1047 1831 sic
1074 1795 1221 1843 probat.
1243 1795 1364 1831 Detur

297 1847 398 1883 enim
426 1847 531 1894 quod
560 1847 805 1886 mediumsit
832 1847 982 1884 alterius
1010 1847 1157 1895 generis
1177 1848 1224 1884 ab
1246 1855 1363 1884 extre-

296 1900 378 1946 mis,
409 1899 503 1936 sicut
522 1900 552 1936 si
572 1908 740 1937 extrema
758 1900 831 1937 sint
849 1900 1062 1950 triangulus
1081 1908 1117 1937 et
1134 1901 1273 1937 habere
1291 1906 1364 1937 tres

294 2065 431 2094 geometra
446 2061 478 2086 de
493 2061 629 2093 triangulo
639 2061 771 2093 procedat
784 2061 822 2086 ad
836 2061 1072 2086 demonstrandum
1087 2062 1190 2094 aliquid
1204 2062 1236 2087 de
1255 2062 1361 2087 isoscele

295 2096 382 2129 (etiam
403 2096 439 2126 Q,
457 2096 491 2121 de
511 2096 625 2128 isoscele)
645 2097 685 2122 vel
703 2097 736 2121 de
754 2097 844 2129 aliqua
867 2097 951 2128 specie
974 2097 1118 2130 triangu1i;
1136 2098 1171 2122 R:
1190 2098 1215 2122 si
1232 2098 1290 2129 quis
1309 2104 1361 2129 per

291 2131 426 2164 principia
445 2131 657 2156 demonstrantia
681 2132 784 2164 aliquid
802 2132 835 2156 de
853 2132 990 2165 triangulo
1010 2133 1205 2157 etc.-Cod.'M
1223 2132 1302 2157 verba
1320 2139 1360 2158 se-

293 2167 409 2192 cundum
428 2167 493 2199 quid
510 2170 598 2191 autem
618 2172 666 2192 etc.
684 2175 769 2199 usque
787 2167 820 2191 ad
837 2167 928 2200 aliqua
947 2167 1098 2201 differentia
1116 2168 1241 2192 inclusive
1258 2167 1360 2193 omittit.

295 2203 346 2227 Sed
365 2207 405 2226 est
424 2202 547 2226 mendum
568 2202 740 2227 manifestum.

348 2235 371 2271 θ)
396 2237 470 2262 Unde
484 2241 562 2269 patet
576 2242 623 2262 etc.
633 2252 651 2256 —-
661 2237 825 2262 Manifestum
840 2243 880 2262 est
896 2245 958 2270 ergo
973 2239 1044 2270 quod
1058 2246 1088 2263 ea
1102 2246 1169 2271 quae
1183 2243 1245 2263 sunt
1258 2239 1359 2263 numeri

295 2273 502 2297 demonstrantur
520 2273 552 2297 ab
571 2272 727 2297 arithmetica
752 2280 799 2305 per
817 2273 941 2306 principia
959 2274 1007 2298 sibi
1029 2274 1141 2306 propria,
1161 2274 1227 2298 sicut
1245 2282 1274 2298 ea
1294 2281 1360 2306 quae

294 2313 355 2332 sunt
374 2308 455 2332 lineae
474 2307 624 2340 simpliciter
643 2308 851 2332 demonstrantur
863 2316 878 2332 a
892 2309 1032 2340 geometria
1049 2317 1095 2342 per
1113 2309 1237 2342 principia
1255 2309 1359 2342 propria

295 2343 457 2375 geometriae.
482 2344 516 2368 At
534 2348 622 2367 contra
641 2351 670 2368 ea
689 2351 756 2375 quae
776 2349 836 2368 sunt
857 2345 971 2368 musicae
990 2350 1015 2369 et
1033 2345 1209 2376 perspectivae
1227 2352 1279 2369 non
1299 2349 1360 2369 sunt

294 2379 393 2403 obiecta
412 2378 515 2411 propria
530 2383 555 2403 et
568 2378 719 2411 simpliciter
736 2378 910 2404 arithmeticae
924 2384 950 2404 et
963 2380 1127 2411 geometriae,
1144 2387 1190 2404 nec
1209 2385 1296 2404 tamen
1315 2380 1359 2404 de-

295 2419 470 2438 monstrantur
487 2421 534 2446 per
552 2413 674 2446 principia
688 2414 790 2446 propria
803 2414 916 2439 musicae
931 2420 955 2439 et
969 2415 1152 2448 perspecfivae,
1168 2415 1214 2440 sed
1229 2423 1276 2448 per
1289 2415 1358 2448 prin-

295 2449 360 2482 cipia
379 2449 513 2481 supposita
532 2453 558 2473 et
576 2454 679 2481 accepta
698 2454 725 2473 ut
744 2454 811 2474 certa
830 2456 860 2474 ex
879 2449 1036 2475 arithmetica
1055 2455 1081 2475 et
1105 2451 1252 2482 geometria.
1278 2450 1359 2475 Porro

295 2484 344 2508 hoc
359 2485 468 2516 pertinet
477 2484 508 2508 ad
523 2484 767 2508 subalternationem
778 2484 954 2515 scientiarum
969 2485 1002 2510 ita
1017 2493 1111 2517 nempe
1124 2490 1154 2510 ut
1168 2486 1280 2515 scientia,
1291 2493 1359 2518 quae

295 2519 385 2551 accipit
404 2527 451 2543 sua
474 2519 597 2552 principia
616 2519 647 2543 ab
666 2519 746 2544 altera
765 2519 869 2544 scientia
893 2520 1032 2552 superiori,
1058 2521 1155 2545 dicatur
1176 2521 1359 2546 subalternam

295 2554 366 2579 alteri
381 2562 412 2579 ex
431 2562 483 2587 qua
501 2554 591 2587 accipit
604 2554 740 2587 principia,
759 2560 785 2579 et
800 2562 867 2587 quae
881 2555 939 2580 ideo
954 2561 1060 2580 vocatur
1074 2556 1259 2581 subalternans
1271 2564 1359 2589 respe-

296 2594 337 2614 ctu
356 2597 422 2658 suae)
437 2589 625 2614 subalternatae
644 2588 693 2622 (Cf.
708 2597 729 2614 s.
743 2589 793 2614 Th.
808 2598 833 2622 p.
849 2590 871 2620 1,
887 2598 931 2622 qu.
942 2598 958 2620 1,
974 2591 1042 2615 artic.
1057 2598 1085 2621 n,
1099 2599 1158 2616 cum
1180 2592 1359 2616 Commentar-

296 2624 406 2650 Caietani
426 2643 432 2649 .

349 2659 366 2694 ι)
390 2660 455 2684 Cum
473 2663 562 2685 autem
577 2660 637 2685 huic
649 2660 903 2690 coniunxerimus...;
922 2667 960 2685 ex
978 2661 1132 2686 necessitate
1149 2662 1269 2694 sequitur
1282 2666 1360 2687 etc.—

295 2695 369 2720 Hanc
388 2695 525 2720 lectionem
543 2695 711 2727 praetulimus
730 2695 836 2720 Pianae:
855 2703 914 2720 cum
933 2699 1021 2720 autem
1033 2696 1155 2727 superius
1170 2697 1359 2722 dixerimus...

295 2737 333 2755 ex
345 2730 498 2755 necessitate
506 2738 514 2753 :
526 2731 646 2763 sequitur
655 2735 730 2755 etc.-
740 2731 840 2755 Etenim
852 2731 926 2755 codd.
935 2731 1168 2756 ABCDHKNOST
1183 2732 1283 2763 legunt:
1298 2739 1358 2757 cum

295 2769 383 2790 autem
399 2766 460 2790 huic
473 2765 691 2790 coniunxerimus
706 2765 734 2797 (S
744 2766 857 2790 secunda
870 2773 948 2790 manu
962 2767 1114 2798 expungitur
1127 2766 1194 2796 huic,
1211 2771 1235 2791 et
1249 2767 1358 2792 coniun-

294 2801 418 2825 xerimus
437 2801 528 2833 corrig.
543 2802 568 2825 in
582 2801 782 2833 coniunximus)
797 2801 868 2833 quod
882 2801 1003 2826 diversae
1015 2801 1142 2826 scientiae
1159 2805 1221 2827 sunt
1232 2802 1305 2827 eirca
1318 2802 1358 2826 di-

295 2843 372 2861 versa
384 2843 486 2869 genera
497 2836 629 2865 subiecta3
646 2843 684 2861 ex
698 2836 852 2861 necessitate
866 2836 986 2868 sequitur
998 2842 1045 2861 etc.
1061 2837 1133 2866 Quae
1148 2837 1223 2861 lectio
1237 2842 1276 2862 est
1291 2842 1358 2862 certe

295 2871 403 2895 aliorum
427 2871 514 2901 codd.,
540 2872 659 2904 quamvis
684 2871 869 2904 aliquantulum
889 2876 1016 2904 corrupta.
1036 2872 1092 2896 EL:
1112 2879 1171 2897 cum
1190 2875 1279 2897 autem
1298 2872 1359 2897 huic

294 2906 494 2940 contingimus:
507 2907 543 2932 G:
558 2914 619 2932 cum
637 2910 726 2932 autem
741 2907 801 2932 huic
814 2907 1018 2936 coniunximus;
1037 2907 1060 2931 1:
1074 2914 1133 2932 cum
1148 2907 1236 2932 adhuc
1249 2907 1358 2932 coniun-

293 2942 429 2970 xerimus:
447 2942 513 2972 MQ:
532 2949 592 2967 cum
606 2946 695 2967 autem
710 2942 753 2967 hic
770 2942 992 2975 coniungimus.—-
1003 2942 1070 2967 Hinc
1084 2942 1171 2967 lectio:
1190 2950 1249 2967 cum
1268 2946 1357 2968 autem

294 2976 354 3002 huic
372 2977 591 3002 coniunxerimus
609 2982 666 3007 etc.,
685 2977 748 3002 mihi
766 2977 822 3002 visa
841 2983 881 3002 est
899 2978 1043 3010 adoptanda
1057 2984 1087 3002 ex
1107 2978 1181 3002 codd.
1196 2978 1357 3008 auctoritate;

294 3012 430 3044 praecipue
448 3020 511 3038 vero
530 3012 590 3045 quia
609 3012 691 3044 magis
704 3012 805 3037 videtur
817 3013 934 3037 connecti
949 3020 1008 3037 cum
1029 3013 1193 3037 conclusione
1211 3013 1358 3038 immediate

294 3052 352 3072 ante
371 3047 453 3072 illata:
476 3047 588 3079 Oportet
606 3048 691 3080 igitur
709 3049 908 3072 erm-Venetae
921 3048 979 3072 edd.
993 3055 1058 3080 1477
1074 3052 1100 3072 et
1117 3046 1183 3081 1496
1202 3048 1359 3073 concordant

295 3090 354 3107 cum
373 3082 459 3107 Piana.
472 3095 491 3102 ·-
504 3083 586 3107 Codd.
601 3083 691 3108 CELR
710 3082 775 3108 infra
794 3083 895 3115 legunt:
920 3083 991 3115 quod
1009 3090 1061 3108 non
1086 3083 1122 3108 sit
1139 3083 1186 3108 sub
1205 3090 1236 3108 ea
1257 3084 1357 3115 posita.

295 3117 367 3147 Quae
386 3118 475 3148 lectio,
494 3118 530 3143 uti
548 3119 620 3149 iacet,
634 3118 779 3150 adoptanda
793 3126 844 3143 non
859 3123 913 3143 est:
933 3123 1020 3143 utrum
1032 3125 1095 3143 vero
1110 3126 1281 3144 amanuenses
1295 3120 1357 3144 scri-

295 3153 392 3184 pserint
409 3153 481 3185 quod
499 3161 546 3185 pro
559 3160 639 3186 quae,
654 3154 695 3178 vel
710 3159 799 3178 contra
813 3153 905 3185 posita
923 3161 970 3185 pro
985 3153 1111 3185 positum,
1127 3158 1152 3178 et
1166 3159 1358 3186 consequenter

294 3188 399 3212 innuant
413 3189 438 3212 in
458 3189 596 3219 codicibus,
611 3196 641 3213 ex
660 3188 755 3221 quibus
775 3193 950 3221 sumpserunt,
966 3188 1031 3213 hanc
1046 3189 1195 3214 lectionem:
1215 3189 1286 3221 quoa
1304 3197 1356 3215 non

294 3223 330 3248 sit
346 3223 394 3248 sub
413 3230 445 3248 ea
458 3224 590 3255 positum,
610 3231 690 3256 penes
709 3224 818 3248 lectores
838 3224 870 3248 sit
888 3224 1018 3248 iudicium.

347 3256 373 3292 a)
393 3259 453 3283 Per*
462 3265 490 3284 se
508 3258 604 3284 inesset
621 3266 702 3284 aeneo
721 3263 770 3284 etc.
782 3271 802 3278 —-
814 3259 877 3284 Cod.
889 3259 913 3284 O
932 3259 1026 3284 omittit
1039 3266 1092 3291 per
1108 3266 1136 3284 se
1141 3266 1151 3288 ,·
1169 3259 1216 3284 sed
1234 3267 1356 3284 erronee:

295 3300 354 3317 nam
374 3293 399 3317 in
418 3293 467 3318 illis
486 3294 571 3319 verbis
591 3294 705 3319 facienda
724 3299 764 3319 est
781 3294 829 3324 vis,
843 3299 872 3318 ut
884 3299 954 3327 patet
967 3302 997 3319 ex
1016 3295 1073 3326 ipso
1092 3295 1211 3327 exemplo
1230 3295 1263 3320 de
1280 3295 1356 3320 trisn-

295 3329 363 3359 gulo,
382 3333 407 3353 et
425 3336 456 3353 ex
474 3329 599 3354 declarata
614 3335 703 3354 namra
717 3329 951 3360 demonstrationis,
966 3337 1032 3362 quae
1046 3334 1087 3354 est
1100 3330 1132 3354 de
1141 3330 1274 3362 passione,
1290 3338 1358 3363 quae

296 3363 454 3388 concluditur
472 3364 558 3389 inesse
571 3371 624 3396 per
641 3371 669 3389 se
687 3364 811 3395 subiecto,
831 3370 856 3389 et
875 3372 926 3389 non
937 3372 989 3397 per
1002 3365 1193 3390 accidens-H
1205 3365 1263 3390 loco
1275 3372 1357 3390 aeneo

296 3398 368 3429 ponit
382 3398 476 3424 medio.
486 3413 505 3418 -
514 3400 595 3424 codd.
606 3398 670 3431 (exc.
681 3398 755 3429 GH):
769 3403 818 3425 aut
831 3400 933 3432 aliquid
943 3400 1096 3426 huiusmodi
1100 3407 1109 3430 ‚·
1124 3400 1185 3425 GH:
1199 3401 1241 3426 ve!
1253 3400 1356 3433 aliquid

295 3432 445 3458 huiusmodi
450 3441 458 3462 ,·
477 3434 509 3458 P:
529 3435 569 3460 vel
587 3435 689 3467 aliquid
706 3435 781 3460 aliud
805 3435 963 3460 huiusmodi.
978 3449 998 3454 —
1012 3436 1130 3468 Denique
1148 3436 1208 3460 BD:
1231 3436 1355 3468 quoniam

290 3474 343 3498 per
360 3468 481 3494 accidens
495 3475 551 3499 etc.;
565 3470 601 3494 K:
620 3473 647 3495 et
664 3470 735 3502 quod
748 3478 802 3502 per
815 3470 936 3496 accidens
951 3475 999 3495 etc.
1008 3484 1026 3489 -
1036 3471 1103 3496 Cum
1122 3471 1198 3495 codd.
1212 3476 1298 3496 autem
1313 3478 1355 3496 ex-

296 3503 447 3562 ρυιγυιίῐὲὶιῖιῐιίἶ
451 3504 526 3529 aliud
540 3504 573 3535 P,
588 3510 614 3530 et
627 3505 806 3538 adoptavimus
826 3506 921 3531 inesset
939 3506 1088 3539 triangulo.
1108 3506 1166 3531 loco
1185 3506 1253 3531 inest
1271 3506 1355 3532 trian-

294 3544 359 3569 gu.o
449 3556 455 3562 .

348 3570 376 3606 λ)
398 3572 476 3602 Quod
488 3574 580 3605 passio
603 3575 643 3600 vel
670 3582 722 3600 non
740 3582 792 3607 per
815 3582 843 3600 se
861 3575 925 3601 insit
943 3575 1030 3601 medio
1055 3580 1102 3600 etc.
1126 3576 1208 3601 Codd.
1223 3576 1266 3601 01:
1284 3576 1357 3608 quod

885 234 1268 272 POSTERIORUM
1295 232 1723 271 ANALYTICORUM
1752 234 1846 270 LIB.
1877 235 1891 270 I

1412 312 1604 361 angulos*
1630 312 1805 360 aequales
1832 313 1977 349 duobus
2004 313 2122 350 rectis.
2154 313 2399 351 Manifestum
2429 322 2483 351 est
2510 327 2522 337 ⁴

1413 364 1517 412 quod
1545 365 1670 414 passio
1701 366 1878 402 conclusa
1912 365 1959 402 de
1988 366 2193 414 triangulo,
2221 378 2295 414 per
2319 379 2360 404 se
2387 367 2484 405 inest

1415 417 1463 463 ei;
1493 430 1572 454 non
1605 425 1732 455 autem
1760 430 1830 466 per
1857 430 1897 455 se
1926 418 2021 455 inest
2049 431 2180 456 aeneo.
2211 420 2261 455 Et
2288 419 2318 456 si
2348 432 2368 456 e
2393 432 2483 457 con-

1413 470 1526 507 trario
1541 471 1698 519 passio*
1714 483 1784 519 per
1798 483 1839 507 se
1871 471 2010 508 inesset
2028 484 2148 508 aeneo
2162 502 2171 519 ,
2186 480 2279 521 puta
2298 484 2482 510 sonorum

1416 535 1508 569 esse,
1528 524 1591 560 vel
1620 523 1760 571 aliquid
1783 523 2015 571 huiusmodi,
2036 526 2163 574 palam
2199 532 2254 561 est
2281 525 2386 573 quod
2413 538 2483 574 per

1415 576 1589 613 accidens
1629 576 1767 613 inesset
1803 577 1987 624 triangulo
2016 583 2041 614 ²².
2081 578 2192 615 Unde
2234 585 2338 627 patet
2378 578 2483 626 quod

1416 636 1565 677 oportet
1593 629 1763 676 omnino,
1785 629 1816 666 si
1838 630 2042 666 subiectum
2072 631 2323 667 conclusionis
2349 639 2384 668 et
2407 643 2483 668 me-

1414 682 1517 718 dium
1547 682 1619 718 sint
1645 682 1794 731 penitus
1828 683 1979 719 alterius
2013 684 2179 731 generis,
2214 684 2318 732 quod
2355 684 2482 733 passio

1414 736 1477 771 vel
1505 747 1583 771 non
1611 747 1680 783 per
1698 747 1738 771 se
1767 735 1853 771 insit
1879 735 2008 772 medio
2036 737 2099 773 vel
2127 749 2206 773 non
2233 749 2302 786 per
2330 750 2371 774 se
2399 737 2485 773 insit

1416 787 1585 824 subiecto
1600 785 1629 823 ²:
1660 787 1764 824 etita
1793 795 1943 836 oportet
1970 789 2075 836 quod
2104 789 2209 826 alteri
2238 802 2373 826 eorum
2398 790 2483 827 insit

1414 852 1484 888 per
1518 840 1704 877 accidens.
1734 841 1784 876 Et
1811 840 1842 876 si
1870 840 2026 888 quidem
2054 841 2139 878 insit
2172 842 2300 887 medio
2326 855 2395 891 per
2423 855 2483 879 ac-

1417 893 1557 939 cidens,
1575 893 1642 929 erit
1669 905 1738 941 per
1756 893 1932 930 accidens
1951 893 1989 930 in
2003 895 2024 914 ⁴*
2042 894 2276 943 praemissis;
2306 895 2337 931 si
2355 902 2484 932 autem

1417 945 1598 992 subiecto,
1619 946 1688 982 erit
1701 945 1740 982 in
1759 946 2019 983 conclusione:
2038 954 2073 983 et
2086 947 2162 984 hoc
2176 948 2196 968 *
2216 960 2262 984 ex
2276 955 2381 996 parte
2400 960 2485 996 pas-

1417 999 1543 1036 sionis.
1566 999 1643 1036 Sed
1657 999 1677 1020 *
1695 1006 1857 1047 utroque
1877 999 1997 1036 modo
2013 1000 2203 1048 oportebit
2221 1013 2290 1049 per
2309 1000 2484 1038 accidens

1418 1064 1499 1089 esse
1519 1052 1556 1088 in
1581 1051 1809 1100 praemissis,
1839 1060 2024 1100 quantum
2053 1052 2102 1089 ad
2129 1053 2205 1089 hoc
2233 1053 2339 1101 quod
2362 1053 2485 1090 subie-

1418 1113 1520 1142 ctum
1549 1105 1729 1154 accipitur
1756 1106 1826 1141 sub
1855 1105 2002 1142 medio:
2032 1105 2127 1142 sicut
2145 1106 2176 1142 si
2195 1106 2399 1154 triangulus
2424 1119 2485 1143 ac-

1417 1158 1575 1207 cipiatur
1593 1159 1663 1195 sub
1684 1170 1804 1195 aeneo
1834 1166 1898 1195 aut
1926 1171 1947 1194 e
1969 1171 2168 1196 converso.
2200 1160 2409 1196 Ostensum
2429 1167 2486 1196 est

1417 1219 1544 1248 autern
1573 1211 1677 1259 quod
1702 1211 1741 1248 in
1760 1211 2146 1248 demonstrationibus
2173 1219 2252 1250 tam
2278 1212 2483 1260 conclusio,

1417 1277 1534 1313 quam
1552 1264 1785 1313 praemissae
1805 1272 1892 1301 sunt
1912 1277 1986 1313 per
2002 1277 2042 1302 se
2062 1273 2098 1302 et
2116 1277 2194 1302 non
2208 1278 2282 1314 per
2300 1266 2483 1302 accidens.

1417 1318 1579 1366 Oportet
1607 1329 1696 1364 ergo
1724 1317 1804 1358 in*
1832 1317 2218 1355 demonstrationibus
2242 1318 2415 1355 medium
2442 1325 2486 1358 *et

1416 1377 1585 1407 extrema
1605 1370 1775 1407 eiusdem
1795 1370 1942 1418 generis
1962 1383 2045 1408 esse
2059 1378 2090 1408 μ.

1470 1435 1506 1471 7.
1523 1422 1672 1459 Deinde
1689 1435 1776 1459 cum
1794 1423 1898 1460 dicit:
1913 1425 2073 1472 Propter
2081 1425 2152 1461 hoc
2159 1425 2391 1474 geometriae
2401 1431 2484 1471 etc.,

1415 1476 1525 1512 infert
1552 1475 1647 1512 duas
1676 1476 1939 1513 conclusiones
1969 1489 2014 1514 ex
2041 1477 2269 1526 praemissis.
2310 1478 2485 1524 Quarum

1415 1528 1539 1577 prima
1558 1535 1614 1565 est
1642 1529 1746 1576 quod
1774 1529 1876 1566 nulla
1901 1530 2055 1567 scientia
2084 1530 2319 1567 demonstrat
2345 1529 2486 1578 aliquid

1416 1582 1464 1619 de
1493 1581 1662 1618 subiecto
1696 1581 1846 1618 alterius
1884 1582 2080 1629 scientiae,
2116 1583 2197 1620 sive
2226 1583 2272 1620 sit
2305 1583 2483 1620 scientiae

1417 1633 1692 1671 communioris
1721 1634 1800 1672 sive
1829 1635 1980 1672 alterius
2009 1635 2186 1672 scientiae
2215 1636 2426 1685 disparatae
2455 1641 2483 1682 ”;

1417 1687 1511 1724 sicut
1538 1687 1747 1735 geometria
1775 1700 1853 1724 non
1891 1688 2127 1725 demonstrat
2149 1688 2255 1737 quod
2280 1688 2486 1726 contrario-

1417 1753 1502 1777 rum
1524 1740 1659 1778 eadem
1680 1748 1736 1777 est
1754 1740 1908 1778 scientia
1921 1742 1956 1777 *ε
1979 1741 2165 1778 contraria
2180 1741 2282 1778 enim
2295 1741 2485 1791 pertinent

1417 1794 1465 1831 ad
1494 1793 1688 1830 scientiam
1722 1806 1993 1840 communem,
2030 1794 2168 1831 scilicet
2196 1795 2245 1832 ad
2268 1795 2289 1815 *
2317 1794 2485 1843 philoso—

1416 1846 1548 1895 phiam
1575 1846 1740 1895 primam
1760 1847 1823 1883 vel
1850 1846 2096 1884 dialecticam.
2126 1848 2176 1884 Et
2199 1847 2369 1885 similiter
2395 1859 2484 1896 geo-

1417 1899 1551 1936 metria
1575 1911 1655 1936 non
1674 1899 1910 1936 demonstrat
1929 1900 2034 1948 quod
2054 1900 2132 1938 duo
2153 1900 2240 1937 cubi
2259 1900 2332 1938 sint
2348 1901 2368 1923 *
2385 1913 2486 1938 unus

1408 2061 1501 2093 passio
1520 2062 1561 2086 vel
1579 2068 1629 2086 non
1649 2067 1701 2093 per
1719 2068 1746 2085 se
1770 2061 1834 2085 insit
1851 2060 1967 2086 subiecto
1992 2061 2033 2086 vel
2052 2068 2103 2086 non
2126 2067 2178 2093 per
2196 2068 2224 2086 se
2242 2061 2306 2086 insit
2324 2062 2411 2087 medio
2418 2070 2425 2093 ;
2444 2062 2485 2087 0:

1412 2097 1485 2129 quod
1497 2096 1590 2128 passio
1609 2097 1650 2121 vel
1669 2103 1720 2121 non
1730 2103 1783 2128 per
1800 2103 1828 2121 se
1847 2096 1910 2121 insit
1929 2096 2024 2125 medio,
2041 2097 2081 2121 vel
2095 2096 2188 2129 (marg.
2204 2097 2272 2127 add„
2287 2097 2404 2122 medium
2419 2097 2484 2130 non)

1408 2139 1461 2164 per
1479 2139 1506 2157 se
1525 2131 1588 2156 insit
1606 2131 1730 2156 subiecto.
1749 2131 1799 2156 Alii
1818 2131 1920 2156 codices
1939 2136 2007 2156 stant
2025 2139 2074 2163 pro
2092 2131 2180 2156 Piana.

1466 2166 1494 2200 μ)
1519 2167 1631 2199 Oportet
1647 2174 1751 2199 erg-o...
1764 2166 1880 2191 medium
1901 2170 1928 2191 et
1948 2170 2073 2192 extrema
2096 2167 2213 2192 eiusdem
2231 2167 2338 2200 generis
2357 2174 2420 2193 esse.
2443 2167 2486 2192 Ad

1412 2202 1605 2234 intelligentiam
1628 2202 1751 2226 ratiocinii
1771 2209 1801 2226 ex
1820 2209 1874 2234 quo
1892 2202 1955 2226 haec
1974 2202 2106 2227 conclusio
2125 2202 2239 2232 infertur,
2258 2203 2355 2227 recolat
2373 2202 2486 2228 novitius

1412 2245 1442 2263 ea
1461 2245 1527 2270 quae
1546 2245 1625 2270 supra
1644 2237 1717 2269 (lect.
1732 2237 1861 2270 praeced.)
1883 2237 2009 2262 declarata
2029 2243 2100 2268 sunt,
2120 2237 2215 2263 scilicet
2235 2237 2485 2263 demonstrationem

1412 2281 1471 2298 esse
1492 2281 1523 2298 ex
1541 2272 1582 2297 his
1601 2278 1627 2297 et
1645 2273 1677 2297 de
1696 2272 1736 2297 his
1755 2280 1823 2305 quae
1842 2277 1903 2297 sunt
1922 2280 1969 2305 per
1987 2280 2025 2298 se.
2044 2273 2096 2298 Per
2114 2280 2141 2298 se
2161 2278 2247 2298 autem
2274 2273 2394 2298 dicuntur
2415 2280 2486 2306 quae

1412 2313 1472 2333 sunt
1491 2309 1523 2333 de
1542 2307 1654 2332 essentia
1672 2315 1720 2332 seu
1740 2308 1772 2332 de
1790 2307 1889 2332 ratione
1908 2315 2000 2332 eorum
2019 2308 2051 2333 de
2070 2308 2165 2340 quibus
2184 2316 2231 2341 per
2250 2315 2278 2333 se
2297 2308 2424 2339 dicuntur,
2441 2308 2484 2333 vei

1412 2344 1532 2368 eamdem
1550 2344 1690 2368 essentiam
1709 2341 1917 2376 consequuntur-5
1933 2349 1958 2368 et
1972 2343 2033 2376 quia
2047 2344 2160 2368 essentia
2174 2344 2215 2368 vel
2234 2343 2299 2368 ratio
2312 2344 2354 2369 vel
2369 2342 2485 2369 definitio

1412 2379 1489 2403 unius
1514 2378 1616 2411 generis
1635 2379 1677 2403 vel
1696 2378 1791 2411 speciei
1811 2386 1863 2403 non
1888 2383 1975 2411 potest
1997 2386 2071 2409 esse,
2095 2383 2124 2403 ut
2143 2383 2226 2412 patet,
2248 2379 2360 2404 essentia
2379 2379 2484 2404 alterius

1412 2414 1513 2446 generis
1531 2414 1573 2438 vel
1597 2413 1707 2446 speciei,
1732 2413 1849 2446 sequitur
1873 2414 1944 2446 quod
1963 2421 1993 2439 ea
2017 2421 2084 2446 quae
2107 2422 2154 2447 per
2173 2421 2202 2439 se
2226 2414 2383 2439 conveniunt
2406 2413 2484 2439 alicui

1412 2449 1500 2482 generi
1519 2449 1636 2474 subiecto
1654 2449 1696 2474 vel
1716 2448 1790 2473 alicui
1809 2449 1903 2481 speciei
1923 2456 1976 2473 non
1995 2454 2107 2482 possunt
2123 2457 2170 2482 per
2188 2456 2218 2474 se
2237 2449 2423 2483 alteri-speciei
2440 2449 2483 2475 vai

1411 2484 1498 2517 generi
1517 2484 1664 2509 convenire.
1683 2484 1792 2517 Insuper
1811 2489 1917 2509 eatenus
1935 2484 2024 2516 passio
2043 2482 2137 2515 (maius
2153 2484 2309 2517 extremum)
2329 2485 2354 2510 in
2374 2485 2485 2510 demon—

1411 2520 1533 2545 stratione
1548 2519 1708 2544 concluditur
1726 2519 1759 2544 de
1773 2519 1888 2544 subiecto
1903 2519 2009 2552 (minori
2024 2518 2160 2553 extremo),
2172 2525 2301 2552 quatenus
2316 2520 2341 2545 in
2355 2520 2481 2553 praemi·-

1412 2556 1462 2586 sis,
1482 2555 1550 2580 idem
1566 2556 1648 2580 maius
1668 2559 1811 2579 extremum
1831 2560 1870 2579 est
1889 2555 1977 2588 passio
1996 2555 2086 2585 medii;
2106 2561 2133 2580 et
2151 2555 2265 2580 medium
2285 2559 2325 2580 est
2338 2555 2427 2588 passio
2445 2555 2484 2580 al—

1411 2590 1489 2616 terius
1514 2590 1620 2615 extremi
1642 2588 1724 2623 (idest
1748 2589 1882 2621 minoris).
1901 2590 2002 2622 Nempe
2025 2597 2130 2622 semper
2153 2590 2276 2623 implicite
2298 2591 2339 2615 vel
2364 2590 2482 2622 explicite

1409 2626 1520 2650 habetur
1532 2625 1594 2650 haec
1609 2625 1721 2650 formula
1740 2625 1815 2657 primi
1835 2625 1905 2649 modi
1921 2625 2019 2657 primae
2038 2624 2135 2657 figurae
2153 2623 2194 2658 (in
2211 2625 2372 2658 syllogismis
2391 2625 2483 2658 positi-

1410 2659 1479 2695 vis):
1494 2660 1520 2684 M
1534 2665 1574 2684 est
1588 2660 1623 2690 Ε;
1638 2660 1672 2684 E·
1687 2665 1727 2684 est
1741 2660 1779 2690 M;
1795 2659 1831 2684 E'
1850 2664 1890 2684 est
1903 2660 1932 2685 E.
1951 2660 2064 2684 Eatenus
2083 2660 2109 2684 in
2124 2660 2290 2685 conclusione
2305 2660 2325 2685 E
2339 2659 2482 2686 affirmatur

1404 2703 1458 2728 per
1475 2702 1503 2720 se
1522 2695 1554 2719 de
1573 2695 1615 2725 E',
1635 2695 1695 2727 quia
1714 2695 1740 2719 M
1759 2694 1785 2719 in
1804 2694 1955 2727 praemissis
1974 2699 2015 2719 est
2033 2702 2080 2727 per
2098 2703 2127 2720 se
2146 2693 2302 2720 affirmatum
2321 2695 2353 2720 de
2373 2695 2440 2728 ipso,
2455 2700 2484 2721 et

1410 2731 1431 2755 E
1444 2737 1490 2763 per
1504 2737 1534 2754 se
1552 2728 1707 2754 affirmatum
1726 2734 1766 2754 est
1785 2730 1817 2754 de
1831 2730 1857 2754 M
1877 2729 1934 2762 (Cf.
1949 2730 2007 2755 lect.
2017 2737 2054 2761 tx,
2068 2735 2122 2755 not.
2136 2728 2179 2763 λ).
2197 2730 2312 2756 Ponatur
2330 2738 2392 2763 ergo
2407 2731 2489 2763 quod

1410 2766 1436 2790 M
1455 2773 1508 2790 non
1527 2765 1561 2789 sit
1579 2765 1697 2790 eiusdem
1716 2765 1818 2796 generis
1838 2772 1897 2789 cum
1916 2765 1959 2795 E';
1979 2772 2042 2797 ergo
2061 2765 2086 2790 M
2106 2773 2158 2790 non
2177 2773 2224 2798 per
2243 2773 2272 2790 se
2290 2764 2431 2791 affirm-tur
2447 2766 2484 2792 de

1410 2801 1459 2830 E';
1478 2807 1541 2832 ergo
1560 2807 1645 2833 neque
1663 2800 1689 2824 in
1708 2800 1875 2827 conclusione
1889 2800 1910 2824 E
1924 2805 2010 2832 potest
2024 2807 2070 2832 per
2089 2808 2119 2825 se
2132 2799 2252 2826 affirmari
2268 2801 2300 2826 de
2314 2801 2364 2826 Εἰ
2383 2806 2410 2826 et
2426 2809 2480 2827 non

1410 2836 1457 2860 erit
1476 2835 1670 2860 demonstratio.
1682 2849 1702 2854 -
1717 2835 1831 2860 Ponatur
1850 2835 1965 2860 secundo
1984 2835 2055 2868 quod
2074 2835 2096 2860 Ε
2115 2843 2167 2860 non
2186 2836 2219 2861 sit
2237 2835 2355 2861 eiusdem
2374 2836 2477 2869 generi·

1410 2879 1469 2896 cum
1489 2870 1535 2900 E’;
1555 2878 1618 2902 ergo
1637 2878 1688 2895 non
1708 2875 1793 2903 potest
1811 2870 1832 2895 Ε
1847 2869 1966 2895 affirmari
1986 2878 2033 2903 per
2051 2878 2081 2895 se
2095 2870 2127 2896 de
2141 2871 2184 2902 E’,
2199 2876 2225 2896 et
2239 2871 2298 2896 ideo
2313 2871 2338 2896 in
2353 2871 2484 2904 praemis—

1410 2906 1446 2931 sis
1461 2906 1482 2930 Ε
1497 2913 1549 2930 non
1564 2904 1704 2930 affirmatur
1722 2913 1768 2938 per
1786 2913 1815 2930 se
1830 2905 1862 2930 de
1876 2906 1910 2930 M.
1931 2905 2007 2936 Quod
2022 2910 2062 2931 est
2075 2911 2163 2931 contra
2183 2911 2301 2931 naturam
2316 2907 2479 2933 demonstra-

1409 2941 1494 2971 tionis,
1514 2940 1586 2965 cuius
1601 2945 1641 2965 est
1659 2940 1718 2965 esse
1737 2948 1767 2965 ex
1786 2940 1936 2974 praemissis
1951 2948 2004 2973 per
2021 2948 2086 2966 se.··-
2099 2941 2213 2966 Ponatur
2232 2942 2343 2974 denique
2362 2942 2434 2975 quod
2451 2942 2481 2967 M

1410 2984 1462 3001 non
1481 2976 1514 3000 sit
1534 2976 1651 3001 eiusdem
1670 2976 1772 3008 generis
1796 2983 1856 3001 cum
1875 2976 1909 3006 E;
1929 2983 1991 3008 ergo
2010 2976 2031 3001 E
2050 2984 2102 3001 non
2121 2984 2168 3010 per
2186 2984 2216 3002 se
2234 2976 2374 3002 affirmatur
2393 2977 2426 3003 de
2443 2977 2480 3008 M,

1409 3017 1435 3037 et
1454 3011 1511 3036 ideo
1530 3019 1615 3043 neque
1634 3011 1660 3035 in
1679 3011 1844 3036 conclusione
1863 3011 1884 3036 E
1903 3019 1950 3044 per
1968 3019 1997 3036 se
2016 3010 2156 3036 affirmatur
2174 3012 2206 3037 de
2225 3012 2268 3037 13⁹.
2293 3012 2393 3046 Nempe
2416 3020 2478 3038 con-

1409 3046 1490 3072 clusio
1509 3054 1594 3079 neque
1613 3052 1684 3071 esset
1701 3054 1748 3079 per
1767 3054 1796 3071 se
1814 3054 1899 3079 neque
1914 3054 1943 3071 ex
1958 3046 1998 3071 his
2013 3054 2080 3079 quae
2094 3054 2141 3080 per
2155 3055 2185 3072 se
2198 3052 2267 3072 sunt.
2280 3061 2299 3067 -
2312 3047 2482 3073 Manifestum.

1409 3087 1449 3107 est
1467 3089 1530 3114 ergo
1545 3082 1616 3114 quod
1630 3082 1656 3106 in
1670 3082 1931 3107 demonstrationibus
1951 3082 2067 3107 medium
2087 3087 2112 3107 et
2129 3085 2254 3108 extrema
2268 3082 2364 3108 debent
2378 3090 2439 3108 esse
2451 3083 2479 3108 in

1408 3117 1502 3143 eodem
1521 3124 1625 3148 genere.
2443 3138 2445 3141 ,

1462 3151 1484 3186 ν)
1506 3151 1568 3177 Sive
1585 3152 1621 3177 sit
1640 3152 1765 3178 scientiae
1783 3152 1987 3182 communioris,
2006 3152 2062 3178 sive
2079 3153 2192 3178 alterius
2209 3152 2335 3179 scientiae
2354 3153 2485 3186 dispara-

1408 3191 1460 3214 tae.
1471 3200 1491 3207 —-
1504 3187 1568 3213 Cod.
1582 3188 1606 3213 0
1625 3187 1688 3212 haec
1706 3188 1890 3212 omnia-verba
1903 3188 2007 3218 omittit,
2022 3188 2070 3213 sed
2083 3194 2124 3213 est
2142 3189 2276 3214 mendum.
2290 3188 2341 3213 Alii
2360 3189 2476 3214 codices:

1408 3223 1462 3249 siue
1479 3222 1515 3248 sit
1534 3223 1618 3255 (ΑΒΝ
1637 3231 1691 3248 om.
1709 3222 1761 3256 sit)
1785 3223 1912 3248 scientiae
1936 3222 2002 3256 (MR
2020 3231 2074 3248 om.
2095 3223 2234 3253 scientiae;
2254 3223 2280 3254 Q
2297 3231 2350 3249 om.
2368 3223 2424 3250 siue
2441 3222 2482 3249 sit

1407 3257 1541 3292 scientiae)
1552 3258 1741 3284 communioris
1755 3256 1799 3292 (R,
1805 3257 1930 3292 prioris),
1943 3258 1998 3284 sive
2012 3259 2063 3292 (M,
2077 3258 2133 3284 sive
2144 3259 2180 3284 sit
2185 3267 2194 3289 ,·
2209 3259 2245 3290 N,
2259 3259 2315 3284 sive
2328 3258 2398 3291 sint)
2411 3259 2479 3284 alte·

1407 3294 1464 3319 rius
1477 3293 1603 3319 scientiae
1618 3293 1773 3326 disparatae
1787 3293 1944 3326 (ELQRST,
1963 3294 1985 3318 D
2001 3301 2054 3319 sec.
2069 3302 2146 3325 man„
2165 3299 2191 3319 et
2204 3294 2223 3319 S
2239 3295 2321 3327 prima
2335 3302 2405 3319 man.
2419 3300 2477 3318 eor—

1407 3333 1481 3361 rupte
1489 3347 1495 3359 ,
1508 3329 1668 3361 dispartitae
1672 3335 1682 3357 ,·
1695 3333 1721 3353 et
1733 3334 1854 3361 corrupte
1868 3329 1946 3354 ctiam
1955 3329 1977 3353 N
1992 3334 2018 3354 et
2027 3329 2049 3354 D
2064 3337 2103 3362 pr.
2114 3337 2198 3360 mam,
2214 3329 2391 3362 desperatae).
2405 3328 2479 3361 Ergo

1408 3364 1533 3390 scientiae
1546 3364 1735 3390 communioris
1745 3369 1771 3389 et
1784 3364 1910 3389 scientIae
1920 3364 2076 3396 disparatae
2090 3369 2131 3389 est
2145 3364 2220 3389 lectio
2234 3363 2381 3389 communis
2390 3363 2474 3393 codd„

1407 3405 1433 3424 et
1448 3399 1587 3424 connexior
1599 3399 1701 3424 videtur
1710 3399 1933 3432 praecedentibus.
1947 3399 2027 3425 Plana
2041 3400 2110 3425 enim
2123 3404 2164 3425 est
2177 3398 2262 3424 ΐοτιιιι
2274 3398 2387 3424 dicendi:
2402 3398 2478 3423 uuna

1407 3434 1511 3460 scientia
1530 3435 1689 3460 demonstrat
1702 3435 1800 3467 aliquid
1815 3435 1848 3460 de
1861 3435 1978 3460 subiecto
1992 3435 2096 3460 alterius
2110 3435 2240 3466 scientiae,
2255 3434 2310 3459 sive
2323 3434 2374 3459 tale
2387 3432 2480 3458 subie-

1407 3475 1477 3495 ctum
1502 3470 1535 3495 sit
1559 3470 1704 3495 subiectum
1732 3469 1918 3495 communioris
1943 3470 2078 3500 scientiae,
2104 3470 2160 3495 sive
2178 3469 2299 3495 scientiae
2323 3469 2474 3501 disparatae.

1407 3505 1508 3536 Quibus
1525 3505 1611 3530 verbis
1626 3499 1745 3530 eadem
1759 3505 2011 3537 argumentationem
2025 3505 2173 3530 s.Tbomae
2187 3504 2309 3538 proponit
2321 3503 2478 3528 Dominicua

1406 3548 1421 3565 a
1436 3540 1554 3565 Flandria
1572 3540 1598 3565 in
1612 3540 1622 3565 1
1636 3541 1747 3570 Poster„
1762 3548 1807 3573 qu.
1817 3548 1861 3570 xx,
1881 3540 1952 3565 artic.
1966 3548 2012 3565 1.-
2021 3540 2056 3565 P:
2074 3540 2130 3566 sive
2140 3539 2196 3565 sint
2213 3538 2339 3565 scientiae
2356 3545 2477 3564 commu·

1407 3575 1501 3605 niores,
1521 3575 1576 3600 sive
1593 3575 1648 3600 sint
1665 3575 1791 3601 scientiae
1809 3576 1973 3607 disparatae.

2513 358 2541 374 co
2545 327 2656 374 gitidngulos
2698 334 2727 349 ex

2512 485 2521 494 ·
2531 490 2560 515 n:
2576 485 2658 513 aliqua
2664 492 2726 514 pae-

2511 517 2556 533 sio.

2608 592 2623 609 ’t

2609 794 2627 819 λ

2511 907 2523 918 ⁸
2533 913 2559 929 o:
2576 907 2646 929 etiam
2660 907 2693 929 in.

2514 967 2522 976 ·
2533 966 2587 988 Hoc
2604 966 2679 989 omitt.
2694 973 2722 988 ι.-

2511 1019 2591 1041 ’ωοε
2606 1020 2637 1042 si.

2513 1331 2615 1380 }nCodd.
2626 1342 2637 1348 -
2651 1337 2681 1354 r:
2707 1333 2734 1354 σε

2514 1757 2523 1767 ·
2530 1763 2612 1781 m:
2622 1757 2733 1788 anapa-

2511 1790 2614 1860 Ξῖῃὸοὲἀα.
2622 1811 2680 1839 (exe.
2690 1813 2730 1839 ar)

2513 1890 2522 1899 ·
2530 1895 2554 1911 u:
2562 1896 2610 1912 non
2617 1890 2732 1919 mnae&

2511 1922 2559 1938 noa
2573 1920 2609 1939 est
2622 1922 2694 1939 error.
