2560 4308
557 672 1407 785 BEATISSIME
1487 639 1975 787 PATER

175 2063 231 2113 ng»
311 2035 594 2130 ‚ffavuod
635 2035 802 2101 olim
836 2056 1021 2120 opus
1062 2035 1545 2102 sanctissimus
1582 2034 1894 2120 pontifex
1923 2036 2082 2103 Pius
2105 2037 2171 2102 V
2198 2059 2388 2104 anno

166 2119 185 2205 ‘i
236 2128 367 2217 ’ῗὲγῲΪέ
411 2133 611 2228 post
660 2138 1016 2206 Christum
1068 2147 1312 2206 natum
1364 2161 1606 2205 MDLXX
1654 2162 2036 2228 aggressus
2088 2148 2192 2207 est
2240 2163 2388 2226 per-

162 2227 219 2283 ‘²⁴⁸
196 2228 265 2321 ζ
391 2229 430 2273 “⁷
446 2242 772 2329 fecitque
825 2243 1082 2328 elapsis
1132 2243 1271 2309 iam
1321 2244 1539 2310 tribus
1580 2243 1881 2310 saeculis
1923 2243 2387 2323 reficiundum

154 2352 372 2431 atque
425 2347 948 2428 adornandum,
1011 2347 1206 2413 LEO
1269 2347 1639 2412 OPTIME
1694 2347 2106 2429 MAXIME,
2163 2348 2388 2433 adspi-

154 2455 354 2515 rante
403 2450 588 2531 Deo,
631 2450 1009 2516 decrevisti
1049 2450 1277 2516 Nobis
1314 2450 1500 2516 enim
1543 2471 1804 2516 novam
1842 2450 2027 2516 hanc
2068 2451 2387 2517 omnium

152 2551 220 2618 S.
243 2552 573 2619 Thomae
623 2574 924 2638 operum
974 2553 1352 2619 editionem
1395 2554 1886 2641 cogitantibUS‚
1931 2575 2194 2620 arcana
2234 2554 2388 2619 divi-

157 2677 293 2722 nae
322 2656 804 2741 providentiae
832 2655 1143 2737 consilia,
1186 2664 1254 2722 et
1292 2657 1646 2741 sapientes
1687 2679 1922 2724 rerum
1958 2665 2388 2743 temporum-

159 2781 301 2845 que
351 2760 916 2844 opportunitates
966 2759 1205 2826 animo
1257 2761 1737 2827 obversantur.

294 2862 559 2928 Exorta
597 2863 887 2929 saeculo
929 2863 1414 2929 sextodecimo
1457 2864 1883 2930 Lutheriana
1905 2871 2121 2949 peste,
2153 2863 2389 2930 nefarii

158 2965 505 3047 homineS,
549 2967 857 3032 novandi
893 2966 1172 3032 libidine
1220 2967 1513 3052 abrepti,
1557 2967 1965 3033 Catholicae
1992 2967 2257 3033 veritati
2292 2989 2388 3033 re-

160 3069 598 3154 pugnabant,
649 3090 888 3135 sacras
930 3069 1188 3136 litteras
1225 3070 1582 3136 humanae
1631 3071 1914 3136 rationis
1964 3071 2272 3157 igniculo
2324 3078 2391 3136 et

160 3171 498 3254 pravitate
538 3173 792 3239 arbitrii
841 3173 965 3259 (uti
1014 3172 1232 3239 ferme
1271 3173 1345 3239 fit
1392 3174 1482 3239 ab
1527 3174 1922 3259 haereticis)
1964 3174 2251 3239 licenter
2298 3175 2388 3239 in-

159 3275 530 3357 terpretati.
567 3276 754 3341 Huic
795 3276 985 3342 malo
1027 3277 1418 3342 remedium
1460 3277 1687 3342 afferri
1727 3298 1943 3362 posse
1980 3277 2389 3342 existimavit

159 3396 484 3442 summus
526 3377 707 3459 Pius,
749 3378 805 3444 si
835 3379 1033 3444 novis
1070 3380 1161 3444 ad
1201 3401 1519 3465 pugnam
1557 3381 1881 3445 militibus
1919 3387 1987 3445 et
2026 3380 2387 3446 Ecclesiae

161 3478 664 3561 defensoribuS,
690 3481 946 3546 ducem
973 3481 1135 3546 belli
1163 3489 1378 3566 atque
1411 3482 1912 3566 imperatorem
1947 3482 2385 3548 S.Thomam

161 3582 597 3666 praeficeret:
639 3583 707 3648 in
749 3584 948 3650 cuius
990 3584 1471 3668 limpidissima
1511 3592 1578 3650 et
1617 3585 1940 3672 angelica
1978 3593 2238 3668 mente,
2278 3609 2386 3652 ve-
