2548 4192
910 270 965 307 IN
995 270 1032 307 S.
1058 270 1300 307 THOMAM
1327 270 1650 317 AQUINATEM

178 349 261 383 rint?
283 350 449 382 Aientibus
472 358 538 379 non
562 349 739 379 admodum
763 348 861 380 favet:
887 359 1085 390 quamquam
1109 351 1252 390 potuisse

178 397 268 427 illam
290 396 333 427 ad
355 403 409 426 eos
431 403 560 424 errores
584 393 808 424 incrustandos
823 394 973 435 conferre
997 404 1063 424 non
1087 401 1251 434 repugnat;

178 447 291 481 utpote
310 448 392 480 quae
405 438 660 479 praecisionibus
679 438 880 475 mentalibus,
900 438 1058 479 inquiens,
1074 444 1104 469 et
1127 439 1251 469 abstra-

177 485 335 516 ctionibus
364 483 590 523 metaphysicis
613 491 650 512 eo
683 487 825 522 tempore
858 482 951 513 valde
983 488 1137 522 occupata
1171 488 1250 513 erat.

178 530 322 569 Ineptarn
340 527 412 568 quis
432 536 499 556 non
517 526 623 557 videat
638 524 812 557 rationem?
828 526 1003 567 Sumptum
1022 537 1097 557 vero
1122 527 1251 557 Davidis

177 574 217 603 de
240 572 389 603 Dinando
414 581 563 609 errorem,
586 577 798 611 sumptosque
821 571 938 601 similes
962 571 1042 602 alios
1065 582 1102 602 ex
1126 572 1250 602 Parme-

177 617 252 647 nide
278 623 310 647 et
331 619 530 655 Anaxagora,
554 615 686 656 aliisque
714 615 845 646 vetustis
874 616 1096 656 philosophis,
1121 617 1252 647 adnotat

178 662 301 692 Doctor
325 661 470 691 Thomas
495 660 520 690 11
539 660 637 698 Sem„
662 660 732 690 dist.
752 670 827 698 xvrr,
852 670 882 700 q.
908 671 930 698 1,
955 667 1010 691 art.
1035 671 1056 692 1.

246 705 377 736 Scholas
400 703 586 745 parisienses
619 704 787 735 meliorem
809 704 843 734 in
867 705 1013 735 ordinem
1045 705 1163 745 redegit
1186 706 1250 736 Ro-

177 751 284 781 bertus
300 749 543 787 Gurthonensis,
561 749 735 779 Innocentii
751 749 854 789 Papae
872 749 911 779 III
929 750 1082 790 Legatus:
1101 750 1250 780 modum-

176 805 241 836 que
264 794 400 825 docendi
423 792 471 823 his
490 793 592 824 verbis
608 793 734 824 tradidit
754 793 833 824 circa
855 803 977 824 annum
996 795 1127 825 Domini
1157 796 1249 825 1215:

180 839 277 877 Quod
301 839 411 881 legant
445 838 543 869 libros
567 839 750 869 Aristotelis
783 839 822 869 de
853 839 1039 870 dialectica.
1052 862 1079 870 ..
1104 840 1177 870 Non
1208 840 1250 870 le-

176 889 303 925 gantur
335 884 407 914 libri
439 884 620 914 Aristotelis
651 883 691 913 de
722 884 941 925 metaphysica
974 889 1004 914 et
1036 884 1075 914 de
1106 885 1251 914 naturali

171 929 386 969 philosophia,
412 938 469 959 nec
491 937 637 958 summae
660 927 699 958 de
722 927 851 966 eisdem,
874 933 933 958 aut
956 928 995 958 de
1018 928 1163 959 doctrina
1183 938 1249 958 ma-

175 974 274 1014 gistri
288 973 397 1004 David
419 973 458 1004 de
479 973 615 1010 Dinant,
640 977 698 1002 aut
715 973 874 1003 Almarici
895 973 1060 1010 haeretici,
1080 978 1138 1003 aut
1152 973 1248 1002 Mau-

176 1018 249 1048 ricii
263 1018 414 1058 Hispani.
429 1016 551 1058 Synodi
566 1016 770 1047 Provincialis
789 1016 970 1047 Parisiensis
989 1017 1151 1047 decretum
1175 1026 1250 1047 con-

176 1061 340 1093 firmatum
364 1062 476 1092 habes:
497 1061 587 1102 quod
609 1067 721 1101 postea
744 1061 915 1101 Gregorius
933 1061 976 1092 IX
991 1067 1182 1101 temperasse
1203 1060 1249 1090 vi-

177 1107 269 1137 detur
291 1106 324 1136 in
348 1106 472 1137 Litteris
496 1105 537 1135 ad
559 1105 725 1144 magistros
750 1112 780 1136 et
803 1105 961 1136 scholares
984 1105 1172 1136 Parisienses
1196 1114 1250 1134 an-

177 1159 221 1181 no
250 1151 328 1181 1231
357 1150 453 1180 datis:
477 1149 584 1179 Libris
607 1149 672 1179 illis
700 1150 924 1187 naturalibus,
956 1151 1012 1190 qui
1041 1151 1074 1180 in
1106 1149 1250 1179 Concilio

175 1195 376 1225 Provinciali
399 1204 442 1224 ex
464 1199 553 1225 certa
576 1194 710 1224 scientia
720 1194 876 1234 prohibiti
890 1193 996 1235 suere
1017 1194 1163 1230 Parisiis,
1185 1203 1248 1223 non

177 1244 315 1270 utantur
335 1248 502 1280 quousque
529 1239 707 1268 examinati
720 1238 855 1279 fuerint
877 1243 908 1269 et
930 1238 971 1269 ab
994 1239 1082 1268 omni
1100 1247 1249 1268 errorum

174 1284 356 1324 suspicione
367 1283 516 1324 purgati.
538 1282 603 1313 Sub
620 1282 706 1313 idern
721 1289 850 1323 tempus
866 1282 899 1312 in
916 1292 952 1313 ea
976 1282 1107 1313 florebat
1130 1282 1250 1312 Acade-

175 1327 241 1359 mia
263 1327 376 1367 Simon
399 1327 628 1358 Tornacensis:
653 1327 708 1368 qui
741 1327 817 1358 dum
847 1327 942 1357 nimis
970 1328 1002 1357 in
1026 1328 1094 1358 suis
1122 1327 1251 1366 scriptis

150 1380 156 1381 ’
174 1368 378 1404 Aristotelem
400 1372 547 1412 sequitur
569 1370 678 1414 (verba
701 1378 775 1402 sunt
798 1371 927 1402 Henrici
959 1372 997 1402 de
1024 1371 1178 1402 Gandavo
1202 1372 1250 1402 De

176 1416 288 1457 Script.
305 1417 380 1448 eccl.
402 1426 470 1456 cap.
486 1414 572 1458 xxiv)
592 1426 613 1446 a
630 1416 796 1446 nonnullis
819 1416 982 1447 modernis
1004 1416 1173 1447 haereseos
1196 1426 1249 1446 ar-

173 1463 299 1504 guitur.
323 1461 408 1492 Hinc
431 1460 596 1491 Launoius
621 1460 740 1500 colligit
764 1459 860 1491 fuisse
884 1460 1007 1490 Parisiis
1038 1471 1105 1491 non
1130 1470 1249 1501 paucos

174 1505 343 1547 magistros
367 1512 398 1536 et
420 1505 589 1544 scholares,
613 1505 670 1546 qui
694 1505 815 1546 Synodi
838 1505 1041 1536 Provincialis
1074 1512 1105 1536 et
1128 1505 1249 1546 Grego-

174 1550 212 1582 rii
229 1551 272 1582 IX
287 1551 420 1582 Decreta
438 1549 568 1590 insuper
589 1549 750 1587 habentes,
768 1549 1003 1590 peripateticam
1023 1550 1162 1581 colerent
1180 1550 1249 1590 phi-

173 1595 366 1636 losophiam.
388 1594 475 1626 Cum
497 1602 573 1634 ergo
597 1594 663 1624 eius
689 1594 849 1625 doctrinae
868 1601 1089 1634 promotorem
1108 1594 1248 1636 Aquina-

173 1646 240 1671 tem
273 1639 347 1670 facit
378 1636 578 1670 Bruckerus?
607 1638 684 1669 Eius
717 1638 812 1669 etiam
845 1638 1032 1679 Philosophi
1065 1639 1249 1670 auctoritate

173 1690 286 1716 contra
307 1683 406 1714 fidem
424 1683 635 1714 abutebantur
650 1683 827 1724 petulantes
850 1683 1050 1714 Academici:
1068 1683 1145 1714 vitio
1160 1684 1250 1714 illam

173 1728 320 1770 purgavit
342 1728 432 1759 omni
455 1728 611 1758 Thomas.

242 1774 279 1804 11.
299 1772 404 1813 Pergit
419 1772 584 1803 Launoius
601 1781 724 1802 narrare
742 1770 860 1814 (capite
875 1769 950 1814 vn):
970 1785 984 1800 α
998 1772 1166 1803 Albertum
1182 1773 1248 1803 Ma-

175 1829 192 1845 »
213 1827 315 1858 gnum
334 1823 366 1848 et
381 1817 546 1848 Thomam
564 1816 759 1857 Aquinatem
778 1816 846 1846 eius
866 1815 1060 1856 discipulum
1078 1816 1111 1847 in
1127 1817 1248 1847 Aristo-

176 1874 192 1891 »
213 1862 284 1894 telis
293 1862 390 1892 libros
401 1861 642 1892 Commentaria
656 1860 800 1891 edidisse.
811 1860 874 1891 Sed
884 1860 1017 1891 edidisse
1029 1860 1162 1902 (inquit)
1174 1871 1249 1892 cum

175 1918 192 1935 >
213 1906 285 1938 libri
305 1915 414 1936 recens
437 1905 579 1936 damnati
603 1911 707 1936 essent
725 1905 848 1935 Parisiis
865 1911 896 1935 et
911 1916 929 1936 a
945 1905 1100 1946 Gregorio
1116 1906 1250 1936 vetitum

174 1963 192 1980 a»
212 1961 254 1982 ne
272 1950 344 1992 quis
368 1960 424 1981 eos
447 1957 519 1981 ante
543 1950 669 1990 legeret,
694 1960 792 1991 quam
817 1957 920 1981 essent
944 1950 1113 1987 emendati,
1134 1950 1248 1991 permi-

174 2007 192 2024 ι
214 2006 288 2027 rum
303 1995 402 2026 videri
421 2001 564 2035 posset...
581 1995 652 2035 Ego
666 1994 793 2025 interim
807 1994 888 2025 hanc
904 1994 937 2025 in
954 2001 1076 2035 partem
1099 1995 1249 2035 interpre-

175 2053 192 2069 »
214 2047 276 2079 tor,
295 2040 346 2071 vel
369 2039 459 2081 quod
482 2039 630 2070 Albertus
661 2045 692 2070 et
714 2039 858 2070 Thomas
887 2039 960 2070 alibi
984 2049 1083 2080 quarn
1106 2040 1249 2070 Lutetiae

175 2097 191 2113 ¹·
214 2083 454 2117 Commentaria
477 2083 555 2115 haec
579 2083 767 2124 scripserint,
793 2094 890 2124 seque
914 2094 931 2114 a
954 2083 1136 2114 Parisiensis
1160 2084 1248 2115 Con-

175 2141 191 2158 »
214 2129 276 2161 cilii
300 2130 426 2160 decreto
452 2136 482 2160 et
505 2129 544 2159 ab
567 2128 718 2169 imposita
741 2138 798 2168 per
817 2128 1009 2168 Gregorium
1031 2129 1166 2159 Nonum
1189 2129 1248 2159 Pa-

171 2186 187 2202 »
211 2174 331 2205 risiensi
355 2173 545 2204 Academiae
569 2173 639 2213 lege
668 2172 829 2203 immunes
853 2173 1056 2205 crediderint:
1082 2173 1132 2204 vel
1159 2174 1249 2214 quod

173 2230 189 2247 »
213 2228 288 2250 cum
311 2218 455 2249 Lutetiae
479 2223 786 2256 commentaremur,
816 2217 952 2249 Concilii
976 2218 1139 2249 decretum
1171 2218 1248 2249 Gre-

173 2275 189 2291 »
211 2262 356 2304 goriique
370 2262 475 2303 legem
489 2262 615 2303 penitus
630 2261 852 2302 ignoraverint.
869 2263 944 2293 Non
959 2272 1031 2293 sum
1048 2262 1179 2304 quidem
1195 2273 1248 2293 ne-

172 2318 188 2335 >
211 2307 294 2338 scius
316 2308 463 2338 doctores
486 2306 559 2337 illos
583 2306 725 2347 potuisse
751 2307 790 2337 ab
810 2307 996 2347 Apostolica
1020 2307 1100 2338 Sede
1123 2308 1247 2347 legendi

173 2363 188 2380 »
210 2352 415 2384 Aristotelem
458 2351 761 2392 commentandique
808 2351 934 2382 veniam
973 2360 1146 2393 quaerere:
1193 2353 1248 2383 sed

172 2407 188 2425 ²
211 2396 301 2438 quod
324 2395 535 2438 quaesiverint
555 2396 696 2426 invenire
717 2406 769 2426 me
787 2406 949 2437 nusquam
973 2396 1115 2427 memini.
1134 2409 1148 2423 »
1166 2397 1246 2427 Bru-

170 2440 374 2472 ckerus'loco
399 2440 461 2479 cit„
479 2440 506 2481 ξ.
524 2451 579 2471 vm
602 2450 673 2471 eam
697 2440 871 2480 adprobare
894 2441 1019 2471 videtur
1042 2441 1247 2472 Launoianae

171 2485 382 2516 excusationis
398 2491 535 2525 partem,
552 2485 643 2525 quod
658 2485 806 2515 Albertus
822 2484 855 2515 in
872 2484 1042 2515 Germania
1058 2493 1088 2516 et
1103 2486 1247 2527 Aquinas

170 2529 206 2560 in
225 2529 312 2560 Italia
328 2529 392 2560 suis
408 2529 613 2560 Aristotelem
633 2529 880 2560 Commentariis
900 2530 1117 2570 exposuerint:
1134 2531 1248 2571 quibus

172 2575 206 2604 in
231 2574 418 2615 regionibus
446 2574 674 2604 aristotelicam
693 2574 927 2615 philosophiam
953 2585 1016 2605 non
1035 2575 1249 2615 prohibuerat

172 2618 346 2659 Pontifex,
371 2618 428 2649 sed
451 2619 483 2648 in
507 2618 578 2649 sola
604 2618 732 2655 Gallia,
759 2618 832 2649 satis
866 2626 902 2650 ut
924 2619 1148 2650 Parisiensium
1170 2630 1247 2661 que—

172 2663 244 2694 relis
268 2662 383 2693 faceret
406 2662 446 2694 de
470 2664 649 2694 innumeris
673 2663 838 2694 erroribus
861 2669 893 2694 et
914 2664 1083 2695 haereticis
1099 2666 1247 2705 pravita—

172 2707 271 2746 tibus,
290 2717 332 2738 ex
347 2707 457 2738 eadem
477 2708 680 2748 philosophia
697 2706 749 2749 (ut
764 2708 964 2750 clamabant)
982 2709 1110 2739 obortis.
1129 2709 1246 2740 Conie-

173 2758 296 2783 cturam
311 2751 436 2782 firmare
452 2751 576 2782 videtur
591 2751 735 2792 Epistola
751 2763 821 2782 Lxrx
836 2750 893 2795 (al.
904 2751 1000 2795 varr)
1017 2753 1103 2793 apud
1117 2753 1248 2784 Petrum

171 2796 212 2827 de
228 2796 336 2827 Vineis
353 2796 434 2827 libro
450 2797 503 2834 III,
521 2807 585 2837 qua
609 2803 732 2827 constat
756 2796 913 2827 curavisse
929 2797 1125 2828 Fridericum
1142 2798 1167 2828 Il
1186 2798 1247 2828 Irn-

172 2847 353 2880 peratorem
393 2847 430 2871 ut
461 2850 559 2881 opera
590 2841 768 2872 Aristotelis
800 2851 837 2872 ex
865 2851 978 2881 graeco
1003 2849 1034 2873 et
1063 2852 1100 2872 ex
1123 2843 1247 2873 arabico

173 2883 208 2914 in
230 2884 366 2915 latinum
389 2885 647 2924 transferrentur,
667 2885 780 2916 Italicis
805 2886 924 2927 absque
948 2886 1047 2917 dubio
1071 2886 1104 2916 in
1127 2887 1247 2917 Acade·

174 2927 246 2958 miis
269 2928 412 2968 legenda.

241 2972 367 3002 Partem
398 2973 528 3003 alteram
561 2974 789 3012 excusationis,
814 2984 896 3015 quae
930 2975 1056 3006 ducitur
1089 2985 1125 3006 ex
1156 2975 1248 3006 venia

176 3016 308 3047 Alberto
325 3023 357 3047 et
371 3016 519 3047 Thomae
536 3018 617 3049 facta
631 3029 650 3048 a
666 3019 746 3049 Sede
762 3018 958 3059 Apostolica,
975 3020 1089 3050 adserit
1103 3020 1249 3057 Thomas

175 3060 385 3100 Campanella
408 3061 495 3100 apud
517 3062 702 3093 Launoium
716 3063 790 3093 loco
815 3064 921 3102 citato,
938 3064 1093 3104 adprobat
1112 3064 1247 3095 Carolus

177 3104 342 3145 Duplessis
365 3105 559 3145 D'Argentre
582 3112 673 3137 tomo
698 3107 710 3137 1
735 3107 931 3139 Iudiciorum
954 3109 992 3138 de
1016 3109 1107 3140 novis
1138 3109 1246 3139 errori-

176 3149 237 3179 bus
254 3148 294 3179 ad
307 3158 429 3179 annum
450 3158 532 3180 1210
548 3160 584 3181 ac
598 3150 703 3182 firmat
721 3150 789 3191 ipse
803 3153 981 3183 Bruckerus
1000 3159 1074 3183 sect.
1090 3164 1123 3190 rr,
1140 3153 1167 3194 §-
1185 3164 1246 3192 xrx,

176 3193 240 3223 fide
265 3193 416 3224 advocata
438 3193 617 3225 Ptolomaei
640 3195 801 3227 Lucensis.
819 3197 847 3227 Is
866 3207 941 3227 vero
961 3197 1041 3227 libro
1058 3198 1144 3228 XXII
1164 3197 1246 3228 Hist.

145 3260 149 3267 .
177 3237 272 3275 eccl.,
308 3237 408 3277 capite
431 3247 502 3268 xxxv
525 3238 569 3269 sic
601 3239 660 3270 ait:
689 3241 779 3271 Tunc
792 3241 908 3282 frater
935 3242 1074 3272 Ylwmas
1097 3242 1180 3272 redit
1209 3242 1248 3272 de

177 3282 312 3312 Parisiis
331 3291 372 3312 ex
391 3283 486 3312 certis
504 3284 610 3314 causis
626 3288 657 3314 et
671 3284 715 3314 ad
727 3286 913 3324 petitionem
937 3285 1062 3316 Urbani
1075 3286 1097 3315 I
1101 3286 1130 3315 V
1139 3284 1159 3326 (
1161 3295 1247 3316 anno

176 3327 308 3358 circiter
330 3325 422 3367 1261)
448 3327 549 3357 multa
565 3327 650 3368 fecit
673 3333 703 3358 et
725 3330 897 3369 scripsit...
926 3329 1032 3360 Unum
1048 3329 1138 3370 fuit,
1163 3330 1248 3370 quod

177 3372 325 3411 exposuit
339 3371 523 3412 Evangelia
541 3371 600 3402 sub
619 3371 701 3401 miro
721 3377 810 3403 textu
829 3373 1030 3404 diversorum
1047 3373 1246 3404 doctorum...

176 3415 244 3446 Isto
268 3420 374 3446 autem
399 3420 540 3455 tempore
561 3416 698 3447 Thomas
716 3422 827 3447 tenens
841 3418 980 3448 studium
1003 3418 1138 3454 Romae,
1153 3419 1247 3457 quasi

176 3464 276 3490 totam
311 3459 546 3500 philosophiam
588 3461 654 3491 sive
693 3461 847 3491 moralem
881 3462 947 3492 sive
976 3461 1159 3491 naturalem
1191 3471 1244 3491 ex-

170 3505 282 3544 posuit
305 3509 336 3534 et
358 3505 390 3534 in
414 3506 567 3545 scriptum
591 3514 647 3535 seu
671 3510 881 3536 commentum
901 3505 1047 3546 redegit:
1068 3505 1125 3535 secl
1145 3515 1244 3544 prae-

175 3548 268 3588 cipue
301 3549 435 3579 ethicam
474 3554 505 3579 et
532 3549 803 3589 methaphysicam
843 3549 980 3590 quodam
1020 3549 1184 3590 singulari
1217 3554 1247 3579 et

179 3602 260 3623 novo
284 3593 376 3623 modo
396 3593 592 3624 tradendi...
613 3593 763 3634 Officium
785 3594 878 3624 etiam
898 3593 938 3624 de
959 3593 1102 3633 Corpore
1127 3592 1247 3623 Christi

168 3635 254 3677 fecit
277 3646 319 3667 ex
341 3638 494 3668 mandato
521 3637 663 3668 Urbani:
685 3638 770 3678 quod
794 3643 840 3669 est
861 3638 1047 3675 secundum,
1068 3637 1152 3678 quod
1162 3637 1246 3678 fecit

2239 285 2381 311 CCCXXV

1306 349 1349 380 ad
1359 351 1543 390 petitionem
1559 351 1691 382 Urbani.
1708 351 1942 382 Animadverte:
1960 363 1986 382 1.
1997 352 2162 383 Thomam
2172 354 2377 394 Aquinatem,

1306 395 1476 425 mandante
1505 395 1642 426 Summo
1671 395 1824 426 Pontifice
1840 418 1848 434 ,
1878 396 2076 427 elucubrasse
2105 397 2214 437 plura:
2240 408 2268 428 2.
2297 399 2380 430 Inter

1305 438 1380 469 haec
1405 439 1572 480 praecipue
1595 440 1766 471 memorari
1782 440 1888 481 Opera
1903 441 1980 478 duo,
1995 441 2093 471 veluti
2112 442 2262 481 peculiari
2287 453 2376 473 man-

1305 483 1379 513 dato
1402 483 1553 522 iniuncta,
1567 485 1807 524 Expositionem
1833 484 1949 516 scilicet
1971 486 2155 516 continuam
2181 487 2213 516 in
2238 493 2378 527 quatuor

1304 527 1486 569 Evangelia
1506 534 1536 559 et
1555 528 1706 570 Officium
1723 529 1763 560 de
1781 529 1925 569 Corpore
1945 529 2076 561 Christi:
2098 531 2126 561 3.
2143 530 2255 561 Editos
2272 530 2377 569 etiarn,

1304 573 1466 610 suadente,
1490 580 1545 604 aut
1568 573 1792 612 consentiente,
1817 581 1872 604 aut
1895 574 2095 614 permittente
2119 575 2260 613 Urbano,
2278 575 2376 606 videri

1304 616 1560 648 Commentarios
1593 619 1625 648 in
1656 618 1838 649 Aristotelis
1871 619 2026 656 ethicam,
2061 620 2312 660 metaphysicam
2347 626 2378 651 et

1298 661 1532 701 philosophiam
1558 663 1756 693 naturalem:
1773 672 1805 702 4.
1824 663 1912 693 Haec
1930 663 2042 693 eadem
2061 664 2193 694 demum
2212 663 2319 704 Opera
2337 665 2376 695 ab

1303 705 1462 746 Aquinate
1485 706 1518 736 in
1543 706 1629 737 ltalia
1653 707 1796 738 confecta
1819 706 1914 737 fuisse
1938 714 1993 738 aut
2015 707 2127 738 saltem
2149 708 2306 739 inchoata.

1370 750 1470 791 Atqui
1493 760 1589 788 vero,
1614 751 1693 781 dum
1725 761 1856 792 operam
1890 761 1980 782 suam
2013 752 2046 782 in
2077 752 2164 782 libris
2196 752 2374 784 Aristotelis

1305 793 1545 825 Commentario
1578 795 1768 826 illustrandis
1802 795 1937 826 collocat
1960 807 1984 827 s.
2001 797 2165 835 Thomas,
2190 807 2256 827 non
2289 797 2375 828 aliud

1303 838 1364 878 ipsi
1388 838 1557 869 consilium
1589 839 1762 878 insederat,
1788 840 1847 870 nisi
1880 841 1969 880 quod
2002 847 2093 871 antea
2125 841 2329 882 propositum
2357 852 2375 872 a

1305 882 1459 922 Gregorio
1482 883 1579 913 Nono
1603 883 1739 914 scimus:
1765 890 1801 914 ut
1824 884 1967 914 eiusdem
1991 885 2177 926 Philosophi
2209 885 2279 916 libri
2302 886 2374 917 dili-

1302 928 1434 968 gentius
1452 929 1721 958 examinarentur
1744 933 1774 958 et
1797 928 1837 958 ab
1860 930 1947 958 omni
1964 930 2142 969 suspicione
2158 931 2280 961 erroris
2293 940 2375 970 pur-

1302 976 1474 1011 garentur.
1498 971 1663 1011 Aptissimi
1696 978 1784 1002 erant
1815 972 1963 1003 Albertus
1994 974 2128 1013 Magnus
2162 984 2197 1004 ac
2230 975 2374 1005 Thomas

1303 1015 1457 1056 Aquinas,
1474 1015 1530 1056 qui
1546 1016 1585 1046 ad
1601 1015 1682 1046 hanc
1701 1017 1926 1056 capessendam
1942 1018 2138 1057 provinciam
2154 1018 2372 1058 deligerentur.

1303 1059 1483 1089 Plurimum
1506 1059 1715 1090 emolumenti
1735 1061 1927 1100 sperandum
1951 1069 2031 1092 erat:
2057 1062 2146 1103 quod
2165 1063 2281 1093 scilicet
2303 1063 2375 1094 Phi-

1303 1103 1431 1143 losophi
1451 1103 1636 1134 auctoritate
1654 1104 1742 1134 vanis
1762 1111 1791 1135 et
1810 1105 2024 1144 petulantibus
2043 1107 2238 1137 Academicis
2258 1115 2374 1148 erepta,

1304 1154 1352 1178 tot
1376 1157 1520 1178 errorum
1544 1158 1629 1186 ansa,
1654 1148 1710 1189 qui
1733 1149 1792 1179 sub
1817 1159 1855 1179 eo
1879 1150 2088 1189 vulgabantur
2112 1151 2261 1190 obtentu,
2286 1162 2374 1191 prae-

1305 1191 1459 1222 cideretur
1481 1192 1597 1222 omnis.
1619 1192 1702 1222 Hinc
1725 1203 1800 1223 vero
1825 1200 1934 1224 contra
1956 1197 2147 1234 Averroem,
2173 1196 2262 1226 cuius
2286 1206 2375 1226 com-

1304 1236 1456 1266 mentaria
1479 1236 1608 1276 plurimi
1641 1237 1905 1276 aestimabantur,
1930 1239 2089 1278 agendum
2121 1246 2200 1270 erat:
2235 1250 2270 1270 ac
2293 1250 2377 1271 nova

1304 1280 1492 1321 Philosophi
1523 1291 1659 1321 operum
1691 1281 1865 1312 accuratior
1897 1282 1992 1313 latina
2023 1283 2125 1313 versio
2158 1285 2314 1323 curanda,
2340 1291 2376 1316 ut

1303 1325 1441 1365 genuina
1465 1335 1554 1356 mens
1578 1325 1644 1356 eius
1668 1325 1877 1356 innotesceret
1897 1337 1933 1357 ac
1956 1327 2108 1358 doctrina.
2131 1328 2310 1369 Utrumque
2334 1330 2373 1360 ab

1304 1369 1462 1410 Aquinate
1487 1370 1608 1410 egregie
1641 1370 1827 1410 praestitum
1860 1377 1925 1409 est,
1951 1371 2160 1402 certissimum
2193 1373 2376 1412 perhibente

1303 1414 1543 1452 testimonium,
1577 1415 1666 1455 quod
1699 1415 1843 1456 superius
1876 1415 2008 1446 allatum
2041 1423 2106 1455 est,
2133 1417 2304 1447 Guillelmo
2338 1418 2377 1448 de

1303 1459 1413 1489 Tocco
1437 1458 1470 1489 in
1493 1458 1567 1490 Vita
1590 1459 1691 1499 capite
1715 1470 1757 1497 xv,
1782 1469 1872 1490 num.
1902 1470 1950 1500 19.

1655 1571 1866 1610 CAPUT
1901 1573 2027 1610 VIII.

1302 1677 1418 1709 Utraque
1444 1676 1574 1709 theologia
1596 1677 1708 1702 revelata
1727 1685 1756 1702 ac
1780 1678 1901 1703 naturalis
1922 1678 1948 1703 in
1972 1679 2103 1712 Operibus
2130 1687 2151 1704 s.
2166 1679 2286 1705 Thomae
2313 1688 2375 1705 con-

1374 1712 1477 1737 sociata.
1492 1712 1633 1745 Utriusque
1651 1720 1759 1738 munera
1778 1714 1880 1746 egregie
1899 1714 1930 1739 ab
1950 1715 2044 1740 eodem
2063 1715 2185 1748 exposita.
2202 1715 2318 1748 [temque
2337 1715 2376 1740 di-

1375 1747 1545 1780 ligentissime
1564 1749 1672 1780 expleta.

1304 1862 1328 1892 1.
1351 1855 1534 1938 Optimi
1558 1864 1681 1895 consilii
1705 1872 1823 1895 metam
1844 1872 2072 1906 transgressum
2096 1877 2162 1898 esse
2181 1867 2376 1909 Aquinatem

1443 1918 1574 1939 censura
1611 1916 1657 1939 est
1689 1909 1848 1940 Bruckeri.
1880 1911 2023 1950 Angelici
2056 1911 2204 1942 Doctoris
2237 1923 2376 1943 acumen

1302 1951 1404 1982 laudis
1429 1953 1599 1993 praeconio
1617 1954 1750 1984 celebrat
1773 1953 1806 1984 in
1826 1964 1875 1992 eo,
1893 1955 1981 1995 quod
2004 1956 2146 1986 absurdis
2160 1957 2376 1988 Averroisticis

1304 1997 1494 2028 commentis
1518 1998 1672 2038 opposuit
1695 1998 1804 2038 Opus:
1825 1999 1898 2029 Non
1925 2004 2030 2030 tamen
2056 2000 2130 2030 inde
2151 2002 2296 2041 sequitur
2315 1999 2376 2044 (in-

1303 2039 1393 2084 quit)
1411 2042 1634 2083 philosophiae
1661 2044 1812 2074 arabicae
1840 2044 2021 2074 methodum
2046 2046 2213 2076 evitasse...
2238 2045 2282 2076 Et
2304 2055 2375 2076 cum

1303 2095 1362 2123 ea,
1397 2087 1429 2117 in
1452 2086 1654 2128 philosophia
1688 2088 1732 2118 ad
1754 2088 1946 2129 theologiam
1979 2089 2191 2129 applicanda,
2232 2090 2376 2121 methodo

1303 2135 1460 2169 uteretur,
1478 2137 1514 2162 ut
1536 2141 1692 2163 consensu
1715 2133 1850 2162 Parrum
1875 2138 1905 2163 et
1923 2133 2112 2174 Scripturae
2130 2134 2254 2174 quidem
2279 2144 2374 2175 quae-

1301 2176 1384 2213 sito,
1409 2186 1445 2206 eo
1480 2186 1555 2206 vero
1590 2186 1632 2207 ex
1665 2177 1843 2207 rationibus
1876 2178 2103 2218 metaphysicis
2132 2183 2162 2208 et
2185 2180 2372 2209 testimoniis

1296 2220 1560 2261 philosophorum
1584 2222 1755 2262 gentilium
1786 2221 1993 2262 confirmato,
2026 2232 2180 2263 magnum
2210 2223 2375 2254 doctrinae

1301 2274 1418 2295 sacrae
1434 2266 1635 2305 praesidium
1659 2266 1692 2296 in
1706 2266 1907 2306 philosophia
1926 2267 2122 2297 aristotelica
2139 2273 2287 2307 poneret,
2309 2277 2374 2298 mo-

1303 2319 1400 2350 reque
1423 2310 1566 2340 Arabum
1595 2310 1819 2341 subtilissimas
1852 2312 2054 2351 quaestiones
2081 2317 2112 2342 et
2134 2312 2304 2353 ambiguas
2336 2311 2375 2342 de

1302 2354 1418 2384 divinis
1455 2354 1687 2395 disputationes
1727 2360 1913 2386 annecteret
1921 2363 1934 2393 ;
1966 2357 2174 2396 perspicuum
2215 2356 2288 2386 inde
2326 2361 2376 2386 est

1301 2399 1510 2429 scholasticae
1527 2399 1747 2439 philosophiae
1771 2401 1847 2430 vitia
1868 2410 1931 2430 non
1950 2401 2129 2438 sustulisse,
2153 2400 2210 2431 sed
2233 2402 2374 2431 auxisse.

1302 2443 1389 2473 Haec
1409 2443 1468 2473 alia
1487 2443 1690 2484 praemiserat
1707 2444 1818 2474 verba:
1844 2444 2040 2475 Immodicus
2058 2445 2288 2485 peripateticae
2303 2446 2373 2485 phi-

1302 2488 1463 2527 losophiae
1486 2498 1580 2518 amor
1604 2489 1708 2519 virum
1732 2488 1828 2526 hunc,
1859 2490 2079 2528 superstitioso
2102 2490 2249 2530 obsequio
2268 2490 2371 2520 Philo-

1301 2532 1399 2571 sopho
1422 2532 1602 2570 addictum,
1634 2533 1780 2570 seduxit,
1807 2539 1842 2564 ut
1865 2533 2044 2575 theologiae
2068 2534 2268 2571 vulneribus,
2294 2543 2375 2574 quae

1295 2582 1508 2617 praepostera
1535 2577 1757 2618 philosophiae
1780 2578 1962 2608 commixtio
1995 2578 2179 2618 inflixerat,
2211 2588 2293 2608 nova
2316 2578 2373 2608 ad-

1301 2621 1392 2652 deret
1415 2622 1570 2652 vulnera:
1584 2622 1692 2662 sicque
1714 2631 1842 2652 sacram
1866 2622 2044 2653 doctrinam
2069 2632 2144 2654 vere
2154 2623 2285 2664 faceret
2301 2623 2372 2662 phi-

1302 2666 1507 2705 losophicam,
1528 2667 1591 2696 imo
1613 2666 1779 2707 gentilem.

1345 2710 1420 2740 Non
1443 2710 1555 2750 legisse
1575 2710 1680 2751 Opera
1703 2711 1861 2749 Thomae,
1882 2717 1963 2741 certe
1986 2710 2175 2741 methodum
2198 2710 2231 2740 in
2254 2710 2373 2740 eisdem

1302 2761 1456 2785 servatam
1494 2765 1560 2785 non
1593 2755 1847 2785 animadvertisse
1879 2755 2003 2785 videtur
2042 2755 2227 2785 Bruckerus.
2260 2754 2372 2785 Tribui

1302 2799 1464 2839 theologia
1487 2799 1580 2830 debet
1602 2799 1635 2829 in
1659 2810 1748 2838 eam,
1783 2809 1864 2840 quae
1889 2800 2030 2830 revelata
2063 2799 2176 2829 dicitur
2199 2806 2229 2829 et
2251 2799 2283 2828 in
2315 2809 2371 2829 na-

1302 2845 1451 2874 turalem.
1471 2844 1622 2875 Versatur
1644 2844 1702 2875 ista
1726 2844 1806 2874 circa
1829 2843 1949 2874 divinas
1974 2844 2133 2881 veritates,
2159 2853 2240 2883 quae
2264 2842 2371 2873 nativo

1302 2887 1431 2918 rationis
1454 2888 1576 2918 lumine
1600 2888 1795 2919 innotescere
1826 2895 1975 2928 possunt:
2002 2897 2136 2928 eamque
2167 2887 2371 2927 praecipuam

1302 2939 1333 2963 et
1355 2932 1617 2972 praestantiorem
1639 2933 1723 2963 illius
1746 2932 1968 2972 philosophiae
1992 2939 2113 2971 partem
2137 2931 2270 2969 faciunt,
2288 2941 2369 2971 quae

1302 2978 1522 3017 metaphysica
1546 2977 1731 3017 appellatur.
1758 2977 1906 3007 Versatur
1929 2977 2023 3006 altera
2057 2976 2135 3006 circa
2159 2975 2278 3005 divinas
2301 2975 2370 3005 illas

1302 3021 1466 3059 veritates,
1491 3031 1572 3062 quae
1605 3029 1734 3052 naturae
1757 3021 1867 3051 lumen
1900 3020 2071 3058 excedunt,
2095 3029 2198 3060 neque
2227 3029 2371 3060 unquam

1301 3065 1486 3096 hominibus
1509 3065 1731 3103 innotuissent,
1756 3065 1815 3094 nisi
1839 3065 1938 3094 libero
1962 3064 2084 3094 divinae
2107 3063 2279 3094 voluntatis
2303 3063 2371 3104 pla-

1303 3110 1365 3140 cito
1398 3110 1532 3140 revelata
1562 3109 1712 3148 fuissent,
1745 3119 1780 3139 ac
1810 3109 2054 3149 supernaturali
2079 3108 2153 3149 fide
2190 3108 2369 3138 creduntur.

1303 3154 1510 3194 Quamquam
1533 3153 1847 3184 animadvertendum
1871 3160 1933 3191 est,
1958 3152 2234 3193 quemadmodum
2265 3152 2370 3182 divina

1302 3198 1450 3228 revelatio
1474 3208 1541 3228 non
1565 3208 1676 3228 arcana
1700 3197 1806 3228 solum
1829 3196 1902 3227 fidei
1925 3197 2109 3227 hominibus
2133 3196 2288 3236 patefecit,
2316 3196 2371 3226 sed

1301 3242 1415 3282 prioris
1439 3242 1533 3272 etiam
1556 3242 1678 3281 generis
1700 3242 1844 3272 veritates
1873 3248 1943 3271 tuto
1978 3241 2179 3271 monstravit:
2210 3240 2252 3270 ita
2282 3250 2369 3270 reve-

1302 3287 1400 3317 latam
1433 3286 1628 3326 theologiam
1651 3286 1691 3316 ad
1723 3286 1796 3316 istas
1829 3295 1959 3326 quoque
1991 3285 2188 3315 illustrandas
2212 3291 2243 3314 et
2268 3283 2370 3314 vindi-

1302 3330 1415 3360 candas
1440 3340 1571 3369 operam
1594 3330 1744 3360 conferre.
1762 3330 1853 3360 Hanc
1877 3329 2016 3359 divinam
2035 3329 2269 3365 revelationem,
2286 3338 2368 3368 quae

1308 3374 1440 3404 Verbum
1464 3374 1527 3404 Dei
1549 3374 1735 3413 appellatur,
1759 3373 1869 3404 veteris
1893 3383 1928 3403 ac
1945 3373 2019 3403 novi
2036 3372 2230 3403 Testamenti
2246 3371 2315 3402 libri
2334 3382 2370 3403 ac

1300 3427 1467 3458 germanae
1491 3417 1670 3448 traditiones
1695 3417 1958 3457 complectuntur.
1988 3417 2072 3447 Hinc
2100 3426 2174 3446 vero
2203 3415 2370 3456 Scripturis

1301 3469 1332 3492 et
1354 3461 1584 3499 traditionibus,
1603 3461 1701 3491 veluti
1725 3461 1859 3501 propriis
1876 3460 2046 3500 principiis,
2072 3460 2190 3491 divinas
2214 3460 2369 3499 veritates,

1301 3516 1379 3546 quas
1394 3506 1463 3536 Deo
1487 3505 1606 3545 placuit
1628 3505 1773 3542 revelare,
1798 3504 1900 3543 tradit,
1925 3505 2064 3545 exponit,
2081 3511 2187 3535 tuetur
2210 3505 2370 3546 theologia

1300 3550 1460 3580 revelata:
1476 3556 1506 3580 et
1521 3549 1546 3579 si
1561 3558 1642 3590 quae
1666 3555 1739 3579 sunt
1755 3548 1963 3587 difficultates,
1983 3559 2064 3590 quae
2086 3549 2165 3579 circa
2183 3559 2371 3589 germanum

1300 3594 1532 3633 Scripturarum
1556 3603 1684 3629 sensum
1708 3600 1878 3632 emergant,
1902 3593 1995 3623 illum
2018 3593 2274 3634 amplectendum
2303 3603 2371 3623 esse

1299 3638 1489 3678 praescribit,
1506 3647 1603 3678 quem
1622 3636 1775 3668 definierit
1792 3637 1950 3677 legitimus
1967 3638 2200 3678 Scripturarum
2218 3637 2371 3678 interpres
