2788 4204
295 245 370 270 222

882 234 1266 271 POSTERIORUM
1293 233 1723 271 ANALYTICORUM
1751 235 1845 272 LIB.
1877 236 1891 271 I

819 468 1035 524 LECT
1038 469 1120 523 10
1159 466 1956 527 VIGESIMASECUNDA

431 624 602 676 QUOD
636 623 697 662 IN
732 622 1040 673 QUALIBET
1074 621 1355 663 SCIENTIA
1389 623 1551 664 SUNT
1583 625 1888 666 PROPRIAE
1920 627 2343 671 DECEPTIONES

1116 697 1196 736 ET
1229 697 1654 739 IGNORANTIAE

282 840 379 874 ,Επεὶ
396 834 423 870 δ’
447 838 519 869 ἐστὶ
537 835 749 882 γεωμετρικοὶ
765 834 991 880 ἐρωτήματα,
1010 833 1058 889 αἶρ’
1079 836 1153 869 ἐστὶ
1170 838 1227 868 καὶ
1247 836 1355 891 αγεω-
1408 839 1426 858 *
1445 839 1608 877 Quoniam
1627 848 1734 872 autem
1754 849 1828 874 sunt
1845 843 2055 883 geometricae
2074 844 2354 885 interrogationes,
2371 839 2483 879 nonne·
2506 862 2515 871 .
2530 861 2585 890 Seq.
2597 868 2698 890 capsa.

354 883 523 927 μέτρητα;
552 882 610 912 καὶ
635 882 712 925 παρ’
734 881 883 918 ἑκάστην
901 881 1094 924 ἑπιστημην
1113 881 1160 915 τοὶ
1175 893 1272 914 κατα
1288 881 1352 918 τήν

354 926 492 973 ἄγνοιαν
511 927 574 963 τήν
593 926 694 958 ποιοὶν
708 925 921 974 γεωμετρικοὶ
937 927 1028 959 ἐστιν
1044 924 1065 963 ἦ
1082 925 1349 973 ἀγεωμέτρητα;

350 976 407 1005 καὶ
434 972 577 1015 πότερον
605 973 620 1003 ὁ
644 973 740 1005 κατὰ.
764 973 828 1009 τήν
857 972 998 1018 ἄγνοιαν
1023 971 1245 1017 συλλογισμός
1273 972 1288 1003 ὁ
1315 971 1351 1003 ἐκ

352 1020 418 1053 τῶν
441 1017 677 1063 ἀντικειμένων
699 1018 935 1063 συλλογισμός,
954 1015 976 1055 ἦ
997 1015 1269 1061 παραλογισμός,

1475 891 1550 915 sunt
1573 891 1604 915 et
1626 896 1692 916 non
1715 885 1943 926 geometricae?
1961 887 2003 919 Et
2019 889 2195 920 secundum
2216 900 2479 933 unamquamque
2504 887 2619 911 Texta&

1474 928 1648 968 scientiam,
1665 940 1747 971 quae
1763 932 1941 962 secundum
1965 932 2177 972 ignorantiam
2200 935 2386 974 quamlibet,
2402 946 2477 976 geo-

1474 973 1620 1023 metricae
1635 973 1739 1026 ·sunt?·
1755 976 1797 1006 Et
1820 982 1929 1006 utrum
1948 977 2124 1008 secundum
2147 977 2358 1018 ignorantiam
2382 981 2477 1021 syllo-

1473 1027 1594 1091 lggsznus
1618 1025 1668 1085 Slpt'
1685 1029 1740 1060 qur
1763 1026 1810 1051 est
1833 1030 1871 1050 ex
1894 1020 2050 1061 oppositis
2073 1021 2288 1062 syllogismus,
2310 1030 2365 1055 aut
2387 1034 2476 1065 para·

1507 1072 1642 1101 gismus.
1668 1096 1670 1098 v

282 1104 378 1138 κατὰ
401 1105 608 1148 γεωμετρίαν
633 1097 691 1142 δέ;
719 1101 739 1139 ἦ
759 1102 793 1156 ἒξ
813 1101 916 1140 ἄλλης
942 1101 1084 1147 τέχνης;
1111 1102 1179 1133 οἷον
1205 1100 1246 1133 τό
1271 1112 1352 1144 μου·
1406 1105 1590 1137 Secundum
1612 1108 1820 1147 geometriam
1843 1115 1971 1147 autem,
1996 1115 2052 1141 aut
2079 1119 2160 1150 quae
2184 1120 2222 1141 ex
2243 1111 2304 1142 alia
2332 1118 2416 1151 arte,
2441 1118 2478 1144 ut

349 1149 439 1181 σικόν
461 1149 552 1181 ἐστιν
574 1146 733 1190 ἐρώτημα
755 1146 1016 1192 αγεωμέτρητον
1032 1148 1106 1190 περὶ
1121 1147 1348 1192 γεωμετρίας,

283 1195 323 1228 τὸ
348 1190 385 1226 ’δὲ
411 1194 473 1231 τοὶς
492 1190 733 1235 παραλλήλους
751 1193 957 1236 συμπίπτειν
977 1190 1104 1233 οἴεσθαι
1121 1191 1348 1237 γεωμετρικόν

348 1251 418 1277 πως
442 1240 500 1270 καὶ
532 1235 795 1283 ἀγεωμέτρητον
829 1236 931 1268 ἄλλον
965 1235 1105 1281 τρόπον·
1139 1231 1259 1268 διττόν
1283 1235 1348 1282 γοὶρ

346 1286 466 1325 τοῦτο,
492 1282 604 1325 ὥσπερ
630 1282 671 1314 τὸ
699 1280 873 1325 ἄρρυθμον,
891 1283 950 1312 καὶ
973 1281 1014 1313 τὸ
1031 1281 1090 1324 μὲν
1110 1279 1222 1325 ἕτερον
1243 1281 1348 1326 ἀγεω-

347 1329 515 1374 μέτρητον
547 1329 595 1368 τῷ
621 1326 667 1369 μή
694 1326 781 1371 ἔχειν
817 1325 928 1369 ὥσπερ
960 1326 1002 1358 τὸ
1029 1325 1212 1370 ἄρρυθμον,
1246 1325 1287 1358 τὸ
1313 1320 1344 1356 δ’

346 1373 458 1419 ἐ’τερον
485 1373 532 1414 τῷ
558 1372 691 1414 φαύλως
717 1372 817 1416 ἔχειν·
844 1373 901 1402 καὶ
927 1371 948 1407 ἢ
976 1371 1097 1417 ἄγνοια
1123 1369 1235 1411 αὕτη,
1262 1371 1283 1407 ἡ
1309 1370 1346 1402 ἑκ

348 1420 413 1451 τῶν
440 1417 604 1451 τοιούτων
632 1417 754 1462 ἀρχῶν,
783 1416 935 1448 ἐναντία.
1243 1414 1245 1417 ’

274 1505 330 1538 Ἐν
354 1497 391 1535 δὲ
425 1506 495 1539 τοῖς
526 1499 723 1544 μαθήμασιν
758 1499 817 1530 οὐκ
843 1498 934 1530 ἔστιν
969 1499 1088 1540 ὁμοίως
1115 1498 1131 1529 ὁ
1157 1498 1347 1542 παραλογι-

346 1547 441 1590 σμός,
469 1546 522 1579 ὅτι
548 1545 588 1578 τὸ
614 1544 713 1589 μέσον
740 1543 830 1576 ἐστὶν
858 1543 908 1576 ἀεὶ
933 1537 1066 1575 διττόν·
1095 1542 1192 1574 κατοί
1216 1554 1254 1574 τε
1278 1541 1344 1587 γοὶρ

345 1592 471 1624 τούτου
490 1592 633 1630 παντός,
651 1591 708 1621 καὶ
727 1589 835 1622 τοῦτο
858 1587 960 1620 πάλιν
977 1587 1056 1620 κατ’
1080 1586 1183 1619 ἄλλου
1200 1586 1344 1633 λέγεται

345 1636 487 1674 παντός.
525 1635 570 1666 Τὸ
602 1630 640 1666 δὲ
675 1632 971 1679 κατηγορούμενον
1010 1632 1046 1664 οὗ
1080 1631 1223 1678 λέγεται
1259 1631 1339 1664 πᾶν.

341 1683 465 1714 ,Ταῦτα
490 1676 519 1712 δ’
550 1680 641 1712 ἐστὶν
669 1679 736 1711 οἷον
764 1681 842 1724 ὁρᾶν
869 1678 914 1719 τῇ
940 1677 1068 1719 νοήσει,
1089 1677 1121 1710 ἐν
1143 1672 1180 1709 δὲ
1199 1680 1269 1713 τοῖς
1287 1674 1342 1707 λό-

367 1738 411 1764 οις
428 1724 600 1758 λανθάνει.
620 1723 705 1769 Ἀρα
723 1725 789 1762 πᾶς
806 1722 927 1760 κύκλος
944 1723 1081 1768 σχῆμα;
1103 1721 1141 1754 ἂν
1159 1717 1197 1753 δὲ
1214 1720 1340 1768 γράψῃ,

341 1738 458 1808 ἒῆλον.
479 1772 516 1801 Τί
535 1765 593 1809 δέ;
614 1769 661 1801 τοὶ
679 1769 743 1806 ἐ’πη
766 1769 904 1809 κύκλοςς
924 1768 1064 1813 φανερὸν
1084 1766 1137 1799 ὅτι
1157 1767 1216 1798 οὐκ
1234 1767 1339 1798 ἔστιν.

274 1859 319 1891 Οὐ
343 1852 395 1888 δεῖ
417 1852 446 1887 δ’
476 1855 632 1887 ἔνστασιν
657 1854 701 1891 εἱς
728 1854 816 1886 αὐτό
845 1852 976 1898 φέρειν,
1012 1851 1051 1885 ἂν
1081 1851 1142 1896 *ff-13
1176 1851 1339 1895 πρότασις

342 1899 526 1936 ἒπακτική.
538 1897 662 1943 ’Ὠσπερ
675 1898 740 1944 γάρ
755 1894 833 1931 οὐδὲ
851 1897 1015 1943 πρότασίς
1034 1898 1125 1931 ἐστιν
1143 1897 1164 1934 ἦ
1181 1895 1231 1941 μή
1248 1897 1340 1929 ἐστιν

341 1947 395 1979 ἐπὶ
428 1943 589 1977 πλειόνων
617 1943 671 1985 (οὐ
696 1943 760 1990 γὰρ
793 1943 893 1976 ἔσται
926 1943 980 1975 ἐπὶ
1014 1942 1173 1982 πάντων,
1207 1942 1244 1973 ἐκ
1273 1942 1339 1973 τῶν

338 1989 485 2023 καθόλου
509 1984 539 2020 δ’
571 1988 587 2019 ὁ
605 1987 855 2032 συλλογισμός),
874 1983 977 2024 ’δῆλον
997 1986 1050 2020 ὅτι
1070 1982 1138 2020 οὐδ’
1169 1987 1338 2024 ἔνστασις.

339 2038 376 2067 Αἰ
403 2035 508 2068 αὑταὶ
532 2033 598 2079 γαρ
617 2033 798 2077 προτάσεις
818 2035 875 2064 καὶ
894 2031 1082 2070 ἐνστάσεις·
1110 2033 1150 2069 ἦν
1166 2032 1231 2078 γὰρ
1250 2032 1339 2075 φέρει

341 2080 512 2119 ἔνστασιν,
541 2076 629 2114 αὕτη
655 2078 781 2124 γένοιτ’
813 2076 851 2110 ἄν
877 2077 1040 2122 πρότασις
1068 2076 1089 2115 ἦ
1114 2072 1338 2113 ἀποδεικτική

340 2125 361 2162 ἦ
386 2119 599 2159 διαλεκτική.

273 2170 453 2214 Συμβαίνει
478 2164 508 2200 δ’
539 2168 642 2204 ἐνίους
670 2167 920 2212 ἀσυλλογίστως
941 2165 1051 2212 λέγειν
1069 2161 1128 2198 Stoi.
1145 2166 1186 2198 τὸ
1203 2164 1341 2208 λαμβα-

338 2227 403 2246 νειν
424 2211 624 2257 ἀμφοτέροις
643 2211 690 2243 τοὶ
708 2211 872 2255 ἑπόμενα,
886 2212 952 2243 οἷον
970 2214 1027 2243 καὶ
1047 2213 1062 2243 ὁ
1076 2210 1216 2248 Καινεύς
1234 2213 1337 2251 ποιεῖ’,

340 2259 392 2292 ὅτι
412 2259 453 2291 τὸ
472 2259 535 2302 πῦρ
554 2257 586 2287 ἐν
605 2256 650 2297 τῇ
669 2258 917 2297 πολλαπλασία
938 2257 1119 2302 ἀναλογία·
1137 2257 1196 2288 καὶ
1213 2269 1222 2277 ·
1239 2255 1277 2300 οἱρ
1297 2255 1338 2288 τὸ

338 2306 401 2348 πῦρ
427 2303 519 2348 ταχυ
544 2302 721 2346 γεννᾶται,
740 2302 781 2338 ὥς
799 2303 891 2344 φησί,
909 2303 966 2333 καὶ
991 2300 1082 2338 αὕτη
1106 2301 1128 2338 ’ἢ
1154 2300 1218 2333 ἀνα
1244 2302 1335 2346 ογία.

336 2348 433 2381 Οὕτω
458 2344 487 2379 δ’
520 2348 578 2379 οὐκ
603 2346 676 2379 ἔστι
694 2345 928 2391 συλλογισμός·
954 2346 1028 2379 ἀλλ’
1057 2346 1084 2377 εἰ
1110 2345 1155 2388 τῇ
1181 2348 1335 2391 ταχίστῃ

338 2393 506 2439 ἀναλογία
538 2391 661 2424 ἕπεται
691 2392 711 2427 ἠ
738 2390 1017 2432 πολλαπλάσιος,
1050 2392 1109 2423 καὶ
1133 2390 1182 2432 τῷ
1211 2393 1288 2434 πυρὶ
1313 2390 1334 2428 ἧ

338 2441 489 2483 ταχίστη
516 2438 548 2469 ἐν
575 2436 619 2478 τῇ
644 2435 772 2471 κινήσει
799 2437 980 2481 ἀναλογία.

264 2482 396 2515 Ἐνίοτε
430 2482 488 2527 μὲν
515 2479 571 2514 οὖν
606 2481 664 2512 οὐκ
697 2475 875 2524 ἐνδέχεται
904 2478 1170 2524 συλλογίσασθαι
1204 2479 1240 2511 ἑκ
1266 2479 1334 2512 τῶν

336 2526 556 2570 εἰλημμένων,
583 2524 640 2557 ὅτε
666 2520 695 2555 δ’
726 2520 918 2570 ἐνδέχεται,
947 2526 1020 2557 ἀλλ’
1051 2525 1114 2569 οὐχ
1139 2524 1275 2568 ὁρᾶται.

270 2571 307 2602 Εἰ
332 2566 363 2602 δ’
393 2570 433 2609 -ἧν
461 2566 630 2604 ἀδύνατον
657 2570 692 2601 ἐκ
717 2565 856 2614 ψεύδους
882 2568 1002 2607 ἀληθὲς
1019 2565 1141 2610 δεῖξαι,
1160 2564 1275 2614 ῥᾴδιον
1295 2568 1334 2601 ἄν

337 2614 377 2654 ἦν
412 2616 453 2649 τὸ
488 2614 658 2648 ἀναλύειν·
695 2613 898 2659 ἀντέστρεφε
932 2614 995 2660 γοὶρ
1028 2613 1066 2647 ἂν
1097 2613 1132 2655 ἐξ
1169 2613 1331 2659 ἀνάγκης.

329 2663 443 2694 Ἔστω
467 2661 531 2707 γάρ
557 2659 597 2693 τὰ
622 2660 647 2690 Α
673 2658 720 2690 ὅν·
747 2659 874 2692 τούτου
899 2653 926 2689 δ’
958 2658 1053 2696 ὄντος
1080 2653 1162 2691 ταδί
1186 2658 1292 2697 ἐστιν,
1314 2658 1336 2690 οἳ

337 2702 414 2739 οἶδα
441 2704 494 2738 ὅτι
519 2705 625 2746 ἔστιν,
644 2703 712 2737 οἷον
734 2704 776 2736 τό
792 2706 829 2735 Β.
849 2705 911 2735 Ἐκ
928 2702 1061 2736 τούτων
1082 2703 1147 2748 ἄρα
1164 2698 1261 2743 δείξω
1280 2701 1335 2735 ὅτι

337 2752 427 2784 ἔστιν
454 2750 572 2782 ἐκεῖνο.

263 2795 494 2840 Ἀντιστρέφει
512 2790 549 2827 δέ
566 2794 693 2838 μᾶλλον
720 2793 768 2826 τοὶ
792 2794 824 2825 ἒν
843 2795 915 2829 τοῖς
933 2790 1146 2835 μαθήμασιν,
1166 2789 1219 2824 ὅτι
1237 2785 1333 2823 οὐδὲν

334 2840 543 2884 συμβεβηκός
576 2838 807 2882 λαμβάνουσιν
839 2836 955 2880 (ἄλλα
988 2838 1047 2869 καὶ
1076 2835 1190 2876 τούτῳ
1220 2829 1334 2880 διαφέ-

335 2898 425 2931 ρουσι
450 2887 516 2918 τῶν
544 2885 575 2917 ἐν
601 2888 673 2921 τοῖς
697 2878 898 2928 διαλόγοις),
927 2881 1000 2913 ἀλλ’
1031 2879 1198 2926 ὁρισμούς.

268 2930 416 2972 Αὕξεται
440 2930 471 2961 δ“
499 2930 537 2962 οὗ
561 2924 621 2960 διαὶ
644 2929 710 2961 τῶν
729 2927 852 2971 μέσων,
874 2925 964 2958 ἀλλα
979 2926 1027 2967 τῷ
1046 2923 1332 2968 προσλαμβάνειν,

337 2976 404 3007 οἷον
423 2975 464 3007 τὸ
481 2978 506 3005 Α
523 2974 586 3007 τοῦ
599 2974 637 3013 Β,
656 2973 764 3006 τοῦτο
781 2967 819 3004 δὲ
836 2971 899 3004 τοῦ
916 2972 951 3011 Γ,
968 2970 1071 3003 πάλιν
1090 2970 1197 3003 τοῦτο
1214 2969 1277 3000 τοῦ
1296 2969 1332 3009 Δ,

334 3021 392 3052 καὶ
417 3019 512 3052 τοῦτ’
542 3019 585 3056 εἰς
606 3018 754 3062 ἄπειρον.
781 3018 848 3048 Καὶ
866 3016 910 3053 εἰς
928 3015 970 3047 τὸ
988 3013 1235 3061 πλοίγιον,·οἷον
1253 3012 1295 3046 τό
1309 3013 1334 3044 Α

334 3066 393 3096 καὶ
417 3064 513 3096 κατοὶ
538 3063 600 3096 τοῦ
625 3064 646 3093 Γ
670 3064 728 3094 καὶ
752 3061 849 3094 κατοί
866 3061 929 3093 τοῦ
942 3062 979 3099 Ε,
999 3060 1067 3092 οἷὀν
1087 3059 1176 3092 ἔστιν
1198 3057 1332 3102 ἀριθμός

337 3109 440 3146 ποσός
474 3107 494 3144 ἦ
519 3110 576 3139 καὶ
613 3106 884 3147 ἄπειροςτοῧτι)
915 3105 965 3146 ἐφ’
995 3104 1020 3146 ᾦ
1050 3105 1092 3144 Α,
1125 3105 1141 3136 ὂ
1175 3102 1334 3147 περιττός

338 3154 440 3191 ποσός
466 3153 512 3197 ἐφ’
542 3151 580 3184 οὗ
605 3153 650 3191 Β,
679 3149 815 3195 ἀριθμὸς
849 3149 1007 3194 περιττὸς
1041 3149 1088 3193 ἐφ’
1118 3147 1156 3181 οὗ
1180 3148 1214 3178 Γ·
1242 3147 1333 3179 ἔστιν

338 3198 403 3243 ἄρα
433 3197 475 3230 τὸ
500 3197 525 3228 Α
555 3196 652 3229 navet
683 3196 746 3228 τοῦ
771 3197 806 3226 Γ·
839 3197 896 3227 καὶ
927 3193 1017 3226 ἔστιν
1044 3194 1060 3225 ὀ
1087 3192 1200 3236 ἄρτιος
1231 3191 1335 3229 ποσός

337 3241 472 3287 ἀριθμὸς
499 3242 547 3285 ἐφ’
579 3241 615 3273 οὗ
641 3242 676 3282 Δ,
705 3241 720 3272 ὁ
745 3239 857 3283 ἄρτιος
886 3237 1021 3284 ἀριθμὸς
1046 3238 1094 3281 ἐφ’
1124 3237 1161 3270 οὗ
1178 3238 1215 3267 Ε·
1242 3236 1334 3269 ἔστιν

345 3286 359 3298 ν

339 3299 403 3330 αρα
428 3286 469 3319 τὰ
491 3286 516 3317 Α
538 3284 635 3318 κατὰ
662 3285 724 3318 τοῦ
750 3286 785 3316 Ε.

331 3381 479 3409 Svuopsts.
492 3396 526 3400 —
544 3389 566 3407 1.
582 3379 792 3415 Argumentum
807 3384 835 3405 et
849 3376 952 3405 divisio
970 3382 1071 3404 textus.
1082 3392 1101 3396 —
1111 3382 1138 3403 2.
1153 3375 1225 3402 Tres
1246 3382 1335 3411 quae—

273 3420 392 3455 stiones,
409 3429 482 3457 quae
497 3419 670 3456 geometriae
691 3418 879 3454 applicantur,
896 3417 945 3444 sed
960 3417 995 3444 de
1010 3414 1196 3452 unaqualibet
1217 3413 1335 3442 scientia

273 3467 353 3488 sunt:
371 3477 388 3481 -
402 3462 431 3495 a)
446 3460 548 3487 Utrum
564 3459 593 3486 in
607 3457 765 3495 geometria
779 3457 835 3485 sint
850 3455 1087 3493 interrogationes
1106 3463 1167 3482 non
1181 3453 1335 3491 geometri-

273 3509 339 3534 cae;
354 3517 372 3520 -
394 3499 420 3534 b)
442 3500 544 3527 Utrum
567 3497 815 3535 interrogationeS,
831 3505 905 3533 quae
927 3502 994 3524 sunt
1015 3495 1175 3523 secundum
1198 3493 1334 3531 ignoran-

273 3539 343 3567 tiam
354 3538 536 3575 geometriae,
553 3538 608 3565 sint
623 3547 676 3566 nec
691 3546 726 3565 ne
741 3535 946 3573 geometricae;
962 3551 981 3556 -
995 3536 1021 3570 c)
1036 3535 1139 3562 Utrum
1154 3533 1336 3570 syllogismus

273 3577 462 3615 ignorantiae,
484 3577 534 3614 qui
548 3577 578 3605 fit
592 3577 622 3604 in
643 3576 767 3605 scientiis
788 3574 1035 3610 demonstrativis,
1058 3573 1093 3602 sit
1107 3573 1288 3610 syllogismus
1303 3581 1337 3600 ex

1472 1150 1593 1181 musica
1617 1158 1663 1182 est
1685 1152 1889 1193 interrogatio
1913 1163 1979 1186 non
2002 1154 2209 1193 geometrica;

1405 1194 1444 1224 de
1466 1195 1640 1234 geometria
1670 1203 1778 1227 autem
1807 1197 1971 1238 parallelas
2002 1197 2106 1229 subire
2136 1199 2259 1239 opinari
2284 1200 2476 1240 geometrica

1472 1240 1714 1279 quodammodo
1743 1248 1804 1280 est,
1831 1248 1862 1272 et
1884 1252 1950 1272 non
1974 1241 2164 1281 geometrica
2188 1242 2251 1273 alio
2275 1244 2390 1275 modo:
2417 1245 2474 1276 du-

1471 1283 1592 1323 pliciter
1615 1284 1701 1315 enim
1723 1285 1785 1316 hoc
1809 1292 1865 1324 est,
1883 1286 1964 1316 sicut
1986 1286 2187 1327 arrythmon,
2213 1287 2294 1318 idest
2316 1289 2406 1329 quod
2429 1295 2476 1320 est

1470 1327 1537 1358 sine
1560 1329 1705 1369 rythmo;
1725 1330 1820 1360 altera
1843 1330 1974 1371 quidem
1998 1341 2065 1361 non
2088 1331 2281 1371 geometrica
2297 1339 2344 1363 est
2358 1333 2391 1363 in
2407 1343 2474 1364 non

1469 1371 1627 1411 habendo,
1639 1373 1720 1404 sicut
1738 1374 1934 1415 arrythmon‚
1947 1375 2043 1406 altera
2058 1385 2133 1406 vero
2149 1375 2183 1405 in
2198 1386 2294 1416 prave
2309 1376 2473 1408 habendo:

1469 1422 1500 1446 et
1522 1416 1699 1467 ignorantia
1729 1418 1824 1457 haec,
1851 1429 1933 1460 quae
1957 1426 2002 1450 est
2026 1430 2063 1450 ex
2085 1419 2272 1453 huiusmodi
2301 1421 2473 1462 principiis,

1469 1467 1624 1491 contrarla
1648 1468 1703 1492 est.

1400 1502 1418 1522 *
1430 1503 1465 1534 In
1478 1504 1629 1535 doctrinis
1641 1512 1749 1536 autem
1766 1506 1908 1537 similiter
1923 1517 1989 1537 non
2006 1514 2052 1538 est
2064 1508 2294 1548 paralogismus
2306 1516 2313 1539 :
2327 1519 2366 1540 eo
2383 1511 2472 1551 quod

1467 1549 1611 1579 medium
1635 1550 1675 1580 sit
1697 1560 1822 1590 semper
1845 1551 2036 1591 dupliciter;.
2054 1559 2085 1582 et
2108 1552 2146 1583 de
2169 1553 2231 1583 hoc
2255 1553 2341 1583 enirn
2364 1555 2471 1594 omni,

1467 1599 1497 1623 et
1520 1593 1582 1624 hoc
1604 1593 1720 1625 iterum
1743 1595 1782 1625 de
1798 1595 1861 1625 alio
1885 1595 2000 1626 dicitur
2015 1596 2115 1627 omni.
2134 1597 2233 1634 Quod
2256 1604 2364 1628 autem
2382 1609 2471 1639 prae-

1466 1637 1587 1668 dicatur
1609 1648 1676 1668 non
1700 1639 1814 1670 dicitur
1837 1649 1944 1670 omne.
1961 1640 2048 1670 Haec
2071 1647 2179 1672 autem
2209 1648 2283 1672 sunt
2306 1649 2342 1673 ut
2365 1643 2471 1674 videre

1466 1689 1512 1712 est
1534 1682 1710 1722 intellectu;
1731 1684 1785 1713 sed
1809 1683 1842 1714 in
1866 1684 2041 1714 rationibus
2056 1684 2142 1724 latet,
2159 1692 2269 1716 utrum
2291 1687 2397 1718 omnis
2413 1688 2471 1719 cir-

1465 1726 1555 1757 culus
1585 1726 1686 1767 figura
1716 1727 1771 1766 sit;
1798 1728 1823 1758 si
1853 1735 1961 1759 autem
1984 1729 2154 1768 scribatur,
2177 1729 2382 1762 manifestum
2413 1738 2470 1763 est.

1464 1771 1552 1807 Quid
1575 1769 1701 1802 autern?
1724 1779 1799 1803 sunt
1822 1773 1960 1803 carmina
1984 1771 2140 1804 circulus?
2162 1774 2368 1806 manifestum
2387 1786 2470 1817 quo-

1462 1825 1549 1846 nlam
1572 1826 1639 1846 non
1662 1822 1718 1846 est.

1395 1860 1470 1890 Non
1493 1867 1621 1900 oportet
1643 1867 1751 1891 autem
1773 1860 1955 1892 instantiam
1978 1861 2011 1891 in
2034 1861 2142 1901 ipsum
2165 1862 2255 1901 ferre,
2282 1863 2307 1893 si
2332 1863 2372 1894 sit
2394 1874 2468 1904 pro-

1461 1904 1578 1945 positio
1602 1905 1772 1936 inductiva.
1789 1905 1877 1936 Sicut
1892 1905 1978 1935 enim
1994 1915 2098 1946 neque
2112 1907 2291 1947 propositio
2309 1914 2367 1946 est,
2385 1918 2467 1949 quae

1446 1958 1528 1979 ‘non
1551 1955 1598 1979 est
1619 1949 1652 1979 in
1671 1949 1815 1990 pluribus
1831 1947 1912 1992 (non
1933 1949 2019 1980 enim
2041 1949 2084 1981 ita
2101 1950 2159 1982 erit
2180 1950 2214 1981 in
2237 1952 2404 1991 omnibus,
2430 1963 2468 1984 ex

1462 1993 1691 2024 universalibus
1715 2000 1822 2024 autern
1850 2000 1896 2024 est
1926 1993 2164 2037 syllogismus),
2190 1995 2396 2027 manifestum
2419 2003 2467 2028 est

1462 2037 1550 2078 quod
1574 2047 1677 2078 neque
1701 2038 1847 2069 instantia
1871 2044 1927 2068 est.
1951 2037 2091 2069 Eaedem
2114 2039 2200 2070 enim
2219 2046 2294 2071 sunt
2316 2041 2464 2081 proposi-

1461 2082 1563 2113 tiones
1587 2089 1618 2112 et
1640 2081 1822 2120 instantiae;
1844 2092 1943 2123 quam
1966 2083 2052 2113 enim
2076 2083 2139 2122 ⁴fert
2162 2083 2362 2123 instantiam,
2389 2085 2466 2116 haec

1460 2126 1514 2157 fiet
1537 2126 1647 2167 utique
1663 2126 1854 2167 propositio,
1873 2133 1927 2158 aut
1943 2127 2200 2166 demonstrativa,
2217 2134 2272 2159 aut
2292 2129 2463 2161 dialectica.

1394 2171 1559 2211 Contingit
1582 2178 1690 2202 autem
1713 2171 1870 2211 quosdam
1902 2181 1968 2201 non
1992 2171 2182 2212 syllogistice
2206 2172 2307 2204 dicere
2335 2180 2466 2214 propter

1459 2215 1503 2254 id,
1519 2215 1608 2256 quod
1631 2215 1790 2255 accipiunt
1808 2215 1950 2256 utrisque
1974 2215 2185 2255 inhaerentia,
2210 2223 2246 2248 ut
2269 2223 2299 2248 et
2318 2216 2464 2249 Caeneus

1460 2259 1533 2291 facit
1555 2260 1645 2301 quod
1667 2259 1748 2299 ignis
1771 2260 1803 2290 in
1836 2260 2044 2299 multiplicata
2067 2260 2212 2301 analogia
2244 2261 2298 2300 sit;
2323 2272 2464 2303 namque

1458 2304 1540 2345 ignis
1563 2304 1625 2335 cito
1648 2311 1826 2344 generatur,
1843 2305 1923 2335 sicut
1946 2304 2079 2352 dicituet
2092 2304 2154 2336 hoc
2169 2305 2323 2346 analogia.
2339 2306 2390 2337 Sic
2406 2316 2464 2337 au-

1457 2356 1524 2380 tem
1546 2358 1614 2379 non
1629 2355 1676 2379 est
1692 2348 1906 2389 syllogismus,
1923 2349 1978 2379 sed
1994 2349 2019 2379 si
2035 2349 2269 2381 velocissimam
2283 2350 2464 2390 analogiam

1459 2393 1602 2434 sequitur
1613 2393 1832 2433 multiplicata,
1852 2400 1882 2424 et
1900 2393 2007 2434 ignem
2022 2393 2221 2424 velocissima
2239 2394 2272 2424 in
2285 2394 2464 2426 mutatione

1457 2437 1613 2477 analogia.

1390 2482 1573 2523 Aliquando
1597 2481 1728 2522 quidem
1751 2481 1846 2522 igitur
1869 2481 2054 2522 syllogizare
2083 2491 2149 2512 non
2173 2482 2329 2522 contingit
2351 2493 2388 2514 ex
2413 2493 2464 2514 ac-

1458 2526 1566 2567 ceptis,
1583 2525 1755 2566 aliquando
1778 2535 1854 2556 vero
1878 2526 2043 2565 contingit,
2060 2526 2115 2556 sed
2138 2536 2205 2557 non
2228 2526 2362 2558 videtur.

1390 2571 1423 2602 Si
1446 2578 1554 2601 autem
1578 2576 1658 2600 esset
1680 2569 1875 2610 impossibile
1898 2580 1936 2600 ex
1958 2569 2042 2600 falsis
2061 2579 2173 2601 verum
2195 2577 2382 2609 monstrare,
2402 2570 2463 2601 uti-

1457 2625 1520 2656 que
1544 2614 1633 2644 facile
1657 2621 1738 2644 esset
1761 2614 1931 2651 resolvere;
1956 2620 2212 2645 converterentur
2234 2614 2320 2644 enim
2348 2624 2385 2645 ex
2408 2624 2462 2645 ne-

1458 2659 1608 2690 cessitate.
1634 2657 1681 2689 Sit
1704 2657 1790 2688 enim
1812 2659 1842 2688 A
1866 2665 1948 2688 esse:
1969 2658 2030 2688 hoc
2057 2664 2165 2689 autem
2189 2668 2263 2689 cum
2286 2658 2341 2696 sit,
2372 2665 2403 2689 et
2425 2668 2463 2690 ea

1458 2703 1567 2744 utique
1583 2709 1666 2739 sunt,
1683 2711 1765 2743 quae
1779 2701 1855 2732 novi
1870 2701 2025 2742 quoniam
2041 2708 2125 2741 sunt,
2142 2708 2178 2732 ut
2189 2701 2229 2732 B:
2250 2712 2287 2732 ex
2302 2702 2351 2732 his
2366 2702 2463 2742 igitur

1458 2747 1682 2777 demonstrabo
1706 2746 1795 2787 quod
1818 2745 1897 2776 illud
1921 2752 1976 2776 est.

1391 2788 1630 2823 Convertuntur
1645 2796 1753 2820 autem
1769 2790 1869 2830 magis
1885 2800 1967 2830 quae
1983 2796 2057 2820 sunt
2071 2789 2104 2820 in
2120 2790 2361 2828 mathematicis,
2378 2800 2461 2831 quo-

1457 2835 1544 2866 niam
1567 2834 1694 2865 nullum
1724 2834 1868 2865 accidens
1892 2834 2047 2874 recipiunt
2065 2831 2142 2876 (sed
2171 2834 2205 2864 in
2228 2834 2290 2865 hoc
2314 2834 2463 2866 differunt

1457 2880 1496 2910 ab
1520 2879 1568 2909 his
1592 2888 1674 2920 quae
1697 2885 1772 2909 sunt
1794 2878 1827 2908 in
1851 2876 2014 2920 dialogis),
2038 2878 2093 2909 sed
2117 2877 2326 2910 definitiones.

1390 2926 1557 2965 Augentur
1579 2929 1686 2953 autem
1709 2932 1775 2953 non
1799 2932 1855 2963 per
1877 2922 1980 2953 media
1993 2945 2001 2961 ,
2023 2922 2078 2952 sed
2100 2922 2134 2953 in
2157 2929 2231 2962 post
2257 2922 2462 2963 assumendo,

1457 2975 1493 2999 ut
1515 2970 1550 2998 A·
1568 2967 1606 2997 de
1629 2967 1666 3006 B,
1686 2966 1748 2998 hoc
1771 2973 1879 2997 autem
1898 2967 1936 2997 de
1954 2966 1992 3005 C,
2009 2966 2125 2998 iterum
2147 2966 2210 2997 hoc
2234 2967 2272 2997 de
2288 2967 2328 3006 D,
2345 2973 2376 2998 et
2398 2966 2462 2998 hoc

1457 3012 1490 3043 in
1513 3010 1683 3042 infinitum.
1710 3011 1751 3042 Et
1773 3011 1806 3041 in
1829 3011 1929 3049 latus,
1953 3017 1989 3042 ut
2007 3013 2036 3041 A
2052 3011 2091 3042 de
2115 3009 2142 3042 C
2166 3017 2197 3042 et
2228 3011 2266 3041 de
2289 3011 2331 3050 E,
2356 3017 2392 3042 ut
2415 3017 2463 3042 est

1457 3065 1610 3087 numerus
1632 3054 1740 3086 finitus
1763 3062 1818 3086 aut
1840 3054 1997 3093 infinitus;
2013 3055 2075 3086 hoc
2089 3061 2197 3086 autem
2215 3055 2248 3085 in
2267 3065 2334 3096 quo
2357 3055 2398 3086 sit
2412 3057 2460 3094 A,

1456 3101 1559 3141 impar
1581 3109 1733 3130 numerus
1756 3106 1893 3140 quantus
1916 3099 1949 3129 in
1973 3109 2039 3140 quo
2062 3099 2103 3138 B,
2125 3108 2278 3130 numerus
2301 3099 2405 3140 impar
2427 3098 2461 3130 in

1457 3155 1523 3186 quo
1541 3144 1580 3175 sit
1603 3143 1647 3183 C3
1670 3150 1716 3174 est
1738 3143 1844 3184 itaque
1863 3145 1892 3174 A
1916 3143 1955 3174 de
1979 3143 2022 3174 C:
2047 3149 2078 3174 et
2101 3149 2147 3174 est
2162 3153 2219 3184 par
2241 3150 2380 3184 quantus
2403 3153 2463 3174 nu—

1457 3199 1564 3220 merus
1587 3188 1620 3218 in
1643 3198 1710 3229 quo
1734 3188 1773 3219 sit
1796 3188 1842 3228 D,
1867 3198 1923 3228 par
1946 3197 2099 3219 numerus
2122 3187 2155 3218 in
2179 3197 2246 3228 quo
2271 3194 2318 3218 est
2340 3187 2386 3226 E;
2413 3193 2461 3219 est

1458 3243 1532 3274 ergo
1555 3235 1585 3263 A
1607 3232 1647 3263 de
1670 3232 1708 3263 E.

1389 3372 1467 3401 falsis
1494 3373 1670 3410 procedens,
1698 3372 1744 3400 vel
1772 3370 1991 3408 paralogismus.
2009 3387 2029 3393 -
2052 3371 2077 3400 ³.
2093 3370 2256 3407 Responsio
2276 3371 2314 3399 ad
2334 3369 2459 3407 primam

1390 3413 1605 3450 quaestionem:
1627 3411 1815 3449 interrogatio
1838 3411 1960 3439 omnino
1975 3420 2036 3440 non
2057 3410 2232 3448 geometrica
2253 3416 2296 3438 est
2316 3409 2364 3438 illa
2383 3417 2460 3446 quae

1390 3453 1422 3481 fit
1443 3453 1565 3481 omnino
1587 3461 1621 3480 ex
1641 3451 1697 3480 alia
1717 3458 1796 3487 arte,
1820 3460 1882 3479 non
1903 3459 1937 3479 ex
1958 3450 2021 3488 ipsa
2034 3449 2201 3489 geometria.
2217 3466 2237 3471 -
2249 3458 2278 3484 4.
2297 3447 2459 3485 Responsio

1389 3493 1427 3521 ad
1449 3493 1605 3521 secundam
1627 3491 1843 3529 quaestionem:
1867 3489 2055 3528 Interrogatio
2080 3489 2241 3518 secundum
2254 3486 2458 3526 ignorantiam,

1390 3541 1464 3569 quae
1486 3539 1527 3560 est
1548 3538 1650 3560 contra
1667 3531 1816 3559 veritatem
1838 3529 2030 3568 geometriae,
2052 3535 2095 3558 est
2114 3528 2213 3566 aliquo
2235 3527 2326 3556 modo
2339 3535 2458 3564 geome-

1390 3572 1460 3600 trica
1481 3578 1509 3600 et
1529 3571 1627 3609 aliquo
1649 3571 1740 3600 modo
1762 3579 1824 3599 non
1844 3569 2028 3607 geometrica.
2045 3585 2064 3591 -
2083 3568 2108 3597 5.
2124 3567 2327 3604 Respondetur
2348 3565 2379 3594 in
2400 3565 2459 3594 hoe

2499 1521 2510 1532 ⁸
2524 1520 2593 1544 Text.
2603 1527 2640 1550 ²9-
