2548 4192
215 282 332 308 CCCXll

218 362 234 377 >
258 359 352 379 sonas
376 349 415 379 de
434 348 560 388 agmine
578 349 644 379 illo.
670 349 731 379 Sed
750 348 873 387 Seraph
896 354 926 377 et
947 345 1073 376 Cherub
1093 344 1206 374 dicitur
1225 343 1288 373 sin-

218 406 234 421 »
257 394 373 434 gularis
400 393 506 433 aliqua
529 403 665 433 persona
694 393 733 422 de
761 391 895 431 agmine.
927 390 1019 421 Unde
1046 395 1170 419 versus:
1195 388 1290 418 Haec

219 451 235 466 ν
258 438 428 478 Seraphin,
453 439 505 469 dic
527 439 560 468 hi
583 438 761 477 Seraphim,
787 436 838 466 dic
860 436 912 465 hic
930 434 1052 473 Seraph
1077 433 1178 463 illum.
1197 445 1212 459 1>
1240 432 1288 461 In-

219 483 307 522 signe
331 482 473 512 eiusdem
495 481 674 518 latinitatis,
706 490 787 521 quae
811 479 973 509 obtinebat
996 487 1074 507 aevo
1105 476 1212 507 medio
1237 482 1291 506 aut

218 526 342 564 infimo,
367 526 586 556 testimonium
609 525 752 564 perhibet
775 524 908 554 Ioannes
937 522 975 552 de
1004 522 1117 560 Ianua,
1148 521 1290 551 eiusdem

218 571 289 601 aevi
306 570 438 610 scriptor
455 571 488 600 in
508 569 691 600 catholico:
720 582 734 596 «
755 567 899 604 Cherub,
928 566 1090 606 inquiens,
1118 565 1289 602 Cherubis,

221 627 236 642 ιι
260 613 439 657 (Cherubi)
466 613 644 650 Cherubin,
680 612 875 648 Cherubem,
903 610 1048 648 Cherub,
1076 610 1238 640 Cherube:
1261 616 1292 640 et

221 671 236 686 2
259 658 419 699 pluraliter
445 657 614 688 Cherubim
638 666 694 696 per
717 666 829 686 omnes
854 665 955 693 casuS,
980 654 1146 685 masculini
1170 654 1291 694 generis

221 715 236 730 ›
259 713 315 744 per
334 713 363 732 m
384 702 545 741 scriptum.
566 701 645 731 Item
667 701 793 731 Cherub
812 699 1071 730 indeclinabiliter
1089 699 1122 729 in
1141 698 1291 738 singulari

221 758 236 773 >
260 753 290 777 et
313 746 345 776 in
369 745 481 785 plurali
505 755 563 785 pro
589 745 712 776 eodem.
739 745 817 775 Item
848 744 899 774 hic
925 743 1095 774 Cherubim
1119 743 1291 773 indeclina-

221 803 236 818 ι
259 790 361 821 biliter
389 789 555 819 masculini
584 789 706 830 generis
735 796 765 820 et
789 788 942 828 scriptum
971 798 1027 828 per
1050 798 1080 818 m
1110 794 1235 818 tantum
1258 787 1291 817 in

220 847 235 863 ›
259 834 407 873 singulari
431 841 584 864 numero:
610 841 640 864 et
659 833 812 874 significat
831 842 1132 873 unumquemquam
1152 831 1291 871 Angelo-

221 892 236 907 »
259 888 331 909 rum
351 878 389 908 de
407 877 464 908 illo
484 879 604 909 ordine.
625 879 666 908 Et
684 885 761 908 tunc
781 878 873 908 debet
892 877 967 907 dici:
984 877 1102 907 Sancte
1120 876 1290 906 Cherubim

221 935 235 950 >v
258 933 316 953 ora
336 932 399 962 pro
425 922 524 954 nobis.
546 924 624 953 Item
648 922 809 963 pluraliter
832 922 908 952 haec
930 921 1090 952 Cherubin
1116 926 1146 951 et
1165 920 1291 951 indecli-

220 979 235 993 ιι
258 966 402 997 nabiliter
425 973 456 997 et
479 967 582 998 neutri
604 967 737 1007 generis,
763 973 793 997 et
811 973 936 997 tantum
959 966 991 996 in
1011 965 1124 1006 plurali
1149 965 1292 996 scribitur

220 1023 235 1039 ι
258 1021 315 1051 per
338 1019 377 1041 n:
399 1017 430 1041 et
453 1011 607 1050 significat
629 1011 722 1042 illum
746 1011 891 1041 ordinem
914 1010 1122 1050 Angelorum.
1152 1010 1193 1040 Et
1216 1017 1291 1040 tunc

221 1068 236 1082 »
260 1055 352 1085 debet
375 1055 450 1085 dici:
475 1055 596 1086 Sancta
618 1055 779 1086 Cherubin
803 1060 895 1086 orate
912 1065 976 1095 pro
1001 1055 1099 1085 nobis.
1120 1054 1161 1085 Et
1180 1064 1291 1084 secun-

220 1112 235 1127 »
259 1100 338 1130 dum
356 1100 494 1140 primam
510 1100 753 1131 declinationem
772 1106 877 1140 potest
896 1099 971 1130 dici:
992 1099 1104 1129 Sancti
1121 1099 1291 1129 Cherubim

220 1157 236 1172 2»
259 1151 350 1175 orate
367 1154 431 1184 pro
455 1145 553 1175 nobis.
572 1157 587 1172 ›
614 1145 701 1175 Haec
725 1144 885 1184 ignorasse
907 1144 1032 1174 videtur
1055 1143 1163 1173 omnia
1186 1143 1293 1173 irrisor

220 1188 482 1219 Tribbechovius.
508 1189 605 1220 Haud
628 1199 680 1219 me
703 1189 778 1219 latet
801 1189 839 1219 ab
863 1188 997 1218 Erasmo
1021 1188 1130 1218 acerbe
1154 1187 1292 1227 sugillari

219 1243 255 1263 ac
279 1233 371 1264 rideri
395 1233 521 1263 Ioannis
540 1233 639 1264 nostri
663 1233 864 1264 latinitatem:
890 1239 921 1263 at
944 1232 1063 1263 cordati
1086 1232 1206 1272 quique
1234 1232 1292 1262 viri

219 1277 469 1309 animadvertant
493 1288 567 1309 cum
590 1278 774 1308 doctissimo
798 1277 960 1314 Echardo,
990 1276 1133 1307 eiusdem
1157 1276 1292 1307 vocabu-

219 1322 339 1352 larium
364 1332 432 1353 esse
455 1333 518 1353 non
543 1328 608 1353 tam
627 1323 767 1362 primae,
792 1322 849 1352 sed
871 1321 994 1351 mediae
1017 1326 1048 1351 et
1070 1321 1200 1361 infimae
1219 1321 1292 1350 lati-

221 1367 351 1397 nitatis:
374 1367 460 1408 quod
484 1373 515 1398 et
538 1377 597 1398 suo
623 1372 653 1397 et
681 1372 791 1397 nostro
815 1366 945 1396 saeculo
975 1366 1120 1406 apprime
1149 1374 1292 1395 necessa-

218 1421 315 1441 rium.

288 1455 431 1487 Huiusce
459 1462 567 1487 tamen
596 1454 838 1495 grammaticalis
869 1454 994 1494 regulae
1024 1454 1180 1484 rationem
1211 1453 1295 1483 sumi

222 1500 346 1531 nullam
370 1511 464 1541 posse
488 1500 588 1531 fateor
612 1510 648 1530 ex
676 1499 785 1539 lingua
808 1499 958 1538 hebraea,
983 1508 1064 1539 quae
1088 1498 1184 1528 Isaiae
1213 1508 1239 1528 c.
1264 1508 1295 1527 vl

558 267 1017 306 DISSERTATIONES
1048 264 1295 302 CRITICAE
1325 263 1380 299 IN
1411 264 1449 300 S.
1480 263 1722 300 THOMAM
1750 265 2073 311 AQUINATEM

1343 343 1424 374 hanc
1448 353 1546 373 unam
1570 353 1683 373 vocem
1706 343 1800 374 habet
1823 349 1963 381 D'D'WJ·
1984 346 2171 386 Seraphim:
2195 354 2225 378 et
2243 348 2417 379 Ezechielis

1344 399 1411 429 cap.
1426 400 1444 419 x
1461 392 1593 424 07:252,
1615 387 1799 426 Cherubim,
1817 390 1957 431 itemque
1973 395 2077 425 2772,
2097 391 2233 422 Cherub.
2250 393 2302 422 Ad
2317 403 2417 433 genus

1344 434 1432 474 quod
1452 434 1562 464 attinet
1581 443 1616 464 ac
1635 433 1901 473 terminationem,
1918 434 2046 465 liberius
2066 435 2165 474 egisse
2184 443 2307 467 constat
2323 437 2419 468 Grae·
2448 469 2453 475 ,

1345 488 1399 508 cos
1422 478 1615 518 interpretes.
1640 478 1782 509 Adnotat
1804 479 2022 520 Hieronymus
2037 479 2069 509 in
2085 480 2228 520 Epistola
2245 482 2284 511 ad
2301 482 2417 512 Dama-

1345 533 1418 553 sum
1432 523 1552 563 Papam
1566 523 1606 553 de
1620 521 1787 562 Seraphim
1803 521 1877 564 (Ed.
1889 524 1984 554 Paris.
2000 533 2093 564 1704,
2105 531 2184 555 tom.
2197 525 2249 563 III,
2262 526 2322 556 col.
2340 524 2417 568 515)

1345 567 1570 608 Septuaginta,
1581 566 1732 607 Aquilam
1749 572 1779 597 et
1794 568 2036 598 Theodotionem
2048 568 2215 609 Seraphim
2234 575 2348 600 neutro
2361 580 2418 611 ge—

1346 622 1423 642 nere
1446 613 1668 648 transtulisse,
1694 611 1923 652 Symmachum
1949 613 2144 643 masculino:
2167 613 2347 655 habentque
2371 614 2418 644 di-

1346 657 1496 687 ctionaria
1511 656 1623 695 latina,
1640 656 1808 696 Seraphim
1826 663 1856 686 et
1873 656 2043 687 Cherubim
2063 657 2193 697 pluralis
2209 668 2275 688 esse
2293 659 2417 689 numeri

1346 711 1381 731 ac
1400 700 1521 740 generis
1540 707 1606 731 tam
1625 700 1791 730 masculini
1808 711 1906 741 quam
1922 700 2035 731 neutri.
2054 702 2089 731 In
2104 702 2254 742 Hexaplis
2270 703 2417 743 Origenis

1346 745 1432 785 apud
1455 744 1735 775 Montfauconium
1754 751 1784 775 et
1807 745 1840 774 in
1864 745 1972 775 codice
1991 745 2204 776 Alexandrino
2225 753 2255 777 et
2271 747 2303 777 in
2323 747 2417 788 Poly-

1345 789 1451 829 glottis
1470 789 1631 828 Waltoni,
1655 799 1749 819 voces
1772 788 1843 819 illae
1866 796 2003 830 utroque
2025 790 2123 820 modo
2140 800 2196 831 per
2215 792 2248 821 M
2268 798 2298 822 et
2313 801 2370 831 per
2387 792 2417 822 N

1346 834 1523 864 desinentes
1551 840 1736 863 occurrunt:
1770 833 1923 864 nimirum
1951 843 2112 877 σεραφειμ.
2141 835 2191 865 vel
2214 845 2357 879 σεροιφιμ
2387 842 2418 866 et

1346 877 1524 922 χερουβειμ
1547 878 1598 908 vel
1628 875 1789 921 χερουβιμ
1818 887 1853 908 ac
1877 887 2029 920 σερσιφειν
2059 885 2090 909 et
2117 878 2302 922 χερουβειν.
2334 880 2419 910 Hinc

1346 933 1421 963 ergo
1445 932 1520 952 ansa
1539 922 1671 953 fortasse
1691 922 1778 959 data,
1799 928 1835 952 ut
1852 922 1940 952 latini
1960 922 2068 953 aetatis
2089 923 2210 954 mediae
2224 925 2275 954 vel
2290 923 2419 954 infimae

1346 966 1542 1008 grammatici
1565 967 1708 1006 regulam
1732 973 1913 1005 statuerent,
1938 967 1976 996 de
2000 976 2064 1007 qua
2087 966 2221 1007 agimus.

1414 1012 1505 1042 Hanc
1521 1011 1628 1052 itaque
1643 1020 1762 1041 vocum
1777 1010 1903 1041 illarum
1920 1011 2154 1041 distinctionem
2171 1022 2237 1053 quo
2253 1012 2293 1042 ad
2308 1021 2419 1052 genus,

1347 1056 1566 1097 diversamque
1596 1055 1853 1086 terminationem
1885 1065 1988 1096 neque
2022 1056 2185 1095 Thomas,
2216 1067 2320 1097 neque
2353 1056 2421 1087 eius

1347 1101 1454 1132 aetatis
1481 1100 1633 1140 theologi,
1658 1099 1757 1130 veluti
1781 1099 1946 1140 quidpiam
1975 1101 2144 1141 egregium
2165 1107 2195 1131 et
2218 1106 2348 1132 acutum
2369 1110 2419 1131 ex-

1347 1146 1533 1185 cogitarunt.
1560 1145 1695 1185 Vulgata
1719 1144 1804 1184 apud
1827 1144 2050 1184 grammaticos
2074 1145 2225 1176 latinitate
2254 1145 2303 1176 usi
2328 1151 2420 1183 sunt,

1347 1197 1383 1220 ut
1406 1190 1534 1220 maioris
1558 1189 1703 1220 claritatis
1726 1188 1824 1228 gratia
1848 1189 2012 1229 Seraphim
2037 1195 2067 1219 et
2086 1189 2262 1220 Cherubim
2281 1189 2419 1227 ordines,

1346 1245 1382 1265 ac
1397 1235 1503 1274 plures
1520 1245 1557 1264 ex
1573 1234 1687 1265 eodem
1707 1233 1828 1271 ordine,
1844 1243 1880 1263 ac
1900 1243 2002 1264 unum
2026 1233 2163 1275 denique
2183 1241 2214 1264 et
2229 1234 2422 1273 singularem

1346 1279 1459 1319 triplici
1487 1289 1566 1309 voce
1590 1279 1792 1319 appellarent.
1824 1278 1936 1318 Neque
1959 1285 2066 1308 tamen
2097 1278 2200 1308 eidem
2230 1278 2356 1318 regulae
2385 1287 2421 1308 ac

1347 1323 1491 1354 latinitati
1515 1333 1640 1364 semper
1663 1323 1762 1353 haesit
1785 1319 1939 1363 Aquinas,
1964 1323 2020 1364 qui
2040 1323 2051 1353 1
2072 1329 2170 1363 parte,
2194 1329 2315 1364 quaest.
2336 1332 2421 1360 cvm,

1348 1374 1404 1398 art.
1428 1378 1464 1406 v,
1489 1377 1655 1408 supremos
1686 1368 1768 1398 duos
1796 1367 1994 1407 Angelorum
2018 1367 2144 1398 ordines
2175 1373 2267 1398 vocat
2295 1366 2421 1397 ordines

1349 1412 1516 1453 Seraphim
1541 1418 1572 1443 et
1597 1412 1779 1450 Cherubim,
1806 1422 1872 1442 non
1896 1412 2054 1452 Seraphin
2084 1417 2115 1443 et
2140 1411 2312 1442 Cherubin.
2338 1410 2422 1441 Hinc

1348 1457 1508 1487 immerito
1527 1456 1722 1498 Aquinatem
1746 1456 1852 1487 irridet
1871 1456 2134 1495 Tribbechovius,
2154 1456 2267 1487 merito
2291 1455 2359 1496 ipse
2382 1455 2424 1485 ir-

1349 1501 1509 1532 ridendus.
