<?xml version="1.0" encoding="UTF-8"?>
<!DOCTYPE html PUBLIC "-//W3C//DTD XHTML 1.0 Transitional//EN"
    "http://www.w3.org/TR/xhtml1/DTD/xhtml1-transitional.dtd">
<html xmlns="http://www.w3.org/1999/xhtml" xml:lang="en" lang="en">
 <head>
  <title>
</title>
<meta http-equiv="Content-Type" content="text/html;charset=utf-8" />
  <meta name='ocr-system' content='tesseract 3.04.00' />
  <meta name='ocr-capabilities' content='ocr_page ocr_carea ocr_par ocr_line ocrx_word'/>
</head>
<body>
  <div class='ocr_page' id='page_1' title='image "./operaomniaiussui01thom_0525.png"; bbox 0 0 2788 4204; ppageno 0'>
   <div class='ocr_carea' id='block_1_1' title="bbox 98 474 314 521">
    <p class='ocr_par' dir='ltr' id='par_1_1' title="bbox 98 474 314 521">
     <span class='ocr_line' id='line_1_1' title="bbox 98 474 314 494; baseline -0.005 0"><span class='ocrx_word' id='word_1_1' title='bbox 98 474 108 485; x_wconf 80' lang='grc'><em>“</em></span> <span class='ocrx_word' id='word_1_2' title='bbox 125 477 242 494; x_wconf 72' lang='lat' dir='ltr'>caunas-r</span> <span class='ocrx_word' id='word_1_3' title='bbox 263 477 302 493; x_wconf 90' lang='lat' dir='ltr'>om</span> <span class='ocrx_word' id='word_1_4' title='bbox 307 488 314 493; x_wconf 89' lang='lat'>.</span> 
     </span>
     <span class='ocr_line' id='line_1_2' title="bbox 100 500 162 521; baseline -0.016 -1"><span class='ocrx_word' id='word_1_5' title='bbox 100 500 162 521; x_wconf 65' lang='lat' dir='ltr'>aaut.</span> 
     </span>
    </p>
   </div>
   <div class='ocr_carea' id='block_1_2' title="bbox 1206 281 1661 327">
    <p class='ocr_par' dir='ltr' id='par_1_2' title="bbox 1206 281 1661 327">
     <span class='ocr_line' id='line_1_3' title="bbox 1206 281 1661 327; baseline -0.002 -9"><span class='ocrx_word' id='word_1_6' title='bbox 1206 281 1318 318; x_wconf 85' lang='lat' dir='ltr'>CAP.</span> <span class='ocrx_word' id='word_1_7' title='bbox 1349 282 1397 327; x_wconf 89' lang='lat'>11,</span> <span class='ocrx_word' id='word_1_8' title='bbox 1428 281 1579 317; x_wconf 87' lang='lat' dir='ltr'>LECT.</span> <span class='ocrx_word' id='word_1_9' title='bbox 1610 281 1661 317; x_wconf 83' lang='lat' dir='ltr'>iv</span> 
     </span>
    </p>
   </div>
   <div class='ocr_carea' id='block_1_3' title="bbox 340 359 1409 623">
    <p class='ocr_par' dir='ltr' id='par_1_3' title="bbox 340 359 1409 623">
     <span class='ocr_line' id='line_1_4' title="bbox 340 359 1404 410; baseline -0.001 -13"><span class='ocrx_word' id='word_1_10' title='bbox 340 361 495 410; x_wconf 84' lang='lat' dir='ltr'><strong>pliciter,</strong></span> <span class='ocrx_word' id='word_1_11' title='bbox 516 360 610 398; x_wconf 92' lang='lat' dir='ltr'>sicut</span> <span class='ocrx_word' id='word_1_12' title='bbox 637 359 771 397; x_wconf 89' lang='lat' dir='ltr'>accidit</span> <span class='ocrx_word' id='word_1_13' title='bbox 797 359 836 396; x_wconf 94' lang='lat' dir='ltr'>in</span> <span class='ocrx_word' id='word_1_14' title='bbox 863 359 1105 406; x_wconf 88' lang='lat' dir='ltr'>naturalibus,</span> <span class='ocrx_word' id='word_1_15' title='bbox 1125 359 1163 396; x_wconf 90' lang='lat' dir='ltr'>in</span> <span class='ocrx_word' id='word_1_16' title='bbox 1182 360 1320 407; x_wconf 90' lang='lat' dir='ltr'>quibus</span> <span class='ocrx_word' id='word_1_17' title='bbox 1349 372 1404 396; x_wconf 90' lang='lat' dir='ltr'>es-</span> 
     </span>
     <span class='ocr_line' id='line_1_5' title="bbox 342 413 1406 461; baseline -0.001 -11"><span class='ocrx_word' id='word_1_18' title='bbox 342 414 483 450; x_wconf 83' lang='lat' dir='ltr'>sentiae</span> <span class='ocrx_word' id='word_1_19' title='bbox 513 421 549 450; x_wconf 90' lang='lat' dir='ltr'>et</span> <span class='ocrx_word' id='word_1_20' title='bbox 584 413 741 450; x_wconf 90' lang='lat' dir='ltr'>virtutes</span> <span class='ocrx_word' id='word_1_21' title='bbox 770 424 917 458; x_wconf 90' lang='lat' dir='ltr'>rerum,</span> <span class='ocrx_word' id='word_1_22' title='bbox 946 421 1101 461; x_wconf 87' lang='lat' dir='ltr'>propter</span> <span class='ocrx_word' id='word_1_23' title='bbox 1133 413 1207 448; x_wconf 92' lang='lat' dir='ltr'>hoc</span> <span class='ocrx_word' id='word_1_24' title='bbox 1235 413 1338 460; x_wconf 92' lang='lat' dir='ltr'>quod</span> <span class='ocrx_word' id='word_1_25' title='bbox 1369 413 1406 449; x_wconf 92' lang='lat' dir='ltr'>in</span> 
     </span>
     <span class='ocr_line' id='line_1_6' title="bbox 341 463 1405 512; baseline -0.002 -9"><span class='ocrx_word' id='word_1_26' title='bbox 341 466 500 503; x_wconf 87' lang='lat' dir='ltr'>materia</span> <span class='ocrx_word' id='word_1_27' title='bbox 515 474 611 512; x_wconf 92' lang='lat' dir='ltr'>sunt,</span> <span class='ocrx_word' id='word_1_28' title='bbox 625 473 711 502; x_wconf 88' lang='lat' dir='ltr'>sunt</span> <span class='ocrx_word' id='word_1_29' title='bbox 729 466 748 487; x_wconf 87' lang='lat'>*</span> <span class='ocrx_word' id='word_1_30' title='bbox 763 466 930 502; x_wconf 89' lang='lat' dir='ltr'><strong>occultae</strong></span> <span class='ocrx_word' id='word_1_31' title='bbox 947 463 985 511; x_wconf 55' lang='grc' dir='ltr'>ὃὸ,</span> <span class='ocrx_word' id='word_1_32' title='bbox 1005 466 1071 502; x_wconf 92' lang='lat' dir='ltr'>sed</span> <span class='ocrx_word' id='word_1_33' title='bbox 1087 465 1324 502; x_wconf 90' lang='lat' dir='ltr'>innotescunt</span> <span class='ocrx_word' id='word_1_34' title='bbox 1340 478 1405 502; x_wconf 91' lang='lat' dir='ltr'>no-</span> 
     </span>
     <span class='ocr_line' id='line_1_7' title="bbox 342 518 1407 568; baseline -0.002 -12"><span class='ocrx_word' id='word_1_35' title='bbox 342 519 400 556; x_wconf 91' lang='lat' dir='ltr'>bis</span> <span class='ocrx_word' id='word_1_36' title='bbox 427 531 496 568; x_wconf 92' lang='lat' dir='ltr'>per</span> <span class='ocrx_word' id='word_1_37' title='bbox 516 531 572 566; x_wconf 89' lang='lat' dir='ltr'>ea,</span> <span class='ocrx_word' id='word_1_38' title='bbox 599 530 697 566; x_wconf 92' lang='lat' dir='ltr'>quae</span> <span class='ocrx_word' id='word_1_39' title='bbox 719 518 878 555; x_wconf 84' lang='lat' dir='ltr'>exterius</span> <span class='ocrx_word' id='word_1_40' title='bbox 898 518 945 555; x_wconf 93' lang='lat' dir='ltr'>de</span> <span class='ocrx_word' id='word_1_41' title='bbox 973 518 1063 566; x_wconf 91' lang='lat' dir='ltr'>ipsis</span> <span class='ocrx_word' id='word_1_42' title='bbox 1082 526 1275 567; x_wconf 87' lang='lat' dir='ltr'>apparent.</span> <span class='ocrx_word' id='word_1_43' title='bbox 1296 518 1407 556; x_wconf 91' lang='lat' dir='ltr'><strong>Unde</strong></span> 
     </span>
     <span class='ocr_line' id='line_1_8' title="bbox 343 571 1409 623; baseline -0.001 -15"><span class='ocrx_word' id='word_1_44' title='bbox 343 571 382 608; x_wconf 93' lang='lat' dir='ltr'>in</span> <span class='ocrx_word' id='word_1_45' title='bbox 409 571 544 608; x_wconf 90' lang='lat' dir='ltr'>talibus</span> <span class='ocrx_word' id='word_1_46' title='bbox 571 572 668 608; x_wconf 89' lang='lat' dir='ltr'>fiunt</span> <span class='ocrx_word' id='word_1_47' title='bbox 687 571 1029 608; x_wconf 86' lang='lat' dir='ltr'>demonstrationes</span> <span class='ocrx_word' id='word_1_48' title='bbox 1047 579 1088 607; x_wconf 92' lang='lat' dir='ltr'>ut</span> <span class='ocrx_word' id='word_1_49' title='bbox 1114 571 1320 623; x_wconf 76' lang='lat' dir='ltr'>plurimum</span> <span class='ocrx_word' id='word_1_50' title='bbox 1341 584 1409 620; x_wconf 90' lang='lat' dir='ltr'>per</span> 
     </span>
    </p>
   </div>
   <div class='ocr_carea' id='block_1_4' title="bbox 345 624 1420 674">
    <p class='ocr_par' dir='ltr' id='par_1_4' title="bbox 345 624 1420 674">
     <span class='ocr_line' id='line_1_9' title="bbox 345 624 1420 674; baseline -0.001 -13"><span class='ocrx_word' id='word_1_51' title='bbox 345 625 512 671; x_wconf 86' lang='lat' dir='ltr'>effectus,</span> <span class='ocrx_word' id='word_1_52' title='bbox 533 624 598 672; x_wconf 91' lang='lat' dir='ltr'>qui</span> <span class='ocrx_word' id='word_1_53' title='bbox 625 632 712 660; x_wconf 90' lang='lat' dir='ltr'>sunt</span> <span class='ocrx_word' id='word_1_54' title='bbox 730 624 896 661; x_wconf 90' lang='lat' dir='ltr'>notiores</span> <span class='ocrx_word' id='word_1_55' title='bbox 924 625 1050 674; x_wconf 84' lang='lat' dir='ltr'>quoad</span> <span class='ocrx_word' id='word_1_56' title='bbox 1067 637 1146 671; x_wconf 84' lang='lat' dir='ltr'>nos,</span> <span class='ocrx_word' id='word_1_57' title='bbox 1167 632 1204 660; x_wconf 89' lang='lat' dir='ltr'>et</span> <span class='ocrx_word' id='word_1_58' title='bbox 1222 637 1300 661; x_wconf 91' lang='lat' dir='ltr'>non</span> <span class='ocrx_word' id='word_1_59' title='bbox 1322 625 1420 661; x_wconf 77' lang='lat' dir='ltr'>sim··</span> 
     </span>
    </p>
   </div>
   <div class='ocr_carea' id='block_1_5' title="bbox 337 676 1410 780">
    <p class='ocr_par' dir='ltr' id='par_1_5' title="bbox 337 676 1410 780">
     <span class='ocr_line' id='line_1_10' title="bbox 337 676 1410 726; baseline -0.001 -12"><span class='ocrx_word' id='word_1_60' title='bbox 337 677 496 726; x_wconf 84' lang='lat' dir='ltr'>pliciter.</span> <span class='ocrx_word' id='word_1_61' title='bbox 519 678 632 714; x_wconf 91' lang='lat' dir='ltr'>Nunc</span> <span class='ocrx_word' id='word_1_62' title='bbox 649 677 669 698; x_wconf 79' lang='lat'>&#39;¹‘</span> <span class='ocrx_word' id='word_1_63' title='bbox 687 685 815 714; x_wconf 89' lang='lat' dir='ltr'>autem</span> <span class='ocrx_word' id='word_1_64' title='bbox 843 689 922 714; x_wconf 92' lang='lat' dir='ltr'>non</span> <span class='ocrx_word' id='word_1_65' title='bbox 941 678 1104 726; x_wconf 91' lang='lat' dir='ltr'>loquitur</span> <span class='ocrx_word' id='word_1_66' title='bbox 1123 679 1170 716; x_wconf 92' lang='lat' dir='ltr'>de</span> <span class='ocrx_word' id='word_1_67' title='bbox 1189 679 1263 714; x_wconf 90' lang='lat' dir='ltr'>hoc</span> <span class='ocrx_word' id='word_1_68' title='bbox 1291 676 1410 714; x_wconf 87' lang='lat' dir='ltr'>modo</span> 
     </span>
     <span class='ocr_line' id='line_1_11' title="bbox 345 730 1106 780; baseline 0 -12"><span class='ocrx_word' id='word_1_69' title='bbox 345 730 725 777; x_wconf 85' lang='lat' dir='ltr'>demonstrationum,</span> <span class='ocrx_word' id='word_1_70' title='bbox 755 730 823 767; x_wconf 94' lang='lat' dir='ltr'>sed</span> <span class='ocrx_word' id='word_1_71' title='bbox 852 731 899 767; x_wconf 92' lang='lat' dir='ltr'>de</span> <span class='ocrx_word' id='word_1_72' title='bbox 927 731 1052 780; x_wconf 90' lang='lat' dir='ltr'>primo</span> <span class='ocrx_word' id='word_1_73' title='bbox 1071 737 1106 768; x_wconf 64' lang='grc' dir='ltr'>ἐ.</span> 
     </span>
    </p>
   </div>
   <div class='ocr_carea' id='block_1_6' title="bbox 399 783 1413 829">
    <p class='ocr_par' dir='ltr' id='par_1_6' title="bbox 399 783 1413 829">
     <span class='ocr_line' id='line_1_12' title="bbox 399 783 1413 829; baseline 0 -10"><span class='ocrx_word' id='word_1_74' title='bbox 399 783 500 829; x_wconf 89' lang='lat' dir='ltr'>Quia</span> <span class='ocrx_word' id='word_1_75' title='bbox 518 795 613 820; x_wconf 85' lang='lat' dir='ltr'>vero</span> <span class='ocrx_word' id='word_1_76' title='bbox 633 783 671 820; x_wconf 93' lang='lat' dir='ltr'>in</span> <span class='ocrx_word' id='word_1_77' title='bbox 685 784 757 821; x_wconf 92' lang='lat' dir='ltr'>hac</span> <span class='ocrx_word' id='word_1_78' title='bbox 775 784 1076 821; x_wconf 84' lang='lat' dir='ltr'>manifestatione</span> <span class='ocrx_word' id='word_1_79' title='bbox 1095 786 1170 821; x_wconf 91' lang='lat' dir='ltr'>hoc</span> <span class='ocrx_word' id='word_1_80' title='bbox 1189 784 1302 821; x_wconf 83' lang='lat' dir='ltr'>etiam</span> <span class='ocrx_word' id='word_1_81' title='bbox 1318 783 1413 820; x_wconf 89' lang='lat' dir='ltr'>omi-</span> 
     </span>
    </p>
   </div>
   <div class='ocr_carea' id='block_1_7' title="bbox 2452 280 2519 316">
    <p class='ocr_par' dir='ltr' id='par_1_7' title="bbox 2452 280 2519 316">
     <span class='ocr_line' id='line_1_13' title="bbox 2452 280 2519 316; baseline 0 -1"><span class='ocrx_word' id='word_1_82' title='bbox 2452 280 2519 316; x_wconf 86' lang='lat'>155</span> 
     </span>
    </p>
   </div>
   <div class='ocr_carea' id='block_1_8' title="bbox 1462 358 2765 407">
    <p class='ocr_par' dir='ltr' id='par_1_8' title="bbox 1462 358 2765 407">
     <span class='ocr_line' id='line_1_14' title="bbox 1462 358 2765 407; baseline -0.002 -11"><span class='ocrx_word' id='word_1_83' title='bbox 1462 360 1588 397; x_wconf 88' lang='lat' dir='ltr'>serat*</span> <span class='ocrx_word' id='word_1_84' title='bbox 1597 359 1850 406; x_wconf 86' lang='lat' dir='ltr'>manifestare,</span> <span class='ocrx_word' id='word_1_85' title='bbox 1863 359 1965 407; x_wconf 92' lang='lat' dir='ltr'>quod</span> <span class='ocrx_word' id='word_1_86' title='bbox 1982 358 2252 396; x_wconf 86' lang='lat' dir='ltr'>demonstratio</span> <span class='ocrx_word' id='word_1_87' title='bbox 2268 366 2365 395; x_wconf 89' lang='lat' dir='ltr'>esset</span> <span class='ocrx_word' id='word_1_88' title='bbox 2379 371 2424 394; x_wconf 85' lang='lat' dir='ltr'>ex</span> <span class='ocrx_word' id='word_1_89' title='bbox 2438 371 2524 407; x_wconf 90' lang='lat' dir='ltr'>pro·</span> <span class='ocrx_word' id='word_1_90' title='bbox 2553 367 2562 377; x_wconf 65' lang='lat'>⁶</span> <span class='ocrx_word' id='word_1_91' title='bbox 2573 372 2599 387; x_wconf 76' lang='lat' dir='ltr'>o:</span> <span class='ocrx_word' id='word_1_92' title='bbox 2610 366 2765 393; x_wconf 67' lang='lat' dir='ltr'>promiserat-</span> 
     </span>
    </p>
   </div>
   <div class='ocr_carea' id='block_1_9' title="bbox 1461 411 2566 671">
    <p class='ocr_par' dir='ltr' id='par_1_9' title="bbox 1461 411 2566 671">
     <span class='ocr_line' id='line_1_15' title="bbox 1461 411 2524 462; baseline -0.003 -13"><span class='ocrx_word' id='word_1_93' title='bbox 1461 413 1550 462; x_wconf 91' lang='lat' dir='ltr'>priis</span> <span class='ocrx_word' id='word_1_94' title='bbox 1564 412 1768 461; x_wconf 85' lang='lat' dir='ltr'>principiis,</span> <span class='ocrx_word' id='word_1_95' title='bbox 1781 420 2054 460; x_wconf 90' lang='lat' dir='ltr'>consequenter</span> <span class='ocrx_word' id='word_1_96' title='bbox 2078 412 2203 448; x_wconf 85' lang='lat' dir='ltr'>subdit</span> <span class='ocrx_word' id='word_1_97' title='bbox 2227 411 2330 458; x_wconf 92' lang='lat' dir='ltr'>quod</span> <span class='ocrx_word' id='word_1_98' title='bbox 2358 412 2432 447; x_wconf 92' lang='lat' dir='ltr'>hoc</span> <span class='ocrx_word' id='word_1_99' title='bbox 2459 411 2524 447; x_wconf 91' lang='lat' dir='ltr'>ha-</span> 
     </span>
     <span class='ocr_line' id='line_1_16' title="bbox 1462 463 2527 514; baseline -0.003 -12"><span class='ocrx_word' id='word_1_100' title='bbox 1462 467 1571 502; x_wconf 90' lang='lat' dir='ltr'>betur</span> <span class='ocrx_word' id='word_1_101' title='bbox 1599 466 1711 502; x_wconf 90' lang='lat' dir='ltr'>etiam</span> <span class='ocrx_word' id='word_1_102' title='bbox 1733 478 1777 502; x_wconf 89' lang='lat' dir='ltr'>ex</span> <span class='ocrx_word' id='word_1_103' title='bbox 1804 465 2020 514; x_wconf 88' lang='lat' dir='ltr'>praemissis</span> <span class='ocrx_word' id='word_1_104' title='bbox 2039 464 2079 501; x_wconf 61' lang='lat'>²33.</span> <span class='ocrx_word' id='word_1_105' title='bbox 2106 465 2178 501; x_wconf 87' lang='lat' dir='ltr'>Per</span> <span class='ocrx_word' id='word_1_106' title='bbox 2202 465 2276 500; x_wconf 91' lang='lat' dir='ltr'>hoc</span> <span class='ocrx_word' id='word_1_107' title='bbox 2296 464 2396 500; x_wconf 90' lang='lat' dir='ltr'>enim</span> <span class='ocrx_word' id='word_1_108' title='bbox 2423 463 2527 511; x_wconf 92' lang='lat' dir='ltr'>quod</span> 
     </span>
     <span class='ocr_line' id='line_1_17' title="bbox 1463 517 2528 566; baseline -0.004 -11"><span class='ocrx_word' id='word_1_109' title='bbox 1463 518 1597 556; x_wconf 90' lang='lat' dir='ltr'>dicitur</span> <span class='ocrx_word' id='word_1_110' title='bbox 1619 518 1725 566; x_wconf 92' lang='lat' dir='ltr'>quod</span> <span class='ocrx_word' id='word_1_111' title='bbox 1745 518 2015 555; x_wconf 87' lang='lat' dir='ltr'>demonstratio</span> <span class='ocrx_word' id='word_1_112' title='bbox 2045 526 2100 554; x_wconf 91' lang='lat' dir='ltr'>est</span> <span class='ocrx_word' id='word_1_113' title='bbox 2128 530 2173 554; x_wconf 84' lang='lat' dir='ltr'>ex</span> <span class='ocrx_word' id='word_1_114' title='bbox 2200 517 2343 566; x_wconf 89' lang='lat' dir='ltr'>primis,</span> <span class='ocrx_word' id='word_1_115' title='bbox 2370 517 2528 552; x_wconf 88' lang='lat' dir='ltr'>habetur</span> 
     </span>
     <span class='ocr_line' id='line_1_18' title="bbox 1464 569 2566 620; baseline -0.003 -12"><span class='ocrx_word' id='word_1_116' title='bbox 1464 571 1568 619; x_wconf 91' lang='lat' dir='ltr'>quod</span> <span class='ocrx_word' id='word_1_117' title='bbox 1589 571 1634 608; x_wconf 89' lang='lat' dir='ltr'>sit</span> <span class='ocrx_word' id='word_1_118' title='bbox 1662 583 1707 608; x_wconf 86' lang='lat' dir='ltr'>ex</span> <span class='ocrx_word' id='word_1_119' title='bbox 1726 571 1887 620; x_wconf 88' lang='lat' dir='ltr'>propriis</span> <span class='ocrx_word' id='word_1_120' title='bbox 1915 570 2116 619; x_wconf 84' lang='lat' dir='ltr'>principiis,</span> <span class='ocrx_word' id='word_1_121' title='bbox 2137 570 2231 607; x_wconf 90' lang='lat' dir='ltr'>sicut</span> <span class='ocrx_word' id='word_1_122' title='bbox 2259 578 2295 606; x_wconf 92' lang='lat' dir='ltr'>et</span> <span class='ocrx_word' id='word_1_123' title='bbox 2322 569 2492 618; x_wconf 89' lang='lat' dir='ltr'>superius</span> <span class='ocrx_word' id='word_1_124' title='bbox 2508 569 2527 589; x_wconf 84' lang='lat'><em>*</em></span> <span class='ocrx_word' id='word_1_125' title='bbox 2556 577 2566 587; x_wconf 76' lang='lat'>⁴</span> 
     </span>
     <span class='ocr_line' id='line_1_19' title="bbox 1466 615 2547 671; baseline -0.003 -11"><span class='ocrx_word' id='word_1_126' title='bbox 1466 624 1607 661; x_wconf 88' lang='lat' dir='ltr'>dictum</span> <span class='ocrx_word' id='word_1_127' title='bbox 1637 633 1702 662; x_wconf 89' lang='lat' dir='ltr'>est.</span> <span class='ocrx_word' id='word_1_128' title='bbox 1738 624 1844 661; x_wconf 91' lang='lat' dir='ltr'>Idem</span> <span class='ocrx_word' id='word_1_129' title='bbox 1874 624 1974 661; x_wconf 91' lang='lat' dir='ltr'>enim</span> <span class='ocrx_word' id='word_1_130' title='bbox 2007 624 2158 660; x_wconf 89' lang='lat' dir='ltr'>videtur</span> <span class='ocrx_word' id='word_1_131' title='bbox 2186 635 2268 660; x_wconf 90' lang='lat' dir='ltr'>esse</span> <span class='ocrx_word' id='word_1_132' title='bbox 2290 623 2458 671; x_wconf 87' lang='lat' dir='ltr'>primum</span> <span class='ocrx_word' id='word_1_133' title='bbox 2495 615 2547 657; x_wconf 63' lang='lat' dir='ltr'>eti</span> 
     </span>
    </p>
   </div>
   <div class='ocr_carea' id='block_1_10' title="bbox 1460 677 2543 728">
    <p class='ocr_par' dir='ltr' id='par_1_10' title="bbox 1460 677 2543 728">
     <span class='ocr_line' id='line_1_20' title="bbox 1460 677 2543 728; baseline -0.003 -15"><span class='ocrx_word' id='word_1_134' title='bbox 1460 677 1708 725; x_wconf 81' lang='lat' dir='ltr'>principium.-</span> <span class='ocrx_word' id='word_1_135' title='bbox 1734 689 1824 714; x_wconf 87' lang='lat' dir='ltr'>narn</span> <span class='ocrx_word' id='word_1_136' title='bbox 1844 677 2011 726; x_wconf 90' lang='lat' dir='ltr'>primum</span> <span class='ocrx_word' id='word_1_137' title='bbox 2032 677 2070 713; x_wconf 91' lang='lat' dir='ltr'>in</span> <span class='ocrx_word' id='word_1_138' title='bbox 2089 688 2324 724; x_wconf 89' lang='lat' dir='ltr'>unoquoque</span> <span class='ocrx_word' id='word_1_139' title='bbox 2343 687 2479 723; x_wconf 85' lang='lat' dir='ltr'>genere</span> <span class='ocrx_word' id='word_1_140' title='bbox 2496 682 2543 728; x_wconf 67' lang='lat' dir='ltr'>ets</span> 
     </span>
    </p>
   </div>
   <div class='ocr_carea' id='block_1_11' title="bbox 1461 782 2355 832">
    <p class='ocr_par' dir='ltr' id='par_1_11' title="bbox 1461 782 2355 832">
     <span class='ocr_line' id='line_1_21' title="bbox 1461 782 2355 832; baseline -0.001 -13"><span class='ocrx_word' id='word_1_141' title='bbox 1461 789 1548 832; x_wconf 83' lang='lat' dir='ltr'>post</span> <span class='ocrx_word' id='word_1_142' title='bbox 1566 784 1597 829; x_wconf 68' lang='lat'>³⁸,</span> <span class='ocrx_word' id='word_1_143' title='bbox 1624 791 1664 819; x_wconf 92' lang='lat' dir='ltr'>ut</span> <span class='ocrx_word' id='word_1_144' title='bbox 1684 783 1816 820; x_wconf 90' lang='lat' dir='ltr'>dicitur</span> <span class='ocrx_word' id='word_1_145' title='bbox 1843 783 1882 820; x_wconf 92' lang='lat' dir='ltr'>in</span> <span class='ocrx_word' id='word_1_146' title='bbox 1911 784 1941 819; x_wconf 92' lang='grc' dir='ltr'>ΙΙ</span> <span class='ocrx_word' id='word_1_147' title='bbox 1971 783 2282 831; x_wconf 83' lang='lat' dir='ltr'>Methaphysicae</span> <span class='ocrx_word' id='word_1_148' title='bbox 2301 782 2355 817; x_wconf 77' lang='grc'>**.</span> 
     </span>
    </p>
   </div>
   <div class='ocr_carea' id='block_1_12' title="bbox 347 934 1420 1743">
    <p class='ocr_par' dir='ltr' id='par_1_12' title="bbox 295 934 1419 1428">
     <span class='ocr_line' id='line_1_22' title="bbox 401 934 1414 971; baseline -0.002 -10"><span class='ocrx_word' id='word_1_149' title='bbox 401 934 440 971; x_wconf 78' lang='grc' dir='ltr'>ὃὸ)</span> <span class='ocrx_word' id='word_1_150' title='bbox 463 936 600 961; x_wconf 82' lang='lat' dir='ltr'>Essentiae</span> <span class='ocrx_word' id='word_1_151' title='bbox 619 939 645 961; x_wconf 85' lang='lat' dir='ltr'>et</span> <span class='ocrx_word' id='word_1_152' title='bbox 664 936 775 961; x_wconf 80' lang='lat' dir='ltr'>virtutes</span> <span class='ocrx_word' id='word_1_153' title='bbox 794 943 910 961; x_wconf 90' lang='lat' dir='ltr'>rerum...</span> <span class='ocrx_word' id='word_1_154' title='bbox 926 940 988 961; x_wconf 84' lang='lat' dir='ltr'>sunt</span> <span class='ocrx_word' id='word_1_155' title='bbox 1005 937 1123 961; x_wconf 78' lang='lat' dir='ltr'>occultae</span> <span class='ocrx_word' id='word_1_156' title='bbox 1142 942 1190 961; x_wconf 90' lang='lat' dir='ltr'>etc.</span> <span class='ocrx_word' id='word_1_157' title='bbox 1209 937 1266 960; x_wconf 87' lang='lat' dir='ltr'>Hoc</span> <span class='ocrx_word' id='word_1_158' title='bbox 1278 941 1324 965; x_wconf 84' lang='lat' dir='ltr'>est,</span> <span class='ocrx_word' id='word_1_159' title='bbox 1339 935 1414 960; x_wconf 89' lang='lat' dir='ltr'>nobis</span> 
     </span>
     <span class='ocr_line' id='line_1_23' title="bbox 348 971 1414 1004; baseline -0.001 -8"><span class='ocrx_word' id='word_1_160' title='bbox 348 979 400 996; x_wconf 91' lang='lat' dir='ltr'>non</span> <span class='ocrx_word' id='word_1_161' title='bbox 419 972 584 996; x_wconf 85' lang='lat' dir='ltr'>innotescunt</span> <span class='ocrx_word' id='word_1_162' title='bbox 602 979 687 1004; x_wconf 87' lang='lat' dir='ltr'>neque</span> <span class='ocrx_word' id='word_1_163' title='bbox 706 979 752 1004; x_wconf 83' lang='lat' dir='ltr'>per</span> <span class='ocrx_word' id='word_1_164' title='bbox 770 971 929 996; x_wconf 85' lang='lat' dir='ltr'>intuitionem</span> <span class='ocrx_word' id='word_1_165' title='bbox 948 971 1131 1002; x_wconf 85' lang='lat' dir='ltr'>immediatam,</span> <span class='ocrx_word' id='word_1_166' title='bbox 1150 979 1235 1004; x_wconf 85' lang='lat' dir='ltr'>neque</span> <span class='ocrx_word' id='word_1_167' title='bbox 1247 979 1294 1003; x_wconf 93' lang='lat' dir='ltr'>per</span> <span class='ocrx_word' id='word_1_168' title='bbox 1307 971 1414 995; x_wconf 87' lang='lat' dir='ltr'>demon-</span> 
     </span>
     <span class='ocr_line' id='line_1_24' title="bbox 347 1006 1414 1040; baseline -0.001 -9"><span class='ocrx_word' id='word_1_169' title='bbox 347 1007 498 1032; x_wconf 84' lang='lat' dir='ltr'>strationem</span> <span class='ocrx_word' id='word_1_170' title='bbox 518 1007 622 1032; x_wconf 88' lang='lat' dir='ltr'>ductam</span> <span class='ocrx_word' id='word_1_171' title='bbox 641 1014 672 1031; x_wconf 85' lang='lat' dir='ltr'>ex</span> <span class='ocrx_word' id='word_1_172' title='bbox 689 1006 821 1040; x_wconf 87' lang='lat' dir='ltr'>principiis</span> <span class='ocrx_word' id='word_1_173' title='bbox 840 1006 1005 1038; x_wconf 78' lang='lat' dir='ltr'>formalibus,</span> <span class='ocrx_word' id='word_1_174' title='bbox 1029 1015 1076 1031; x_wconf 90' lang='lat' dir='ltr'>seu</span> <span class='ocrx_word' id='word_1_175' title='bbox 1094 1006 1237 1031; x_wconf 84' lang='lat' dir='ltr'>notioribus</span> <span class='ocrx_word' id='word_1_176' title='bbox 1257 1006 1414 1038; x_wconf 85' lang='lat' dir='ltr'>simpliciter,</span> 
     </span>
     <span class='ocr_line' id='line_1_25' title="bbox 347 1040 1415 1073; baseline -0.003 -6"><span class='ocrx_word' id='word_1_177' title='bbox 347 1048 377 1067; x_wconf 91' lang='lat' dir='ltr'>ut</span> <span class='ocrx_word' id='word_1_178' title='bbox 389 1043 485 1067; x_wconf 88' lang='lat' dir='ltr'>dictum</span> <span class='ocrx_word' id='word_1_179' title='bbox 499 1047 539 1067; x_wconf 93' lang='lat' dir='ltr'>est</span> <span class='ocrx_word' id='word_1_180' title='bbox 552 1043 584 1067; x_wconf 87' lang='lat' dir='ltr'>de</span> <span class='ocrx_word' id='word_1_181' title='bbox 602 1042 681 1067; x_wconf 88' lang='lat' dir='ltr'>rebus</span> <span class='ocrx_word' id='word_1_182' title='bbox 694 1041 888 1066; x_wconf 81' lang='lat' dir='ltr'>mathematicis.</span> <span class='ocrx_word' id='word_1_183' title='bbox 908 1042 1028 1066; x_wconf 73' lang='lat' dir='ltr'>Attamen</span> <span class='ocrx_word' id='word_1_184' title='bbox 1041 1046 1114 1066; x_wconf 90' lang='lat' dir='ltr'>caute</span> <span class='ocrx_word' id='word_1_185' title='bbox 1128 1047 1154 1066; x_wconf 87' lang='lat' dir='ltr'>et</span> <span class='ocrx_word' id='word_1_186' title='bbox 1167 1042 1294 1073; x_wconf 85' lang='lat' dir='ltr'>sapienter</span> <span class='ocrx_word' id='word_1_187' title='bbox 1312 1049 1334 1065; x_wconf 88' lang='lat' dir='ltr'>s.</span> <span class='ocrx_word' id='word_1_188' title='bbox 1344 1040 1415 1064; x_wconf 86' lang='lat' dir='ltr'>Tho-</span> 
     </span>
     <span class='ocr_line' id='line_1_26' title="bbox 348 1076 1415 1110; baseline -0.003 -8"><span class='ocrx_word' id='word_1_189' title='bbox 348 1085 406 1102; x_wconf 85' lang='lat' dir='ltr'>mas</span> <span class='ocrx_word' id='word_1_190' title='bbox 419 1077 488 1102; x_wconf 83' lang='lat' dir='ltr'>addit</span> <span class='ocrx_word' id='word_1_191' title='bbox 500 1078 571 1110; x_wconf 91' lang='lat' dir='ltr'>quod</span> <span class='ocrx_word' id='word_1_192' title='bbox 590 1077 718 1102; x_wconf 86' lang='lat' dir='ltr'>essentiae</span> <span class='ocrx_word' id='word_1_193' title='bbox 732 1081 758 1101; x_wconf 92' lang='lat' dir='ltr'>et</span> <span class='ocrx_word' id='word_1_194' title='bbox 770 1077 876 1101; x_wconf 90' lang='lat' dir='ltr'>virtutes</span> <span class='ocrx_word' id='word_1_195' title='bbox 892 1084 979 1101; x_wconf 88' lang='lat' dir='ltr'>rerum</span> <span class='ocrx_word' id='word_1_196' title='bbox 993 1077 1147 1101; x_wconf 81' lang='lat' dir='ltr'>naturalium</span> <span class='ocrx_word' id='word_1_197' title='bbox 1163 1077 1327 1100; x_wconf 87' lang='lat' dir='ltr'>innotescunt</span> <span class='ocrx_word' id='word_1_198' title='bbox 1340 1076 1415 1100; x_wconf 90' lang='lat' dir='ltr'>nobis</span> 
     </span>
     <span class='ocr_line' id='line_1_27' title="bbox 348 1111 1415 1146; baseline -0.002 -9"><span class='ocrx_word' id='word_1_199' title='bbox 348 1121 364 1138; x_wconf 78' lang='lat' dir='ltr'>a</span> <span class='ocrx_word' id='word_1_200' title='bbox 375 1112 522 1146; x_wconf 71' lang='lat' dir='ltr'>posteriori,</span> <span class='ocrx_word' id='word_1_201' title='bbox 540 1112 590 1137; x_wconf 86' lang='lat' dir='ltr'>hoc</span> <span class='ocrx_word' id='word_1_202' title='bbox 603 1117 650 1142; x_wconf 90' lang='lat' dir='ltr'>est,</span> <span class='ocrx_word' id='word_1_203' title='bbox 669 1119 716 1144; x_wconf 87' lang='lat' dir='ltr'>per</span> <span class='ocrx_word' id='word_1_204' title='bbox 734 1119 764 1136; x_wconf 88' lang='lat' dir='ltr'>ea</span> <span class='ocrx_word' id='word_1_205' title='bbox 783 1119 850 1144; x_wconf 87' lang='lat' dir='ltr'>quae</span> <span class='ocrx_word' id='word_1_206' title='bbox 863 1112 973 1136; x_wconf 83' lang='lat' dir='ltr'>exterius</span> <span class='ocrx_word' id='word_1_207' title='bbox 989 1113 1022 1136; x_wconf 91' lang='lat' dir='ltr'>de</span> <span class='ocrx_word' id='word_1_208' title='bbox 1034 1112 1098 1144; x_wconf 85' lang='lat' dir='ltr'>ipsis</span> <span class='ocrx_word' id='word_1_209' title='bbox 1113 1116 1245 1144; x_wconf 81' lang='lat' dir='ltr'>apparent.</span> <span class='ocrx_word' id='word_1_210' title='bbox 1264 1112 1323 1135; x_wconf 90' lang='lat' dir='ltr'>Non</span> <span class='ocrx_word' id='word_1_211' title='bbox 1337 1111 1415 1140; x_wconf 81' lang='lat' dir='ltr'>enim,</span> 
     </span>
     <span class='ocr_line' id='line_1_28' title="bbox 348 1146 1416 1177; baseline -0.003 -5"><span class='ocrx_word' id='word_1_212' title='bbox 348 1153 378 1173; x_wconf 90' lang='lat' dir='ltr'>ut</span> <span class='ocrx_word' id='word_1_213' title='bbox 395 1147 508 1172; x_wconf 81' lang='lat' dir='ltr'>Lockius</span> <span class='ocrx_word' id='word_1_214' title='bbox 527 1147 671 1177; x_wconf 88' lang='lat' dir='ltr'>contendit,</span> <span class='ocrx_word' id='word_1_215' title='bbox 696 1155 783 1171; x_wconf 91' lang='lat' dir='ltr'>rerum</span> <span class='ocrx_word' id='word_1_216' title='bbox 809 1146 962 1171; x_wconf 82' lang='lat' dir='ltr'>naturalium</span> <span class='ocrx_word' id='word_1_217' title='bbox 982 1147 1109 1171; x_wconf 81' lang='lat' dir='ltr'>essentiae</span> <span class='ocrx_word' id='word_1_218' title='bbox 1133 1151 1194 1171; x_wconf 87' lang='lat' dir='ltr'>sunt</span> <span class='ocrx_word' id='word_1_219' title='bbox 1218 1146 1293 1170; x_wconf 86' lang='lat' dir='ltr'>nobis</span> <span class='ocrx_word' id='word_1_220' title='bbox 1312 1146 1416 1177; x_wconf 88' lang='lat' dir='ltr'>penitus</span> 
     </span>
     <span class='ocr_line' id='line_1_29' title="bbox 348 1179 1417 1218; baseline -0.003 -11"><span class='ocrx_word' id='word_1_221' title='bbox 348 1183 458 1215; x_wconf 85' lang='lat' dir='ltr'>ignotae,</span> <span class='ocrx_word' id='word_1_222' title='bbox 473 1187 499 1207; x_wconf 91' lang='lat' dir='ltr'>et</span> <span class='ocrx_word' id='word_1_223' title='bbox 512 1182 614 1206; x_wconf 90' lang='lat' dir='ltr'>nonnisi</span> <span class='ocrx_word' id='word_1_224' title='bbox 629 1182 767 1206; x_wconf 87' lang='lat' dir='ltr'>accidentia</span> <span class='ocrx_word' id='word_1_225' title='bbox 785 1182 941 1214; x_wconf 85' lang='lat' dir='ltr'>percipimus</span> <span class='ocrx_word' id='word_1_226' title='bbox 963 1179 1002 1218; x_wconf 92' lang='lat' dir='ltr'>(in</span> <span class='ocrx_word' id='word_1_227' title='bbox 1016 1190 1128 1214; x_wconf 88' lang='lat' dir='ltr'>quorum</span> <span class='ocrx_word' id='word_1_228' title='bbox 1144 1181 1252 1214; x_wconf 87' lang='lat' dir='ltr'>proinde</span> <span class='ocrx_word' id='word_1_229' title='bbox 1267 1180 1417 1205; x_wconf 80' lang='lat' dir='ltr'>collectione</span> 
     </span>
     <span class='ocr_line' id='line_1_30' title="bbox 348 1214 1417 1251; baseline -0.003 -9"><span class='ocrx_word' id='word_1_230' title='bbox 348 1218 436 1242; x_wconf 87' lang='lat' dir='ltr'>Locke</span> <span class='ocrx_word' id='word_1_231' title='bbox 454 1217 515 1242; x_wconf 88' lang='lat' dir='ltr'>dixit</span> <span class='ocrx_word' id='word_1_232' title='bbox 532 1217 660 1242; x_wconf 85' lang='lat' dir='ltr'>rationem</span> <span class='ocrx_word' id='word_1_233' title='bbox 679 1217 838 1241; x_wconf 82' lang='lat' dir='ltr'>substantiae</span> <span class='ocrx_word' id='word_1_234' title='bbox 856 1214 1023 1251; x_wconf 86' lang='lat' dir='ltr'>consistere);</span> <span class='ocrx_word' id='word_1_235' title='bbox 1042 1217 1089 1241; x_wconf 82' lang='lat' dir='ltr'>sed</span> <span class='ocrx_word' id='word_1_236' title='bbox 1103 1217 1206 1248; x_wconf 83' lang='lat' dir='ltr'>ignotae</span> <span class='ocrx_word' id='word_1_237' title='bbox 1218 1221 1278 1240; x_wconf 86' lang='lat' dir='ltr'>sunt</span> <span class='ocrx_word' id='word_1_238' title='bbox 1292 1215 1417 1240; x_wconf 82' lang='lat' dir='ltr'>intuitioni</span> 
     </span>
     <span class='ocr_line' id='line_1_31' title="bbox 348 1251 1418 1284; baseline -0.003 -7"><span class='ocrx_word' id='word_1_239' title='bbox 348 1257 461 1284; x_wconf 85' lang='lat' dir='ltr'>nostrae,</span> <span class='ocrx_word' id='word_1_240' title='bbox 475 1252 609 1277; x_wconf 86' lang='lat' dir='ltr'>autetiam</span> <span class='ocrx_word' id='word_1_241' title='bbox 628 1252 724 1277; x_wconf 86' lang='lat' dir='ltr'>nostris</span> <span class='ocrx_word' id='word_1_242' title='bbox 743 1251 978 1276; x_wconf 86' lang='lat' dir='ltr'>ratiocinationibus</span> <span class='ocrx_word' id='word_1_243' title='bbox 989 1259 1008 1276; x_wconf 82' lang='lat' dir='ltr'>a</span> <span class='ocrx_word' id='word_1_244' title='bbox 1015 1251 1106 1284; x_wconf 87' lang='lat' dir='ltr'>priori</span> <span class='ocrx_word' id='word_1_245' title='bbox 1111 1258 1120 1281; x_wconf 89' lang='grc'>,·</span> <span class='ocrx_word' id='word_1_246' title='bbox 1138 1259 1191 1276; x_wconf 92' lang='lat' dir='ltr'>non</span> <span class='ocrx_word' id='word_1_247' title='bbox 1210 1256 1296 1276; x_wconf 87' lang='lat' dir='ltr'>autem</span> <span class='ocrx_word' id='word_1_248' title='bbox 1315 1251 1418 1282; x_wconf 85' lang='lat' dir='ltr'>ignotae</span> 
     </span>
     <span class='ocr_line' id='line_1_32' title="bbox 348 1286 1418 1319; baseline -0.002 -7"><span class='ocrx_word' id='word_1_249' title='bbox 348 1292 410 1313; x_wconf 77' lang='lat' dir='ltr'>aunt</span> <span class='ocrx_word' id='word_1_250' title='bbox 427 1295 520 1312; x_wconf 89' lang='lat' dir='ltr'>omnes</span> <span class='ocrx_word' id='word_1_251' title='bbox 540 1287 635 1312; x_wconf 87' lang='lat' dir='ltr'>nostris</span> <span class='ocrx_word' id='word_1_252' title='bbox 661 1287 923 1312; x_wconf 79' lang='lat' dir='ltr'>demonstrationibus</span> <span class='ocrx_word' id='word_1_253' title='bbox 942 1294 959 1311; x_wconf 86' lang='lat' dir='ltr'>a</span> <span class='ocrx_word' id='word_1_254' title='bbox 972 1286 1133 1319; x_wconf 73' lang='lat' dir='ltr'>posteriori,</span> <span class='ocrx_word' id='word_1_255' title='bbox 1155 1291 1283 1319; x_wconf 86' lang='lat' dir='ltr'>quatenus</span> <span class='ocrx_word' id='word_1_256' title='bbox 1302 1293 1332 1310; x_wconf 86' lang='lat' dir='ltr'>ea</span> <span class='ocrx_word' id='word_1_257' title='bbox 1351 1293 1418 1318; x_wconf 88' lang='lat' dir='ltr'>quae</span> 
     </span>
     <span class='ocr_line' id='line_1_33' title="bbox 348 1321 1419 1356; baseline -0.003 -8"><span class='ocrx_word' id='word_1_258' title='bbox 348 1322 458 1348; x_wconf 78' lang='lat' dir='ltr'>exterius</span> <span class='ocrx_word' id='word_1_259' title='bbox 474 1323 507 1348; x_wconf 93' lang='lat' dir='ltr'>de</span> <span class='ocrx_word' id='word_1_260' title='bbox 520 1322 584 1355; x_wconf 90' lang='lat' dir='ltr'>ipsis</span> <span class='ocrx_word' id='word_1_261' title='bbox 603 1327 735 1356; x_wconf 86' lang='lat' dir='ltr'>apparent,</span> <span class='ocrx_word' id='word_1_262' title='bbox 754 1322 946 1356; x_wconf 83' lang='lat' dir='ltr'>proportionata</span> <span class='ocrx_word' id='word_1_263' title='bbox 960 1326 1021 1346; x_wconf 90' lang='lat' dir='ltr'>sunt</span> <span class='ocrx_word' id='word_1_264' title='bbox 1039 1329 1128 1346; x_wconf 91' lang='lat' dir='ltr'>earum</span> <span class='ocrx_word' id='word_1_265' title='bbox 1141 1321 1278 1346; x_wconf 89' lang='lat' dir='ltr'>virtutibus</span> <span class='ocrx_word' id='word_1_266' title='bbox 1291 1326 1317 1345; x_wconf 91' lang='lat' dir='ltr'>et</span> <span class='ocrx_word' id='word_1_267' title='bbox 1329 1328 1419 1345; x_wconf 88' lang='lat' dir='ltr'>essen-</span> 
     </span>
     <span class='ocr_line' id='line_1_34' title="bbox 348 1357 1324 1391; baseline -0.002 -8"><span class='ocrx_word' id='word_1_268' title='bbox 348 1358 404 1389; x_wconf 83' lang='lat' dir='ltr'>tiis;</span> <span class='ocrx_word' id='word_1_269' title='bbox 424 1358 456 1382; x_wconf 84' lang='lat' dir='ltr'>ad</span> <span class='ocrx_word' id='word_1_270' title='bbox 476 1365 541 1391; x_wconf 86' lang='lat' dir='ltr'>quas</span> <span class='ocrx_word' id='word_1_271' title='bbox 560 1358 668 1391; x_wconf 82' lang='lat' dir='ltr'>proinde</span> <span class='ocrx_word' id='word_1_272' title='bbox 686 1363 819 1390; x_wconf 86' lang='lat' dir='ltr'>utcunque</span> <span class='ocrx_word' id='word_1_273' title='bbox 837 1358 1008 1390; x_wconf 82' lang='lat' dir='ltr'>penetrandas</span> <span class='ocrx_word' id='word_1_274' title='bbox 1027 1364 1076 1381; x_wconf 92' lang='lat' dir='ltr'>nos</span> <span class='ocrx_word' id='word_1_275' title='bbox 1095 1357 1189 1381; x_wconf 87' lang='lat' dir='ltr'>ducere</span> <span class='ocrx_word' id='word_1_276' title='bbox 1207 1362 1324 1390; x_wconf 85' lang='lat' dir='ltr'>possunt.</span> 
     </span>
     <span class='ocr_line' id='line_1_35' title="bbox 355 1390 1418 1428; baseline -0.003 -9.16"><span class='ocrx_word' id='word_1_277' title='bbox 355 1390 535 1428; x_wconf 46' lang='lat' dir='ltr'>»nd-‘Mane</span> <span class='ocrx_word' id='word_1_278' title='bbox 553 1396 642 1418; x_wconf 84' lang='lat' dir='ltr'>autem</span> <span class='ocrx_word' id='word_1_279' title='bbox 662 1397 709 1418; x_wconf 89' lang='lat' dir='ltr'>etc.</span> <span class='ocrx_word' id='word_1_280' title='bbox 733 1393 810 1417; x_wconf 89' lang='lat' dir='ltr'>Hunc</span> <span class='ocrx_word' id='word_1_281' title='bbox 833 1393 920 1417; x_wconf 90' lang='lat' dir='ltr'>locum</span> <span class='ocrx_word' id='word_1_282' title='bbox 940 1392 1085 1417; x_wconf 85' lang='lat' dir='ltr'>Aristotelis</span> <span class='ocrx_word' id='word_1_283' title='bbox 1109 1393 1257 1425; x_wconf 85' lang='lat' dir='ltr'>expendens</span> <span class='ocrx_word' id='word_1_284' title='bbox 1281 1391 1418 1424; x_wconf 81' lang='lat' dir='ltr'>Adolphus</span> 
     </span>
    </p>

    <p class='ocr_par' dir='ltr' id='par_1_13' title="bbox 349 1426 1418 1461">
     <span class='ocr_line' id='line_1_36' title="bbox 349 1426 1418 1461; baseline -0.003 -7"><span class='ocrx_word' id='word_1_285' title='bbox 349 1428 373 1454; x_wconf 83' lang='lat' dir='ltr'>T</span> <span class='ocrx_word' id='word_1_286' title='bbox 374 1429 565 1458; x_wconf 72' lang='lat' dir='ltr'>rendelenburg</span> <span class='ocrx_word' id='word_1_287' title='bbox 578 1429 604 1453; x_wconf 90' lang='lat' dir='ltr'>in</span> <span class='ocrx_word' id='word_1_288' title='bbox 623 1428 677 1453; x_wconf 86' lang='lat' dir='ltr'>suis</span> <span class='ocrx_word' id='word_1_289' title='bbox 693 1427 837 1453; x_wconf 78' lang='lat' dir='ltr'>Elementis</span> <span class='ocrx_word' id='word_1_290' title='bbox 850 1428 904 1461; x_wconf 78' lang='lat' dir='ltr'>log.</span> <span class='ocrx_word' id='word_1_291' title='bbox 918 1428 1053 1453; x_wconf 76' lang='lat' dir='ltr'>Aristotel.</span> <span class='ocrx_word' id='word_1_292' title='bbox 1067 1427 1092 1460; x_wconf 65' lang='lat'>§-</span> <span class='ocrx_word' id='word_1_293' title='bbox 1107 1435 1145 1460; x_wconf 61' lang='lat'>¹9¹</span> <span class='ocrx_word' id='word_1_294' title='bbox 1160 1435 1219 1460; x_wconf 85' lang='lat' dir='ltr'>pag.</span> <span class='ocrx_word' id='word_1_295' title='bbox 1233 1426 1268 1452; x_wconf 87' lang='lat'>86</span> <span class='ocrx_word' id='word_1_296' title='bbox 1281 1427 1340 1459; x_wconf 88' lang='lat' dir='ltr'>(Ed.</span> <span class='ocrx_word' id='word_1_297' title='bbox 1354 1427 1418 1457; x_wconf 82' lang='lat' dir='ltr'>vm,</span> 
     </span>
    </p>

    <p class='ocr_par' dir='ltr' id='par_1_14' title="bbox 347 1458 1420 1743">
     <span class='ocr_line' id='line_1_37' title="bbox 348 1458 1416 1499; baseline -0.003 -10"><span class='ocrx_word' id='word_1_298' title='bbox 348 1463 462 1490; x_wconf 60' lang='lat' dir='ltr'>Boeolini</span> <span class='ocrx_word' id='word_1_299' title='bbox 485 1461 572 1499; x_wconf 87' lang='lat'>1878),</span> <span class='ocrx_word' id='word_1_300' title='bbox 591 1463 617 1488; x_wconf 87' lang='lat' dir='ltr'>in</span> <span class='ocrx_word' id='word_1_301' title='bbox 637 1463 679 1488; x_wconf 88' lang='lat' dir='ltr'>illa</span> <span class='ocrx_word' id='word_1_302' title='bbox 697 1463 790 1488; x_wconf 82' lang='lat' dir='ltr'>verba:</span> <span class='ocrx_word' id='word_1_303' title='bbox 805 1460 835 1488; x_wconf 80' lang='grc' dir='ltr'>οὗ</span> <span class='ocrx_word' id='word_1_304' title='bbox 850 1461 899 1496; x_wconf 72' lang='grc' dir='ltr'>γὰρ</span> <span class='ocrx_word' id='word_1_305' title='bbox 914 1459 1009 1488; x_wconf 79' lang='grc' dir='ltr'>ταύτὸν</span> <span class='ocrx_word' id='word_1_306' title='bbox 1023 1461 1148 1496; x_wconf 67' lang='grc' dir='ltr'>πρότερον</span> <span class='ocrx_word' id='word_1_307' title='bbox 1165 1465 1196 1497; x_wconf 83' lang='grc' dir='ltr'>τῇ</span> <span class='ocrx_word' id='word_1_308' title='bbox 1209 1461 1281 1496; x_wconf 77' lang='grc' dir='ltr'>φύσει</span> <span class='ocrx_word' id='word_1_309' title='bbox 1296 1459 1339 1487; x_wconf 75' lang='grc' dir='ltr'>καὶ</span> <span class='ocrx_word' id='word_1_310' title='bbox 1353 1458 1416 1495; x_wconf 83' lang='grc' dir='ltr'>πρὸς</span> 
     </span>
     <span class='ocr_line' id='line_1_38' title="bbox 349 1495 1419 1534; baseline -0.002 -11"><span class='ocrx_word' id='word_1_311' title='bbox 349 1497 417 1534; x_wconf 71' lang='grc' dir='ltr'>ἡμᾶς</span> <span class='ocrx_word' id='word_1_312' title='bbox 435 1496 568 1532; x_wconf 79' lang='grc' dir='ltr'>πρότερον,</span> <span class='ocrx_word' id='word_1_313' title='bbox 583 1498 646 1524; x_wconf 87' lang='lat' dir='ltr'>haec</span> <span class='ocrx_word' id='word_1_314' title='bbox 666 1503 770 1523; x_wconf 90' lang='lat' dir='ltr'>annotat</span> <span class='ocrx_word' id='word_1_315' title='bbox 788 1507 847 1531; x_wconf 88' lang='lat' dir='ltr'>pag.</span> <span class='ocrx_word' id='word_1_316' title='bbox 858 1497 900 1531; x_wconf 89' lang='lat'>87,</span> <span class='ocrx_word' id='word_1_317' title='bbox 912 1506 976 1531; x_wconf 87' lang='lat' dir='ltr'>seq.:</span> <span class='ocrx_word' id='word_1_318' title='bbox 991 1508 1004 1520; x_wconf 71' lang='grc' dir='ltr'><strong><em>κ</em></strong></span> <span class='ocrx_word' id='word_1_319' title='bbox 1016 1495 1075 1523; x_wconf 82' lang='lat' dir='ltr'>Hoc&#39;</span> <span class='ocrx_word' id='word_1_320' title='bbox 1092 1498 1161 1531; x_wconf 87' lang='lat' dir='ltr'>apud</span> <span class='ocrx_word' id='word_1_321' title='bbox 1174 1498 1340 1522; x_wconf 82' lang='lat' dir='ltr'>Aristotelem</span> <span class='ocrx_word' id='word_1_322' title='bbox 1355 1495 1419 1530; x_wconf 75' lang='grc' dir='ltr'>πρό-</span> 
     </span>
     <span class='ocr_line' id='line_1_39' title="bbox 350 1531 1419 1568; baseline -0.003 -9"><span class='ocrx_word' id='word_1_323' title='bbox 350 1541 424 1568; x_wconf 76' lang='grc' dir='ltr'>τερον</span> <span class='ocrx_word' id='word_1_324' title='bbox 443 1531 487 1558; x_wconf 76' lang='grc' dir='ltr'>καὶ</span> <span class='ocrx_word' id='word_1_325' title='bbox 506 1533 629 1567; x_wconf 78' lang='grc' dir='ltr'>ὕστερον,</span> <span class='ocrx_word' id='word_1_326' title='bbox 649 1534 722 1566; x_wconf 91' lang='lat' dir='ltr'>prius</span> <span class='ocrx_word' id='word_1_327' title='bbox 741 1539 768 1558; x_wconf 91' lang='lat' dir='ltr'>et</span> <span class='ocrx_word' id='word_1_328' title='bbox 785 1534 923 1566; x_wconf 87' lang='lat' dir='ltr'>posterius,</span> <span class='ocrx_word' id='word_1_329' title='bbox 942 1533 1063 1567; x_wconf 87' lang='lat' dir='ltr'>peculiari</span> <span class='ocrx_word' id='word_1_330' title='bbox 1084 1533 1150 1558; x_wconf 89' lang='lat' dir='ltr'>inter</span> <span class='ocrx_word' id='word_1_331' title='bbox 1168 1533 1340 1566; x_wconf 87' lang='lat' dir='ltr'>philosophos</span> <span class='ocrx_word' id='word_1_332' title='bbox 1360 1532 1419 1557; x_wconf 89' lang='lat' dir='ltr'>usui</span> 
     </span>
     <span class='ocr_line' id='line_1_40' title="bbox 350 1568 1419 1601; baseline -0.002 -7"><span class='ocrx_word' id='word_1_333' title='bbox 350 1569 439 1594; x_wconf 89' lang='lat' dir='ltr'>locum</span> <span class='ocrx_word' id='word_1_334' title='bbox 453 1570 556 1594; x_wconf 86' lang='lat' dir='ltr'>dedisse</span> <span class='ocrx_word' id='word_1_335' title='bbox 567 1570 676 1595; x_wconf 82' lang='lat' dir='ltr'>videtur.</span> <span class='ocrx_word' id='word_1_336' title='bbox 691 1569 756 1594; x_wconf 83' lang='lat' dir='ltr'>mud</span> <span class='ocrx_word' id='word_1_337' title='bbox 770 1569 826 1594; x_wconf 90' lang='lat' dir='ltr'>dico</span> <span class='ocrx_word' id='word_1_338' title='bbox 839 1577 853 1593; x_wconf 92' lang='lat' dir='ltr'>a</span> <span class='ocrx_word' id='word_1_339' title='bbox 866 1569 945 1601; x_wconf 89' lang='lat' dir='ltr'>priori</span> <span class='ocrx_word' id='word_1_340' title='bbox 960 1574 985 1593; x_wconf 89' lang='lat' dir='ltr'>et</span> <span class='ocrx_word' id='word_1_341' title='bbox 997 1577 1012 1594; x_wconf 88' lang='lat' dir='ltr'>a</span> <span class='ocrx_word' id='word_1_342' title='bbox 1025 1569 1168 1601; x_wconf 88' lang='lat' dir='ltr'>posteriori,</span> <span class='ocrx_word' id='word_1_343' title='bbox 1182 1569 1263 1601; x_wconf 92' lang='lat' dir='ltr'>quod,</span> <span class='ocrx_word' id='word_1_344' title='bbox 1277 1568 1325 1593; x_wconf 87' lang='lat' dir='ltr'>etsi</span> <span class='ocrx_word' id='word_1_345' title='bbox 1339 1575 1419 1592; x_wconf 90' lang='lat' dir='ltr'>sensu</span> 
     </span>
     <span class='ocr_line' id='line_1_41' title="bbox 350 1603 1419 1638; baseline -0.003 -8"><span class='ocrx_word' id='word_1_346' title='bbox 350 1605 512 1638; x_wconf 74' lang='lat' dir='ltr'>aliquantum</span> <span class='ocrx_word' id='word_1_347' title='bbox 531 1609 644 1636; x_wconf 86' lang='lat' dir='ltr'>mutato,</span> <span class='ocrx_word' id='word_1_348' title='bbox 663 1604 741 1629; x_wconf 89' lang='lat' dir='ltr'>hodie</span> <span class='ocrx_word' id='word_1_349' title='bbox 759 1605 828 1637; x_wconf 88' lang='lat' dir='ltr'>apud</span> <span class='ocrx_word' id='word_1_350' title='bbox 852 1605 942 1630; x_wconf 86' lang='lat' dir='ltr'>doctos</span> <span class='ocrx_word' id='word_1_351' title='bbox 961 1609 987 1629; x_wconf 90' lang='lat' dir='ltr'>et</span> <span class='ocrx_word' id='word_1_352' title='bbox 1005 1604 1122 1628; x_wconf 87' lang='lat' dir='ltr'>indoctos</span> <span class='ocrx_word' id='word_1_353' title='bbox 1141 1604 1250 1629; x_wconf 85' lang='lat' dir='ltr'>auditur.</span> <span class='ocrx_word' id='word_1_354' title='bbox 1269 1603 1419 1636; x_wconf 74' lang='lat' dir='ltr'>Antiquitus</span> 
     </span>
     <span class='ocr_line' id='line_1_42' title="bbox 351 1638 1419 1672; baseline -0.002 -7"><span class='ocrx_word' id='word_1_355' title='bbox 351 1640 420 1666; x_wconf 83' lang='lat' dir='ltr'>enim</span> <span class='ocrx_word' id='word_1_356' title='bbox 439 1647 457 1665; x_wconf 82' lang='lat' dir='ltr'>a</span> <span class='ocrx_word' id='word_1_357' title='bbox 470 1640 562 1672; x_wconf 79' lang='lat' dir='ltr'>priori</span> <span class='ocrx_word' id='word_1_358' title='bbox 581 1640 765 1665; x_wconf 82' lang='lat' dir='ltr'>demonstrare</span> <span class='ocrx_word' id='word_1_359' title='bbox 788 1639 849 1664; x_wconf 88' lang='lat' dir='ltr'>nihil</span> <span class='ocrx_word' id='word_1_360' title='bbox 869 1640 936 1664; x_wconf 86' lang='lat' dir='ltr'>aliud</span> <span class='ocrx_word' id='word_1_361' title='bbox 959 1638 1124 1671; x_wconf 83' lang='lat' dir='ltr'>significavit,</span> <span class='ocrx_word' id='word_1_362' title='bbox 1149 1647 1229 1672; x_wconf 88' lang='lat' dir='ltr'>quam</span> <span class='ocrx_word' id='word_1_363' title='bbox 1250 1647 1281 1664; x_wconf 85' lang='lat' dir='ltr'>ex</span> <span class='ocrx_word' id='word_1_364' title='bbox 1300 1639 1363 1671; x_wconf 89' lang='lat' dir='ltr'>ipsis</span> <span class='ocrx_word' id='word_1_365' title='bbox 1382 1638 1419 1663; x_wconf 90' lang='lat' dir='ltr'>rei</span> 
     </span>
     <span class='ocr_line' id='line_1_43' title="bbox 352 1674 1420 1708; baseline -0.002 -8"><span class='ocrx_word' id='word_1_366' title='bbox 352 1675 444 1705; x_wconf 85' lang='lat' dir='ltr'>causis,</span> <span class='ocrx_word' id='word_1_367' title='bbox 464 1675 561 1708; x_wconf 88' lang='lat' dir='ltr'>quippe</span> <span class='ocrx_word' id='word_1_368' title='bbox 580 1683 647 1708; x_wconf 86' lang='lat' dir='ltr'>quae</span> <span class='ocrx_word' id='word_1_369' title='bbox 666 1683 711 1708; x_wconf 92' lang='lat' dir='ltr'>per</span> <span class='ocrx_word' id='word_1_370' title='bbox 731 1682 760 1699; x_wconf 89' lang='lat' dir='ltr'>se</span> <span class='ocrx_word' id='word_1_371' title='bbox 778 1674 916 1700; x_wconf 85' lang='lat' dir='ltr'>Aristotele</span> <span class='ocrx_word' id='word_1_372' title='bbox 935 1680 1039 1699; x_wconf 90' lang='lat' dir='ltr'>auctore</span> <span class='ocrx_word' id='word_1_373' title='bbox 1057 1680 1145 1699; x_wconf 86' lang='lat' dir='ltr'>natura</span> <span class='ocrx_word' id='word_1_374' title='bbox 1164 1674 1262 1707; x_wconf 87' lang='lat' dir='ltr'>priores</span> <span class='ocrx_word' id='word_1_375' title='bbox 1282 1678 1381 1699; x_wconf 88' lang='lat' dir='ltr'>essent:</span> <span class='ocrx_word' id='word_1_376' title='bbox 1403 1681 1420 1698; x_wconf 87' lang='lat' dir='ltr'>a</span> 
     </span>
     <span class='ocr_line' id='line_1_44' title="bbox 347 1709 1419 1743; baseline -0.002 -8"><span class='ocrx_word' id='word_1_377' title='bbox 347 1710 495 1743; x_wconf 78' lang='lat' dir='ltr'>posteriori</span> <span class='ocrx_word' id='word_1_378' title='bbox 508 1718 571 1735; x_wconf 84' lang='lat' dir='ltr'>vero</span> <span class='ocrx_word' id='word_1_379' title='bbox 583 1717 614 1735; x_wconf 88' lang='lat' dir='ltr'>ex</span> <span class='ocrx_word' id='word_1_380' title='bbox 627 1709 725 1741; x_wconf 83' lang='lat' dir='ltr'>effectu,</span> <span class='ocrx_word' id='word_1_381' title='bbox 739 1710 783 1742; x_wconf 91' lang='lat' dir='ltr'>qui</span> <span class='ocrx_word' id='word_1_382' title='bbox 799 1710 856 1743; x_wconf 86' lang='lat' dir='ltr'>ipsa</span> <span class='ocrx_word' id='word_1_383' title='bbox 874 1718 950 1735; x_wconf 85' lang='lat' dir='ltr'>causa</span> <span class='ocrx_word' id='word_1_384' title='bbox 966 1716 1054 1734; x_wconf 84' lang='lat' dir='ltr'>natura</span> <span class='ocrx_word' id='word_1_385' title='bbox 1069 1709 1173 1742; x_wconf 88' lang='lat' dir='ltr'>quidem</span> <span class='ocrx_word' id='word_1_386' title='bbox 1193 1714 1264 1734; x_wconf 91' lang='lat' dir='ltr'>esset</span> <span class='ocrx_word' id='word_1_387' title='bbox 1282 1709 1419 1742; x_wconf 83' lang='lat' dir='ltr'>posterior,</span> 
     </span>
    </p>
   </div>
   <div class='ocr_carea' id='block_1_13' title="bbox 302 1744 1420 1778">
    <p class='ocr_par' dir='ltr' id='par_1_15' title="bbox 302 1744 1420 1778">
     <span class='ocr_line' id='line_1_45' title="bbox 302 1744 1420 1778; baseline -0.002 -8"><span class='ocrx_word' id='word_1_388' title='bbox 302 1772 304 1775; x_wconf 60' lang='grc'>,</span> <span class='ocrx_word' id='word_1_389' title='bbox 352 1746 400 1770; x_wconf 85' lang='lat' dir='ltr'>sed</span> <span class='ocrx_word' id='word_1_390' title='bbox 418 1746 493 1770; x_wconf 82' lang='lat' dir='ltr'>nobis</span> <span class='ocrx_word' id='word_1_391' title='bbox 515 1746 608 1771; x_wconf 91' lang='lat' dir='ltr'>notior.</span> <span class='ocrx_word' id='word_1_392' title='bbox 628 1746 664 1770; x_wconf 88' lang='lat' dir='ltr'>lta</span> <span class='ocrx_word' id='word_1_393' title='bbox 682 1745 799 1771; x_wconf 83' lang='lat' dir='ltr'>Thomas</span> <span class='ocrx_word' id='word_1_394' title='bbox 817 1746 933 1778; x_wconf 86' lang='lat' dir='ltr'>Aquinas</span> <span class='ocrx_word' id='word_1_395' title='bbox 957 1746 1040 1770; x_wconf 88' lang='lat' dir='ltr'>Deum</span> <span class='ocrx_word' id='word_1_396' title='bbox 1059 1753 1074 1769; x_wconf 87' lang='lat' dir='ltr'>a</span> <span class='ocrx_word' id='word_1_397' title='bbox 1092 1745 1171 1778; x_wconf 83' lang='lat' dir='ltr'>priori</span> <span class='ocrx_word' id='word_1_398' title='bbox 1195 1745 1262 1769; x_wconf 88' lang='lat' dir='ltr'>idest</span> <span class='ocrx_word' id='word_1_399' title='bbox 1285 1752 1316 1769; x_wconf 87' lang='lat' dir='ltr'>ex</span> <span class='ocrx_word' id='word_1_400' title='bbox 1338 1744 1420 1776; x_wconf 89' lang='lat' dir='ltr'>ipsius</span> 
     </span>
    </p>
   </div>
   <div class='ocr_carea' id='block_1_14' title="bbox 344 1779 1422 2229">
    <p class='ocr_par' dir='ltr' id='par_1_16' title="bbox 344 1779 1422 2229">
     <span class='ocr_line' id='line_1_46' title="bbox 353 1779 1420 1814; baseline -0.003 -8"><span class='ocrx_word' id='word_1_401' title='bbox 353 1781 438 1806; x_wconf 76' lang='lat' dir='ltr'>causis</span> <span class='ocrx_word' id='word_1_402' title='bbox 452 1782 574 1813; x_wconf 85' lang='lat' dir='ltr'>cognosci</span> <span class='ocrx_word' id='word_1_403' title='bbox 589 1788 669 1814; x_wconf 84' lang='lat' dir='ltr'>posse</span> <span class='ocrx_word' id='word_1_404' title='bbox 682 1781 791 1812; x_wconf 79' lang='lat' dir='ltr'>negavit.</span> <span class='ocrx_word' id='word_1_405' title='bbox 806 1781 880 1811; x_wconf 79' lang='lat' dir='ltr'>Quae</span> <span class='ocrx_word' id='word_1_406' title='bbox 894 1781 932 1805; x_wconf 91' lang='lat' dir='ltr'>vis</span> <span class='ocrx_word' id='word_1_407' title='bbox 943 1786 968 1805; x_wconf 90' lang='lat' dir='ltr'>et</span> <span class='ocrx_word' id='word_1_408' title='bbox 982 1785 1096 1813; x_wconf 86' lang='lat' dir='ltr'>potestas</span> <span class='ocrx_word' id='word_1_409' title='bbox 1111 1781 1144 1804; x_wconf 90' lang='lat' dir='ltr'>ad</span> <span class='ocrx_word' id='word_1_410' title='bbox 1156 1781 1288 1805; x_wconf 88' lang='lat' dir='ltr'>saeculum</span> <span class='ocrx_word' id='word_1_411' title='bbox 1301 1779 1420 1812; x_wconf 87' lang='lat' dir='ltr'>superius</span> 
     </span>
     <span class='ocr_line' id='line_1_47' title="bbox 353 1815 1420 1846; baseline -0.002 -5"><span class='ocrx_word' id='word_1_412' title='bbox 353 1816 449 1841; x_wconf 86' lang='lat' dir='ltr'>mansit</span> <span class='ocrx_word' id='word_1_413' title='bbox 460 1816 552 1841; x_wconf 84' lang='lat' dir='ltr'>intacta</span> <span class='ocrx_word' id='word_1_414' title='bbox 557 1823 564 1846; x_wconf 92' lang='grc'><strong>;</strong></span> <span class='ocrx_word' id='word_1_415' title='bbox 579 1816 662 1842; x_wconf 85' lang='lat' dir='ltr'>adhuc</span> <span class='ocrx_word' id='word_1_416' title='bbox 677 1816 746 1841; x_wconf 89' lang='lat' dir='ltr'>enim</span> <span class='ocrx_word' id='word_1_417' title='bbox 760 1816 867 1841; x_wconf 84' lang='lat' dir='ltr'>traditur</span> <span class='ocrx_word' id='word_1_418' title='bbox 880 1816 906 1840; x_wconf 93' lang='lat' dir='ltr'>in</span> <span class='ocrx_word' id='word_1_419' title='bbox 919 1816 1003 1840; x_wconf 88' lang='lat' dir='ltr'>lacobi</span> <span class='ocrx_word' id='word_1_420' title='bbox 1017 1815 1152 1840; x_wconf 88' lang='lat' dir='ltr'>Facciolati</span> <span class='ocrx_word' id='word_1_421' title='bbox 1167 1815 1366 1840; x_wconf 84' lang='lat' dir='ltr'>institutionibus</span> <span class='ocrx_word' id='word_1_422' title='bbox 1381 1815 1420 1839; x_wconf 93' lang='lat' dir='ltr'>lo-</span> 
     </span>
     <span class='ocr_line' id='line_1_48' title="bbox 353 1850 1421 1884; baseline -0.002 -8"><span class='ocrx_word' id='word_1_423' title='bbox 353 1851 425 1884; x_wconf 83' lang='lat' dir='ltr'>gicae</span> <span class='ocrx_word' id='word_1_424' title='bbox 437 1851 627 1884; x_wconf 84' lang='lat' dir='ltr'>Peripateticae.</span> <span class='ocrx_word' id='word_1_425' title='bbox 646 1852 697 1876; x_wconf 91' lang='lat' dir='ltr'>Sed</span> <span class='ocrx_word' id='word_1_426' title='bbox 717 1859 799 1883; x_wconf 90' lang='lat' dir='ltr'>quum</span> <span class='ocrx_word' id='word_1_427' title='bbox 818 1851 998 1884; x_wconf 86' lang='lat' dir='ltr'>philosophiae</span> <span class='ocrx_word' id='word_1_428' title='bbox 1017 1850 1134 1883; x_wconf 87' lang='lat' dir='ltr'>quaestio</span> <span class='ocrx_word' id='word_1_429' title='bbox 1153 1859 1166 1875; x_wconf 91' lang='lat' dir='ltr'>a</span> <span class='ocrx_word' id='word_1_430' title='bbox 1186 1850 1263 1881; x_wconf 68' lang='lat' dir='ltr'>rebus</span> <span class='ocrx_word' id='word_1_431' title='bbox 1282 1850 1315 1874; x_wconf 91' lang='lat' dir='ltr'>ad</span> <span class='ocrx_word' id='word_1_432' title='bbox 1334 1850 1421 1882; x_wconf 84' lang='lat' dir='ltr'>cogni-</span> 
     </span>
     <span class='ocr_line' id='line_1_49' title="bbox 353 1885 1420 1918; baseline -0.001 -7"><span class='ocrx_word' id='word_1_433' title='bbox 353 1886 431 1912; x_wconf 86' lang='lat' dir='ltr'>tionis</span> <span class='ocrx_word' id='word_1_434' title='bbox 450 1894 541 1912; x_wconf 84' lang='lat' dir='ltr'>causas</span> <span class='ocrx_word' id='word_1_435' title='bbox 558 1891 671 1912; x_wconf 86' lang='lat' dir='ltr'>verteret</span> <span class='ocrx_word' id='word_1_436' title='bbox 688 1891 765 1918; x_wconf 86' lang='lat' dir='ltr'>atque</span> <span class='ocrx_word' id='word_1_437' title='bbox 779 1886 841 1918; x_wconf 90' lang='lat' dir='ltr'>quid</span> <span class='ocrx_word' id='word_1_438' title='bbox 854 1886 934 1911; x_wconf 89' lang='lat' dir='ltr'>menti</span> <span class='ocrx_word' id='word_1_439' title='bbox 949 1893 996 1918; x_wconf 88' lang='lat' dir='ltr'>per</span> <span class='ocrx_word' id='word_1_440' title='bbox 1014 1893 1056 1916; x_wconf 88' lang='lat' dir='ltr'>se,</span> <span class='ocrx_word' id='word_1_441' title='bbox 1076 1885 1139 1918; x_wconf 89' lang='lat' dir='ltr'>quid</span> <span class='ocrx_word' id='word_1_442' title='bbox 1155 1885 1326 1918; x_wconf 85' lang='lat' dir='ltr'>experientiae</span> <span class='ocrx_word' id='word_1_443' title='bbox 1342 1885 1420 1910; x_wconf 89' lang='lat' dir='ltr'>debe-</span> 
     </span>
     <span class='ocr_line' id='line_1_50' title="bbox 353 1921 1420 1954; baseline -0.002 -7"><span class='ocrx_word' id='word_1_444' title='bbox 353 1926 436 1952; x_wconf 77' lang='lat' dir='ltr'>retur,</span> <span class='ocrx_word' id='word_1_445' title='bbox 459 1921 606 1954; x_wconf 85' lang='lat' dir='ltr'>investigari</span> <span class='ocrx_word' id='word_1_446' title='bbox 629 1926 750 1954; x_wconf 85' lang='lat' dir='ltr'>coeptum</span> <span class='ocrx_word' id='word_1_447' title='bbox 774 1926 858 1946; x_wconf 85' lang='lat' dir='ltr'>esset:</span> <span class='ocrx_word' id='word_1_448' title='bbox 881 1921 944 1946; x_wconf 93' lang='lat' dir='ltr'>illud</span> <span class='ocrx_word' id='word_1_449' title='bbox 962 1929 977 1946; x_wconf 90' lang='lat' dir='ltr'>a</span> <span class='ocrx_word' id='word_1_450' title='bbox 996 1921 1089 1954; x_wconf 85' lang='lat' dir='ltr'>priori,</span> <span class='ocrx_word' id='word_1_451' title='bbox 1113 1922 1184 1953; x_wconf 93' lang='lat' dir='ltr'>quod</span> <span class='ocrx_word' id='word_1_452' title='bbox 1204 1921 1229 1945; x_wconf 94' lang='lat' dir='ltr'>in</span> <span class='ocrx_word' id='word_1_453' title='bbox 1248 1921 1304 1953; x_wconf 89' lang='lat' dir='ltr'>ipsa</span> <span class='ocrx_word' id='word_1_454' title='bbox 1327 1921 1420 1945; x_wconf 86' lang='lat' dir='ltr'>mentis</span> 
     </span>
     <span class='ocr_line' id='line_1_51' title="bbox 353 1955 1420 1990; baseline -0.002 -8"><span class='ocrx_word' id='word_1_455' title='bbox 353 1962 443 1988; x_wconf 74' lang='lat' dir='ltr'>natura</span> <span class='ocrx_word' id='word_1_456' title='bbox 457 1957 570 1990; x_wconf 83' lang='lat' dir='ltr'>positum</span> <span class='ocrx_word' id='word_1_457' title='bbox 590 1957 772 1990; x_wconf 82' lang='lat' dir='ltr'>experientiam</span> <span class='ocrx_word' id='word_1_458' title='bbox 787 1964 839 1981; x_wconf 86' lang='lat' dir='ltr'>non</span> <span class='ocrx_word' id='word_1_459' title='bbox 852 1957 938 1981; x_wconf 87' lang='lat' dir='ltr'>solum</span> <span class='ocrx_word' id='word_1_460' title='bbox 957 1957 1125 1987; x_wconf 86' lang='lat' dir='ltr'>antecederet,</span> <span class='ocrx_word' id='word_1_461' title='bbox 1139 1957 1186 1981; x_wconf 90' lang='lat' dir='ltr'>sed</span> <span class='ocrx_word' id='word_1_462' title='bbox 1205 1956 1282 1981; x_wconf 88' lang='lat' dir='ltr'>etiam</span> <span class='ocrx_word' id='word_1_463' title='bbox 1301 1955 1420 1986; x_wconf 88' lang='lat' dir='ltr'>efficeret,</span> 
     </span>
     <span class='ocr_line' id='line_1_52' title="bbox 352 1991 1421 2025; baseline -0.001 -8"><span class='ocrx_word' id='word_1_464' title='bbox 352 1991 403 2018; x_wconf 88' lang='lat' dir='ltr'>hoc</span> <span class='ocrx_word' id='word_1_465' title='bbox 415 2000 431 2017; x_wconf 85' lang='lat' dir='ltr'>a</span> <span class='ocrx_word' id='word_1_466' title='bbox 439 1992 584 2025; x_wconf 86' lang='lat' dir='ltr'>posteriori,</span> <span class='ocrx_word' id='word_1_467' title='bbox 595 1993 666 2025; x_wconf 89' lang='lat' dir='ltr'>quod</span> <span class='ocrx_word' id='word_1_468' title='bbox 675 1992 707 2017; x_wconf 85' lang='lat' dir='ltr'>ab</span> <span class='ocrx_word' id='word_1_469' title='bbox 717 1991 871 2024; x_wconf 85' lang='lat' dir='ltr'>experientia</span> <span class='ocrx_word' id='word_1_470' title='bbox 885 1992 941 2016; x_wconf 89' lang='lat' dir='ltr'>sola</span> <span class='ocrx_word' id='word_1_471' title='bbox 953 1997 1087 2024; x_wconf 87' lang='lat' dir='ltr'>acceptum</span> <span class='ocrx_word' id='word_1_472' title='bbox 1104 1992 1198 2016; x_wconf 87' lang='lat' dir='ltr'>mentis</span> <span class='ocrx_word' id='word_1_473' title='bbox 1212 1992 1332 2016; x_wconf 89' lang='lat' dir='ltr'>notiones</span> <span class='ocrx_word' id='word_1_474' title='bbox 1346 1991 1421 2023; x_wconf 83' lang='lat' dir='ltr'>quasi</span> 
     </span>
     <span class='ocr_line' id='line_1_53' title="bbox 353 2026 1421 2069; baseline -0.001 -17"><span class='ocrx_word' id='word_1_475' title='bbox 353 2027 450 2069; x_wconf 81' lang='lat' dir='ltr'>primas</span> <span class='ocrx_word' id='word_1_476' title='bbox 465 2032 630 2060; x_wconf 83' lang='lat' dir='ltr'>sequeretur,</span> <span class='ocrx_word' id='word_1_477' title='bbox 642 2032 790 2052; x_wconf 85' lang='lat' dir='ltr'>constanter</span> <span class='ocrx_word' id='word_1_478' title='bbox 803 2028 961 2060; x_wconf 80' lang='lat' dir='ltr'>appellatum</span> <span class='ocrx_word' id='word_1_479' title='bbox 975 2032 1022 2052; x_wconf 88' lang='lat' dir='ltr'>est.</span> <span class='ocrx_word' id='word_1_480' title='bbox 1037 2027 1073 2051; x_wconf 85' lang='lat' dir='ltr'>Ita</span> <span class='ocrx_word' id='word_1_481' title='bbox 1085 2027 1191 2060; x_wconf 89' lang='lat' dir='ltr'>quidem</span> <span class='ocrx_word' id='word_1_482' title='bbox 1207 2026 1338 2057; x_wconf 82' lang='lat' dir='ltr'>mathesis,</span> <span class='ocrx_word' id='word_1_483' title='bbox 1353 2034 1421 2059; x_wconf 90' lang='lat' dir='ltr'>quae</span> 
     </span>
     <span class='ocr_line' id='line_1_54' title="bbox 353 2062 1420 2096; baseline -0.002 -8"><span class='ocrx_word' id='word_1_484' title='bbox 353 2070 411 2096; x_wconf 70' lang='lat' dir='ltr'>ipsa</span> <span class='ocrx_word' id='word_1_485' title='bbox 427 2062 502 2095; x_wconf 78' lang='lat' dir='ltr'>spatii</span> <span class='ocrx_word' id='word_1_486' title='bbox 522 2067 548 2088; x_wconf 89' lang='lat' dir='ltr'>et</span> <span class='ocrx_word' id='word_1_487' title='bbox 565 2063 691 2096; x_wconf 85' lang='lat' dir='ltr'>temporis</span> <span class='ocrx_word' id='word_1_488' title='bbox 709 2062 794 2087; x_wconf 87' lang='lat' dir='ltr'>forma</span> <span class='ocrx_word' id='word_1_489' title='bbox 813 2063 892 2087; x_wconf 91' lang='lat' dir='ltr'>menti</span> <span class='ocrx_word' id='word_1_490' title='bbox 911 2062 986 2087; x_wconf 87' lang='lat' dir='ltr'>insita</span> <span class='ocrx_word' id='word_1_491' title='bbox 1005 2062 1141 2092; x_wconf 88' lang='lat' dir='ltr'>niteretur,</span> <span class='ocrx_word' id='word_1_492' title='bbox 1165 2062 1276 2094; x_wconf 84' lang='lat' dir='ltr'>cognitio</span> <span class='ocrx_word' id='word_1_493' title='bbox 1294 2070 1310 2086; x_wconf 83' lang='lat' dir='ltr'>a</span> <span class='ocrx_word' id='word_1_494' title='bbox 1329 2062 1420 2094; x_wconf 86' lang='lat' dir='ltr'>priori,</span> 
     </span>
     <span class='ocr_line' id='line_1_55' title="bbox 353 2097 1422 2131; baseline -0.001 -8"><span class='ocrx_word' id='word_1_495' title='bbox 353 2097 459 2123; x_wconf 79' lang='lat' dir='ltr'>historia</span> <span class='ocrx_word' id='word_1_496' title='bbox 477 2103 565 2123; x_wconf 83' lang='lat' dir='ltr'>contra</span> <span class='ocrx_word' id='word_1_497' title='bbox 589 2103 711 2131; x_wconf 83' lang='lat' dir='ltr'>tanquam</span> <span class='ocrx_word' id='word_1_498' title='bbox 735 2105 822 2122; x_wconf 87' lang='lat' dir='ltr'>rerum</span> <span class='ocrx_word' id='word_1_499' title='bbox 846 2103 979 2130; x_wconf 71' lang='lat' dir='ltr'>gestarum</span> <span class='ocrx_word' id='word_1_500' title='bbox 1004 2098 1129 2122; x_wconf 86' lang='lat' dir='ltr'>memoria</span> <span class='ocrx_word' id='word_1_501' title='bbox 1148 2106 1162 2122; x_wconf 84' lang='lat' dir='ltr'>a</span> <span class='ocrx_word' id='word_1_502' title='bbox 1181 2097 1317 2130; x_wconf 85' lang='lat' dir='ltr'>posteriori</span> <span class='ocrx_word' id='word_1_503' title='bbox 1341 2097 1422 2122; x_wconf 81' lang='lat' dir='ltr'>dictae</span> 
     </span>
     <span class='ocr_line' id='line_1_56' title="bbox 344 2132 1422 2165; baseline -0.001 -7"><span class='ocrx_word' id='word_1_504' title='bbox 344 2138 423 2159; x_wconf 58' lang='lat' dir='ltr'>sunt.</span> <span class='ocrx_word' id='word_1_505' title='bbox 447 2133 488 2158; x_wconf 89' lang='lat' dir='ltr'>Sic</span> <span class='ocrx_word' id='word_1_506' title='bbox 506 2133 692 2158; x_wconf 84' lang='lat' dir='ltr'>vocabulorum</span> <span class='ocrx_word' id='word_1_507' title='bbox 713 2140 779 2158; x_wconf 85' lang='lat' dir='ltr'>usus</span> <span class='ocrx_word' id='word_1_508' title='bbox 798 2133 908 2165; x_wconf 80' lang='lat' dir='ltr'>graviter</span> <span class='ocrx_word' id='word_1_509' title='bbox 926 2133 1077 2158; x_wconf 84' lang='lat' dir='ltr'>immutatus</span> <span class='ocrx_word' id='word_1_510' title='bbox 1095 2138 1143 2158; x_wconf 89' lang='lat' dir='ltr'>est.</span> <span class='ocrx_word' id='word_1_511' title='bbox 1163 2133 1242 2158; x_wconf 84' lang='lat' dir='ltr'>Cuius</span> <span class='ocrx_word' id='word_1_512' title='bbox 1260 2133 1296 2157; x_wconf 87' lang='lat' dir='ltr'>rei</span> <span class='ocrx_word' id='word_1_513' title='bbox 1314 2132 1422 2164; x_wconf 87' lang='lat' dir='ltr'>vestigia</span> 
     </span>
     <span class='ocr_line' id='line_1_57' title="bbox 354 2168 1422 2202; baseline -0.002 -8"><span class='ocrx_word' id='word_1_514' title='bbox 354 2169 406 2194; x_wconf 78' lang='lat' dir='ltr'>iam</span> <span class='ocrx_word' id='word_1_515' title='bbox 420 2169 489 2201; x_wconf 78' lang='lat' dir='ltr'>apud</span> <span class='ocrx_word' id='word_1_516' title='bbox 503 2169 630 2194; x_wconf 73' lang='lat' dir='ltr'>numium</span> <span class='ocrx_word' id='word_1_517' title='bbox 646 2168 855 2202; x_wconf 80' lang='lat' dir='ltr'>deprehenderis.</span> <span class='ocrx_word' id='word_1_518' title='bbox 869 2169 928 2193; x_wconf 84' lang='lat' dir='ltr'>Mos</span> <span class='ocrx_word' id='word_1_519' title='bbox 946 2174 1034 2194; x_wconf 85' lang='lat' dir='ltr'>autem</span> <span class='ocrx_word' id='word_1_520' title='bbox 1046 2169 1131 2193; x_wconf 87' lang='lat' dir='ltr'>Kantii</span> <span class='ocrx_word' id='word_1_521' title='bbox 1149 2168 1315 2201; x_wconf 82' lang='lat' dir='ltr'>potissimum</span> <span class='ocrx_word' id='word_1_522' title='bbox 1334 2173 1422 2192; x_wconf 88' lang='lat' dir='ltr'>aucto-</span> 
     </span>
     <span class='ocr_line' id='line_1_58' title="bbox 353 2203 585 2229; baseline 0 0"><span class='ocrx_word' id='word_1_523' title='bbox 353 2203 428 2229; x_wconf 77' lang='lat' dir='ltr'>ritate</span> <span class='ocrx_word' id='word_1_524' title='bbox 445 2204 560 2229; x_wconf 87' lang='lat' dir='ltr'>invaluit.</span> <span class='ocrx_word' id='word_1_525' title='bbox 570 2213 585 2228; x_wconf 83' lang='lat'><strong>»</strong></span> 
     </span>
    </p>
   </div>
   <div class='ocr_carea' id='block_1_15' title="bbox 409 2238 1421 2272">
    <p class='ocr_par' dir='ltr' id='par_1_17' title="bbox 409 2238 1421 2272">
     <span class='ocr_line' id='line_1_59' title="bbox 409 2238 1421 2272; baseline -0.001 -8"><span class='ocrx_word' id='word_1_526' title='bbox 409 2239 480 2264; x_wconf 82' lang='lat' dir='ltr'>Haec</span> <span class='ocrx_word' id='word_1_527' title='bbox 498 2244 585 2264; x_wconf 87' lang='lat' dir='ltr'>autem</span> <span class='ocrx_word' id='word_1_528' title='bbox 603 2240 790 2266; x_wconf 84' lang='lat' dir='ltr'>vocabulorum</span> <span class='ocrx_word' id='word_1_529' title='bbox 814 2239 960 2270; x_wconf 81' lang='lat' dir='ltr'>innovatio,</span> <span class='ocrx_word' id='word_1_530' title='bbox 976 2238 1159 2272; x_wconf 77' lang='lat' dir='ltr'>philosophice</span> <span class='ocrx_word' id='word_1_531' title='bbox 1177 2239 1345 2270; x_wconf 85' lang='lat' dir='ltr'>considerata,</span> <span class='ocrx_word' id='word_1_532' title='bbox 1364 2247 1421 2271; x_wconf 87' lang='lat' dir='ltr'>gra-</span> 
     </span>
    </p>
   </div>
   <div class='ocr_carea' id='block_1_16' title="bbox 1467 729 2544 882">
    <p class='ocr_par' dir='ltr' id='par_1_18' title="bbox 1467 729 2544 882">
     <span class='ocr_line' id='line_1_60' title="bbox 1467 729 2544 882; baseline -0.002 -116"><span class='ocrx_word' id='word_1_533' title='bbox 1467 731 1678 767; x_wconf 85' lang='lat' dir='ltr'>maximum</span> <span class='ocrx_word' id='word_1_534' title='bbox 1698 731 1718 751; x_wconf 77' lang='lat'>&#39;¹‘</span> <span class='ocrx_word' id='word_1_535' title='bbox 1737 738 1792 766; x_wconf 93' lang='lat' dir='ltr'>est</span> <span class='ocrx_word' id='word_1_536' title='bbox 1820 743 1932 767; x_wconf 89' lang='lat' dir='ltr'>causa</span> <span class='ocrx_word' id='word_1_537' title='bbox 1952 730 2125 767; x_wconf 90' lang='lat' dir='ltr'>omnium</span> <span class='ocrx_word' id='word_1_538' title='bbox 2150 742 2303 775; x_wconf 90' lang='lat' dir='ltr'>eorum,</span> <span class='ocrx_word' id='word_1_539' title='bbox 2328 740 2426 776; x_wconf 89' lang='lat' dir='ltr'>quae</span> <span class='ocrx_word' id='word_1_540' title='bbox 2446 729 2544 882; x_wconf 28' lang='lat' dir='ltr'>sun}</span> 
     </span>
    </p>
   </div>
   <div class='ocr_carea' id='block_1_17' title="bbox 1468 934 2540 2201">
    <p class='ocr_par' dir='ltr' id='par_1_19' title="bbox 1468 934 2540 1954">
     <span class='ocr_line' id='line_1_61' title="bbox 1468 934 2531 968; baseline 0 -8"><span class='ocrx_word' id='word_1_541' title='bbox 1468 936 1533 960; x_wconf 88' lang='lat' dir='ltr'>viter</span> <span class='ocrx_word' id='word_1_542' title='bbox 1547 941 1587 960; x_wconf 88' lang='lat' dir='ltr'>est</span> <span class='ocrx_word' id='word_1_543' title='bbox 1600 936 1819 968; x_wconf 86' lang='lat' dir='ltr'>reprehendenda.</span> <span class='ocrx_word' id='word_1_544' title='bbox 1835 936 1963 968; x_wconf 81' lang='lat' dir='ltr'>imprimis</span> <span class='ocrx_word' id='word_1_545' title='bbox 1976 936 2037 960; x_wconf 90' lang='lat' dir='ltr'>vitio</span> <span class='ocrx_word' id='word_1_546' title='bbox 2047 937 2199 960; x_wconf 87' lang='lat' dir='ltr'>vertendum</span> <span class='ocrx_word' id='word_1_547' title='bbox 2214 941 2254 960; x_wconf 90' lang='lat' dir='ltr'>est</span> <span class='ocrx_word' id='word_1_548' title='bbox 2266 936 2358 960; x_wconf 87' lang='lat' dir='ltr'>Kantio</span> <span class='ocrx_word' id='word_1_549' title='bbox 2371 936 2442 968; x_wconf 91' lang='lat' dir='ltr'>quod</span> <span class='ocrx_word' id='word_1_550' title='bbox 2456 934 2531 960; x_wconf 84' lang='lat' dir='ltr'>fixam</span> 
     </span>
     <span class='ocr_line' id='line_1_62' title="bbox 1470 970 2532 1003; baseline 0 -8"><span class='ocrx_word' id='word_1_551' title='bbox 1470 976 1653 1003; x_wconf 89' lang='lat' dir='ltr'>acceptamque</span> <span class='ocrx_word' id='word_1_552' title='bbox 1667 971 1693 995; x_wconf 93' lang='lat' dir='ltr'>in</span> <span class='ocrx_word' id='word_1_553' title='bbox 1708 971 1804 995; x_wconf 89' lang='lat' dir='ltr'>scholis</span> <span class='ocrx_word' id='word_1_554' title='bbox 1817 970 2028 1000; x_wconf 65' lang='lat' dir='ltr'>significationem</span> <span class='ocrx_word' id='word_1_555' title='bbox 2047 971 2232 995; x_wconf 87' lang='lat' dir='ltr'>vocabulorum</span> <span class='ocrx_word' id='word_1_556' title='bbox 2246 978 2263 996; x_wconf 89' lang='grc' dir='ltr'><em>α</em></span> <span class='ocrx_word' id='word_1_557' title='bbox 2270 971 2360 1003; x_wconf 80' lang='lat' dir='ltr'>priori</span> <span class='ocrx_word' id='word_1_558' title='bbox 2378 976 2403 996; x_wconf 91' lang='lat' dir='ltr'>et</span> <span class='ocrx_word' id='word_1_559' title='bbox 2416 978 2433 996; x_wconf 83' lang='lat' dir='ltr'>a</span> <span class='ocrx_word' id='word_1_560' title='bbox 2442 974 2532 1002; x_wconf 82' lang='lat' dir='ltr'>poste-</span> 
     </span>
     <span class='ocr_line' id='line_1_63' title="bbox 1470 1005 2533 1038; baseline 0 -8"><span class='ocrx_word' id='word_1_561' title='bbox 1470 1006 1553 1034; x_wconf 83' lang='lat' dir='ltr'>riori,</span> <span class='ocrx_word' id='word_1_562' title='bbox 1579 1007 1611 1030; x_wconf 89' lang='lat' dir='ltr'>ad</span> <span class='ocrx_word' id='word_1_563' title='bbox 1630 1006 1742 1030; x_wconf 87' lang='lat' dir='ltr'>inaudita</span> <span class='ocrx_word' id='word_1_564' title='bbox 1766 1005 1932 1037; x_wconf 82' lang='lat' dir='ltr'>significanda</span> <span class='ocrx_word' id='word_1_565' title='bbox 1951 1006 2098 1031; x_wconf 85' lang='lat' dir='ltr'>detorserit:</span> <span class='ocrx_word' id='word_1_566' title='bbox 2118 1005 2170 1030; x_wconf 84' lang='lat' dir='ltr'>fieri</span> <span class='ocrx_word' id='word_1_567' title='bbox 2190 1007 2257 1031; x_wconf 86' lang='lat' dir='ltr'>enim</span> <span class='ocrx_word' id='word_1_568' title='bbox 2278 1006 2365 1038; x_wconf 84' lang='lat' dir='ltr'>nequit</span> <span class='ocrx_word' id='word_1_569' title='bbox 2383 1011 2411 1030; x_wconf 91' lang='lat' dir='ltr'>ut</span> <span class='ocrx_word' id='word_1_570' title='bbox 2429 1006 2533 1031; x_wconf 88' lang='lat' dir='ltr'>scientia</span> 
     </span>
     <span class='ocr_line' id='line_1_64' title="bbox 1471 1041 2534 1073; baseline 0 -8"><span class='ocrx_word' id='word_1_571' title='bbox 1471 1049 1523 1065; x_wconf 92' lang='lat' dir='ltr'>non</span> <span class='ocrx_word' id='word_1_572' title='bbox 1543 1041 1725 1065; x_wconf 87' lang='lat' dir='ltr'>detrimentum</span> <span class='ocrx_word' id='word_1_573' title='bbox 1745 1041 1826 1073; x_wconf 84' lang='lat' dir='ltr'>capiat</span> <span class='ocrx_word' id='word_1_574' title='bbox 1840 1048 1871 1065; x_wconf 83' lang='lat' dir='ltr'>ex</span> <span class='ocrx_word' id='word_1_575' title='bbox 1884 1041 2016 1065; x_wconf 89' lang='lat' dir='ltr'>vocabulis</span> <span class='ocrx_word' id='word_1_576' title='bbox 2029 1042 2183 1073; x_wconf 81' lang='lat' dir='ltr'>aequivocae</span> <span class='ocrx_word' id='word_1_577' title='bbox 2201 1041 2398 1073; x_wconf 76' lang='lat' dir='ltr'>significationis.</span> <span class='ocrx_word' id='word_1_578' title='bbox 2408 1054 2426 1060; x_wconf 88' lang='lat'>—-</span> <span class='ocrx_word' id='word_1_579' title='bbox 2435 1041 2534 1066; x_wconf 89' lang='lat' dir='ltr'>Deinde</span> 
     </span>
     <span class='ocr_line' id='line_1_65' title="bbox 1470 1076 2533 1109; baseline 0 -9"><span class='ocrx_word' id='word_1_580' title='bbox 1470 1084 1536 1108; x_wconf 88' lang='lat' dir='ltr'>quae</span> <span class='ocrx_word' id='word_1_581' title='bbox 1556 1077 1588 1100; x_wconf 89' lang='lat' dir='ltr'>de</span> <span class='ocrx_word' id='word_1_582' title='bbox 1606 1076 1767 1108; x_wconf 86' lang='lat' dir='ltr'>apriorismo</span> <span class='ocrx_word' id='word_1_583' title='bbox 1786 1076 1853 1100; x_wconf 89' lang='lat' dir='ltr'>Kant</span> <span class='ocrx_word' id='word_1_584' title='bbox 1871 1076 1975 1105; x_wconf 86' lang='lat' dir='ltr'>induxit,</span> <span class='ocrx_word' id='word_1_585' title='bbox 1996 1076 2158 1101; x_wconf 88' lang='lat' dir='ltr'>idealismum</span> <span class='ocrx_word' id='word_1_586' title='bbox 2175 1077 2337 1106; x_wconf 87' lang='lat' dir='ltr'>constituunt,</span> <span class='ocrx_word' id='word_1_587' title='bbox 2357 1082 2435 1109; x_wconf 85' lang='lat' dir='ltr'>atque</span> <span class='ocrx_word' id='word_1_588' title='bbox 2447 1076 2533 1108; x_wconf 85' lang='lat' dir='ltr'>cogni-</span> 
     </span>
     <span class='ocr_line' id='line_1_66' title="bbox 1470 1111 2534 1144; baseline 0.001 -9"><span class='ocrx_word' id='word_1_589' title='bbox 1470 1112 1571 1135; x_wconf 86' lang='lat' dir='ltr'>tionum</span> <span class='ocrx_word' id='word_1_590' title='bbox 1591 1116 1737 1136; x_wconf 88' lang='lat' dir='ltr'>nostrarum</span> <span class='ocrx_word' id='word_1_591' title='bbox 1756 1111 1955 1135; x_wconf 88' lang='lat' dir='ltr'>obiectivitatem</span> <span class='ocrx_word' id='word_1_592' title='bbox 1975 1116 2018 1136; x_wconf 89' lang='lat' dir='ltr'>aut</span> <span class='ocrx_word' id='word_1_593' title='bbox 2036 1112 2137 1144; x_wconf 86' lang='lat' dir='ltr'>penitus</span> <span class='ocrx_word' id='word_1_594' title='bbox 2157 1112 2298 1142; x_wconf 79' lang='lat' dir='ltr'>destruunt,</span> <span class='ocrx_word' id='word_1_595' title='bbox 2311 1117 2355 1136; x_wconf 90' lang='lat' dir='ltr'>aut</span> <span class='ocrx_word' id='word_1_596' title='bbox 2366 1112 2391 1136; x_wconf 89' lang='lat' dir='ltr'>in</span> <span class='ocrx_word' id='word_1_597' title='bbox 2405 1119 2482 1143; x_wconf 89' lang='lat' dir='ltr'>grave</span> <span class='ocrx_word' id='word_1_598' title='bbox 2497 1112 2534 1136; x_wconf 92' lang='lat' dir='ltr'>di-</span> 
     </span>
     <span class='ocr_line' id='line_1_67' title="bbox 1471 1146 2534 1180; baseline 0.001 -10"><span class='ocrx_word' id='word_1_599' title='bbox 1471 1146 1582 1170; x_wconf 90' lang='lat' dir='ltr'>scrimen</span> <span class='ocrx_word' id='word_1_600' title='bbox 1601 1147 1738 1171; x_wconf 88' lang='lat' dir='ltr'>adducunt.</span> <span class='ocrx_word' id='word_1_601' title='bbox 1757 1146 1858 1170; x_wconf 80' lang='lat' dir='ltr'>Etenim</span> <span class='ocrx_word' id='word_1_602' title='bbox 1878 1154 1943 1178; x_wconf 88' lang='lat' dir='ltr'>quae</span> <span class='ocrx_word' id='word_1_603' title='bbox 1961 1154 1979 1171; x_wconf 84' lang='lat' dir='ltr'>a</span> <span class='ocrx_word' id='word_1_604' title='bbox 1993 1147 2083 1178; x_wconf 79' lang='lat' dir='ltr'>priori</span> <span class='ocrx_word' id='word_1_605' title='bbox 2101 1147 2171 1179; x_wconf 88' lang='lat' dir='ltr'>ponit</span> <span class='ocrx_word' id='word_1_606' title='bbox 2189 1152 2284 1176; x_wconf 88' lang='lat' dir='ltr'>auctor,</span> <span class='ocrx_word' id='word_1_607' title='bbox 2305 1155 2356 1171; x_wconf 91' lang='lat' dir='ltr'>non</span> <span class='ocrx_word' id='word_1_608' title='bbox 2376 1147 2534 1180; x_wconf 87' lang='lat' dir='ltr'>prioritatem</span> 
     </span>
     <span class='ocr_line' id='line_1_68' title="bbox 1471 1181 2534 1214; baseline 0.001 -9"><span class='ocrx_word' id='word_1_609' title='bbox 1471 1181 1654 1213; x_wconf 86' lang='lat' dir='ltr'>principiorum</span> <span class='ocrx_word' id='word_1_610' title='bbox 1678 1185 1796 1213; x_wconf 89' lang='lat' dir='ltr'>respectu</span> <span class='ocrx_word' id='word_1_611' title='bbox 1819 1182 2026 1211; x_wconf 80' lang='lat' dir='ltr'>conclusionum,</span> <span class='ocrx_word' id='word_1_612' title='bbox 2046 1187 2089 1206; x_wconf 87' lang='lat' dir='ltr'>aut</span> <span class='ocrx_word' id='word_1_613' title='bbox 2107 1190 2242 1206; x_wconf 87' lang='lat' dir='ltr'>causarum</span> <span class='ocrx_word' id='word_1_614' title='bbox 2261 1188 2378 1214; x_wconf 89' lang='lat' dir='ltr'>respectu</span> <span class='ocrx_word' id='word_1_615' title='bbox 2397 1182 2534 1207; x_wconf 84' lang='lat' dir='ltr'>effectuum</span> 
     </span>
     <span class='ocr_line' id='line_1_69' title="bbox 1471 1216 2534 1249; baseline 0.002 -9"><span class='ocrx_word' id='word_1_616' title='bbox 1471 1216 1619 1248; x_wconf 88' lang='lat' dir='ltr'>respiciunt,</span> <span class='ocrx_word' id='word_1_617' title='bbox 1639 1217 1685 1240; x_wconf 90' lang='lat' dir='ltr'>sed</span> <span class='ocrx_word' id='word_1_618' title='bbox 1699 1224 1716 1240; x_wconf 83' lang='lat' dir='ltr'>a</span> <span class='ocrx_word' id='word_1_619' title='bbox 1724 1216 1814 1247; x_wconf 82' lang='lat' dir='ltr'>priori</span> <span class='ocrx_word' id='word_1_620' title='bbox 1832 1216 1900 1240; x_wconf 91' lang='lat' dir='ltr'>idem</span> <span class='ocrx_word' id='word_1_621' title='bbox 1914 1217 1949 1241; x_wconf 88' lang='lat' dir='ltr'>illi</span> <span class='ocrx_word' id='word_1_622' title='bbox 1964 1223 2003 1241; x_wconf 92' lang='lat' dir='ltr'>est</span> <span class='ocrx_word' id='word_1_623' title='bbox 2022 1225 2050 1241; x_wconf 90' lang='lat' dir='ltr'>ac</span> <span class='ocrx_word' id='word_1_624' title='bbox 2063 1224 2079 1241; x_wconf 86' lang='lat' dir='ltr'>a</span> <span class='ocrx_word' id='word_1_625' title='bbox 2094 1218 2204 1245; x_wconf 85' lang='lat' dir='ltr'>ratione,</span> <span class='ocrx_word' id='word_1_626' title='bbox 2219 1225 2265 1242; x_wconf 91' lang='lat' dir='ltr'>seu</span> <span class='ocrx_word' id='word_1_627' title='bbox 2281 1226 2294 1242; x_wconf 89' lang='lat' dir='ltr'>a</span> <span class='ocrx_word' id='word_1_628' title='bbox 2305 1218 2420 1242; x_wconf 89' lang='lat' dir='ltr'>subiecto</span> <span class='ocrx_word' id='word_1_629' title='bbox 2439 1225 2534 1249; x_wconf 83' lang='lat' dir='ltr'>cogno-</span> 
     </span>
     <span class='ocr_line' id='line_1_70' title="bbox 1472 1251 2535 1284; baseline 0.001 -9"><span class='ocrx_word' id='word_1_630' title='bbox 1472 1257 1574 1282; x_wconf 86' lang='lat' dir='ltr'>scente,</span> <span class='ocrx_word' id='word_1_631' title='bbox 1594 1256 1622 1275; x_wconf 91' lang='lat' dir='ltr'>ut</span> <span class='ocrx_word' id='word_1_632' title='bbox 1640 1251 1715 1275; x_wconf 87' lang='lat' dir='ltr'>tradit</span> <span class='ocrx_word' id='word_1_633' title='bbox 1734 1251 1948 1284; x_wconf 84' lang='lat' dir='ltr'>Trendelenburg</span> <span class='ocrx_word' id='word_1_634' title='bbox 1962 1252 1986 1276; x_wconf 93' lang='lat' dir='ltr'>in</span> <span class='ocrx_word' id='word_1_635' title='bbox 1999 1252 2085 1277; x_wconf 89' lang='lat' dir='ltr'>verbis</span> <span class='ocrx_word' id='word_1_636' title='bbox 2104 1253 2270 1284; x_wconf 85' lang='lat' dir='ltr'>transcriptis,</span> <span class='ocrx_word' id='word_1_637' title='bbox 2284 1258 2309 1277; x_wconf 91' lang='lat' dir='ltr'>et</span> <span class='ocrx_word' id='word_1_638' title='bbox 2323 1261 2352 1277; x_wconf 88' lang='lat' dir='ltr'>ex</span> <span class='ocrx_word' id='word_1_639' title='bbox 2366 1253 2436 1276; x_wconf 87' lang='lat' dir='ltr'>libris</span> <span class='ocrx_word' id='word_1_640' title='bbox 2451 1253 2535 1277; x_wconf 86' lang='lat' dir='ltr'>Kantii</span> 
     </span>
     <span class='ocr_line' id='line_1_71' title="bbox 1473 1287 2536 1320; baseline 0.001 -9"><span class='ocrx_word' id='word_1_641' title='bbox 1473 1291 1563 1311; x_wconf 89' lang='lat' dir='ltr'>notum</span> <span class='ocrx_word' id='word_1_642' title='bbox 1582 1287 1704 1311; x_wconf 91' lang='lat' dir='ltr'>omnibus</span> <span class='ocrx_word' id='word_1_643' title='bbox 1723 1291 1770 1311; x_wconf 84' lang='lat' dir='ltr'>est.</span> <span class='ocrx_word' id='word_1_644' title='bbox 1791 1287 1857 1317; x_wconf 89' lang='lat' dir='ltr'>Quia</span> <span class='ocrx_word' id='word_1_645' title='bbox 1874 1295 1936 1311; x_wconf 86' lang='lat' dir='ltr'>vero</span> <span class='ocrx_word' id='word_1_646' title='bbox 1955 1293 2041 1312; x_wconf 88' lang='lat' dir='ltr'>utrum</span> <span class='ocrx_word' id='word_1_647' title='bbox 2054 1288 2187 1312; x_wconf 84' lang='lat' dir='ltr'>elementis</span> <span class='ocrx_word' id='word_1_648' title='bbox 2201 1296 2214 1311; x_wconf 90' lang='lat' dir='ltr'>a</span> <span class='ocrx_word' id='word_1_649' title='bbox 2229 1288 2314 1320; x_wconf 89' lang='lat' dir='ltr'>priori,</span> <span class='ocrx_word' id='word_1_650' title='bbox 2329 1295 2395 1320; x_wconf 87' lang='lat' dir='ltr'>quae</span> <span class='ocrx_word' id='word_1_651' title='bbox 2407 1288 2438 1312; x_wconf 93' lang='lat' dir='ltr'>ab</span> <span class='ocrx_word' id='word_1_652' title='bbox 2451 1288 2536 1312; x_wconf 89' lang='lat' dir='ltr'>anima</span> 
     </span>
     <span class='ocr_line' id='line_1_72' title="bbox 1473 1321 2536 1355; baseline 0.001 -9"><span class='ocrx_word' id='word_1_653' title='bbox 1473 1322 1546 1354; x_wconf 91' lang='lat' dir='ltr'>quasi</span> <span class='ocrx_word' id='word_1_654' title='bbox 1560 1321 1658 1346; x_wconf 84' lang='lat' dir='ltr'>formae</span> <span class='ocrx_word' id='word_1_655' title='bbox 1671 1322 1845 1346; x_wconf 89' lang='lat' dir='ltr'>admiscentur</span> <span class='ocrx_word' id='word_1_656' title='bbox 1858 1322 1964 1347; x_wconf 85' lang='lat' dir='ltr'>obiectis</span> <span class='ocrx_word' id='word_1_657' title='bbox 1978 1323 2087 1355; x_wconf 84' lang='lat' dir='ltr'>acceptis</span> <span class='ocrx_word' id='word_1_658' title='bbox 2103 1331 2117 1347; x_wconf 89' lang='lat' dir='ltr'>a</span> <span class='ocrx_word' id='word_1_659' title='bbox 2131 1323 2258 1348; x_wconf 88' lang='lat' dir='ltr'>sensibus.</span> <span class='ocrx_word' id='word_1_660' title='bbox 2273 1324 2427 1355; x_wconf 86' lang='lat' dir='ltr'>respondeat</span> <span class='ocrx_word' id='word_1_661' title='bbox 2441 1323 2536 1355; x_wconf 83' lang='lat' dir='ltr'>aliquid</span> 
     </span>
     <span class='ocr_line' id='line_1_73' title="bbox 1473 1355 2537 1392; baseline 0.001 -11"><span class='ocrx_word' id='word_1_662' title='bbox 1473 1357 1628 1382; x_wconf 83' lang='lat' dir='ltr'>obiectivum</span> <span class='ocrx_word' id='word_1_663' title='bbox 1644 1355 1817 1392; x_wconf 87' lang='lat' dir='ltr'>(universale)</span> <span class='ocrx_word' id='word_1_664' title='bbox 1834 1362 1902 1382; x_wconf 87' lang='lat' dir='ltr'>extra</span> <span class='ocrx_word' id='word_1_665' title='bbox 1916 1358 2028 1382; x_wconf 90' lang='lat' dir='ltr'>animam</span> <span class='ocrx_word' id='word_1_666' title='bbox 2041 1363 2066 1382; x_wconf 88' lang='lat' dir='ltr'>et</span> <span class='ocrx_word' id='word_1_667' title='bbox 2079 1358 2110 1382; x_wconf 88' lang='lat' dir='ltr'>ab</span> <span class='ocrx_word' id='word_1_668' title='bbox 2126 1358 2209 1382; x_wconf 90' lang='lat' dir='ltr'>anima</span> <span class='ocrx_word' id='word_1_669' title='bbox 2224 1358 2406 1390; x_wconf 84' lang='lat' dir='ltr'>independens,</span> <span class='ocrx_word' id='word_1_670' title='bbox 2421 1366 2537 1390; x_wconf 88' lang='lat' dir='ltr'>prorsus,</span> 
     </span>
     <span class='ocr_line' id='line_1_74' title="bbox 1473 1392 2536 1425; baseline 0 -8"><span class='ocrx_word' id='word_1_671' title='bbox 1473 1393 1499 1417; x_wconf 94' lang='lat' dir='ltr'>in</span> <span class='ocrx_word' id='word_1_672' title='bbox 1518 1393 1643 1417; x_wconf 80' lang='lat' dir='ltr'>sententia</span> <span class='ocrx_word' id='word_1_673' title='bbox 1662 1393 1778 1417; x_wconf 88' lang='lat' dir='ltr'>eiusdem</span> <span class='ocrx_word' id='word_1_674' title='bbox 1802 1393 1924 1422; x_wconf 88' lang='lat' dir='ltr'>auctoris,</span> <span class='ocrx_word' id='word_1_675' title='bbox 1944 1393 2105 1425; x_wconf 80' lang='lat' dir='ltr'>ignoramus,</span> <span class='ocrx_word' id='word_1_676' title='bbox 2125 1394 2215 1418; x_wconf 90' lang='lat' dir='ltr'>saltem</span> <span class='ocrx_word' id='word_1_677' title='bbox 2235 1393 2259 1417; x_wconf 90' lang='lat' dir='ltr'>in</span> <span class='ocrx_word' id='word_1_678' title='bbox 2278 1394 2368 1417; x_wconf 87' lang='lat' dir='ltr'>ordine</span> <span class='ocrx_word' id='word_1_679' title='bbox 2387 1392 2536 1423; x_wconf 84' lang='lat' dir='ltr'>scientifico;</span> 
     </span>
     <span class='ocr_line' id='line_1_75' title="bbox 1474 1428 2537 1460; baseline 0.001 -8"><span class='ocrx_word' id='word_1_680' title='bbox 1474 1428 1591 1460; x_wconf 87' lang='lat' dir='ltr'>sequitur</span> <span class='ocrx_word' id='word_1_681' title='bbox 1614 1429 1685 1460; x_wconf 90' lang='lat' dir='ltr'>quod</span> <span class='ocrx_word' id='word_1_682' title='bbox 1709 1428 1885 1460; x_wconf 81' lang='lat' dir='ltr'>apriorismus</span> <span class='ocrx_word' id='word_1_683' title='bbox 1903 1428 2044 1453; x_wconf 80' lang='lat' dir='ltr'>Kantianus</span> <span class='ocrx_word' id='word_1_684' title='bbox 2069 1434 2110 1453; x_wconf 86' lang='lat' dir='ltr'>est</span> <span class='ocrx_word' id='word_1_685' title='bbox 2133 1436 2222 1453; x_wconf 82' lang='lat' dir='ltr'>revera</span> <span class='ocrx_word' id='word_1_686' title='bbox 2245 1429 2466 1457; x_wconf 77' lang='lat' dir='ltr'>subiectivismus;</span> <span class='ocrx_word' id='word_1_687' title='bbox 2491 1436 2537 1452; x_wconf 90' lang='lat' dir='ltr'>seu</span> 
     </span>
     <span class='ocr_line' id='line_1_76' title="bbox 1473 1463 2538 1496; baseline 0 -9"><span class='ocrx_word' id='word_1_688' title='bbox 1473 1463 1544 1496; x_wconf 90' lang='lat' dir='ltr'>quod</span> <span class='ocrx_word' id='word_1_689' title='bbox 1563 1463 1666 1487; x_wconf 89' lang='lat' dir='ltr'>scientia</span> <span class='ocrx_word' id='word_1_690' title='bbox 1686 1464 1719 1487; x_wconf 90' lang='lat' dir='ltr'>sit</span> <span class='ocrx_word' id='word_1_691' title='bbox 1738 1464 1769 1488; x_wconf 90' lang='lat' dir='ltr'>de</span> <span class='ocrx_word' id='word_1_692' title='bbox 1788 1464 1851 1488; x_wconf 89' lang='lat' dir='ltr'>ideis</span> <span class='ocrx_word' id='word_1_693' title='bbox 1871 1464 1980 1496; x_wconf 76' lang='lat' dir='ltr'>nostris,</span> <span class='ocrx_word' id='word_1_694' title='bbox 1995 1472 2048 1488; x_wconf 89' lang='lat' dir='ltr'>non</span> <span class='ocrx_word' id='word_1_695' title='bbox 2067 1464 2099 1489; x_wconf 90' lang='lat' dir='ltr'>de</span> <span class='ocrx_word' id='word_1_696' title='bbox 2112 1464 2205 1489; x_wconf 73' lang='lat' dir='ltr'>rebusz</span> <span class='ocrx_word' id='word_1_697' title='bbox 2225 1471 2284 1488; x_wconf 85' lang='lat' dir='ltr'>nam</span> <span class='ocrx_word' id='word_1_698' title='bbox 2300 1464 2437 1496; x_wconf 82' lang='lat' dir='ltr'>singularia</span> <span class='ocrx_word' id='word_1_699' title='bbox 2456 1463 2538 1487; x_wconf 88' lang='lat' dir='ltr'>sensi-</span> 
     </span>
     <span class='ocr_line' id='line_1_77' title="bbox 1473 1498 2539 1531; baseline 0.001 -9"><span class='ocrx_word' id='word_1_700' title='bbox 1473 1498 1533 1523; x_wconf 83' lang='lat' dir='ltr'>bilia</span> <span class='ocrx_word' id='word_1_701' title='bbox 1547 1507 1598 1522; x_wconf 92' lang='lat' dir='ltr'>non</span> <span class='ocrx_word' id='word_1_702' title='bbox 1614 1503 1674 1523; x_wconf 88' lang='lat' dir='ltr'>sunt</span> <span class='ocrx_word' id='word_1_703' title='bbox 1687 1499 1785 1523; x_wconf 86' lang='lat' dir='ltr'>obiecta</span> <span class='ocrx_word' id='word_1_704' title='bbox 1800 1499 1928 1529; x_wconf 87' lang='lat' dir='ltr'>scientiae,</span> <span class='ocrx_word' id='word_1_705' title='bbox 1940 1499 1986 1523; x_wconf 88' lang='lat' dir='ltr'>sed</span> <span class='ocrx_word' id='word_1_706' title='bbox 2001 1499 2168 1529; x_wconf 89' lang='lat' dir='ltr'>sensationis;</span> <span class='ocrx_word' id='word_1_707' title='bbox 2183 1504 2209 1523; x_wconf 93' lang='lat' dir='ltr'>et</span> <span class='ocrx_word' id='word_1_708' title='bbox 2222 1499 2384 1529; x_wconf 83' lang='lat' dir='ltr'>universalia,</span> <span class='ocrx_word' id='word_1_709' title='bbox 2399 1506 2466 1531; x_wconf 88' lang='lat' dir='ltr'>quae</span> <span class='ocrx_word' id='word_1_710' title='bbox 2479 1503 2539 1523; x_wconf 85' lang='lat' dir='ltr'>sunt</span> 
     </span>
     <span class='ocr_line' id='line_1_78' title="bbox 1473 1534 2538 1565; baseline 0 -7"><span class='ocrx_word' id='word_1_711' title='bbox 1473 1534 1573 1558; x_wconf 90' lang='lat' dir='ltr'>obiecta</span> <span class='ocrx_word' id='word_1_712' title='bbox 1592 1534 1713 1558; x_wconf 83' lang='lat' dir='ltr'>scientiae</span> <span class='ocrx_word' id='word_1_713' title='bbox 1732 1539 1843 1565; x_wconf 89' lang='lat' dir='ltr'>nostrae,</span> <span class='ocrx_word' id='word_1_714' title='bbox 1858 1542 1910 1558; x_wconf 89' lang='lat' dir='ltr'>non</span> <span class='ocrx_word' id='word_1_715' title='bbox 1924 1542 1984 1558; x_wconf 87' lang='lat' dir='ltr'>vera</span> <span class='ocrx_word' id='word_1_716' title='bbox 1999 1542 2044 1559; x_wconf 88' lang='lat' dir='ltr'>seu</span> <span class='ocrx_word' id='word_1_717' title='bbox 2058 1535 2135 1559; x_wconf 84' lang='lat' dir='ltr'>realia</span> <span class='ocrx_word' id='word_1_718' title='bbox 2153 1534 2251 1559; x_wconf 86' lang='lat' dir='ltr'>obiecta</span> <span class='ocrx_word' id='word_1_719' title='bbox 2265 1534 2363 1559; x_wconf 89' lang='lat' dir='ltr'>censeri</span> <span class='ocrx_word' id='word_1_720' title='bbox 2376 1534 2478 1564; x_wconf 88' lang='lat' dir='ltr'>debent,</span> <span class='ocrx_word' id='word_1_721' title='bbox 2492 1534 2538 1558; x_wconf 89' lang='lat' dir='ltr'>sed</span> 
     </span>
     <span class='ocr_line' id='line_1_79' title="bbox 1474 1569 2539 1602; baseline 0.001 -9"><span class='ocrx_word' id='word_1_722' title='bbox 1474 1569 1572 1594; x_wconf 86' lang='lat' dir='ltr'>formae</span> <span class='ocrx_word' id='word_1_723' title='bbox 1591 1569 1694 1600; x_wconf 90' lang='lat' dir='ltr'>ideales,</span> <span class='ocrx_word' id='word_1_724' title='bbox 1714 1569 1861 1594; x_wconf 85' lang='lat' dir='ltr'>affectiones</span> <span class='ocrx_word' id='word_1_725' title='bbox 1880 1577 1975 1602; x_wconf 89' lang='lat' dir='ltr'>nempe</span> <span class='ocrx_word' id='word_1_726' title='bbox 1990 1570 2089 1594; x_wconf 88' lang='lat' dir='ltr'>animae</span> <span class='ocrx_word' id='word_1_727' title='bbox 2105 1570 2371 1602; x_wconf 59' lang='lat' dir='ltr'>nostrae-Denique</span> <span class='ocrx_word' id='word_1_728' title='bbox 2390 1569 2539 1594; x_wconf 81' lang='lat' dir='ltr'>Scholastici</span> 
     </span>
     <span class='ocr_line' id='line_1_80' title="bbox 1473 1605 2538 1637; baseline 0 -9"><span class='ocrx_word' id='word_1_729' title='bbox 1473 1612 1521 1637; x_wconf 87' lang='lat' dir='ltr'>per</span> <span class='ocrx_word' id='word_1_730' title='bbox 1537 1605 1664 1629; x_wconf 89' lang='lat' dir='ltr'>vocabula</span> <span class='ocrx_word' id='word_1_731' title='bbox 1682 1612 1700 1629; x_wconf 85' lang='lat' dir='ltr'>a</span> <span class='ocrx_word' id='word_1_732' title='bbox 1713 1605 1803 1636; x_wconf 78' lang='lat' dir='ltr'>priori</span> <span class='ocrx_word' id='word_1_733' title='bbox 1821 1610 1847 1629; x_wconf 95' lang='lat' dir='ltr'>et</span> <span class='ocrx_word' id='word_1_734' title='bbox 1864 1612 1882 1629; x_wconf 82' lang='lat' dir='ltr'>a</span> <span class='ocrx_word' id='word_1_735' title='bbox 1895 1605 2041 1636; x_wconf 82' lang='lat' dir='ltr'>posteriori</span> <span class='ocrx_word' id='word_1_736' title='bbox 2064 1606 2192 1637; x_wconf 88' lang='lat' dir='ltr'>sapienter</span> <span class='ocrx_word' id='word_1_737' title='bbox 2210 1613 2225 1630; x_wconf 86' lang='lat' dir='ltr'>a</span> <span class='ocrx_word' id='word_1_738' title='bbox 2242 1605 2320 1630; x_wconf 88' lang='lat' dir='ltr'>rebus</span> <span class='ocrx_word' id='word_1_739' title='bbox 2340 1605 2403 1637; x_wconf 87' lang='lat' dir='ltr'>ipsis</span> <span class='ocrx_word' id='word_1_740' title='bbox 2422 1605 2538 1637; x_wconf 89' lang='lat' dir='ltr'>impone-</span> 
     </span>
     <span class='ocr_line' id='line_1_81' title="bbox 1474 1640 2538 1672; baseline 0 -8"><span class='ocrx_word' id='word_1_741' title='bbox 1474 1640 1543 1670; x_wconf 85' lang='lat' dir='ltr'>bant,</span> <span class='ocrx_word' id='word_1_742' title='bbox 1563 1647 1591 1664; x_wconf 87' lang='lat' dir='ltr'>ac</span> <span class='ocrx_word' id='word_1_743' title='bbox 1610 1647 1656 1672; x_wconf 90' lang='lat' dir='ltr'>per</span> <span class='ocrx_word' id='word_1_744' title='bbox 1675 1647 1704 1664; x_wconf 85' lang='lat' dir='ltr'>ea</span> <span class='ocrx_word' id='word_1_745' title='bbox 1724 1640 1892 1671; x_wconf 86' lang='lat' dir='ltr'>designabant</span> <span class='ocrx_word' id='word_1_746' title='bbox 1910 1641 2027 1665; x_wconf 89' lang='lat' dir='ltr'>ordinem</span> <span class='ocrx_word' id='word_1_747' title='bbox 2046 1641 2150 1666; x_wconf 80' lang='lat' dir='ltr'>essendi</span> <span class='ocrx_word' id='word_1_748' title='bbox 2167 1647 2254 1665; x_wconf 90' lang='lat' dir='ltr'>rerum</span> <span class='ocrx_word' id='word_1_749' title='bbox 2268 1645 2294 1665; x_wconf 92' lang='lat' dir='ltr'>et</span> <span class='ocrx_word' id='word_1_750' title='bbox 2305 1640 2422 1665; x_wconf 88' lang='lat' dir='ltr'>ordinem</span> <span class='ocrx_word' id='word_1_751' title='bbox 2440 1647 2538 1672; x_wconf 84' lang='lat' dir='ltr'>cogno-</span> 
     </span>
     <span class='ocr_line' id='line_1_82' title="bbox 1474 1675 2539 1708; baseline -0.001 -8"><span class='ocrx_word' id='word_1_752' title='bbox 1474 1675 1565 1700; x_wconf 86' lang='lat' dir='ltr'>scendi</span> <span class='ocrx_word' id='word_1_753' title='bbox 1567 1682 1576 1704; x_wconf 90' lang='lat'>,·</span> <span class='ocrx_word' id='word_1_754' title='bbox 1597 1675 1630 1699; x_wconf 90' lang='lat' dir='ltr'>ita</span> <span class='ocrx_word' id='word_1_755' title='bbox 1644 1679 1672 1699; x_wconf 91' lang='lat' dir='ltr'>ut</span> <span class='ocrx_word' id='word_1_756' title='bbox 1686 1683 1838 1708; x_wconf 85' lang='lat' dir='ltr'>processum</span> <span class='ocrx_word' id='word_1_757' title='bbox 1858 1684 1872 1700; x_wconf 89' lang='lat' dir='ltr'>a</span> <span class='ocrx_word' id='word_1_758' title='bbox 1891 1675 1974 1699; x_wconf 87' lang='lat' dir='ltr'>causis</span> <span class='ocrx_word' id='word_1_759' title='bbox 1994 1675 2048 1700; x_wconf 85' lang='lat' dir='ltr'>sive</span> <span class='ocrx_word' id='word_1_760' title='bbox 2061 1676 2183 1708; x_wconf 88' lang='lat' dir='ltr'>proximis</span> <span class='ocrx_word' id='word_1_761' title='bbox 2199 1677 2253 1700; x_wconf 89' lang='lat' dir='ltr'>sive</span> <span class='ocrx_word' id='word_1_762' title='bbox 2267 1675 2373 1700; x_wconf 89' lang='lat' dir='ltr'>remotis</span> <span class='ocrx_word' id='word_1_763' title='bbox 2393 1675 2510 1700; x_wconf 87' lang='lat' dir='ltr'>dicebant</span> <span class='ocrx_word' id='word_1_764' title='bbox 2522 1682 2539 1699; x_wconf 91' lang='lat' dir='ltr'>a</span> 
     </span>
     <span class='ocr_line' id='line_1_83' title="bbox 1469 1709 2538 1744; baseline 0 -10"><span class='ocrx_word' id='word_1_765' title='bbox 1469 1710 1567 1742; x_wconf 86' lang='lat' dir='ltr'>priori,</span> <span class='ocrx_word' id='word_1_766' title='bbox 1587 1709 1648 1742; x_wconf 89' lang='lat' dir='ltr'>quia</span> <span class='ocrx_word' id='word_1_767' title='bbox 1668 1718 1745 1735; x_wconf 90' lang='lat' dir='ltr'>causa</span> <span class='ocrx_word' id='word_1_768' title='bbox 1764 1711 1834 1742; x_wconf 92' lang='lat' dir='ltr'>prior</span> <span class='ocrx_word' id='word_1_769' title='bbox 1855 1715 1894 1735; x_wconf 89' lang='lat' dir='ltr'>est</span> <span class='ocrx_word' id='word_1_770' title='bbox 1912 1710 2012 1741; x_wconf 84' lang='lat' dir='ltr'>effectu,</span> <span class='ocrx_word' id='word_1_771' title='bbox 2027 1716 2052 1735; x_wconf 92' lang='lat' dir='ltr'>et</span> <span class='ocrx_word' id='word_1_772' title='bbox 2065 1711 2217 1744; x_wconf 90' lang='lat' dir='ltr'>principium</span> <span class='ocrx_word' id='word_1_773' title='bbox 2233 1715 2273 1735; x_wconf 89' lang='lat' dir='ltr'>est</span> <span class='ocrx_word' id='word_1_774' title='bbox 2285 1711 2356 1743; x_wconf 89' lang='lat' dir='ltr'>prius</span> <span class='ocrx_word' id='word_1_775' title='bbox 2375 1710 2538 1743; x_wconf 85' lang='lat' dir='ltr'>principiato;</span> 
     </span>
     <span class='ocr_line' id='line_1_84' title="bbox 1474 1745 2539 1779; baseline 0 -10"><span class='ocrx_word' id='word_1_776' title='bbox 1474 1753 1628 1778; x_wconf 86' lang='lat' dir='ltr'>processum</span> <span class='ocrx_word' id='word_1_777' title='bbox 1646 1753 1709 1770; x_wconf 88' lang='lat' dir='ltr'>vero</span> <span class='ocrx_word' id='word_1_778' title='bbox 1734 1746 1766 1770; x_wconf 89' lang='lat' dir='ltr'>ab</span> <span class='ocrx_word' id='word_1_779' title='bbox 1785 1746 1916 1770; x_wconf 81' lang='lat' dir='ltr'>effectibus</span> <span class='ocrx_word' id='word_1_780' title='bbox 1939 1746 1971 1770; x_wconf 87' lang='lat' dir='ltr'>ad</span> <span class='ocrx_word' id='word_1_781' title='bbox 1997 1754 2115 1776; x_wconf 89' lang='lat' dir='ltr'>causam,</span> <span class='ocrx_word' id='word_1_782' title='bbox 2135 1754 2149 1771; x_wconf 85' lang='lat' dir='ltr'>a</span> <span class='ocrx_word' id='word_1_783' title='bbox 2168 1746 2324 1779; x_wconf 89' lang='lat' dir='ltr'>principiatis</span> <span class='ocrx_word' id='word_1_784' title='bbox 2344 1747 2375 1770; x_wconf 84' lang='lat' dir='ltr'>ad</span> <span class='ocrx_word' id='word_1_785' title='bbox 2399 1745 2539 1778; x_wconf 89' lang='lat' dir='ltr'>principia,</span> 
     </span>
     <span class='ocr_line' id='line_1_85' title="bbox 1474 1781 2540 1814; baseline -0.001 -9"><span class='ocrx_word' id='word_1_786' title='bbox 1474 1788 1570 1812; x_wconf 90' lang='lat' dir='ltr'>nempe</span> <span class='ocrx_word' id='word_1_787' title='bbox 1582 1789 1597 1804; x_wconf 88' lang='lat' dir='ltr'>a</span> <span class='ocrx_word' id='word_1_788' title='bbox 1610 1781 1796 1813; x_wconf 81' lang='lat' dir='ltr'>posterior-itate</span> <span class='ocrx_word' id='word_1_789' title='bbox 1815 1781 1929 1813; x_wconf 86' lang='lat' dir='ltr'>ipsarum</span> <span class='ocrx_word' id='word_1_790' title='bbox 1949 1789 2044 1812; x_wconf 88' lang='lat' dir='ltr'>rerum,</span> <span class='ocrx_word' id='word_1_791' title='bbox 2057 1789 2074 1806; x_wconf 88' lang='lat' dir='ltr'>a</span> <span class='ocrx_word' id='word_1_792' title='bbox 2084 1782 2229 1814; x_wconf 84' lang='lat' dir='ltr'>posteriori</span> <span class='ocrx_word' id='word_1_793' title='bbox 2241 1782 2411 1814; x_wconf 86' lang='lat' dir='ltr'>appellabant.</span> <span class='ocrx_word' id='word_1_794' title='bbox 2426 1782 2460 1805; x_wconf 85' lang='lat' dir='ltr'>At</span> <span class='ocrx_word' id='word_1_795' title='bbox 2472 1781 2540 1805; x_wconf 87' lang='lat' dir='ltr'>Kant</span> 
     </span>
     <span class='ocr_line' id='line_1_86' title="bbox 1475 1816 2539 1849; baseline 0 -9"><span class='ocrx_word' id='word_1_796' title='bbox 1475 1816 1619 1840; x_wconf 90' lang='lat' dir='ltr'>subiectum</span> <span class='ocrx_word' id='word_1_797' title='bbox 1639 1816 1754 1847; x_wconf 78' lang='lat' dir='ltr'>cogitans</span> <span class='ocrx_word' id='word_1_798' title='bbox 1773 1816 1851 1841; x_wconf 90' lang='lat' dir='ltr'>veluti</span> <span class='ocrx_word' id='word_1_799' title='bbox 1870 1816 2024 1849; x_wconf 83' lang='lat' dir='ltr'>principium</span> <span class='ocrx_word' id='word_1_800' title='bbox 2043 1818 2189 1847; x_wconf 88' lang='lat' dir='ltr'>constituit,</span> <span class='ocrx_word' id='word_1_801' title='bbox 2209 1822 2234 1842; x_wconf 88' lang='lat' dir='ltr'>et</span> <span class='ocrx_word' id='word_1_802' title='bbox 2252 1818 2282 1841; x_wconf 87' lang='lat' dir='ltr'>ab</span> <span class='ocrx_word' id='word_1_803' title='bbox 2302 1825 2334 1842; x_wconf 90' lang='lat' dir='ltr'>eo</span> <span class='ocrx_word' id='word_1_804' title='bbox 2353 1816 2539 1841; x_wconf 90' lang='lat' dir='ltr'>denominatio-</span> 
     </span>
     <span class='ocr_line' id='line_1_87' title="bbox 1475 1851 2540 1884; baseline 0 -9"><span class='ocrx_word' id='word_1_805' title='bbox 1475 1859 1535 1876; x_wconf 91' lang='lat' dir='ltr'>nem</span> <span class='ocrx_word' id='word_1_806' title='bbox 1554 1858 1571 1875; x_wconf 86' lang='lat' dir='ltr'>a</span> <span class='ocrx_word' id='word_1_807' title='bbox 1586 1851 1676 1883; x_wconf 82' lang='lat' dir='ltr'>priori</span> <span class='ocrx_word' id='word_1_808' title='bbox 1694 1851 1812 1884; x_wconf 86' lang='lat' dir='ltr'>imponit,</span> <span class='ocrx_word' id='word_1_809' title='bbox 1825 1851 1899 1884; x_wconf 91' lang='lat' dir='ltr'>quasi</span> <span class='ocrx_word' id='word_1_810' title='bbox 1915 1859 2008 1884; x_wconf 87' lang='lat' dir='ltr'>nempe</span> <span class='ocrx_word' id='word_1_811' title='bbox 2022 1853 2086 1876; x_wconf 92' lang='lat' dir='ltr'>ordo</span> <span class='ocrx_word' id='word_1_812' title='bbox 2101 1861 2186 1877; x_wconf 91' lang='lat' dir='ltr'>rerum</span> <span class='ocrx_word' id='word_1_813' title='bbox 2200 1853 2326 1882; x_wconf 81' lang='lat' dir='ltr'>omnium,</span> <span class='ocrx_word' id='word_1_814' title='bbox 2346 1860 2412 1884; x_wconf 90' lang='lat' dir='ltr'>quae</span> <span class='ocrx_word' id='word_1_815' title='bbox 2430 1860 2444 1876; x_wconf 87' lang='lat' dir='ltr'>a</span> <span class='ocrx_word' id='word_1_816' title='bbox 2463 1851 2540 1875; x_wconf 91' lang='lat' dir='ltr'>nobis</span> 
     </span>
     <span class='ocr_line' id='line_1_88' title="bbox 1475 1887 2540 1920; baseline 0.001 -10"><span class='ocrx_word' id='word_1_817' title='bbox 1475 1891 1679 1918; x_wconf 86' lang='lat' dir='ltr'>cognoscuntur,</span> <span class='ocrx_word' id='word_1_818' title='bbox 1699 1895 1714 1911; x_wconf 87' lang='lat' dir='ltr'>a</span> <span class='ocrx_word' id='word_1_819' title='bbox 1731 1887 1808 1911; x_wconf 89' lang='lat' dir='ltr'>nobis</span> <span class='ocrx_word' id='word_1_820' title='bbox 1821 1887 1898 1911; x_wconf 86' lang='lat' dir='ltr'>veluti</span> <span class='ocrx_word' id='word_1_821' title='bbox 1912 1895 1926 1911; x_wconf 91' lang='lat' dir='ltr'>a</span> <span class='ocrx_word' id='word_1_822' title='bbox 1941 1895 2017 1912; x_wconf 90' lang='lat' dir='ltr'>causa</span> <span class='ocrx_word' id='word_1_823' title='bbox 2033 1888 2115 1920; x_wconf 88' lang='lat' dir='ltr'>prima</span> <span class='ocrx_word' id='word_1_824' title='bbox 2130 1888 2184 1913; x_wconf 90' lang='lat' dir='ltr'>sive</span> <span class='ocrx_word' id='word_1_825' title='bbox 2198 1887 2344 1912; x_wconf 87' lang='lat' dir='ltr'>immediate</span> <span class='ocrx_word' id='word_1_826' title='bbox 2357 1887 2412 1912; x_wconf 88' lang='lat' dir='ltr'>sive</span> <span class='ocrx_word' id='word_1_827' title='bbox 2430 1887 2540 1911; x_wconf 88' lang='lat' dir='ltr'>mediate</span> 
     </span>
     <span class='ocr_line' id='line_1_89' title="bbox 1475 1922 1698 1954; baseline 0 -8"><span class='ocrx_word' id='word_1_828' title='bbox 1475 1922 1645 1954; x_wconf 84' lang='lat' dir='ltr'>dependeant.</span> <span class='ocrx_word' id='word_1_829' title='bbox 1696 1943 1698 1946; x_wconf 91' lang='lat'>.</span> 
     </span>
    </p>

    <p class='ocr_par' dir='ltr' id='par_1_20' title="bbox 1471 1956 2540 2201">
     <span class='ocr_line' id='line_1_90' title="bbox 1528 1956 2538 1990; baseline 0.001 -9"><span class='ocrx_word' id='word_1_830' title='bbox 1528 1956 1568 1990; x_wconf 82' lang='grc' dir='ltr'>ζζ)</span> <span class='ocrx_word' id='word_1_831' title='bbox 1589 1957 1687 1982; x_wconf 83' lang='lat' dir='ltr'>Subdit</span> <span class='ocrx_word' id='word_1_832' title='bbox 1705 1957 1776 1990; x_wconf 80' lang='lat' dir='ltr'>quod</span> <span class='ocrx_word' id='word_1_833' title='bbox 1794 1962 1841 1982; x_wconf 89' lang='lat' dir='ltr'>etc.</span> <span class='ocrx_word' id='word_1_834' title='bbox 1853 1972 1872 1976; x_wconf 93' lang='lat'><em>-</em></span> <span class='ocrx_word' id='word_1_835' title='bbox 1889 1958 1925 1982; x_wconf 80' lang='lat' dir='ltr'>A:</span> <span class='ocrx_word' id='word_1_836' title='bbox 1946 1958 2137 1984; x_wconf 76' lang='lat' dir='ltr'>demonstratio</span> <span class='ocrx_word' id='word_1_837' title='bbox 2160 1962 2227 1984; x_wconf 85' lang='lat' dir='ltr'>esset</span> <span class='ocrx_word' id='word_1_838' title='bbox 2249 1965 2286 1983; x_wconf 80' lang='lat' dir='ltr'>ex</span> <span class='ocrx_word' id='word_1_839' title='bbox 2299 1958 2419 1990; x_wconf 82' lang='lat' dir='ltr'>propriis</span> <span class='ocrx_word' id='word_1_840' title='bbox 2436 1957 2538 1990; x_wconf 85' lang='lat' dir='ltr'>princi-</span> 
     </span>
     <span class='ocr_line' id='line_1_91' title="bbox 1471 1992 2540 2026; baseline 0 -9"><span class='ocrx_word' id='word_1_841' title='bbox 1471 1992 1535 2025; x_wconf 87' lang='lat' dir='ltr'>piis,</span> <span class='ocrx_word' id='word_1_842' title='bbox 1554 1996 1743 2024; x_wconf 82' lang='lat' dir='ltr'>consequenter</span> <span class='ocrx_word' id='word_1_843' title='bbox 1760 1992 1850 2018; x_wconf 82' lang='lat' dir='ltr'>subdit</span> <span class='ocrx_word' id='word_1_844' title='bbox 1865 1993 1936 2025; x_wconf 83' lang='lat' dir='ltr'>quod</span> <span class='ocrx_word' id='word_1_845' title='bbox 1953 1993 2087 2026; x_wconf 77' lang='lat' dir='ltr'>significat</span> <span class='ocrx_word' id='word_1_846' title='bbox 2100 2001 2153 2026; x_wconf 88' lang='lat' dir='ltr'>per</span> <span class='ocrx_word' id='word_1_847' title='bbox 2170 1994 2219 2019; x_wconf 87' lang='lat' dir='ltr'>hoc</span> <span class='ocrx_word' id='word_1_848' title='bbox 2237 1993 2308 2026; x_wconf 81' lang='lat' dir='ltr'>quod</span> <span class='ocrx_word' id='word_1_849' title='bbox 2326 1993 2368 2018; x_wconf 85' lang='lat' dir='ltr'>hic</span> <span class='ocrx_word' id='word_1_850' title='bbox 2387 1993 2485 2018; x_wconf 84' lang='lat' dir='ltr'>dicitur</span> <span class='ocrx_word' id='word_1_851' title='bbox 2502 2000 2540 2017; x_wconf 85' lang='lat' dir='ltr'>ex</span> 
     </span>
     <span class='ocr_line' id='line_1_92' title="bbox 1471 2026 2539 2061; baseline 0 -9"><span class='ocrx_word' id='word_1_852' title='bbox 1471 2027 1644 2060; x_wconf 53' lang='lat' dir='ltr'>praemissis</span> <span class='ocrx_word' id='word_1_853' title='bbox 1662 2032 1687 2052; x_wconf 91' lang='lat' dir='ltr'>et</span> <span class='ocrx_word' id='word_1_854' title='bbox 1706 2028 1740 2052; x_wconf 88' lang='lat' dir='ltr'>ita</span> <span class='ocrx_word' id='word_1_855' title='bbox 1758 2029 1791 2058; x_wconf 90' lang='lat' dir='ltr'>B,</span> <span class='ocrx_word' id='word_1_856' title='bbox 1811 2028 1859 2052; x_wconf 89' lang='lat' dir='ltr'>nisi</span> <span class='ocrx_word' id='word_1_857' title='bbox 1878 2029 1948 2060; x_wconf 86' lang='lat' dir='ltr'>quod</span> <span class='ocrx_word' id='word_1_858' title='bbox 1968 2029 2028 2060; x_wconf 88' lang='lat' dir='ltr'>legit</span> <span class='ocrx_word' id='word_1_859' title='bbox 2052 2037 2104 2053; x_wconf 91' lang='lat' dir='ltr'>non</span> <span class='ocrx_word' id='word_1_860' title='bbox 2122 2036 2160 2054; x_wconf 77' lang='lat' dir='ltr'>ex</span> <span class='ocrx_word' id='word_1_861' title='bbox 2177 2029 2346 2061; x_wconf 84' lang='lat' dir='ltr'>praemissis,</span> <span class='ocrx_word' id='word_1_862' title='bbox 2365 2029 2411 2053; x_wconf 93' lang='lat' dir='ltr'>sed</span> <span class='ocrx_word' id='word_1_863' title='bbox 2430 2036 2467 2053; x_wconf 83' lang='lat' dir='ltr'>ex</span> <span class='ocrx_word' id='word_1_864' title='bbox 2479 2026 2539 2060; x_wconf 88' lang='lat' dir='ltr'>pri-</span> 
     </span>
     <span class='ocr_line' id='line_1_93' title="bbox 1477 2063 2540 2097; baseline 0.001 -10"><span class='ocrx_word' id='word_1_865' title='bbox 1477 2063 1534 2087; x_wconf 89' lang='lat' dir='ltr'>mis.</span> <span class='ocrx_word' id='word_1_866' title='bbox 1543 2076 1562 2081; x_wconf 89' lang='lat'>—</span> <span class='ocrx_word' id='word_1_867' title='bbox 1571 2063 1607 2087; x_wconf 90' lang='lat' dir='ltr'>G:</span> <span class='ocrx_word' id='word_1_868' title='bbox 1621 2063 1711 2088; x_wconf 78' lang='lat' dir='ltr'>subdit</span> <span class='ocrx_word' id='word_1_869' title='bbox 1723 2063 1788 2096; x_wconf 85' lang='lat' dir='ltr'>quid</span> <span class='ocrx_word' id='word_1_870' title='bbox 1800 2063 1968 2096; x_wconf 74' lang='lat' dir='ltr'>significatur·</span> <span class='ocrx_word' id='word_1_871' title='bbox 1975 2071 2027 2096; x_wconf 88' lang='lat' dir='ltr'>per</span> <span class='ocrx_word' id='word_1_872' title='bbox 2040 2064 2089 2089; x_wconf 88' lang='lat' dir='ltr'>hoc</span> <span class='ocrx_word' id='word_1_873' title='bbox 2101 2065 2172 2097; x_wconf 83' lang='lat' dir='ltr'>quod</span> <span class='ocrx_word' id='word_1_874' title='bbox 2181 2064 2293 2089; x_wconf 85' lang='lat' dir='ltr'>habetur</span> <span class='ocrx_word' id='word_1_875' title='bbox 2305 2071 2342 2088; x_wconf 85' lang='lat' dir='ltr'>ex</span> <span class='ocrx_word' id='word_1_876' title='bbox 2349 2063 2513 2096; x_wconf 81' lang='lat' dir='ltr'>praemissis.</span> <span class='ocrx_word' id='word_1_877' title='bbox 2521 2077 2540 2082; x_wconf 84' lang='lat'>—</span> 
     </span>
     <span class='ocr_line' id='line_1_94' title="bbox 1477 2098 2540 2131; baseline 0 -8"><span class='ocrx_word' id='word_1_878' title='bbox 1477 2098 1500 2123; x_wconf 91' lang='lat'>1:</span> <span class='ocrx_word' id='word_1_879' title='bbox 1520 2098 1610 2123; x_wconf 81' lang='lat' dir='ltr'>subdit</span> <span class='ocrx_word' id='word_1_880' title='bbox 1627 2098 1691 2130; x_wconf 82' lang='lat' dir='ltr'>quia</span> <span class='ocrx_word' id='word_1_881' title='bbox 1709 2099 1758 2124; x_wconf 85' lang='lat' dir='ltr'>hoc</span> <span class='ocrx_word' id='word_1_882' title='bbox 1776 2098 1888 2123; x_wconf 81' lang='lat' dir='ltr'>habetur</span> <span class='ocrx_word' id='word_1_883' title='bbox 1906 2100 2028 2124; x_wconf 83' lang='lat' dir='ltr'>etc.·-O:</span> <span class='ocrx_word' id='word_1_884' title='bbox 2048 2100 2239 2125; x_wconf 85' lang='lat' dir='ltr'>demonstratio</span> <span class='ocrx_word' id='word_1_885' title='bbox 2253 2102 2320 2124; x_wconf 83' lang='lat' dir='ltr'>esset</span> <span class='ocrx_word' id='word_1_886' title='bbox 2332 2106 2371 2124; x_wconf 81' lang='lat' dir='ltr'>ex</span> <span class='ocrx_word' id='word_1_887' title='bbox 2383 2098 2540 2131; x_wconf 84' lang='lat' dir='ltr'>principiis,</span> 
     </span>
     <span class='ocr_line' id='line_1_95' title="bbox 1477 2134 2540 2166; baseline 0 -8"><span class='ocrx_word' id='word_1_888' title='bbox 1477 2137 1666 2166; x_wconf 80' lang='lat' dir='ltr'>consequenter</span> <span class='ocrx_word' id='word_1_889' title='bbox 1682 2134 1772 2159; x_wconf 82' lang='lat' dir='ltr'>subdit</span> <span class='ocrx_word' id='word_1_890' title='bbox 1789 2141 1827 2159; x_wconf 88' lang='lat' dir='ltr'>ex·</span> <span class='ocrx_word' id='word_1_891' title='bbox 1840 2135 2005 2166; x_wconf 85' lang='lat' dir='ltr'>praemissis.</span> <span class='ocrx_word' id='word_1_892' title='bbox 2024 2135 2112 2159; x_wconf 86' lang='lat' dir='ltr'>Lectio</span> <span class='ocrx_word' id='word_1_893' title='bbox 2125 2136 2257 2160; x_wconf 86' lang='lat' dir='ltr'>mendosa.</span> <span class='ocrx_word' id='word_1_894' title='bbox 2267 2149 2286 2154; x_wconf 91' lang='lat'>—</span> <span class='ocrx_word' id='word_1_895' title='bbox 2295 2135 2354 2165; x_wconf 81' lang='lat' dir='ltr'>PQ:</span> <span class='ocrx_word' id='word_1_896' title='bbox 2368 2134 2457 2159; x_wconf 83' lang='lat' dir='ltr'>subdit</span> <span class='ocrx_word' id='word_1_897' title='bbox 2470 2134 2540 2166; x_wconf 84' lang='lat' dir='ltr'>quod</span> 
     </span>
     <span class='ocr_line' id='line_1_96' title="bbox 1477 2169 2540 2201; baseline 0 -8"><span class='ocrx_word' id='word_1_898' title='bbox 1477 2169 1604 2198; x_wconf 58' lang='lat' dir='ltr'>hautun</span> <span class='ocrx_word' id='word_1_899' title='bbox 1625 2170 1684 2199; x_wconf 84' lang='lat' dir='ltr'>sed,</span> <span class='ocrx_word' id='word_1_900' title='bbox 1707 2170 1780 2201; x_wconf 80' lang='lat' dir='ltr'>quod</span> <span class='ocrx_word' id='word_1_901' title='bbox 1792 2169 1842 2194; x_wconf 86' lang='lat' dir='ltr'>hoc</span> <span class='ocrx_word' id='word_1_902' title='bbox 1854 2170 1978 2198; x_wconf 85' lang='lat' dir='ltr'>habetur,</span> <span class='ocrx_word' id='word_1_903' title='bbox 1992 2170 2150 2195; x_wconf 87' lang='lat' dir='ltr'>restituimus</span> <span class='ocrx_word' id='word_1_904' title='bbox 2174 2178 2204 2195; x_wconf 87' lang='lat' dir='ltr'>ex</span> <span class='ocrx_word' id='word_1_905' title='bbox 2223 2171 2297 2195; x_wconf 87' lang='lat' dir='ltr'>codd.</span> <span class='ocrx_word' id='word_1_906' title='bbox 2313 2169 2540 2194; x_wconf 82' lang='lat' dir='ltr'>DElKLMNRST.</span> 
     </span>
    </p>
   </div>
   <div class='ocr_carea' id='block_1_18' title="bbox 1476 2204 2541 2264">
    <p class='ocr_par' dir='ltr' id='par_1_21' title="bbox 1476 2204 2541 2264">
     <span class='ocr_line' id='line_1_97' title="bbox 1477 2204 2541 2238; baseline -0.001 -9"><span class='ocrx_word' id='word_1_907' title='bbox 1477 2205 1506 2229; x_wconf 90' lang='lat' dir='ltr'>In</span> <span class='ocrx_word' id='word_1_908' title='bbox 1525 2204 1631 2229; x_wconf 83' lang='lat' dir='ltr'>caeteris</span> <span class='ocrx_word' id='word_1_909' title='bbox 1651 2204 1756 2229; x_wconf 84' lang='lat' dir='ltr'>Pianam</span> <span class='ocrx_word' id='word_1_910' title='bbox 1775 2205 1912 2230; x_wconf 87' lang='lat' dir='ltr'>lectionem</span> <span class='ocrx_word' id='word_1_911' title='bbox 1927 2205 2080 2236; x_wconf 84' lang='lat' dir='ltr'>retinemus,</span> <span class='ocrx_word' id='word_1_912' title='bbox 2100 2214 2166 2238; x_wconf 83' lang='lat' dir='ltr'>quae</span> <span class='ocrx_word' id='word_1_913' title='bbox 2185 2213 2233 2238; x_wconf 88' lang='lat' dir='ltr'>pro</span> <span class='ocrx_word' id='word_1_914' title='bbox 2254 2213 2283 2230; x_wconf 90' lang='lat' dir='ltr'>se</span> <span class='ocrx_word' id='word_1_915' title='bbox 2306 2205 2382 2230; x_wconf 88' lang='lat' dir='ltr'>habet</span> <span class='ocrx_word' id='word_1_916' title='bbox 2405 2204 2541 2230; x_wconf 87' lang='lat' dir='ltr'>auctoritas</span> 
     </span>
     <span class='ocr_line' id='line_1_98' title="bbox 1476 2241 1549 2264; baseline 0 0"><span class='ocrx_word' id='word_1_917' title='bbox 1476 2241 1549 2264; x_wconf 91' lang='lat' dir='ltr'>codd.</span> 
     </span>
    </p>
   </div>
   <div class='ocr_carea' id='block_1_19' title="bbox 1112 2713 1789 3049">
    <p class='ocr_par' dir='ltr' id='par_1_22' title="bbox 1112 2713 1789 3049">
     <span class='ocr_line' id='line_1_99' title="bbox 1112 2713 1789 3049; baseline 0 1155"><span class='ocrx_word' id='word_1_918' title='bbox 1112 2713 1789 3049; x_wconf 95' lang='lat' dir='ltr'> </span> 
     </span>
    </p>
   </div>
   <div class='ocr_carea' id='block_1_20' title="bbox 2539 658 2771 818">
    <p class='ocr_par' dir='ltr' id='par_1_23' title="bbox 2539 658 2771 712">
     <span class='ocr_line' id='line_1_100' title="bbox 2539 658 2771 696; baseline -0.004 -10"><span class='ocrx_word' id='word_1_919' title='bbox 2539 658 2545 683; x_wconf 76' lang='lat' dir='ltr'>l</span> <span class='ocrx_word' id='word_1_920' title='bbox 2557 666 2566 677; x_wconf 88' lang='grc'><em>“</em></span> <span class='ocrx_word' id='word_1_921' title='bbox 2580 671 2608 696; x_wconf 72' lang='lat'>,¹⁴²</span> <span class='ocrx_word' id='word_1_922' title='bbox 2622 670 2712 692; x_wconf 77' lang='lat' dir='ltr'>genere</span> <span class='ocrx_word' id='word_1_923' title='bbox 2720 670 2771 685; x_wconf 82' lang='lat' dir='ltr'>ma-</span> 
     </span>
     <span class='ocr_line' id='line_1_101' title="bbox 2558 697 2627 712; baseline 0 0"><span class='ocrx_word' id='word_1_924' title='bbox 2558 697 2627 712; x_wconf 60' lang='lat' dir='ltr'>lame.</span> 
     </span>
    </p>

    <p class='ocr_par' dir='ltr' id='par_1_24' title="bbox 2558 717 2770 818">
     <span class='ocr_line' id='line_1_102' title="bbox 2558 717 2769 744; baseline -0.005 -6"><span class='ocrx_word' id='word_1_925' title='bbox 2558 719 2569 729; x_wconf 65' lang='lat'>&#39;²</span> <span class='ocrx_word' id='word_1_926' title='bbox 2584 723 2624 738; x_wconf 64' lang='lat' dir='ltr'>cc:</span> <span class='ocrx_word' id='word_1_927' title='bbox 2638 717 2769 744; x_wconf 76' lang='lat' dir='ltr'>posterius.</span> 
     </span>
     <span class='ocr_line' id='line_1_103' title="bbox 2559 743 2768 770; baseline -0.014 -4"><span class='ocrx_word' id='word_1_928' title='bbox 2559 745 2580 756; x_wconf 68' lang='lat'>‘¹‘</span> <span class='ocrx_word' id='word_1_929' title='bbox 2589 744 2639 765; x_wconf 71' lang='lat' dir='ltr'>Lib.</span> <span class='ocrx_word' id='word_1_930' title='bbox 2647 743 2680 768; x_wconf 72' lang='lat'>11¹)</span> <span class='ocrx_word' id='word_1_931' title='bbox 2687 760 2693 768; x_wconf 83' lang='grc'>,</span> <span class='ocrx_word' id='word_1_932' title='bbox 2700 749 2768 770; x_wconf 64' lang='lat' dir='ltr'>capa,</span> 
     </span>
     <span class='ocr_line' id='line_1_104' title="bbox 2559 770 2770 791; baseline -0.005 0"><span class='ocrx_word' id='word_1_933' title='bbox 2559 777 2582 791; x_wconf 95' lang='lat' dir='ltr'>n.</span> <span class='ocrx_word' id='word_1_934' title='bbox 2606 770 2770 791; x_wconf 81' lang='lat' dir='ltr'>.-Commem.</span> 
     </span>
     <span class='ocr_line' id='line_1_105' title="bbox 2561 797 2731 818; baseline -0.006 0"><span class='ocrx_word' id='word_1_935' title='bbox 2561 804 2580 818; x_wconf 86' lang='lat' dir='ltr'>s.</span> <span class='ocrx_word' id='word_1_936' title='bbox 2611 797 2731 818; x_wconf 81' lang='lat' dir='ltr'>h.lect.n.</span> 
     </span>
    </p>
   </div>
  </div>
 </body>
</html>
