2548 4192
202 296 306 321 LXXVI

893 543 1535 612 DISSERTATIO
1594 544 1675 605 ΙΙ.

201 716 266 755 De
299 713 496 754 vetustis
530 722 713 761 operum
740 708 889 749 sancti
917 706 1120 747 Thomae
1149 705 1397 744 Indicibus:
1425 704 1568 752 deque
1596 700 1808 752 genuinis
1837 700 2187 743 Commentariis
2210 701 2311 743 eius
2340 702 2389 742 in

279 786 450 830 Iobum,
478 783 524 821 in
551 781 778 827 PsaImos,
807 779 853 818 in
882 777 1116 819 Canticum
1144 775 1452 816 Canticorum:
1482 772 1824 824 suppositisque
1851 772 1899 812 in
1926 771 2156 822 Genesim,
2175 773 2223 814 in
2243 776 2390 814 totum

277 854 644 900 Pentateuchum‚
673 852 719 891 in
747 850 1087 891 Ecclesiastem.

595 1316 791 1353 CAPUT
821 1317 846 1351 Ι.

193 1400 296 1434 Antiqui
316 1404 404 1430 testes,
424 1406 536 1432 quorum
555 1397 605 1422 fide
628 1398 660 1422 de
673 1396 793 1428 genuinis
813 1395 893 1420 sancti
912 1394 1032 1420 Thomae
1055 1394 1255 1428 suppositisque

264 1435 394 1468 Operibus
414 1434 577 1459 iudicandum
601 1433 641 1457 sit.
661 1432 796 1465 Specimen
821 1431 877 1455 libri
901 1431 933 1455 de
952 1430 1021 1455 Viris
1040 1430 1185 1455 illustribus
1205 1430 1255 1454 sub

263 1471 368 1496 nomine
392 1470 493 1495 loannis
512 1470 544 1494 de
563 1469 689 1493 Columna
709 1468 773 1492 Ord.
792 1467 882 1491 Praed.
902 1474 962 1491 cum
981 1465 1074 1491 criticis
1094 1466 1256 1491 animadver—

263 1507 388 1532 sionibus.
408 1506 483 1539 Opus
502 1510 542 1530 est
560 1504 592 1529 ab
611 1503 739 1536 sequioris
757 1502 847 1528 aetatis
866 1506 971 1527 auctore
989 1501 1183 1534 interpolatum.

523 1628 590 1659 lum
606 1634 724 1668 potest,
739 1637 805 1668 quo
821 1627 860 1657 de
874 1626 1020 1666 genuinis
1034 1626 1256 1668 germanisque

523 1672 619 1703 sancti
639 1672 785 1702 Thomae
803 1671 972 1713 Aquinatis
996 1671 1156 1712 Operibus
1174 1671 1256 1702 iudi-

342 1730 356 1738 ··
378 1732 382 1738 ·
405 1735 406 1738 =
487 1716 489 1718 ’
522 1717 607 1748 cium
622 1716 692 1746 ferri
711 1723 825 1757 queat,
841 1726 940 1757 quam
958 1723 1102 1747 veterum
1124 1715 1255 1756 scripto—

311 1767 347 1797 ,κ’-
408 1754 503 1805 ⁶⁸33>
521 1771 592 1792 rum
606 1761 842 1792 testimonium:
854 1770 996 1802 quorum
1010 1760 1061 1791 alii
1073 1760 1255 1802 synchroni,

308 1800 323 1816 ’·
375 1801 385 1835 s
430 1801 492 1835 ἱθῆ
520 1805 686 1836 familiares
697 1815 733 1836 ac
741 1804 1059 1846 discipuli,suppa‘res
1078 1805 1129 1835 alii
1144 1804 1255 1836 simul-

353 1855 363 1860 *
380 1863 415 1876 ⁴22
462 1865 483 1874 ψ
519 1860 581 1891 que
605 1849 846 1889 diligentissimi,
856 1850 1003 1880 Thomae
1024 1859 1160 1890 operum
1176 1849 1257 1880 Indi-

189 1907 257 1928 cem
280 1902 334 1926 aut
348 1895 525 1926 Elenchum
543 1901 684 1932 texuere;
710 1894 1046 1935 accuratissimumque
1066 1901 1101 1925 ut
1120 1901 1259 1925 texerent

189 1940 330 1972 studium
348 1939 557 1970 adhibuerunt
578 1949 674 1969 omne
691 1938 912 1980 optimamque
933 1938 1036 1970 crisin.
1062 1938 1156 1970 Viros
1170 1949 1258 1979 prae-

191 1984 397 2016 stantissimos
412 1994 516 2021 nosse,
526 1983 621 2014 veluti
637 1983 675 2014 de
690 1983 779 2021 facie,
791 1990 936 2024 praestat.
952 1983 1097 2014 Primum
1111 1993 1258 2014 memoro

190 2030 421 2067 Ptolomaeum,
431 2039 485 2059 seu
494 2028 742 2065 Tholomaeum,
751 2037 807 2059 seu
817 2028 1102 2059 Bartholomaeum
1112 2028 1151 2058 de
1161 2029 1259 2066 Luca,

191 2074 344 2104 illustrem
363 2073 489 2104 Ordinis
514 2072 768 2103 Praedicatorum
792 2072 976 2110 alumnum,
1001 2072 1201 2113 Episcopum
1226 2072 1259 2103 in

192 2118 319 2149 Venetis
338 2117 495 2148 aestuariis
514 2117 755 2154 Torcellanum,
775 2117 831 2158 qui
846 2117 885 2148 de
900 2128 923 2148 s.
941 2117 1088 2148 Thomae
1107 2116 1202 2157 gestis
1223 2127 1259 2148 ac

192 2162 339 2203 operibus
354 2162 421 2192 fuse
437 2161 556 2192 disserit
570 2162 600 2192 in
612 2161 751 2192 Historia
766 2161 972 2192 ecclesiastica
986 2161 1072 2192 libris
1087 2171 1158 2192 xxiv
1172 2171 1259 2192 com·

192 2207 358 2247 prehensa,
377 2206 457 2236 inter
475 2206 647 2247 Scriptores
667 2206 788 2244 Italiae,
814 2216 888 2237 cura
913 2213 943 2237 et
964 2216 1062 2246 opera
1085 2205 1259 2237 doctissimi

190 2250 363 2289 Muratorii,
383 2258 472 2281 tomo
488 2251 529 2281 XI
549 2250 632 2292 typis
650 2250 786 2290 vulgata.
807 2251 956 2282 Testatur
975 2250 1030 2282 ille
1044 2250 1125 2281 libro
1140 2251 1259 2290 XXIII,

191 2295 288 2336 capite
299 2303 365 2325 vm:
382 2295 421 2326 Se
431 2295 659 2336 consessionem
671 2295 818 2326 Doctoris
830 2295 928 2326 nostri
942 2296 1072 2336 saepius
1085 2295 1258 2334 audivisse,

190 2350 260 2370 cum
279 2341 345 2380 ipso
360 2340 458 2370 multo
478 2345 617 2380 tempore
643 2345 865 2370 conversatum
889 2349 957 2371 esse
974 2339 1144 2380 familiari
1166 2341 1258 2370 mini-

188 2386 295 2421 sterio,
316 2394 355 2414 ac
380 2385 478 2424 ipsius
499 2384 677 2415 auditorem
694 2383 813 2425 fuisse.
832 2384 968 2415 Obitum
989 2384 1057 2415 eius
1077 2394 1152 2415 cum
1174 2394 1259 2415 anno

189 2428 306 2459 circiter
322 2429 401 2459 1322
417 2428 602 2469 illigandum
621 2429 741 2459 censuit
761 2429 894 2460 lacobus
913 2428 1076 2460 Echardus
1091 2428 1124 2459 in
1138 2428 1257 2460 Biblio-

189 2473 279 2503 theca
299 2472 486 2512 scriptorum
510 2473 636 2504 Ordinis
660 2473 931 2512 Praedicatorum3
955 2473 1010 2504 sed
1034 2473 1132 2504 vitam
1155 2473 1260 2504 adhuc

190 2517 297 2557 ipsum
316 2517 412 2556 egisse
427 2527 510 2547 anno
536 2518 614 2548 1325
637 2527 672 2548 ex
692 2518 910 2549 monumentis
928 2517 1059 2548 vetustis
1079 2516 1257 2556 conficitur,

191 2571 271 2602 quae
286 2560 318 2591 ih
330 2561 447 2592 Veneta
463 2561 566 2592 ltaliae
581 2572 684 2593 sacrae
699 2562 904 2602 Ughellianae
919 2562 1058 2593 editione
1073 2562 1258 2602 allegantur.

260 2605 407 2646 Sequitur
425 2605 613 2637 Guillelmus
633 2607 671 2637 de
690 2607 800 2638 Tocco
825 2607 943 2638 siculus
967 2607 1109 2638 eiusdem
1129 2604 1258 2638 O'rdinis

192 2650 226 2680 in
249 2650 328 2688 vita,
353 2660 450 2691 quam
473 2650 625 2690 integram
651 2658 832 2688 sanctorum
852 2651 939 2682 Actis
963 2651 1163 2682 inseruerunt
1185 2651 1259 2682 Bol-

194 2694 277 2724 landi
310 2694 554 2725 Continuatores
585 2696 624 2725 ad
657 2695 741 2726 diem
770 2696 788 2726 8
818 2696 932 2727 Martii.
968 2696 1080 2727 Libros
1111 2695 1179 2727 eius
1210 2706 1259 2727 ca-

194 2738 257 2779 pite
281 2749 311 2768 1v
334 2746 495 2770 enumerat
518 2749 648 2778 omne8‚
669 2747 830 2782 quotquot
854 2741 1055 2771 elucubratos
1079 2740 1118 2771 ab
1143 2740 1260 2771 eodem

195 2790 278 2814 certo
311 2793 403 2814 nosse
433 2783 552 2824 potuit:
583 2784 686 2826 Seque
717 2785 831 2816 vidisse
864 2785 971 2826 ipsum
1001 2785 1190 2816 scribentem
1229 2791 1260 2816 et

194 2827 354 2858 audivisse
375 2829 617 2868 praedicantem
644 2834 674 2860 et
693 2829 849 2871 legentem
876 2836 978 2861 narrat
998 2829 1031 2860 in
1050 2829 1139 2860 Actis
1154 2830 1260 2871 lnqui-

195 2871 315 2913 sitionis
339 2882 423 2903 anno
456 2873 536 2914 1319
563 2873 721 2904 institutae
746 2884 834 2905 num.
859 2875 897 2905 58
926 2874 1013 2915 apud
1037 2873 1168 2904 eosdem
1187 2874 1260 2905 Bol-

195 2915 355 2946 land1stas:
377 2917 498 2958 fuitque
517 2918 704 2958 praecipuus
719 2918 932 2959 Praeceptoris
948 2918 996 2950 sui
1012 2918 1262 2950 canonizationis

195 2967 369 3000 promotor.
390 2962 504 2992 Adhuc
518 2972 602 2992 anno
628 2963 724 2999 1323,
745 2964 916 2994 adnotante
936 2963 1052 2994 Iacobo
1072 2963 1205 3000 Quetifo
1229 2963 1261 2994 in

197 3004 287 3034 citata
300 3005 499 3078 lscriptorum
523 3005 650 3037 Ordinis
674 3007 879 3046 Bibliotheca,
904 3007 1001 3039 vitam
1021 3008 1156 3039 ducebat
1181 3007 1262 3039 inter

198 3055 296 3078 morta
312 3058 354 3079 es.

423 1599 516 1713 effi
525 1584 619 1614 ertius
634 1590 664 1614 et
678 1583 780 1623 aptius
795 1588 1019 1622 argumentum
1033 1581 1174 1612 adhiberi
1185 1581 1255 1612 nul-

428 1660 434 1672 v

263 3092 387 3123 Tertius
416 3101 461 3124 est
483 3094 633 3125 Nicolaus
661 3095 825 3134 Trivetus,
865 3096 976 3137 anglus
999 3103 1109 3137 gente,
1141 3096 1262 3137 origine

198 3136 421 3174 nortwicensis‚
438 3138 632 3178 professione
651 3140 892 3178 Dominicanus,
908 3151 993 3172 anno
1015 3141 1096 3172 1328
1117 3141 1261 3179 demtus,

199 3186 234 3210 ut
252 3180 366 3212 habent
385 3189 457 3221 post
476 3182 606 3213 Baleum
626 3183 773 3221 Quetifus
793 3192 823 3215 et
841 3185 1013 3216 Echardus.
1036 3187 1069 3216 In
1086 3185 1261 3223 Chronico,

198 3224 287 3264 quod
314 3235 333 3255 a
363 3225 447 3256 Luca
479 3227 632 3257 Dacherio
667 3235 768 3259 asceta
797 3229 1001 3261 Benedictino
1034 3240 1051 3261 e
1080 3230 1262 3270 Congrege-

199 3268 284 3298 tione
304 3279 326 3299 S.
343 3269 444 3300 Mauri
470 3271 552 3311 typis
577 3271 696 3302 editum
715 3280 761 3304 est
779 3273 811 3303 in
831 3274 1004 3314 spicilegio,
1023 3274 1171 3306 Thomae
1195 3285 1263 3309 am-

193 3313 285 3352 plum
317 3315 418 3344 texuit
441 3314 581 3346 Iudicem
606 3325 754 3356 operum:
784 3323 879 3358 atque
903 3324 1069 3350 emunctae
1099 3320 1150 3350 vir
1173 3320 1264 3350 naris

199 3353 306 3398 (verba
337 3364 411 3388 sunt
442 3358 540 3399 ipsius
570 3359 727 3403 Dacherii)
759 3372 798 3392 ac
826 3362 932 3393 studio
957 3365 1102 3403 partium
1134 3364 1264 3394 minime

200 3400 354 3439 addictus,
385 3412 559 3443 germanos
582 3414 602 3434 a
625 3407 744 3445 spuriis
761 3411 881 3446 partus
903 3413 1056 3438 accurate
1078 3408 1262 3450 descripsit:

201 3453 301 3484 neque
321 3445 437 3476 mirum
461 3447 498 3478 ab
518 3447 647 3479 homine
671 3450 764 3489 anglo
788 3450 820 3481 id
839 3451 888 3490 agi
913 3451 1072 3492 potuisse,
1098 3462 1173 3483 cum
1195 3451 1264 3493 phi-

201 3487 370 3528 losophicis
401 3498 430 3521 et
453 3491 636 3532 theologicis
667 3493 838 3534 disciplinis
869 3495 1010 3527 imbutus
1038 3496 1071 3527 in
1095 3496 1194 3537 patria
1216 3496 1263 3527 iu-

201 3531 286 3561 venis
316 3534 474 3566 excellenti
498 3535 624 3576 ingenio
655 3539 823 3577 praeditus,
856 3540 990 3570 Parisios
1015 3547 1126 3581 postea
1149 3540 1264 3572 missus

202 3573 293 3606 fuerit
316 3577 521 3616 perficiendus
544 3580 586 3621 in¹
594 3582 760 3622 gymnasio
787 3583 1019 3623 Saniacobaeo,
1048 3585 1137 3626 quod
1161 3595 1264 3616 annos

202 3617 306 3657 plures
330 3629 445 3653 rexerat
468 3623 693 3666 illustravitque
717 3636 741 3656 s,
766 3626 919 3658 Thomas.

1377 1313 1501 1351 Quarto
1519 1313 1593 1344 loco
1612 1313 1896 1344 Bartholomaeum
1910 1313 1950 1344 de
1969 1313 2098 1355 Capua,
2123 1314 2337 1355 Logothetam
2357 1322 2388 1348 et

1309 1357 1571 1388 Protonotarium
1582 1358 1683 1398 Regni
1698 1357 1821 1389 Siciliae
1836 1368 1983 1396 numero,
1995 1359 2050 1400 qui
2060 1358 2142 1390 inter
2153 1361 2232 1390 Acta
2243 1359 2388 1392 laudatae

1311 1401 1529 1443 Inquisitionis
1559 1412 1618 1443 pro
1643 1402 1811 1443 apotheosi
1835 1403 1934 1433 sancti
1965 1403 2114 1434 Doctoris
2143 1405 2232 1435 testis
2260 1405 2389 1437 iuratus

1310 1446 1444 1477 habetur
1471 1457 1557 1477 anno
1587 1447 1669 1487 1319
1693 1447 1746 1478 die
1768 1448 1923 1478 mercurii
1952 1447 1971 1478 8
2001 1449 2120 1479 mensis
2147 1450 2292 1490 augusti.
2318 1449 2389 1480 Lati

1310 1491 1349 1521 ab
1369 1491 1485 1522 eodem
1503 1491 1677 1522 testimonii
1697 1491 1926 1531 fragmentum,
1946 1492 2037 1533 quod
2055 1493 2142 1534 apud
2160 1493 2388 1525 Bollandianos

1310 1535 1514 1574 desideratur,
1539 1535 1719 1576 Stephanus
1740 1535 1889 1567 Baluzius
1912 1536 2053 1577 vulgavit
2075 1544 2155 1568 tom.
2177 1537 2203 1568 II
2223 1538 2387 1579 Paparmn

1309 1581 1600 1611 Avenionensium:
1618 1580 1673 1611 ubi
1688 1580 1958 1621 lucupletissimus
1973 1591 2110 1622 operum
2129 1582 2277 1614 Thomae
2292 1583 2389 1614 Index

1310 1625 1460 1663 habetur,
1484 1624 1625 1666 itemque
1645 1625 1786 1663 illorum,
1810 1635 1894 1666 quae
1917 1635 1980 1656 non
2005 1627 2072 1667 ipse
2089 1628 2219 1668 scripsit
2245 1632 2277 1658 et
2299 1632 2389 1659 nota-

1311 1670 1366 1707 uit,
1391 1669 1448 1701 sed
1470 1670 1529 1700 alii
1547 1670 1787 1711 recollegerunt
1804 1675 1880 1710 post
1913 1679 1985 1700 eum
2010 1671 2168 1711 legentem
2189 1671 2241 1702 vel
2256 1671 2390 1715 praedi}

1311 1719 1447 1745 cantem.
1471 1714 1583 1745 Parem
1603 1714 1778 1745 adhibitam
1796 1724 1814 1744 a
1837 1714 1968 1745 Triveto
1988 1714 2185 1755 diligentiam
2208 1725 2284 1748 cum
2302 1717 2391 1748 Luca

1311 1758 1468 1790 Dacherio
1492 1759 1726 1790 adnotavimus.
2383 1757 2385 1759 ’

1379 1802 1503 1841 Quinto
1533 1803 1674 1834 succedit
1703 1803 1777 1834 loco
1805 1803 1984 1834 Bernardus
2014 1803 2172 1835 Guidonis
2203 1805 2325 1845 gallus,
2355 1815 2394 1839 ex

1313 1847 1434 1879 Ordine
1453 1847 1624 1879 Praedicat.
1650 1848 1690 1878 ad
1713 1847 1832 1878 infulas
1851 1848 2058 1879 Lodovenses
2077 1849 2288 1890 adsumptus,
2312 1849 2392 1882 fato-

1313 1902 1376 1934 que
1401 1892 1534 1923 demum
1558 1892 1684 1923 mortali
1717 1899 1844 1934 ereptus
1882 1902 1968 1923 anno
1998 1893 2075 1924 1331
2104 1894 2192 1934 apud
2222 1893 2392 1932 Quetifum

1315 1944 1346 1968 et
1368 1937 1562 1968 Echardum.
1587 1937 1612 1968 F
1615 1937 1756 1968 usiorem
1785 1936 1908 1978 scripsit
1931 1937 2119 1978 Legendam
2142 1948 2168 1970 s.
2190 1939 2330 1970 Thomae
2351 1938 2393 1970 de

1313 1982 1452 2023 Aquino,
1473 1981 1505 2012 in
1525 1981 1608 2012 duos
1627 1981 1725 2013 libros
1744 1981 1905 2013 tributam.
1926 1981 2079 2022 Capitum
2098 1981 2209 2014 titulos
2228 1983 2393 2015 dumtaxat

1315 2026 1462 2057 exhibent
1492 2026 1693 2057 Bollandiani
1725 2026 1881 2057 editores:
1913 2036 2055 2067 quorum
2087 2027 2391 2069 quinquagesimum

1314 2077 1466 2112 quartum
1488 2070 1559 2103 libri
1579 2070 1672 2111 primi
1696 2071 1748 2102 De
1771 2080 1906 2102 numero
1930 2075 1961 2102 et
1979 2071 2160 2103 nominibus
2179 2072 2336 2104 librorum
2360 2077 2392 2104 et

1315 2120 1512 2146 tractatuum
1531 2125 1557 2146 s.
1571 2116 1711 2147 Thomae
1729 2115 1896 2155 vulgatum
1909 2114 2045 2155 legimus
2059 2125 2078 2146 a
2089 2116 2246 2148 Casimiro
2257 2116 2390 2149 Oudino

1314 2160 1348 2190 in
1384 2159 1628 2191 Commentario
1659 2161 1698 2191 de
1726 2160 1940 2201 Scriptoribus
1976 2159 2192 2192 ecclesiasticis
2219 2168 2312 2193 tomo
2337 2161 2390 2193 111.

1315 2204 1530 2236 Probatissimi
1562 2204 1648 2236 testis
1679 2204 1775 2236 fidem
1798 2205 1953 2245 integram
1977 2210 2009 2235 et
2035 2204 2104 2245 ipse
2128 2205 2327 2247 recognoscit
2354 2215 2392 2238 ae

1316 2248 1446 2290 plurimi
1470 2249 1543 2280 facit
1566 2249 1716 2281 Oudinus
1740 2249 1979 2280 morosissimus
1999 2258 2120 2281 censor.

1383 2293 1515 2325 Sextum
1548 2293 1676 2335 profero
1710 2294 1840 2325 Petrum
1872 2292 2047 2334 Rogeriurn
2079 2294 2329 2326 lemovicensem
2357 2294 2392 2327 in

1315 2337 1435 2376 Gallia,
1459 2338 1702 2370 Benedictinum
1727 2338 1935 2376 monachum,
1959 2346 2079 2380 perque
2093 2339 2198 2370 varios
2218 2339 2252 2370 in
2271 2338 2392 2371 Acade-

1313 2382 1379 2413 mia
1401 2382 1566 2414 Parisiensi
1591 2389 1622 2414 et
1644 2383 1677 2414 in
1700 2383 1840 2415 Ecclesia
1862 2381 1995 2414 honoris
2022 2384 2138 2424 gradus
2166 2384 2207 2414 ad
2225 2393 2392 2416 summum

1313 2426 1520 2458 Pontificatus
1553 2427 1715 2468 fastigium
1756 2438 1842 2459 anno
1885 2428 1966 2468 1342
2001 2434 2167 2468 evectum,
2205 2428 2393 2471 dictumque

1315 2471 1516 2504 Clementem
1539 2479 1674 2503 sextum.
1700 2472 1784 2504 Inter
1802 2473 2008 2514 quamplures
2032 2482 2208 2511 sermones,
2234 2482 2318 2515 quos
2336 2472 2391 2504 ha-

1315 2516 1384 2548 buit
1406 2516 1454 2547 vir
1475 2516 1720 2548 litteratissimus
1749 2524 1780 2548 et
1807 2517 1956 2548 facundia
1979 2517 2115 2556 pollens,
2144 2518 2392 2560 adservabatque

1314 2560 1549 2602 manuscriptos
1573 2561 1752 2592 Telleriana
1774 2561 1976 2601 bibliotheca,
2000 2569 2032 2594 et
2058 2572 2144 2594 nunc
2168 2561 2310 2603 possidet
2331 2561 2392 2594 Re-

1314 2605 1384 2645 gia,
1415 2612 1513 2636 exstat
1541 2605 1655 2637 Sermo
1686 2606 1727 2638 de
1757 2607 1908 2638 laudibus
1933 2608 2040 2639 sancti
2066 2607 2218 2648 Angelici
2241 2606 2393 2639 Doctoris

1319 2650 1459 2680 nomae
1480 2650 1670 2691 Aquinatis,
1700 2660 1776 2682 curn
1800 2651 1906 2682 Indice
1929 2661 2067 2693 operum
2089 2651 2157 2682 eius
2185 2651 2273 2692 apud
2302 2660 2392 2683 eum-

1315 2694 1390 2725 dem
1413 2693 1607 2726 casimirum
1631 2695 1800 2726 Oudinum
1824 2695 1908 2736 typis
1931 2697 2079 2737 vulgato:
2104 2695 2304 2737 dignumque
2326 2693 2392 2727 arxi-

1315 2738 1546 2776 madversione,
1570 2739 1716 2770 habitum
1739 2749 1757 2770 a
1780 2740 1926 2781 Rogerio
1943 2750 2126 2772 sermonem
2149 2739 2240 2771 illum
2263 2739 2297 2770 in
2315 2738 2392 2781 ipsis

1316 2782 1565 2814 canonizationis
1589 2783 1657 2815 eius
1681 2783 1845 2815 solemniis
1869 2794 1978 2816 coram
2001 2784 2139 2816 Summo
2163 2783 2318 2816 Pontifice
2336 2793 2391 2816 an-

1316 2838 1359 2859 no
1390 2828 1470 2859 1323
1496 2837 1605 2859 mense
1628 2828 1718 2859 iulio.

1384 2872 1443 2903 His
1467 2872 1621 2904 accedunt
1650 2872 1806 2914 sequioris
1829 2873 1896 2904 aevi
1925 2873 2110 2915 scriptores,
2139 2872 2324 2904 Ludovicus
2353 2872 2393 2904 de

1316 2916 1482 2949 Valleoleti
1512 2917 1677 2958 hispanus,
1702 2917 1891 2949 Laurentius
1922 2917 2048 2958 Pignon
2071 2917 2174 2958 gallus
2203 2917 2392 2958 burgundus

1318 2968 1348 2992 et
1377 2971 1401 2992 s.
1431 2961 1616 2993 Antoninus
1649 2961 1857 2994 florentinus:
1888 2973 2031 3004 quorum
2063 2962 2284 2994 auctoritatem
2316 2972 2391 2994 con-

1317 3013 1459 3037 temnere
1482 3006 1597 3038 audeat
1620 3013 1733 3045 nemo;
1758 3017 1832 3038 cum
1856 3014 1888 3038 et
1909 3013 2029 3038 veteres
2052 3007 2092 3038 ab
2115 3006 2191 3048 ipsis
2221 3006 2394 3048 exscriptos

1318 3050 1415 3082 fuisse
1439 3058 1572 3089 constet,
1602 3061 1638 3082 ac
1666 3051 1804 3092 plurima
1833 3061 1910 3083 usos
1938 3051 2034 3083 etiam
2062 3052 2094 3083 in
2124 3051 2257 3083 elencho
2286 3057 2394 3083 conte-

1318 3095 1422 3128 xendo
1446 3095 1616 3136 diligentia.
1645 3095 1816 3127 Saeculum
1839 3096 2154 3137 quartumdecimum
2177 3103 2277 3128 aetate
2300 3105 2393 3138 supe-

1319 3146 1388 3170 rant
1420 3150 1543 3171 omnes.
1578 3140 1674 3171 Index
1702 3140 1909 3172 Valleoletani
1938 3148 2063 3182 praesto
2089 3141 2204 3182 cuique
2232 3147 2279 3172 est
2306 3138 2394 3182 apud

1319 3184 1460 3215 Martene
1493 3191 1524 3215 et
1556 3184 1688 3216 Durand
1726 3191 1818 3216 tomo
1850 3185 1892 3216 VI
1926 3185 2140 3226 amplissimae
2176 3184 2392 3218 collectionis:

1319 3227 1528 3270 eiusdemque
1561 3228 1743 3260 testimonia
1784 3239 1820 3260 ac
1848 3229 2001 3270 Pignoni,
2021 3240 2068 3262 -ex
2096 3239 2211 3261 eorum
2242 3228 2393 3271 operibus

1319 3282 1395 3304 mss.
1421 3273 1569 3314 decerpta
1597 3273 1730 3305 afferunt
1760 3274 1910 3312 Quetifus
1940 3282 1971 3306 et
1994 3274 2175 3306 Echardus:
2199 3272 2393 3306 accuratissi-

1320 3327 1476 3359 mumque
1500 3317 1633 3348 demum
1661 3328 1685 3349 s.
1706 3319 1890 3350 Antoninus
1919 3326 2055 3360 praestat
2081 3319 2222 3351 indicem
2244 3325 2332 3360 parte
2350 3316 2392 3349 111

1321 3361 1484 3401 Chronici,
1508 3361 1554 3393 tit.
1579 3372 1665 3401 xvm,
1690 3363 1791 3404 capite
1813 3374 1844 3401 x,
1868 3363 1896 3406 §-
1923 3375 1932 3395 1
1958 3371 1988 3395 et
2014 3374 2043 3395 2.

1386 3406 1452 3437 Sub
1477 3406 1608 3438 nomine
1632 3406 1668 3438 fr.
1690 3407 1817 3439 Ioannis
1841 3409 1879 3439 de
1895 3408 2058 3440 Columna
2081 3407 2210 3440 Ordinis
2232 3405 2393 3438 Praedica-

1321 3457 1429 3482 torum
1458 3451 1579 3482 Veneta
1602 3461 1642 3482 ss.
1669 3452 1795 3483 Ioannis
1826 3459 1856 3484 et
1888 3453 1977 3485 Pauli
2008 3452 2199 3484 bibliotheca
2229 3457 2330 3482 servat
2357 3449 2393 3482 li·

1320 3496 1414 3526 brum
1437 3505 1496 3527 ms.
1517 3496 1557 3527 de
1586 3495 1670 3528 Viris
1692 3497 1886 3535 illustribus,
1907 3505 1995 3539 parte
2018 3497 2121 3539 prima
2143 3495 2333 3538 Infidelibus
2364 3501 2396 3526 et

1319 3540 1414 3571 altera
1440 3540 1635 3572 Christianis
1658 3541 1769 3574 ordine
1795 3541 1993 3583 alphabetico
2024 3540 2193 3573 recensitis.
2217 3539 2334 3571 Trium
2356 3548 2395 3570 ex

1320 3583 1440 3616 Ordine
1454 3584 1711 3616 Praedicatorum
1735 3586 1838 3627 elogia
1861 3593 2020 3625 texuntur,
2040 3586 2164 3617 Alberti
2191 3583 2392 3622 Theutonici,

1318 3628 1482 3660 Dominici
1509 3639 1632 3670 genere
1660 3630 1788 3672 hispani
1814 3631 1918 3663 Ducis
1947 3636 1978 3663 et
2006 3629 2205 3662 Fundam-is
2246 3627 2391 3667 Ordinis,
