2788 4204
105 749 114 758 ·
129 748 165 769 Cf.
176 749 228 770 lect.
240 754 315 775 praec.

102 781 126 796 n.
140 780 160 802 5.

100 1912 108 1921 ·
124 1911 186 1932 Lect.
204 1911 310 1938 praeced.

99 1943 122 1958 n.
138 1943 157 1958 2.

98 2154 110 2165 '³
125 2153 160 2175 Cf.
172 2154 222 2175 lect.
235 2159 309 2180 praec.

100 2186 123 2201 n.
134 2185 149 2200 Ι.

99 3311 109 3320 ·
123 3310 193 3332 Num.
209 3317 256 3337 seq.

349 233 420 269 118

409 321 440 352 4.
458 306 586 343 Deinde
607 309 716 342 subdit
733 309 995 342 convenientiam
1014 308 1097 340 inter
1116 315 1280 348 utrunque
1300 304 1405 348 possi-

342 357 426 398 bile,
451 357 562 391 dicens
587 357 676 401 quod
701 358 734 390 in
752 358 897 400 utrisque
914 355 1129 410 potestatibus
1147 363 1178 387 et
1194 352 1403 397 possibilibus

341 418 457 439 verum
477 415 526 439 est
547 418 615 439 non
632 405 833 449 impossibile
851 417 931 445 esse,
945 405 1077 443 scilicet,
1093 404 1203 446 ipsum
1227 401 1403 440 ambulare,

343 455 458 499 quod
449 466 515 487 iam
536 463 608 487 actu
627 454 770 487 ambulat
785 465 842 486 seu
860 454 943 496 agit,
967 462 999 485 et
1013 451 1104 496 quod
1128 452 1193 483 iam
1209 449 1403 482 ambulabile

343 512 407 543 est;
432 502 526 543 idest,
544 503 576 535 in
595 503 658 535 hoc
679 502 880 534 conveniunt
896 500 996 544 quod,
1014 500 1082 532 sive
1098 500 1224 532 dicatur
1248 497 1402 542 possibile

343 563 382 584 ex
406 564 446 584 eo
470 550 559 595 quod
589 558 662 582 actu
691 558 756 590 est,
785 549 852 581 sive
876 560 915 580 ex
939 559 978 580 eo
1003 547 1093 591 quod
1117 556 1226 590 potest
1250 558 1338 586 esse,
1363 545 1403 578 de

343 608 484 653 utroque
501 597 684 631 verificatur
699 608 767 630 non
791 595 1010 651 impossibile;
1034 604 1066 628 et
1090 603 1328 639 consequenter
1350 606 1404 626 ne-

344 647 483 680 cessario
502 645 686 679 verificatur
705 644 870 688 possibile,
886 645 1042 688 quoniam
1059 643 1099 676 ad
1116 655 1184 676 non
1201 641 1402 686 impossibile

343 696 490 738 sequitur
506 693 670 737 possibile.
691 694 765 726 Hoc
780 702 828 726 est
843 692 1025 726 secundum
1045 704 1149 736 genus
1166 691 1341 736 possibilis,
1358 702 1404 724 re-

343 751 455 786 spectu
471 743 563 775 cuius
577 741 771 774 Aristoteles
782 753 879 786 supra
891 742 981 775 dixit:
991 742 1031 774 Et
1034 742 1170 786 primum
1178 741 1296 784 quidem
1306 742 1402 780 *etc.,

342 791 376 823 in
400 802 466 834 quo
483 801 551 822 non
575 790 740 822 invenitur
755 791 808 823 via
829 790 868 823 ad
889 799 1054 834 utrunque
1075 789 1316 833 oppositorum,
1327 788 1402 827 hoc,

342 840 487 882 inquam,
512 847 561 871 est
582 838 736 881 possibile
755 838 844 883 quod
864 839 929 871 ia'm
946 848 1019 872 actu
1038 847 1095 871 est.
1122 837 1226 878 Quod
1243 838 1331 870 enirn
1348 836 1403 869 tali

341 887 466 919 ratione
494 886 649 929 possibile
674 886 813 928 dicitur,
848 888 913 920 iarn
944 887 1196 920 determinatum
1228 895 1276 918 est
1300 898 1339 919 ex
1362 897 1402 918 eo

342 935 430 979 quod
451 943 523 967 actu
545 945 615 967 esse
636 936 846 978 suppositum
863 944 921 968 est.
938 936 1018 969 Non
1034 947 1112 978 ergo
1130 935 1284 978 possibile
1304 946 1402 967 omne

340 983 380 1016 ad
398 993 562 1026 utrunque
580 983 736 1026 possibile
752 993 810 1024 est,
827 985 895 1017 sive
910 984 1086 1028 loquamur
1105 983 1144 1017 de
1161 983 1307 1028 possibili
1324 983 1404 1026 phy-

340 1033 416 1072 sice,
441 1032 509 1064 sive
533 1031 649 1074 logice.

404 1090 432 1121 5.
453 1079 582 1113 Deinde
597 1090 674 1112 cum
688 1079 786 1113 dicit:
801 1080 847 1114 Sic
859 1081 951 1124 igitur
957 1080 1095 1125 possibile
1110 1090 1182 1121 etc„
1195 1081 1336 1124 applicat
1352 1080 1404 1113 de-

340 1128 546 1161 terminatam
565 1130 735 1162 veritatem
759 1128 798 1161 ad
819 1129 1037 1172 propositum.
1063 1129 1104 1161 Et
1125 1130 1245 1172 primo,
1269 1129 1402 1162 conclu-

340 1175 448 1209 dendo
469 1189 508 1210 ex
526 1177 631 1218 dictis,
646 1177 787 1210 declarat
807 1177 1032 1210 habitudinem
1052 1178 1223 1222 utriusque
1240 1177 1403 1221 possibilis

340 1225 380 1258 ad
405 1227 635 1267 necessarium,
657 1226 768 1259 dicens
789 1225 878 1270 quod
906 1225 969 1258 hoc
997 1237 1075 1269 ergo
1095 1225 1261 1269 possibile,
1281 1226 1404 1259 scilicet

340 1273 515 1317 physicum
529 1274 619 1318 quod
633 1283 682 1307 est
695 1275 727 1306 in
742 1274 819 1307 solis
831 1273 1018 1314 mobilibus,
1027 1285 1095 1306 non
1108 1283 1157 1306 est
1169 1285 1283 1307 verum
1297 1273 1403 1306 dicere

340 1330 372 1354 et
395 1321 581 1365 praedicare
606 1322 646 1356 de
671 1323 855 1355 necessario
879 1322 1088 1365 simpliciter:
1113 1323 1189 1366 quia
1220 1322 1310 1366 quod
1330 1323 1404 1354 sim-

339 1369 466 1413 pliciter
489 1368 707 1403 necessarium
732 1379 790 1410 est,
814 1382 882 1403 non
902 1379 1011 1413 potest
1034 1370 1125 1403 aliter
1144 1382 1223 1403 esse.
1245 1371 1403 1404 Possibile

339 1427 450 1451 autern
473 1419 648 1463 physicum
669 1428 776 1462 potest
800 1420 845 1451 sic
865 1428 897 1451 et
919 1418 1011 1451 aliter
1034 1430 1115 1458 esse,
1140 1428 1176 1451 ut
1200 1418 1324 1452 dictum
1345 1428 1403 1452 est.

339 1467 441 1500 Addit
455 1477 565 1500 autem
584 1468 618 1511 ly
641 1468 821 1512 simpliciter,
847 1468 1003 1511 quoniam
1020 1468 1239 1500 necessarium
1256 1476 1305 1500 est
1323 1467 1405 1500 mul-

339 1515 448 1559 tiplex.
476 1516 657 1556 Quoddam
686 1517 773 1548 enim
809 1525 858 1548 est
881 1515 921 1548 ad
945 1515 1027 1548 bene
1056 1527 1140 1556 esse,
1170 1515 1338 1560 quoddam
1365 1527 1404 1548 ex

339 1565 582 1608 suppositione:
608 1564 648 1597 de
677 1564 795 1608 quibus
824 1575 890 1596 non
926 1573 975 1596 est
999 1573 1147 1597 nostrum
1172 1573 1322 1604 tractare,
1346 1563 1403 1597 sed

338 1612 551 1645 solummodo
572 1612 604 1645 id
622 1613 796 1645 insinuare.
813 1613 916 1652 Quod
936 1622 973 1645 ut
991 1622 1211 1656 praeservaret
1231 1625 1265 1645 se
1282 1612 1320 1646 ab
1341 1612 1403 1645 illis

337 1661 446 1694 modis
470 1661 641 1693 necessarii
665 1661 721 1704 qui
745 1672 812 1693 non
832 1660 973 1704 perfecte
997 1671 1030 1694 et
1053 1662 1190 1694 omnino
1210 1661 1330 1694 habent
1348 1673 1403 1694 ne-

338 1710 467 1742 cessarii
491 1710 673 1749 rationem,
706 1710 860 1753 apposuit
890 1709 924 1754 ly
949 1710 1128 1754 simpliciter.
1161 1711 1212 1743 De
1235 1710 1291 1743 tali
1315 1711 1403 1743 enim

337 1758 520 1790 necessario
545 1757 699 1801 possibile
732 1757 908 1802 physicum
936 1770 1003 1791 non
1031 1757 1224 1791 verificatur.
1252 1758 1403 1792 Alterum

338 1814 448 1838 autem
464 1805 620 1849 possibile
636 1805 794 1849 logicum,
808 1805 897 1850 quod
911 1807 944 1838 in
961 1806 1057 1839 rebus
1074 1806 1298 1840 immobilibus
1314 1807 1402 1840 inve-

338 1855 437 1894 nitur,
453 1866 568 1887 verum
593 1864 642 1887 est
666 1854 706 1888 de
731 1854 787 1887 illo
807 1855 993 1895 enunciare,
1010 1856 1168 1899 quoniam
1192 1855 1272 1887 nihil
1292 1867 1402 1889 neces-

339 1903 441 1934 sitatis
466 1902 588 1935 adimit.
615 1903 655 1935 Et
678 1914 736 1946 per
755 1902 818 1935 hoc
836 1902 974 1936 solvitur
990 1903 1072 1936 ratio
1096 1902 1227 1936 inducta
1240 1903 1255 1919 '¹‘
1271 1903 1311 1936 ad
1331 1915 1402 1947 par-

338 1958 405 1982 tem
430 1951 614 1993 negativam
644 1951 854 1994 quaestionis.
885 1951 1042 1984 Peccabat
1073 1950 1236 1996 siquidem
1260 1953 1293 1985 in
1324 1951 1401 1993 hoc,

328 1998 429 2043 quod
451 2010 490 2031 ex
506 1999 689 2031 necessario
705 1998 862 2031 inferebat
889 1998 1044 2042 possibile
1069 1999 1109 2032 ad
1130 2009 1294 2044 utrunque
1312 2001 1402 2044 quod

339 2048 540 2080 convertitur
563 2048 596 2079 in
621 2048 811 2091 oppositam
835 2047 1034 2091 qualitatem.

405 2097 435 2128 6.
456 2095 585 2129 Deinde
614 2095 792 2138 respondet
820 2096 1004 2139 quaestioni
1028 2095 1206 2130 formaliter
1229 2097 1400 2131 intendens

341 2143 431 2187 quod
452 2143 644 2176 affirmativa
660 2155 733 2187 pars
746 2144 762 2160 *
786 2145 986 2188 quaestionis
1010 2145 1150 2178 tenenda
1166 2146 1217 2185 sit,
1237 2145 1327 2189 quod
1344 2146 1402 2178 sci-

337 2191 413 2224 licet
436 2191 476 2224 ad
496 2192 716 2225 necessarium
747 2193 895 2236 sequitur
918 2192 1088 2236 possibile;
1113 2203 1145 2226 et
1161 2194 1304 2237 assignat
1327 2205 1401 2227 cau-

338 2251 417 2273 sam.
444 2241 534 2280 Quia
558 2240 597 2274 ad
622 2249 748 2284 partem
772 2241 986 2274 subiectivam
1010 2242 1158 2285 sequitur
1181 2244 1401 2276 constructive

338 2300 436 2321 suum
457 2297 564 2322 totum
587 2289 786 2329 universale;
806 2289 863 2322 sed
883 2291 1103 2323 necessarium
1127 2300 1176 2324 est
1199 2302 1273 2335 pars
1298 2291 1402 2325 subie-

339 2338 423 2370 ctiva
447 2337 627 2381 possibilis:
662 2338 738 2382 quia
765 2338 920 2382 possibile
950 2338 1107 2372 dividitur
1134 2339 1168 2372 in
1195 2339 1341 2383 logicum
1370 2349 1401 2373 et

338 2386 528 2430 physicum,
555 2395 587 2418 et
614 2386 674 2419 sub
702 2386 811 2429 logico
841 2387 1131 2430 comprehenditur
1162 2389 1400 2429 necessarium

339 2446 417 2477 ergo
434 2434 474 2467 ad
491 2435 709 2467 necessarium
723 2436 870 2479 sequitur
883 2435 1047 2479 possibile.
1062 2436 1159 2470 Unde
1172 2436 1265 2469 dicit:
1286 2437 1401 2479 Quare,

338 2484 481 2527 quoniam
492 2489 623 2527 partem,
644 2483 766 2517 scilicet
785 2484 1008 2524 subiectivam,
1025 2496 1123 2518 suum
1140 2493 1248 2518 totum
1272 2487 1401 2518 univer-

339 2531 404 2563 sale
419 2531 576 2575 sequitur,
596 2531 676 2564 illud
694 2532 783 2576 quod
807 2544 846 2565 ex
866 2533 1055 2565 necessitate
1076 2542 1135 2573 est,
1158 2533 1242 2566 idest
1258 2544 1402 2566 necessa-

338 2580 442 2620 rium,
467 2589 634 2623 tamquam
654 2589 779 2623 partem
803 2580 1034 2621 subiectivam,
1063 2583 1276 2626 consequitur
1303 2593 1400 2625 posse

339 2640 428 2667 esse,
453 2628 536 2661 idest
559 2627 725 2671 possibile,
746 2637 912 2673 tamquam
930 2638 1037 2662 totum
1054 2630 1245 2663 universale.
1271 2630 1326 2663 Sed
1341 2642 1400 2663 non

338 2677 473 2717 omnino,
506 2676 590 2710 idest
613 2676 670 2709 sed
694 2688 762 2709 non
786 2677 830 2709 ita
847 2677 937 2721 quod
963 2678 1070 2710 omnis
1094 2679 1219 2721 species
1236 2677 1399 2721 possibilis

339 2734 509 2769 sequatur;
534 2725 618 2757 sicut
641 2724 681 2758 ad
710 2724 880 2759 hominem
908 2726 1056 2769 sequitur
1083 2725 1220 2766 animal,
1250 2725 1307 2759 sed
1332 2738 1400 2760 non

339 2774 489 2813 omnino,
509 2773 592 2807 idest
609 2785 677 2807 non
696 2773 879 2807 secundum
897 2786 1013 2808 omnes
1029 2786 1103 2807 suas
1123 2784 1229 2818 partes
1252 2774 1401 2808 subiecti-

337 2833 394 2854 vas
412 2823 559 2866 sequitur
572 2821 611 2855 ad
624 2821 810 2855 hominem:
826 2834 894 2855 non
911 2824 999 2855 enim
1012 2822 1112 2855 valet:
1127 2831 1174 2855 est
1191 2822 1304 2863 homo,
1320 2835 1398 2866 ergo

338 2879 387 2904 est
406 2870 525 2903 animal
545 2869 738 2903 irrationale.
767 2871 807 2903 Et
830 2882 887 2914 per
907 2870 970 2903 hoc
990 2870 1180 2903 confirmata
1196 2872 1321 2904 ratione
1346 2871 1398 2905 ad-

339 2919 435 2952 ducta
455 2919 493 2952 ad
515 2928 641 2962 partem
659 2918 901 2959 affirmativam,
924 2920 1106 2963 expressius
1124 2919 1221 2952 solvit
1239 2920 1398 2953 rationem

338 2967 512 3001 adductam
532 2966 571 3000 ad
592 2976 717 3010 partem
733 2967 927 3010 negativam,
944 2979 1026 3011 quae
1044 2967 1198 3011 peccabat
1217 2967 1398 3001 secundum

338 3015 496 3048 fallaciam
521 3016 767 3059 consequentis,
792 3015 932 3049 inferens
956 3028 995 3049 ex
1020 3016 1202 3049 necessario
1226 3016 1398 3059 possibile,

339 3063 568 3097 descendendo
596 3063 635 3096 ad
656 3075 755 3096 unam
776 3063 941 3107 possibilis
965 3064 1119 3107 speciem,
1138 3073 1173 3096 ut
1188 3063 1228 3097 de
1245 3075 1278 3096 se
1298 3073 1396 3107 patet.

400 3123 430 3154 7.
452 3112 580 3146 Deinde
600 3123 675 3144 cum
693 3111 786 3144 dicit:
806 3112 845 3144 Et
862 3119 903 3145 est
910 3112 1040 3156 fortasse
1056 3112 1174 3156 quidem
1186 3121 1258 3152 etc„
1271 3112 1399 3146 ordinat

337 3160 467 3194 easdem
492 3159 673 3193 modalium
698 3161 947 3204 consequentias
971 3159 1035 3192 alio
1059 3161 1139 3200 situ,
1163 3160 1398 3205 praeponendo

337 3209 556 3242 necessarium
573 3208 726 3242 omnibus
743 3208 813 3241 aliis
830 3209 947 3242 modis.
974 3209 1015 3242 Et
1035 3210 1117 3242 circa
1134 3208 1197 3242 hoc
1217 3209 1284 3242 duo
1304 3209 1397 3242 facit:

338 3257 455 3300 primo,
472 3258 628 3301 proponit
647 3257 737 3301 quod
755 3257 907 3298 intendit;
931 3257 1088 3298 secundo,
1105 3258 1247 3300 assignat
1267 3269 1398 3290 causam

338 3304 414 3337 dicti
428 3304 567 3345 ordinis;
581 3305 639 3338 ibi:
660 3305 859 3350 Manifestum
875 3312 916 3338 est
932 3306 1054 3339 autem*
1070 3315 1130 3338 etc.
1144 3306 1233 3339 Dicit
1245 3315 1339 3349 ergo:
1358 3306 1399 3339 Et

338 3360 377 3386 est
381 3354 511 3397 fortasse
515 3353 697 3398 principium
709 3354 844 3386 omnium
856 3354 1097 3387 enunciationum
1110 3354 1275 3388 modalium
1282 3354 1330 3387 vel
1341 3365 1398 3387 esse

337 3402 383 3434 vel
398 3413 456 3434 non
473 3413 541 3442 esse,
553 3401 647 3441 idest,
656 3401 923 3436 affirmativarum
938 3402 989 3435 vel
1007 3403 1242 3446 negativarum,
1255 3414 1398 3435 necessa-

338 3450 422 3482 rium
442 3459 473 3482 et
492 3461 559 3482 non
576 3452 804 3484 necessarium.
823 3452 863 3484 Et
883 3460 1015 3495 oportet
1035 3450 1239 3484 considerare
1256 3450 1327 3491 alia,
1340 3451 1398 3484 sci·

338 3496 422 3536 licet,
442 3497 595 3540 possibile
622 3499 810 3542 contingere
827 3508 859 3532 et
879 3498 1080 3542 impossibile
1100 3510 1181 3539 esse,
1193 3500 1268 3532 sicut
1278 3499 1396 3539 horum,

339 3543 649 3585 scilicet‚necessarii
662 3555 694 3578 et
706 3557 774 3578 non
791 3547 973 3586 necessarii,
982 3547 1197 3590 consequentia,
1204 3546 1267 3579 hoc
1278 3546 1396 3580 modo:

1088 231 1207 267 PERI
1238 228 1585 265 HERMENEIAS
1623 229 1717 266 LIB.
1748 230 1780 265 ΙΙ

1606 315 1881 347 CONSEQUENTIAE
1904 317 2181 340 ENUNCIATIONUM
2205 317 2382 340 MODALIUM

1505 359 1684 382 SECUNDUM
1708 360 1867 387 QUATUOR
1892 361 2031 384 ORDINES
2055 361 2131 384 ALIO
2155 362 2378 385 CONVENIENTI
2408 361 2482 384 SITU

1646 404 1687 426 AB
1703 404 1905 428 ARISTOTELE
1921 405 2057 428 POSITAE
2073 406 2115 428 ET
2134 404 2340 442 ORDINATAE:

1570 464 1713 497 Primus
1737 465 1829 496 Ordo
2113 466 2298 498 Secundus
2322 466 2415 498 Ordo

2065 533 2178 558 Necesse
2197 538 2236 558 est
2254 540 2307 557 non
2326 540 2385 557 esse

2064 569 2123 593 Non
2142 569 2266 601 possibile
2285 573 2325 593 est
2344 575 2403 592 esse

2064 603 2123 628 Non
2142 603 2294 636 contingens
2314 608 2354 628 est
2372 611 2432 628 esse

2063 639 2228 672 Impossibile
2246 643 2286 663 est
2305 646 2365 664 esse

2115 697 2274 728 Quartus
2298 695 2391 727 Ordo

2064 758 2123 782 Non
2142 766 2250 783 necesse
2269 764 2309 783 est
2327 767 2380 784 non
2399 767 2459 785 esse

2065 793 2194 818 Possibile
2212 799 2252 818 est
2270 801 2330 819 esse

2065 828 2224 860 Contingens
2243 833 2284 854 est
2302 837 2361 854 esse

2064 863 2123 887 Non
2142 863 2305 896 impossibile
2323 869 2364 889 est
2382 872 2442 890 esse

1495 566 1553 590 Non
1573 567 1698 599 possibile
1717 572 1757 592 est
1776 575 1828 592 non
1848 575 1907 592 esse

1494 601 1553 625 Non
1572 602 1725 634 contingens
1744 608 1785 627 est
1803 611 1855 628 non
1875 611 1933 628 esse

1495 636 1659 669 Impossibile
1677 642 1718 662 est
1735 646 1788 663 non
1807 646 1867 663 esse

1569 693 1710 725 Tertius
1734 694 1828 726 Ordo

1494 756 1552 780 Non
1572 764 1680 782 necesse
1700 762 1740 782 est
1758 765 1818 782 esse

1495 792 1623 816 Possibile
1642 797 1682 816 est
1700 800 1753 817 non
1772 800 1832 817 esse

1495 827 1654 859 Contingens
1672 832 1712 852 est
1731 835 1783 852 non
1802 835 1862 852 esse

1494 863 1553 887 Non
1572 862 1734 895 impossibile
1753 867 1794 887 est
1812 870 1864 887 non
1883 870 1943 887 esse

1495 530 1608 556 Necesse
1626 537 1666 556 est
1685 540 1744 557 esse
2001 540 2011 672 Ν

1526 927 1628 961 Vides
1653 937 1763 961 autem
1786 928 1839 960 hic
1863 927 1945 960 nihil
1962 929 2184 968 immutatum,
2209 929 2271 961 nisi
2299 929 2390 973 quod
2413 942 2526 964 neces-

1460 976 1562 1008 sariae
1586 987 1669 1020 quae
1692 975 1847 1009 ultimum
1875 976 1987 1009 locum
2014 975 2185 1017 tenebant,
2217 978 2361 1021 primum
2392 980 2524 1012 sortitae

1460 1034 1546 1058 sunt.
1562 1025 1665 1065 Quod
1682 1037 1761 1058 vero
1781 1025 1862 1058 dixit
1870 1025 2011 1069 fortasse,
2029 1037 2097 1058 non
2117 1025 2305 1067 dubitantis,
2325 1027 2382 1060 sed
2402 1027 2524 1073 absque

1461 1073 1673 1107 determinata
1696 1074 1821 1107 ratione
1845 1084 1914 1106 rem
1938 1074 2154 1116 proponentis
2178 1082 2236 1107 est.

1526 1123 1556 1155 8.
1582 1122 1709 1156 Deinde
1739 1134 1815 1155 cum
1839 1121 1931 1155 dicit:
1962 1121 2161 1165 Manifestum
2184 1129 2225 1155 est
2247 1130 2349 1157 autem
2373 1134 2450 1166 ete.,
2478 1127 2525 1159 in-

1460 1170 1563 1204 tendit
1587 1172 1750 1215 assignare
1771 1182 1902 1203 causam
1927 1170 2003 1203 dicti
2020 1169 2153 1203 ordinis.
2179 1172 2220 1204 Et
2238 1173 2357 1215 primo,
2382 1175 2525 1218 assignat

1461 1230 1603 1260 causam,
1620 1231 1719 1264 quare
1743 1219 1969 1263 praeposuerit
1993 1220 2213 1252 necessarium
2236 1221 2384 1264 possibili
2408 1222 2462 1256 tali
2478 1223 2526 1256 ra'·

1461 1268 1559 1301 tione.
1586 1269 1830 1313 Sempiternum
1854 1277 1903 1301 est
1919 1269 2009 1311 prius
2026 1269 2214 1312 temporali;
2230 1269 2287 1303 sed
2303 1272 2524 1304 necessarium

1461 1315 1539 1349 dicit
1562 1318 1851 1361 sempiternitatem
1875 1316 1968 1361 (quia
1985 1316 2062 1349 dicit
2082 1328 2152 1349 esse
2169 1317 2203 1350 in
2219 1327 2303 1359 actu,
2320 1318 2524 1353 excludendo

1461 1376 1595 1398 omnem
1623 1366 1888 1405 mutabilitatem,
1916 1373 1948 1398 et
1971 1374 2209 1409 consequenter
2231 1367 2523 1411 temporalitatem,

1462 1426 1544 1457 quae
1573 1415 1643 1447 sine
1670 1424 1764 1448 motu
1793 1426 1862 1447 non
1885 1423 1935 1447 est
1957 1415 2205 1460 imaginabilis),
2229 1416 2384 1459 possibile
2413 1426 2523 1450 autem

1461 1462 1539 1495 dicit
1562 1463 1836 1507 temporalitatem
1860 1463 1953 1507 (quia
1976 1474 2045 1496 non
2068 1463 2211 1497 excludit
2228 1466 2308 1509 quin
2324 1467 2429 1510 possit
2451 1477 2523 1499 esse

1461 1519 1493 1543 et
1516 1522 1584 1544 non
1608 1512 1716 1556 esse);
1740 1523 1819 1554 ergo
1843 1523 1975 1544 necesse
2003 1513 2122 1545 merito
2150 1514 2240 1557 prius
2264 1515 2400 1558 ponitur
2423 1526 2523 1559 quam

1461 1560 1626 1603 possibile.
1648 1560 1744 1594 Unde
1768 1561 1855 1601 dicit,
1878 1561 2097 1604 proponendo
2121 1562 2299 1597 minorem:
2323 1563 2525 1607 Manifestum

1460 1615 1501 1642 est
1516 1615 1615 1643 autem
1627 1621 1663 1642 ex
1675 1610 1719 1642 his
1730 1620 1807 1654 quae
1823 1609 1901 1642 dicta
1916 1616 1987 1642 sunt
2002 1618 2074 1650 etc„
2088 1610 2255 1644 tractando
2268 1611 2308 1644 de
2324 1613 2523 1645 necessario:

1460 1659 1617 1702 quoniam
1641 1658 1674 1691 id
1698 1658 1787 1702 quod
1808 1664 1851 1691 'ex
1866 1658 2056 1691 necessitate
2074 1668 2133 1699 est,
2150 1660 2332 1693 secundum
2349 1669 2458 1694 actum
2474 1670 2524 1694 est

1459 1707 1617 1747 totaliter,
1641 1706 1763 1740 scilicet
1795 1708 1870 1751 quia
1894 1718 2028 1740 omnem
2052 1707 2194 1741 excludit
2217 1708 2467 1742 mutabilitatem
2490 1719 2524 1743 et

1458 1757 1640 1799 potentiam
1663 1756 1703 1789 ad
1723 1757 1932 1800 oppositum:
1949 1756 1976 1788 si
1996 1757 2084 1788 enim
2104 1757 2221 1789 mutari
2240 1766 2354 1801 posset
2367 1759 2401 1791 in
2417 1769 2524 1803 oppo-

1458 1805 1558 1837 situm
1582 1804 1693 1848 aliquo
1714 1803 1827 1844 modo,
1844 1804 1908 1836 iam
1925 1814 1993 1836 non
2010 1813 2095 1836 esset
2118 1806 2348 1839 necessarium.
2363 1826 2377 1831 -
2394 1806 2522 1840 Deinde

1458 1852 1567 1886 subdit
1590 1854 1749 1886 maiorem
1772 1863 1831 1896 per
1854 1852 1994 1885 modum
2023 1852 2243 1886 antecedentis
2273 1854 2521 1888 conditionalis:

1461 1901 1566 1943 Quare
1591 1902 1617 1934 si
1637 1902 1743 1945 priora
1765 1907 1836 1934 sunt
1858 1901 2036 1945 sempiterna
2060 1901 2271 1945 temporalibus
2294 1912 2355 1936 etc.
2368 1923 2380 1928 -
2394 1903 2521 1937 Ultimo

1457 1950 1551 1993 ponit
1575 1949 1841 1982 conclusionem:
1866 1957 1898 1982 et
1922 1960 2005 1993 quae
2030 1958 2103 1982 actu
2129 1959 2205 1982 sunt
2226 1952 2378 1992 omnino,
2397 1951 2522 1986 scilicet

1457 1999 1648 2038 necessaria,
1661 1999 1770 2042 priora
1791 2007 1869 2030 sunt
1896 2006 2067 2041 potestate,
2093 1997 2177 2031 idest
2199 1999 2421 2042 possibilibus,
2437 2012 2521 2045 quae

1457 2048 1595 2080 omnino
1619 2055 1692 2080 actu
1717 2058 1787 2079 esse
1811 2057 1879 2079 non
1903 2055 2044 2090 ponunt,
2068 2046 2144 2079 licet
2168 2048 2419 2091 compatiantur.

1523 2106 1552 2138 9.
1573 2094 1701 2128 Deinde
1719 2106 1794 2128 cum
1814 2094 1905 2128 dicit:
1925 2095 1965 2128 Et
1987 2095 2042 2128 hae
2064 2095 2181 2139 quidem
2198 2104 2268 2136 etc.,
2289 2097 2431 2140 assignat
2449 2109 2523 2131 cau-

1456 2155 1526 2177 sam
1549 2145 1650 2177 totius
1675 2143 1798 2177 ordinis
1815 2155 1833 2176 a
1849 2155 1883 2176 se
1900 2144 1984 2177 inter
1999 2144 2146 2178 modales
2169 2146 2291 2186 statuti,
2310 2145 2366 2179 tali
2385 2147 2520 2181 ratione.

1457 2194 1610 2230 Universi
1629 2192 1745 2237 triplex
1762 2200 1811 2225 est
1826 2191 1955 2235 gradus.
1974 2192 2148 2232 Quaedam
2165 2202 2242 2226 sunt
2256 2202 2328 2227 actu
2347 2195 2416 2228 sine
2432 2204 2524 2239 pote-

1457 2250 1548 2282 state,
1572 2241 1655 2275 idest
1670 2241 1739 2273 sine
1756 2240 1899 2273 admixta
1917 2242 2074 2284 potentia,
2091 2250 2127 2274 ut
2142 2242 2267 2285 primae
2283 2242 2494 2285 substantiae,
2506 2263 2521 2270 -

1456 2302 1524 2324 non
1552 2290 1624 2323 illae
1653 2301 1733 2334 quas
1763 2290 1797 2322 in
1826 2290 1987 2333 praesenti
2018 2289 2159 2323 diximus
2187 2291 2326 2334 primas,
2358 2303 2399 2325 eo
2430 2292 2521 2337 quod

1456 2338 1676 2383 principaliter
1695 2347 1727 2371 et
1745 2339 1887 2371 maxime
1907 2338 2066 2378 substent,
2086 2339 2143 2372 sed
2167 2339 2240 2373 illae
2260 2351 2344 2384 quae
2363 2349 2440 2374 sunt
2459 2341 2522 2384 pri-

1456 2400 1539 2428 mae,
1564 2388 1640 2432 quia
1664 2387 1815 2420 omnium
1839 2398 1949 2420 rerum
1973 2396 2050 2420 sunt
2066 2399 2193 2429 causae,
2210 2388 2446 2432 Intelligentiae
2463 2390 2522 2422 sci-

1456 2436 1539 2470 licet.
1553 2436 1651 2470 -Alia
1675 2444 1751 2469 sunt
1775 2443 1848 2468 actu
1874 2447 1950 2468 cum
1975 2436 2199 2480 possibilitate,
2224 2446 2260 2470 ut
2283 2438 2395 2471 omnia
2417 2437 2522 2472 mobi-

1456 2485 1508 2525 lia,
1525 2496 1608 2529 quae
1628 2484 1810 2517 secundum
1829 2483 1862 2517 id
1883 2483 1972 2528 quod
1996 2484 2115 2518 habent
2140 2484 2179 2518 de
2203 2494 2276 2518 actu
2311 2494 2388 2519 sunt
2410 2487 2520 2530 priora

1455 2542 1570 2566 natura
1593 2533 1708 2576 seipsis
1733 2530 1916 2565 secundum
1940 2532 1972 2566 id
1993 2532 2083 2576 quod
2106 2532 2227 2566 habent
2247 2533 2286 2567 de
2305 2535 2463 2578 potentia,
2482 2534 2519 2568 li-

1456 2590 1507 2614 cet
1525 2593 1542 2614 e
1563 2589 1675 2613 contra
1695 2580 1746 2620 sit,
1763 2579 1952 2623 aspiciendo
1969 2579 2120 2613 ordinem
2136 2582 2305 2625 temporis.
2327 2582 2412 2615 Sunt
2429 2583 2518 2616 enim

1455 2629 1637 2663 secundum
1665 2628 1698 2661 id
1729 2628 1819 2672 quod
1847 2627 1967 2661 habent
1997 2628 2037 2661 de
2060 2630 2206 2672 potentia
2229 2631 2338 2673 priora
2369 2638 2519 2674 tempore

1455 2679 1570 2721 seipsis
1593 2676 1775 2710 secundum
1799 2675 1832 2709 id
1856 2676 1946 2720 quod
1971 2676 2090 2709 habent
2114 2677 2153 2710 de
2177 2686 2261 2710 actu.
2287 2678 2387 2711 Verbi
2403 2679 2517 2722 gratia,

1456 2727 1605 2760 Socrates
1636 2725 1726 2768 prius
1751 2724 1934 2758 secundum
1962 2734 2092 2769 tempus
2119 2734 2247 2769 poterat
2279 2738 2349 2760 esse
2373 2726 2518 2771 philoso-

1454 2775 1560 2819 phus,
1587 2773 1703 2807 deinde
1726 2772 1788 2805 fuit
1811 2773 1977 2806 actualiter
2004 2774 2234 2818 philosophus.
2259 2775 2411 2809 Potentia
2437 2787 2516 2820 ergo

1454 2822 1618 2867 praecedit
1641 2830 1750 2854 actum
1774 2821 1957 2855 secundum
1978 2822 2127 2856 ordinem
2148 2824 2305 2867 temporis
2322 2825 2355 2856 in
2373 2825 2518 2866 Socrate,

1454 2871 1567 2905 ordine
1596 2879 1705 2903 autem
1730 2879 1886 2911 naturae,
1910 2870 2117 2914 perfectionis
2143 2880 2175 2904 et
2202 2871 2365 2915 dignitatis
2397 2884 2414 2906 e
2439 2884 2517 2907 con-

1453 2931 1549 2953 verso
1577 2919 1746 2962 contingit.
1772 2919 1866 2952 Prior
1890 2920 1978 2952 enim
2002 2919 2184 2953 secundum
2204 2920 2406 2964 dignitatem,
2434 2921 2517 2956 idest

1454 2969 1583 3012 dignior
1599 2976 1631 3000 et
1646 2966 1819 3011 perfectior
1842 2966 2020 3000 habebatur
2037 2967 2186 3001 Socrates
2204 2980 2279 3002 cum
2296 2969 2517 3014 philosophus

1454 3016 1620 3050 actualiter
1636 3024 1712 3055 erat,
1729 3026 1829 3059 quam
1846 3026 1923 3047 cum
1946 3015 2166 3060 philosophus
2183 3028 2253 3050 esse
2273 3026 2409 3061 poterat.
2424 3018 2520 3052 Prae·

1454 3074 1604 3109 posterus
1633 3073 1682 3097 est
1709 3065 1807 3107 igitur
1835 3063 1918 3097 ordo
1941 3065 2107 3107 potentiae
2135 3073 2182 3099 et
2191 3074 2281 3098 actus
2306 3067 2339 3098 in
2363 3075 2516 3108 unomet‚

1454 3122 1594 3157 utroque
1606 3111 1870 3153 ordine,scilicet,
1884 3121 2018 3145 naturae
2037 3121 2069 3146 et
2086 3114 2242 3157 temporis
2263 3122 2396 3150 attento
2411 3135 2424 3140 -
2442 3115 2517 3149 Alia

1453 3173 1532 3195 vero
1547 3173 1717 3206 nunquam
1741 3170 1818 3194 sunt
1841 3170 1913 3195 actu
1938 3161 1994 3195 sed
2010 3170 2171 3206 potestate
2187 3171 2324 3205 tantum,
2342 3173 2378 3198 ut
2393 3173 2516 3205 motuS,

1453 3219 1595 3254 tempus,
1603 3209 1728 3243 infinita
1745 3209 1862 3243 divisio
1879 3210 2126 3254 magnitudiniS,
2136 3220 2168 3244 et
2183 3210 2309 3245 infinita
2328 3221 2517 3256 augmenta·

1454 3260 1500 3292 tio
1517 3259 1655 3291 numeri.
1673 3259 1762 3291 Haec
1779 3259 1878 3298 enim,
1896 3267 1932 3292 ut
1949 3259 1998 3292 IX
2013 3259 2184 3304 Metaphys.
2201 3259 2327 3300 dicitur,
2344 3271 2514 3304 nunquam

1454 3315 1573 3340 exeunt
1596 3307 1629 3339 in
1653 3315 1773 3347 actum,
1790 3307 1947 3351 quoniam
1969 3318 2086 3340 eorum
2101 3308 2218 3340 rationi
2234 3317 2403 3352 repugnat.
2422 3308 2516 3342 Nun-

1454 3367 1552 3399 quam
1577 3356 1664 3388 enim
1689 3354 1811 3399 aliquid
1835 3355 1955 3388 horum
1979 3356 2023 3389 ita
2046 3365 2095 3389 est
2118 3357 2197 3400 quin
2211 3356 2343 3401 aliquid
2370 3357 2440 3389 eius
2463 3367 2514 3389 ex-

1453 3411 1610 3447 pectetur‚
1623 3412 1655 3436 et
1674 3413 1912 3448 consequenter
1927 3415 2097 3448 nunquam
2114 3416 2184 3438 esse
2200 3414 2308 3453 potest
2323 3405 2385 3438 nisi
2403 3404 2438 3437 in
2457 3415 2516 3447 po-

1453 3452 1562 3484 tentia.
1581 3451 1645 3485 Sed
1669 3451 1708 3486 de
1732 3452 1782 3485 his
1807 3452 1870 3486 alio
1895 3452 2099 3486 tractandum
2123 3462 2172 3486 est
2194 3438 2279 3486 loco.

1520 3510 1549 3542 9.
1564 3499 1663 3533 Nunc
1687 3499 1766 3533 haec
1790 3500 1864 3533 ideo
1889 3500 1973 3534 dicta
1989 3501 2055 3534 sint
2074 3509 2120 3542 ut,
2138 3502 2285 3544 inspecto
2305 3499 2418 3533 ordine
2437 3501 2511 3532 uni-

1452 3549 1548 3588 versi,
1567 3557 1720 3592 appareat
1739 3548 1829 3592 quod
1852 3548 1945 3582 illum
1969 3549 2085 3582 imitati
2108 3560 2222 3582 sumus
2246 3549 2280 3582 in
2296 3557 2410 3581 nostro
2426 3548 2515 3582 ordi-
