2788 4204
76 491 88 499 '
99 490 156 517 Cap.
167 496 203 516 vt,
224 496 272 511 n.t.
284 502 293 506 -

79 516 211 538 Comment.
222 516 292 538 s.Th.

80 543 137 564 lect.
146 549 176 564 xr.

79 570 87 578 ·
98 575 139 591 cn:
150 571 231 590 contra
242 569 292 591 hoc.

77 811 86 819 “
97 809 133 831 Cf.
143 810 195 831 lect.
206 815 291 837 praec„

76 842 99 857 n.
115 842 138 863 9.

78 971 87 979 ·
93 976 115 991 κ
122 968 290 991 consideratio—

79 1002 145 1021 nem:
158 996 195 1017 alii
206 995 287 1017 codd.:

77 1022 287 1044 considerationes.

72 1766 82 1775 ·
95 1770 137 1786 ae:
146 1765 245 1787 divisas.

74 1819 86 1850 ζ
94 1824 108 1839 Α
117 1818 206 1840 omittit
215 1820 240 1840 et
252 1820 285 1840 et-

75 1850 131 1866 nam.

326 242 369 277 16
1072 238 1190 274 PERI
1222 234 1570 272 HERMENEIAS
1605 236 1700 272 LIB.
1731 237 1744 271 Ι

321 319 358 355 in
387 320 458 355 hac
478 319 646 356 secunda
675 318 896 368 operatione
916 318 1136 362 intellectus,
1158 315 1254 352 idest
1283 326 1387 350 com-

319 373 495 420 ponentis
521 381 556 408 et
585 372 806 418 dividentis,
842 370 1031 407 invenitur
1058 369 1196 406 veritas
1227 375 1263 404 et
1291 367 1388 403 falsi-

320 433 394 461 tas:
428 425 643 474 relinquens
678 425 782 473 quod
824 424 861 460 in
894 423 1018 471 prima
1054 421 1274 470 operatione
1309 433 1388 457 non

322 478 522 525 invenitur,
542 486 584 514 ut
612 478 724 514 etiam
745 477 901 514 traditur
930 476 967 511 in
997 476 1045 511 III
1066 476 1126 511 De
1154 475 1283 510 anima
1302 474 1330 510 ²¹⁴.

401 544 438 578 4.
470 532 546 567 Sed
582 531 678 566 circa
709 531 728 551 '¹‘
759 531 833 566 hoc
860 528 985 577 primo
1015 527 1166 564 videtur
1200 539 1283 563 esse
1319 527 1386 564 du-

321 584 446 621 bium:
468 584 555 631 quia
584 595 671 619 cum
693 583 828 619 divisio
858 583 924 618 fiat
951 593 1020 630 per
1040 580 1311 617 resolutionem
1339 580 1387 617 ad

320 637 558 674 indivisibilia
587 636 667 672 sive
696 635 891 684 simplicia,
912 634 1064 671 videtur
1092 634 1197 682 quod
1226 633 1321 670 sicut
1349 633 1387 670 in

320 690 550 738 simplicibus
579 702 657 726 non
678 696 733 725 est
759 688 898 725 veritas
918 689 979 724 vel
1009 687 1158 734 falsitas,
1180 687 1230 723 ita
1254 699 1325 723 nec
1349 686 1387 723 in

320 742 642 780 divisione-Sed
672 742 877 779 dicendum
917 749 972 778 est
996 740 1101 790 quod
1131 752 1219 776 curn
1249 752 1384 776 conce-

316 796 464 844 ptiones
502 796 709 833 intellectus
738 795 811 832 sint
843 794 1105 832 similitudines
1135 806 1262 830 rerum
1281 794 1311 840 ³⁸,
1343 806 1387 830 ea

318 861 414 897 quae
442 849 539 886 circa
558 849 788 886 intellectum
815 857 902 885 sunt
931 847 1127 896 dupliciter
1156 846 1386 883 considerari

317 909 353 938 et
372 902 559 939 nominari
578 910 749 951 possunt.
762 903 848 939 Uno
870 902 1002 948 modo,
1015 901 1218 937 secundum
1234 912 1291 936 se:
1313 899 1385 936 alio

316 955 447 1001 modo,
467 957 672 993 secundum
701 956 864 993 rationes
888 957 908 975 ⁴⁴*
933 967 1062 991 rerum
1097 966 1259 1003 quarum
1298 961 1385 990 sunt

316 1007 588 1047 similitudines.
612 1009 717 1046 Sicut
743 1009 870 1057 imago
901 1007 1074 1045 Herculis
1103 1007 1315 1044 secundum
1345 1020 1385 1044 se

315 1061 470 1110 quidem
500 1062 635 1100 dicitur
654 1071 691 1099 et
710 1070 766 1100 est
789 1074 968 1110 cuprum;
993 1062 1031 1098 in
1051 1068 1236 1110 quantum
1257 1068 1385 1097 autern

316 1122 371 1151 est
418 1115 623 1153 similitudo
677 1116 852 1153 Herculis
894 1115 1113 1152 nominatur
1158 1115 1282 1151 homo.
1323 1114 1386 1151 Sic

315 1168 441 1216 etiam,
463 1169 492 1205 si
514 1170 799 1207 consideremus
829 1181 874 1205 ea
902 1181 1000 1217 quae
1025 1176 1111 1205 sunt
1132 1167 1230 1204 circa
1244 1167 1385 1204 intelle-

315 1228 418 1258 ctum
447 1223 660 1260 secundum
690 1235 742 1269 se,
772 1235 925 1271 semper
953 1229 1009 1258 est
1042 1221 1290 1269 compositio,
1319 1222 1386 1258 ubi

315 1282 370 1311 est
396 1276 535 1313 veritas
556 1284 592 1313 et
619 1276 774 1322 falsitas;
796 1288 893 1325 quae
913 1288 1111 1324 nunquam
1139 1274 1329 1311 invenitur
1348 1275 1387 1312 in

313 1327 522 1376 intellectu,
547 1329 617 1366 nisi
645 1342 714 1378 p-er
741 1330 816 1366 hoc
850 1329 955 1377 quod
983 1329 1191 1366 intellectus
1230 1340 1385 1376 compa-

316 1389 372 1418 rat
398 1394 520 1419 unum
541 1382 753 1432 simplicem
783 1390 1012 1430 conceptum
1033 1382 1148 1419 alteri.
1172 1381 1250 1417 Sed
1278 1380 1308 1416 si
1329 1393 1385 1417 re-

315 1434 454 1472 feratur
483 1435 531 1472 ad
564 1449 664 1482 rem,
695 1435 926 1484 quandoque
962 1434 1096 1472 dicitur
1133 1433 1383 1482 compositio,

315 1489 546 1537 quandoque
585 1489 719 1526 dicitur
756 1488 904 1526 divisio.
945 1488 1171 1537 Compositio
1209 1486 1383 1536 quidem,

315 1541 469 1590 quando
489 1542 697 1579 intellectus
718 1549 914 1591 comparat
941 1553 1063 1578 unum
1084 1548 1313 1589 conceptum
1333 1541 1384 1577 al-

314 1594 394 1642 teri,
415 1595 523 1643 quasi
552 1595 843 1644 apprehendens
868 1595 1166 1633 coniunctionem
1196 1601 1260 1630 aut
1285 1594 1385 1631 iden-

314 1648 452 1685 titatem
482 1661 623 1696 rerum,
645 1661 807 1698 quarum
837 1657 923 1686 sunt
943 1648 1230 1697 conceptiones;
1251 1647 1382 1684 divisio

314 1708 463 1748 autem,
494 1702 648 1750 quando
679 1702 731 1739 sic
765 1709 962 1751 comparat
995 1714 1117 1739 unum
1154 1708 1383 1750 conceptum

313 1754 428 1802 alteri,
444 1762 486 1791 ut
514 1756 775 1804 apprehendat
807 1769 867 1793 res
897 1768 980 1793 esse
1009 1755 1178 1793 diversas
1194 1756 1226 1792 ⁴⁵.
1243 1755 1292 1792 Et
1315 1767 1385 1803 per

312 1808 415 1844 hunc
443 1807 557 1845 etiarn
575 1809 595 1830 *
614 1809 776 1846 modum
792 1809 830 1846 in
844 1810 1006 1847 vocibus
1026 1808 1229 1846 affirmatio
1250 1807 1384 1845 dicitur

314 1861 553 1910 compositio,
583 1862 621 1899 in
651 1870 836 1912 quantum
866 1862 1175 1900 coniunctionem
1204 1874 1250 1899 ex
1277 1868 1383 1910 parte

313 1914 366 1951 rei
382 1914 583 1962 significat3
603 1916 753 1964 negatio
773 1929 868 1953 vero
889 1915 1024 1953 dicitur
1044 1915 1193 1962 divisio,
1205 1915 1244 1952 in
1263 1927 1382 1964 quan-

312 1975 394 2004 tum
424 1968 607 2016 significat
635 1982 763 2006 rerum
793 1970 1084 2019 separationem.

313 2105 338 2124 et
356 2099 462 2123 nomine
482 2098 619 2123 divisionis
638 2099 669 2123 ad
689 2099 878 2130 designandum
899 2098 1020 2123 iudicium
1036 2099 1197 2132 negativum.
1217 2098 1384 2123 Aristotelem

313 2134 417 2167 sequuti
436 2139 498 2159 sunt
517 2133 682 2165 Scholastici,
703 2139 727 2158 et
746 2134 821 2160 bene.
847 2134 947 2159 Revera
965 2134 1035 2159 enim
1059 2142 1134 2159 mens
1154 2134 1179 2158 in
1199 2134 1298 2158 iudiciis
1318 2132 1384 2158 affir-

313 2170 415 2195 mativis
434 2170 493 2195 dicit
511 2170 686 2202 praedicatum
701 2170 788 2195 inesse
806 2169 932 2201 subiecto,
951 2175 978 2195 et
996 2170 1054 2195 ideo
1069 2169 1144 2202 quasi
1158 2169 1294 2202 componit
1311 2176 1384 2202 prae-

313 2206 426 2231 dicatum
445 2213 505 2230 cum
525 2205 642 2230 subiecto
657 2205 682 2230 in
702 2206 815 2238 quadarn
832 2206 907 2231 ideali
926 2205 1038 2236 unitate;
1058 2213 1137 2238 quam
1152 2205 1178 2230 in
1193 2205 1292 2230 iudiciis
1307 2212 1386 2237 nega-

313 2241 370 2266 tivis
390 2241 451 2274 quia
469 2245 558 2273 negat,
584 2241 642 2266 ideo
661 2241 687 2265 in
706 2241 762 2266 istis
783 2241 880 2266 dividit
898 2240 1074 2274 praedicatum
1094 2248 1108 2266 a
1127 2241 1320 2266 subiecta-Et
1338 2240 1386 2265 hac

313 2277 389 2302 etiam
405 2277 436 2301 de
455 2277 553 2301 ratione
567 2277 756 2309 praedicatum
770 2277 869 2310 passim
887 2283 995 2302 vocatur
1013 2285 1028 2302 a
1047 2276 1212 2302 Scholasticis
1226 2277 1320 2309 passio
1345 2274 1386 2310 (et

308 2312 401 2345 passio
415 2312 530 2344 propria
553 2312 727 2345 praedicatum
755 2313 902 2345 exprimens
930 2313 1028 2346 aliquid
1047 2312 1199 2345 proprium,
1219 2313 1286 2337 idest
1306 2320 1320 2337 a
1340 2319 1383 2336 su-

314 2348 397 2372 biecto
413 2347 609 2382 inseparabile):
626 2355 685 2372 nam
700 2348 726 2372 in
741 2348 840 2373 iudiciis
860 2347 1018 2374 affirmativis
1038 2348 1185 2374 subiectum
1200 2348 1344 2380 concipitur
1356 2351 1386 2372 ut

315 2383 442 2415 recipiens
456 2383 653 2416 quodammodo
672 2383 859 2415 praedicatum
879 2389 905 2409 et
922 2385 1009 2410 omnis
1029 2384 1144 2416 receptio
1163 2389 1269 2410 extensa
1287 2382 1384 2417 signifi-

315 2419 414 2444 catione
437 2423 523 2451 potest
547 2419 595 2443 dici
614 2419 718 2451 passio,
738 2424 767 2443 ut
790 2420 847 2444 lect.
866 2420 993 2452 praeced.,
1013 2429 1038 2444 n.
1058 2418 1074 2443 6
1099 2419 1124 2444 in
1139 2425 1200 2445 nota
1220 2417 1234 2443 θ
1253 2427 1312 2444 cum
1327 2419 1385 2452 ipso

315 2462 337 2480 s.
348 2454 452 2479 Thoma
470 2454 737 2486 explicavimus.-At
754 2462 785 2479 ex
803 2462 836 2479 eo
861 2456 932 2487 quod
952 2455 1079 2481 iudicium
1105 2455 1252 2489 componit,
1271 2462 1324 2480 non
1344 2463 1385 2479 se-

315 2490 403 2523 quitur
426 2490 497 2522 quod
521 2489 607 2522 ipsum
631 2489 665 2514 sit
687 2495 759 2514 actus
787 2491 907 2515 mentalis
933 2491 1104 2524 compositus.
1128 2492 1206 2516 Plura
1228 2490 1386 2524 praecedunt

315 2525 421 2559 quidem
445 2525 576 2555 iudicium,
595 2532 663 2558 quae
681 2525 817 2557 requirunt
835 2526 982 2558 pluritatem
1006 2531 1111 2551 actuum
1130 2526 1294 2557 mentalium,
1319 2526 1386 2550 sicut

315 2566 377 2586 sunt
394 2560 616 2593 apprehensiones
635 2560 742 2585 subiecti
763 2566 789 2585 et
808 2561 959 2593 praedicati,
983 2569 1075 2587 eorum
1095 2562 1126 2586 ad
1145 2562 1255 2587 invicem
1278 2568 1385 2594 compa-

315 2597 387 2622 ratio
393 2603 402 2626 ,·
425 2601 451 2621 at
469 2595 532 2620 haec
551 2600 613 2620 sunt
635 2596 834 2629 praesupposita
858 2597 957 2627 iudicii,
983 2605 1035 2622 non
1055 2598 1178 2622 iudicium
1198 2597 1294 2630 ipsum,
1313 2597 1385 2629 quod

315 2637 399 2657 totum
427 2630 558 2664 perficitur
585 2631 610 2656 in
639 2630 788 2656 affirmanda
812 2632 885 2664 (est)
909 2632 950 2657 vel
977 2633 1094 2664 neganda
1119 2633 1187 2664 (non
1206 2633 1262 2664 est)
1288 2632 1385 2656 unitate

315 2675 363 2693 seu
385 2667 516 2692 identitate
535 2666 671 2699 praedicati
690 2671 716 2691 et
735 2667 851 2692 subiecti.
871 2668 904 2692 Et
922 2667 965 2692 illa
980 2668 1034 2692 sive
1053 2667 1188 2692 affirmatio
1208 2668 1262 2692 sive
1283 2668 1385 2699 negatio

315 2707 355 2728 est
369 2707 441 2728 actus
457 2702 580 2735 simplex,
600 2702 666 2727 sicut
681 2707 753 2727 actus
770 2702 879 2735 simplex
895 2707 935 2728 est
949 2703 1130 2736 apprehensio.
1140 2716 1158 2724 -
1168 2703 1242 2733 Quae
1255 2702 1343 2727 omnia
1356 2707 1385 2727 ut

314 2739 404 2772 paucis
424 2737 691 2771 comprehendamus,
713 2738 822 2763 dicimus
842 2739 912 2771 quod
931 2738 1052 2763 iudicium
1072 2743 1112 2764 est
1135 2743 1207 2763 actus
1226 2738 1335 2771 simplex
1354 2745 1384 2762 ex

315 2779 389 2807 parte
403 2773 548 2798 intellectus
567 2773 716 2804 iudicantis,
736 2778 761 2799 et
779 2774 939 2806 compositus
960 2781 990 2799 ex
1006 2779 1078 2807 parte
1097 2781 1184 2799 rerum
1209 2774 1385 2799 iudicatarum.

315 2810 390 2835 Unde
411 2808 531 2834 iudicium
550 2807 730 2834 affirmativum
746 2809 803 2834 ideo
816 2810 959 2842 componit,
974 2810 1034 2842 quia
1049 2809 1158 2835 affirmat
1176 2809 1384 2834 coniunctionem

315 2853 362 2870 seu
381 2845 538 2870 identitatem
558 2852 658 2875 rerum;
679 2850 704 2870 et
723 2845 844 2870 iudicium
868 2845 1015 2878 negativum
1036 2845 1094 2870 ideo
1114 2845 1211 2870 dividit
1229 2845 1289 2878 quia
1308 2849 1384 2876 negat

315 2881 385 2906 illam
404 2888 491 2906 rerum
506 2880 663 2905 identitatem
683 2887 731 2905 seu
750 2879 967 2912 coniunctionem,
987 2888 1082 2914 nempe
1101 2879 1210 2906 affirmat
1233 2880 1384 2905 earumdem

315 2917 379 2941 inter
397 2924 426 2941 se
445 2916 596 2941 divisionem
616 2914 667 2949 (Cf.
685 2916 720 2941 Vl
738 2916 892 2950 Metaphys.
911 2917 968 2941 lect.
984 2914 1030 2949 iv).

368 2950 391 2986 ε)
403 2952 432 2976 1η
448 2952 508 2976 XII
523 2951 732 2985 Metaphysicae.
747 2952 783 2977 Ita
805 2951 891 2977 Piana.
906 2953 941 2977 At
959 2952 1033 2977 codd.
1048 2950 1129 2977 ABC:
1145 2951 1171 2976 in
1182 2951 1229 2976 X!
1239 2950 1383 2985 Metaphy-

314 2988 437 3016 sicerum,
457 2995 504 3012 seu
523 2985 721 3020 Metaphysicae.
742 2987 769 3012 In
788 2987 988 3013 Commentariis
1012 2995 1034 3012 s.
1048 2987 1167 3012 Thomae
1188 2986 1312 3012 sententia
1336 2987 1386 3013 ista

314 3023 460 3048 Aristotelis
484 3022 592 3048 habetur
613 3022 658 3047 ΧΠ
677 3023 830 3057 Metaphys.
850 3023 908 3048 lect.
922 3030 970 3053 vm
987 3027 1013 3048 at
1026 3022 1052 3047 in
1071 3023 1110 3047 ed.
1131 3022 1208 3047 Didot
1222 3027 1262 3048 est
1280 3022 1323 3047 lib.
1333 3023 1382 3054 xt,

316 3066 370 3091 cap.
381 3066 424 3088 vu,
440 3066 464 3083 n.
482 3057 518 3082 3.:
541 3056 619 3083 Ἔστι
634 3055 660 3082 δὲ
680 3054 710 3083 τὸ
725 3054 750 3083 ἓν
769 3055 811 3084 καὶ
832 3054 862 3083 τὸ
884 3055 994 3084 ἁπλοῦν.
1013 3058 1161 3083 Notandum
1188 3062 1228 3083 est
1247 3066 1314 3091 opus
1329 3058 1382 3083 Me-

315 3093 463 3127 taphysicae
485 3093 630 3118 Aristotelis
654 3093 724 3119 varie
748 3102 763 3119 a
786 3094 863 3119 variis
886 3093 968 3119 fuisse
986 3094 1011 3118 in
1031 3094 1069 3124 X,
1094 3094 1135 3118 vel
1160 3094 1194 3118 xt
1217 3094 1259 3118 vel
1283 3093 1328 3118 ΧΠ
1354 3094 1383 3119 Ιί-

315 3129 390 3160 bros,
410 3129 463 3153 imo
487 3129 563 3154 etiam
587 3129 613 3154 in
637 3129 707 3160 xm,
727 3134 752 3154 et
770 3129 829 3154 XIV
854 3129 973 3154 divisum.
999 3129 1072 3160 Quae
1096 3129 1251 3154 divisionum
1274 3129 1383 3155 varietas

315 3164 382 3190 sicut
406 3170 431 3189 et
454 3164 618 3197 quaestiones
642 3165 674 3189 de
697 3164 825 3190 authentia
851 3165 1022 3198 quarumdam
1050 3164 1160 3198 partium
1187 3164 1263 3189 huius
1288 3164 1383 3198 Operis

315 3199 384 3225 haud
403 3199 565 3224 s.Thomam
585 3200 724 3231 latuerunt,
744 3205 772 3225 ut
790 3201 848 3225 data
866 3200 1002 3226 occasione
1022 3200 1267 3225 demonstrabimus.
1286 3201 1383 3226 Interea

315 3235 469 3260 remittimus
489 3235 603 3260 criticum
622 3236 744 3260 lectorem
763 3236 795 3260 ad
810 3236 867 3261 lect.
876 3243 920 3266 xn,
931 3236 975 3261 lib.
983 3236 1014 3260 111
1028 3236 1070 3261 De
1083 3235 1183 3261 anima.
1202 3236 1253 3261 Sed
1267 3235 1330 3261 haec
1344 3237 1382 3262 in-

315 3271 403 3295 nuisse
422 3269 542 3295 sufficiat:
561 3270 623 3296 haec
642 3271 711 3295 enim
731 3271 847 3304 quaestio
866 3279 943 3296 suum
962 3271 1040 3296 habet
1055 3271 1142 3296 locum
1157 3271 1182 3295 in
1196 3271 1383 3306 Metaphysica

314 3306 466 3332 Aristotelis.

368 3341 394 3375 ζ)
417 3342 463 3366 Est
482 3342 577 3367 bonum
597 3342 752 3368 intellectus.
772 3343 851 3368 Unus
866 3344 946 3367 codex
965 3343 986 3367 E
1005 3342 1079 3374 legit:
1095 3346 1134 3367 est
1155 3342 1283 3368 obiectum
1307 3343 1383 3369 intel-

316 3378 412 3407 lectus;
433 3377 472 3401 cui
487 3377 587 3402 lectioni
602 3378 747 3403 consentire
759 3379 861 3403 videtur
875 3379 904 3409 C,
919 3379 965 3403 sed
981 3377 1114 3410 corrigitur
1129 3385 1175 3411 per
1189 3377 1294 3403 bonum.
1309 3378 1383 3409 Quae

317 3412 391 3437 lectio
414 3419 505 3437 verum
529 3413 661 3443 enunciat,
686 3421 796 3447 eamque
815 3414 913 3446 passim
933 3414 1038 3447 adoptat
1055 3418 1082 3438 et
1099 3413 1206 3446 explicat
1234 3421 1255 3438 s.
1265 3413 1382 3439 Th0mas

318 3447 438 3472 dicendo:
458 3455 550 3473 verum
574 3451 614 3473 est
631 3448 759 3474 obiectum
777 3449 932 3474 intellectus.
947 3449 1048 3474 Etenim
1069 3449 1129 3482 quia
1147 3456 1239 3474 verum
1258 3454 1299 3474 est
1311 3450 1383 3476 obie-

317 3486 387 3506 ctum
411 3483 570 3513 intellectus,
589 3488 614 3508 et
632 3483 762 3509 obiectum
786 3485 914 3518 cuiusque
939 3484 1065 3510 facultatis
1083 3489 1124 3510 est
1142 3484 1198 3509 eius
1217 3484 1339 3518 perfectio
1358 3490 1384 3511 et

318 3517 431 3548 bonum;
450 3517 508 3542 ideo
527 3518 619 3543 dicitur
637 3520 708 3551 quod
730 3527 822 3544 verum
846 3520 878 3545 sit
901 3520 999 3545 bonum
1015 3520 1167 3545 intellectus.
1187 3520 1303 3554 Utraque
1320 3528 1383 3554 ergo

318 3552 394 3576 lectio
416 3559 476 3577 vera
495 3558 549 3583 est;
563 3559 588 3577 at
602 3554 651 3578 hoc
671 3555 730 3579 loco
753 3555 885 3580 retinenda
904 3560 944 3580 est
964 3555 1039 3580 lectio
1059 3555 1144 3586 Pinna,
1159 3555 1220 3588 quia
1233 3563 1254 3580 s.
1265 3555 1382 3582 Thomas

319 3586 379 3612 citat
391 3587 425 3611 vl
441 3587 590 3613 Ethicorum
605 3587 672 3622 (cap.
682 3596 709 3619 11,
724 3597 750 3614 n.
763 3589 798 3624 3),
808 3595 834 3615 et
847 3590 881 3615 ib.
893 3591 950 3615 lect.
964 3598 983 3615 n
994 3591 1105 3623 ipsemet
1118 3590 1208 3616 habet:
1228 3590 1324 3616 Verum
1337 3592 1382 3617 ab·

1529 315 1560 351 5.
1582 315 1747 352 Ulterius
1782 322 1910 352 autem
1939 316 2091 353 videtur
2128 316 2233 365 quod
2271 328 2349 352 non
2384 316 2510 352 solum

1443 366 1481 403 in
1510 369 1776 416 compositione
1796 376 1832 405 et
1851 369 2031 406 divisione
2058 369 2196 406 veritas
2222 368 2410 405 consistat.
2432 368 2511 405 Pri-

1443 432 1509 457 mo
1539 421 1708 469 quidem,
1730 421 1819 470 quia
1848 422 1961 459 etiam
1992 435 2051 459 res
2080 423 2214 460 dicitur
2233 434 2326 459 vera
2354 422 2415 460 vel
2445 422 2510 458 fal-

1443 486 1496 521 sa,
1518 474 1614 511 sicut
1643 475 1776 512 dicitur
1805 488 1942 512 aurum
1975 488 2113 512 verum
2142 476 2203 512 vel
2233 476 2381 512 falsum.
2409 474 2509 511 Dici-

1442 534 1503 563 tur
1523 527 1636 564 etiam
1657 528 1762 577 quod
1782 541 1849 565 ens
1879 536 1915 565 et
1933 541 2071 566 verum
2093 536 2376 566 convertuntur.
2398 527 2510 565 Unde

1442 580 1593 617 videtur
1621 582 1726 630 quod
1746 582 1859 618 etiam
1880 582 2041 630 simplex
2070 582 2268 631 conceptio
2288 582 2509 627 intellectus,

1443 645 1541 681 quae
1562 642 1618 670 est
1637 635 1841 672 similitudo
1869 635 1942 682 rei,
1964 648 2043 672 non
2069 643 2194 672 careat
2211 635 2369 672 veritate
2389 642 2426 672 et
2445 635 2510 671 fal-

1443 686 1560 724 sitate.
1574 709 1599 715 -
1614 689 1826 734 Praeterea,
1843 688 2100 737 Philosophus
2123 689 2210 726 dicit
2229 689 2267 725 in
2282 689 2344 726 lib.
2356 690 2417 725 De
2430 687 2510 725 ani-

1443 752 1506 776 ma
1519 741 1539 761 *
1553 741 1659 788 quod
1678 753 1812 778 sensus
1833 742 2078 790 propriorum
2098 741 2333 779 sensibilium
2358 753 2511 790 semper

1443 800 1499 829 est
1526 806 1662 840 verus;
1690 806 1824 831 sensus
1852 801 1981 831 autem
2020 807 2099 831 non
2134 795 2333 843 componit
2363 795 2427 832 vel
2456 794 2509 832 di-

1441 846 1556 893 vidit;
1577 860 1656 884 non
1677 859 1766 895 ergo
1786 847 1825 883 in
1845 848 1926 884 sola
1947 847 2224 896 compositione
2243 849 2306 884 vel
2323 847 2509 884 divisione

1442 907 1498 936 est
1524 900 1675 938 veritas.
1692 903 1845 947 -Item,
1867 900 1905 937 in
1933 901 2123 937 intellectu
2157 900 2288 937 divino
2321 901 2424 937 nulla
2456 908 2512 938 est

1442 954 1681 1002 compositio,
1702 961 1744 991 ut
1762 954 1946 1003 probatur
1964 954 2002 990 in
2031 955 2101 990 XII
2121 954 2427 1003 Metaphysicae;
2445 959 2456 974 ⁸
2476 961 2513 990 et

1440 1014 1570 1044 tamen
1598 1007 1649 1044 ibi
1670 1015 1725 1044 est
1752 1007 1876 1057 prima
1896 1014 1933 1044 et
1952 1019 2105 1044 summa
2134 1007 2295 1053 veritas;
2322 1019 2401 1043 non
2420 1019 2510 1054 ergo

1440 1061 1579 1098 veritas
1615 1069 1670 1098 est
1691 1062 1833 1098 ⁴solum
1870 1062 1967 1098 circa
2001 1060 2322 1109 compositionem
2352 1067 2389 1097 et
2417 1059 2511 1097 divi-

1441 1114 1602 1152 sionem.

1521 1169 1557 1205 6.
1578 1168 1641 1205 Ad
1668 1167 1889 1204 huiusmodi
1918 1167 2028 1215 igitur
2047 1168 2067 1187 ⁴
2087 1166 2319 1204 evidentiam
2341 1166 2512 1204 conside-

1442 1221 1605 1258 randum
1635 1229 1691 1258 est
1723 1221 1828 1270 quod
1851 1221 1991 1258 veritas
2020 1221 2058 1257 in
2077 1220 2204 1269 aliquo
2234 1220 2424 1257 invenitur
2444 1221 2511 1258 du-

1441 1274 1602 1323 pliciter:
1622 1287 1702 1311 uno
1731 1275 1863 1321 modo,
1881 1275 1977 1311 sicut
1995 1274 2034 1311 in
2063 1286 2110 1310 eo
2139 1274 2245 1323 quod
2271 1281 2327 1311 est
2354 1286 2510 1311 verum:

1441 1327 1514 1364 alio
1543 1328 1676 1375 modo,
1698 1328 1794 1364 sicut
1820 1328 1859 1364 in
1883 1328 2035 1389 Qum
2068 1328 2131 1364 vel
2163 1339 2208 1364 co
2236 1335 2418 1371 noscente
2445 1340 2511 1365 ve-

1441 1393 1538 1417 rum.
1567 1381 1762 1418 Invenitur
1796 1389 1925 1418 autem
1959 1381 2099 1419 veritas
2127 1380 2223 1418 sicut
2250 1393 2288 1417 1n
2323 1394 2370 1418 eo
2406 1381 2512 1430 quod

1442 1441 1497 1470 est
1524 1446 1662 1471 verum
1690 1442 1769 1471 tam
1797 1434 1836 1471 in
1865 1434 2111 1484 simplicibus,
2139 1447 2256 1483 quarn
2284 1434 2323 1471 in
2353 1447 2511 1484 compo-

1440 1486 1538 1532 sitis3
1559 1487 1628 1524 sed
1647 1487 1742 1524 sicut
1767 1487 1805 1524 in
1826 1487 1974 1525 dicente
1999 1489 2061 1525 vel
2083 1496 2338 1536 cognoscente
2358 1500 2510 1536 verum,

1439 1552 1518 1577 non
1547 1540 1738 1578 invenitur
1765 1540 1835 1577 nisi
1874 1541 2088 1578 secundum
2123 1541 2446 1590 compositionem
2475 1549 2512 1579 et

1440 1593 1682 1632 divisionem.
1704 1593 1823 1640 Quod
1851 1594 2008 1643 quidem
2037 1594 2090 1631 sic
2117 1601 2231 1643 patet.

1520 1660 1556 1695 7.
1590 1648 1729 1685 Verum
1758 1647 1882 1695 enim,
1911 1655 1953 1684 ut
1981 1647 2238 1696 Philosophus
2276 1647 2365 1685 dicit
2391 1648 2431 1685 in
2457 1649 2509 1686 VI

1437 1701 1671 1748 Ethicorum,
1693 1707 1748 1739 est
1767 1701 1915 1738 bonurn
1934 1700 2143 1738 intellectus
2158 1701 2183 1738 ζ.
2211 1701 2324 1739 Unde
2348 1701 2396 1739 de
2416 1714 2511 1752 quo-

1439 1766 1604 1803 cumque
1635 1755 1781 1792 dicatur
1807 1766 1958 1802 verum,
1979 1762 2131 1805 oportet
2149 1754 2255 1804 quod
2274 1755 2349 1792 hoc
2377 1755 2424 1793 sit
2440 1755 2511 1805 per

1439 1815 1655 1856 respectum
1675 1808 1724 1845 ad
1744 1807 1987 1846 intellectum.
2010 1810 2294 1858 Comparantur
2312 1815 2441 1846 autem
2461 1809 2511 1847 ad

1438 1860 1670 1898 intellectum
1689 1874 1807 1899 voces
1827 1862 1984 1909 quidem
2000 1863 2096 1900 sicut
2114 1862 2231 1910 signa,
2243 1874 2303 1899 res
2323 1869 2452 1900 autern
2463 1862 2510 1900 si-

1439 1922 1502 1951 cut
1525 1927 1570 1951 ea
1590 1927 1756 1964 quorum
1775 1915 1984 1952 intellectus
2003 1923 2091 1954 sunt
2109 1915 2384 1953 similitudines.
2406 1916 2510 1954 Con-

1437 1967 1684 2005 siderandum
1699 1976 1827 2006 autem
1838 1974 1852 1994 ¹¹
1862 1969 1968 2018 quod
1983 1970 2108 2019 aliqua
2127 1982 2187 2006 res
2202 1977 2447 2018 comparatur
2460 1969 2511 2008 ad

1439 2098 1555 2123 solutum
1569 2102 1609 2124 est
1623 2099 1719 2124 bonum
1732 2099 1794 2131 cius·
1808 2097 1998 2133 (intellectus),
2016 2102 2043 2123 et
2055 2099 2159 2133 salsum
2178 2099 2328 2124 absolutum
2352 2102 2392 2125 est
2410 2100 2511 2126 malm

1440 2140 1530 2165 ipsius.

1493 2169 1615 2194 Attendat
1634 2174 1721 2194 tamen
1739 2170 1853 2195 novitius
1872 2174 1904 2199 et,
1926 2178 1956 2195 ex
1975 2177 2007 2195 eo
2026 2170 2099 2202 quod
2117 2177 2208 2195 verum
2229 2170 2321 2195 dicitur
2344 2170 2446 2196 bonum
2463 2178 2512 2199 seu

1439 2204 1570 2229 obiectum
1590 2205 1749 2235 intellectus,
1769 2213 1822 2230 non
1841 2205 1932 2230 inferat
1951 2205 2028 2238 (sicut
2047 2205 2154 2238 quidam
2172 2213 2281 2232 erronee
2298 2205 2451 2240 innuerunt)
2465 2213 2512 2233 ent

1440 2240 1509 2265 haud
1528 2240 1634 2273 intelligi
1653 2249 1668 2266 a
1687 2241 1763 2266 nobis
1782 2248 1862 2275 posse
1881 2241 1930 2266 nisi
1953 2241 2018 2266 ratio
2037 2241 2095 2266 veri
2119 2242 2291 2274 intelligatur,
2310 2249 2343 2267 eo
2361 2241 2442 2268 modo
2455 2249 2512 2276 quo

1439 2276 1513 2301 visus
1527 2284 1550 2301 e.
1560 2284 1585 2308 g.
1601 2284 1654 2301 non
1668 2277 1738 2301 videt
1752 2277 1875 2302 sensibile
1890 2277 1939 2302 nisi
1954 2277 2004 2302 sub
2018 2276 2118 2302 ratione
2131 2277 2247 2303 colorati.
2262 2277 2333 2302 Haec
2347 2277 2416 2302 enim
2430 2277 2512 2305 uhtio

1440 2315 1480 2336 est
1503 2316 1592 2336 contra
1614 2312 1748 2337 veritatem
1772 2317 1798 2338 et
1812 2317 1900 2337 contra
1919 2317 2034 2338 mentem
2049 2320 2071 2337 s.
2087 2311 2214 2338 Thomae.
2224 2313 2301 2338 —Est
2315 2317 2405 2338 contra
2417 2313 2512 2339 vent-—

1439 2351 1507 2372 tem:
1523 2355 1584 2372 nam
1597 2355 1690 2372 verum
1709 2348 1778 2373 idem
1801 2349 1904 2374 realiter
1917 2353 1957 2374 est
1979 2355 2008 2373 ac
2027 2355 2084 2379 en8‚
2098 2356 2131 2374 eo
2155 2355 2251 2381 nempe
2270 2355 2351 2374 sensu
2374 2349 2449 2382 quod
2465 2356 2511 2374 ve-

1439 2390 1498 2408 rum
1513 2388 1554 2408 est
1567 2383 1655 2416 ipsum
1673 2391 1730 2414 ens,
1749 2384 1834 2409 addita
1852 2384 1976 2410 relatione
1994 2384 2110 2416 rationis,
2124 2392 2194 2417 quae
2210 2384 2301 2410 relatio
2319 2389 2361 2410 est
2378 2385 2444 2412 ordo
2462 2391 2512 2411 seu

1439 2423 1575 2451 respectus
1589 2419 1621 2444 ad
1640 2419 1813 2451 intellectum,
1828 2419 1895 2445 sicut
1918 2419 1960 2445 hic
1979 2420 2055 2445 docet
2078 2428 2100 2445 s.
2115 2419 2242 2445 Thomas.
2265 2420 2345 2454 Atqui
2361 2419 2511 2446 absolutum

1439 2461 1487 2486 per
1500 2462 1530 2479 se
1548 2454 1698 2487 intelligitur
1716 2455 1773 2480 sine
1787 2463 1836 2480 sua
1853 2455 1978 2481 relatione
1996 2463 2064 2489 quae
2088 2455 2138 2489 ipsi
2157 2463 2172 2481 a
2189 2455 2289 2481 ratione
2313 2455 2511 2489 superaddier,

1439 2489 1493 2514 imo
1512 2490 1725 2523 praeintelligitur
1738 2498 1801 2516 suae
1815 2491 1942 2516 relationi.
1957 2491 2027 2524 Ergo
2041 2499 2089 2517 ens
2103 2496 2191 2525 potest
2204 2491 2313 2525 intelligi
2326 2491 2382 2517 imo
2395 2496 2423 2517 et
2435 2491 2513 2519 intel-

1439 2525 1526 2557 ligitur
1541 2530 1681 2558 antequam
1696 2526 1854 2558 intelligatur
1867 2526 1923 2552 eius
1942 2527 2007 2552 ratio
2025 2527 2087 2558 veri,
2102 2534 2150 2552 seu
2164 2527 2255 2552 relatio
2269 2527 2301 2552 ad
2315 2527 2512 2553 intellectum.-

1439 2561 1487 2585 Est
1505 2566 1595 2586 contra
1613 2566 1728 2587 mentem
1747 2561 1913 2587 s.'1‘homae:
1932 2562 1990 2595 ipse
2008 2563 2078 2588 enim
2092 2571 2118 2596 p.
2139 2563 2158 2594 1,
2179 2570 2224 2595 qu.
2237 2570 2289 2593 xvt,
2309 2563 2378 2588 artic.
2402 2569 2432 2588 m
2446 2563 2480 2589 nd
2495 2562 2510 2588 3

1440 2596 1528 2621 docet:
1553 2605 1567 2620 ι
1583 2597 1650 2622 Cum
1674 2597 1766 2622 dicitur
1785 2598 1857 2631 quod
1885 2605 1932 2623 ens
1961 2605 2014 2624 non
2041 2603 2128 2631 potest
2150 2597 2309 2631 apprehendi
2334 2598 2391 2623 sine
2409 2597 2510 2625 ratione

1440 2640 1454 2654 »
1469 2631 1532 2662 veri,
1547 2631 1596 2657 hoc
1612 2637 1698 2665 potest
1714 2632 1850 2665 dupliciter
1863 2633 1980 2666 intelligi.
2005 2634 2064 2659 Uno
2083 2634 2171 2664 modo,
2191 2633 2225 2658 ita
2249 2633 2322 2666 quod
2341 2641 2394 2658 non
2418 2639 2510 2666 appre-

1440 2675 1454 2690 »
1470 2666 1598 2692 hendatur
1615 2675 1678 2698 ens,
1704 2667 1753 2693 nisi
1772 2669 1837 2694 ratio
1855 2668 1911 2693 veri
1929 2674 2084 2702 assequatur
2093 2668 2328 2701 apprehensionem
2338 2668 2414 2694 entis.
2429 2668 2463 2693 Et
2471 2668 2510 2694 sic

1440 2710 1454 2725 ›
1470 2702 1566 2727 locutio
1576 2703 1654 2728 habet
1662 2701 1796 2728 veritatem
1810 2704 1854 2735 (et
1862 2703 1912 2729 hoc
1925 2711 2002 2730 sensu
2012 2711 2104 2730 verum
2115 2704 2215 2730 dicitur
2223 2704 2320 2730 bonum
2335 2704 2510 2736 inteItectus).

1440 2746 1453 2760 »
1469 2737 1528 2762 Alio
1542 2739 1630 2769 modo,
1646 2743 1737 2771 posset
1750 2738 1787 2764 sic
1803 2738 1910 2771 intelligi
1929 2740 2001 2772 quod
2020 2747 2068 2764 ens
2086 2747 2140 2764 non
2158 2744 2251 2772 posset
2270 2739 2438 2772 apprehendi,
2458 2738 2510 2764 nisi

1441 2782 1454 2795 ι
1469 2774 1707 2805 apprehenderetur
1719 2774 1785 2799 ratio
1798 2775 1861 2799 veri.
1876 2774 1910 2799 Et
1927 2774 1976 2800 hdc
1995 2774 2091 2800 falsum
2109 2780 2158 2800 est.
2177 2775 2228 2800 Sed
2242 2782 2336 2800 verum
2354 2782 2408 2801 non
2421 2779 2511 2809 potest

1441 2818 1453 2831 ι
1470 2809 1636 2843 apprehendi,
1650 2809 1700 2834 nisi
1715 2809 1923 2842 apprehendatur
1941 2811 2006 2836 ratio
2025 2810 2107 2842 entis,
2126 2810 2188 2844 quia
2207 2818 2254 2836 ens
2279 2811 2346 2836 cadit
2364 2811 2391 2836 in
2409 2810 2510 2836 ratione

1440 2853 1453 2866 ι
1468 2845 1522 2870 veri
1541 2845 1621 2877 (nam
1640 2847 1667 2870 et
1685 2845 1756 2870 ratio
1771 2845 1829 2870 veri
1845 2849 1886 2870 est
1903 2846 1976 2878 ens).
1996 2846 2029 2871 Et
2042 2851 2084 2871 est
2097 2846 2190 2877 simile,
2206 2846 2274 2871 sicut
2288 2846 2310 2871 si
2324 2852 2509 2879 comparemus

1439 2889 1452 2902 »
1468 2880 1627 2912 intelligibile
1645 2881 1677 2905 ad
1696 2888 1758 2905 ens:
1778 2888 1831 2905 non
1846 2881 1914 2906 enim
1934 2886 2021 2914 potest
2034 2881 2144 2914 intelligi
2158 2889 2214 2912 ens,
2229 2881 2294 2915 quin
2312 2889 2360 2907 ens
2379 2882 2414 2908 sit
2431 2882 2509 2908 intel-

1440 2925 1452 2938 »
1469 2916 1573 2949 ligibile.
1592 2916 1643 2941 Sed
1658 2920 1745 2942 tamen
1759 2921 1846 2949 potest
1864 2916 1971 2950 intelligi
1989 2924 2045 2948 ens,
2064 2917 2098 2942 ita
2112 2917 2185 2950 quod
2205 2925 2258 2942 non
2276 2917 2434 2950 intelligatur
2451 2917 2509 2943 eius

1439 2960 1452 2973 ι
1469 2951 1670 2984 intelligibilitas.
1694 2953 1727 2977 Et
1752 2951 1869 2977 similiter
1893 2959 1940 2977 ens
1966 2952 2125 2978 intellectum
2149 2957 2190 2978 est
2213 2960 2318 2984 verum,
2343 2960 2397 2978 non
2421 2957 2509 2979 tamea

1439 2997 1453 3011 2
1468 2987 1637 3018 intelligendo
1655 2994 1712 3019 ens,
1727 2987 1879 3019 intelligitur
1896 2995 1996 3013 verum.
2009 2997 2023 3011 2

1489 3022 1517 3058 η)
1540 3023 1768 3048 Considerandum
1787 3026 1877 3049 autem
1896 3027 1944 3049 etc.
1968 3023 2126 3058 Principium
2144 3024 2216 3057 quod
2234 3023 2291 3050 heic
2314 3023 2466 3050 enuntiatur
2483 3027 2510 3051 et

1437 3066 1516 3092 saepe
1526 3058 1630 3091 saepius
1641 3058 1781 3084 inculcatur
1790 3066 1805 3084 a
1819 3066 1841 3083 s.
1851 3058 1968 3090 Thema,
1983 3059 2087 3085 maximi
2106 3059 2232 3084 momenti
2251 3064 2304 3091 est;
2319 3059 2418 3092 quippe
2435 3059 2509 3093 quod

1437 3095 1463 3120 in
1482 3095 1540 3128 ipso
1558 3094 1723 3127 philosophia
1742 3099 1831 3120 nostra
1849 3099 1903 3119 tnta
1920 3094 2050 3120 fundatur.
2076 3095 2235 3128 Principium
2254 3099 2308 3120 est:
2322 3095 2378 3121 Ru
2394 3098 2508 3122 umm-

1436 3130 1469 3156 Iis
1488 3137 1539 3156 non
1560 3129 1660 3155 dicitur
1677 3137 1734 3156 esse
1753 3137 1816 3155 vera
1832 3137 1883 3162 per
1901 3131 2127 3163 comparationem
2146 3131 2184 3156 ad
2201 3130 2362 3156 intellectum
2377 3133 2507 3160 nomm,

1437 3165 1535 3191 scilicet
1547 3165 1641 3190 veritas
1660 3165 1697 3191 rei
1711 3173 1765 3190 non
1779 3164 1888 3190 efficitur
1901 3165 1933 3190 ab
1949 3165 2078 3192 intellectu
2093 3170 2192 3197 nostro,
2207 3170 2234 3191 et
2249 3166 2308 3191 ideo
2328 3165 2360 3191 ab
2378 3165 2438 3198 ipso
2450 3170 2482 3191 ut
2493 3172 2508 3191 ι

1437 3209 1515 3227 causa
1533 3207 1586 3226 non
1605 3201 1855 3234 dependet.—Ratio
1873 3206 1913 3226 est
1931 3201 1994 3234 quia
2011 3209 2058 3228 ens
2081 3206 2107 3227 et
2125 3209 2216 3227 verum
2241 3206 2441 3232 eonvertunmr,
2458 3208 2508 3228 uu

1437 3242 1499 3262 sunt
1526 3237 1627 3262 realiter
1654 3245 1706 3262 una
1728 3237 1873 3270 eademque
1897 3244 1952 3267 rea,
1978 3237 2098 3271 quamvis
2123 3245 2170 3271 per
2193 3236 2319 3262 rationem
2347 3237 2507 3270 distinguan-

1437 3277 1492 3303 tur,
1515 3271 1635 3297 videlicet
1653 3272 1772 3306 quamvis
1792 3273 1856 3297 ratio
1880 3276 1969 3297 nostra
1988 3273 2128 3305 distinguat
2145 3273 2171 3298 in
2190 3275 2250 3298 ente
2268 3277 2423 3305 conceptum
2439 3270 2507 3296 veri-

1437 3308 1495 3333 tatis
1516 3315 1531 3333 a
1551 3312 1678 3341 conceptu
1696 3308 1808 3333 entitatis
1827 3307 1892 3333 eius.
1915 3308 1953 3333 Ex
1972 3316 2026 3342 quo
2045 3307 2214 3341 consequitur
2232 3308 2304 3341 quod
2319 3307 2342 3333 si
2361 3304 2506 3332 intellectus

1438 3348 1527 3368 noster
1545 3342 1656 3368 efficeret
1680 3351 1736 3369 rem
1755 3343 1842 3377 quoad
1862 3350 1937 3368 suam
1955 3343 2101 3375 veritatem,
2121 3342 2233 3369 efficeret
2246 3343 2323 3368 etiam
2341 3350 2399 3368 eam
2418 3342 2506 3375 quo-d

1438 3387 1513 3404 suam
1531 3379 1677 3410 entitatem;
1696 3383 1886 3412 consequenter
1904 3384 2004 3404 tantum
2018 3379 2124 3404 haberet
2137 3386 2179 3404 res
2194 3379 2226 3404 de
2240 3378 2344 3403 entitate
2357 3382 2383 3403 et
2399 3377 2506 3402 veritate

1438 3419 1564 3448 quantum
1587 3412 1624 3440 ei<
1635 3415 1740 3440 daretur
1762 3414 1794 3439 ab
1818 3414 1958 3440 intellectu.
1987 3415 2020 3440 Et
2043 3414 2105 3448 quia
2127 3414 2275 3440 intellectus
2299 3420 2356 3439 rem
2379 3411 2504 3443 efficeret,

1438 3455 1567 3484 quatenus
1581 3457 1639 3475 eam
1658 3450 1819 3483 intelligeret,
1838 3455 1864 3475 et
1882 3458 1934 3476 una
1952 3450 2031 3475 simul
2048 3457 2108 3475 eam
2125 3449 2280 3482 intelligeret
2299 3452 2428 3481 quatenus
2446 3455 2506 3473 eam

1438 3485 1563 3517 efficeret;
1582 3486 1744 3518 impossibile
1761 3485 1830 3511 foret
1846 3493 1903 3511 rem
1926 3493 1979 3511 non
2002 3493 2062 3511 ease
2075 3485 2100 3510 id
2115 3485 2188 3518 quod
2209 3483 2360 3516 intelligitur
2377 3483 2409 3508 ab
2429 3483 2505 3508 intel-

1438 3522 1514 3547 lectu.
1533 3522 1562 3546 ln
1582 3521 1630 3546 hac
1653 3526 1739 3547 autem
1762 3521 1942 3547 conformitate
1964 3521 2110 3546 intellectus
2133 3519 2215 3546 metri
2238 3518 2373 3544 iudicanti·
2397 3525 2456 3543 cum
2476 3526 2504 3543 re

1438 3557 1556 3582 consistit
1576 3557 1672 3582 veritas
1695 3561 1799 3582 nostae
1821 3556 1984 3589 cognitionis.
2002 3556 2073 3588 Ergo
2095 3554 2258 3589 impossibile
2278 3553 2346 3579 foret
2367 3553 2505 3579 falsitatem

1437 3592 1524 3617 inesse
1533 3592 1633 3617 iudiciis
1643 3592 1754 3623 nostrin
1769 3591 1869 3617 etiamsi
1884 3592 1917 3617 de
1930 3599 1982 3616 una
1996 3591 2140 3623 eademque
2149 3597 2178 3615 re
2187 3589 2279 3615 iudicia
2287 3589 2409 3623 opposita
2422 3597 2505 3614 enun-

2537 752 2546 761 ·’
2556 751 2608 773 Lib.
2623 751 2657 778 11,
2677 757 2698 774 c.
2713 758 2752 780 vr,

2537 784 2560 799 n.
2571 783 2591 799 2.
2601 789 2612 794 —
2619 777 2754 801 comment.

2537 804 2755 835 s·.Th.lect.xm.-Et

2536 831 2755 880 2:3';2.1.¹¹c·0⁶.35;.}.¹{1

2538 891 2557 906 s.
2572 884 2618 906 Th.
2634 885 2685 906 lect.
2700 891 2732 907 tv.

2540 1176 2550 1185 ’
2560 1181 2604 1198 Δια
2617 1175 2695 1198 omitt.
2738 1176 2757 1192 '-

2540 1204 2587 1224 ntr.
2600 1213 2611 1219 -
2623 1208 2645 1224 r.
2666 1208 2716 1224 orm
2743 1206 2755 1225 t

2540 1235 2640 1258 sequen·
2655 1230 2699 1252 est.
