2548 4192
953 280 1008 315 IN
1039 280 1078 316 S.
1101 279 1343 315 THOMAM
1371 280 1695 326 AQUINATEM
2375 303 2420 328 cv

218 360 383 398 stantibus,
408 366 532 390 curatae
552 365 638 397 sunt,
657 365 728 389 tum
747 367 903 394 seorsum,
918 364 990 388 tum
1004 357 1201 388 coniunctim
1221 368 1296 388 curn

215 404 346 446 reliquis
359 403 503 444 Angelici
513 403 661 434 Doctoris
677 401 981 440 elucubrationibus,
993 402 1172 442 ambigebat
1186 412 1294 440 nemo,

216 459 322 491 neque
344 448 411 479 ulla
434 455 515 480 certe
540 447 720 488 ambigendi
743 447 822 478 ratio
843 453 906 484 est;
926 448 1029 477 donec
1048 447 1155 477 medio
1176 447 1296 477 circiter

217 504 306 525 aerae
329 499 455 524 nostrae
479 492 665 524 christianae
689 492 816 522 saeculo
840 491 966 522 decimo
990 491 1147 532 septimo,
1171 491 1294 531 primus

218 546 249 570 et
270 538 360 569 solus
382 538 494 568 Petrus
525 538 564 568 de
586 537 668 567 Alva
692 543 722 567 et
745 539 881 575 Astor'ga
910 536 1039 567 Ordinis
1070 536 1235 567 Minorum
1264 543 1294 566 et

215 593 284 614 rem
307 582 440 614 dubiam
463 582 576 621 facere,
597 589 628 612 et
647 580 842 612 confidenter
865 580 995 612 inficiari
1015 591 1111 611 ausus
1127 587 1182 612 est.
1208 581 1292 611 Ten-

215 627 335 658 tamina
350 627 418 657 eius
437 626 540 667 prima
554 627 710 657 habentur
724 626 757 656 in
772 625 847 656 Sole
861 627 1006 656 veritatis
1020 632 1078 656 etc.
1100 632 1130 656 et
1148 626 1181 655 in
1199 626 1293 656 Nodo

216 671 429 703 indissolubili
442 678 514 709 etc.;
537 681 646 702 coram
667 670 804 711 denique
823 670 994 711 palamque
1014 680 1122 711 pugna
1145 670 1294 701 indicitur

214 717 249 748 in
273 715 392 757 duplici
414 715 523 746 libello
547 715 709 756 hispanice
731 715 861 755 vulgato
874 738 882 753 ,
914 725 1055 756 quorum
1074 715 1161 745 alteri
1181 715 1292 746 titulus

216 767 280 792 est:
304 761 430 792 Iudicio
453 760 493 791 de
516 760 668 791 Salomon
694 767 751 791 etc.
773 762 832 792 sub
852 761 983 791 nomine
1002 760 1038 790 fr.
1056 760 1181 790 Martini
1196 761 1292 791 Perez

215 806 255 836 de
278 805 425 837 Guevara
445 805 579 836 Lovanii
606 805 686 836 1663
712 805 744 835 in
770 816 823 844 12,
850 805 1094 846 inscribiturque
1112 805 1204 836 alter:
1229 805 1291 836 Re-

214 855 344 891 spuesta
362 851 413 880 sin
433 855 599 891 respuesta
615 857 672 881 etc.
689 849 958 892 Caesaraugustae
974 851 1089 880 eodem
1103 860 1188 880 anno
1209 850 1290 880 1663

214 894 248 925 in
277 904 326 925 12.

282 939 454 980 Epistolas,
479 950 558 981 quas
582 939 811 978 recensuimus,
837 940 967 972 Urbano
988 939 1030 969 IV
1054 939 1191 970 Summo
1206 940 1291 970 Pon-

214 983 290 1015 tifici
305 991 336 1016 et
355 984 559 1015 Hannibaldo
580 984 611 1015 S.
620 985 658 1015 R.
670 984 707 1015 E.
727 985 914 1026 Presbytero
935 983 1095 1014 Cardinali
1114 984 1290 1024 inscriptaS,

213 1029 313 1059 veluti
337 1029 460 1070 spurias
485 1028 700 1070 confictasque
723 1039 789 1060 non
814 1029 913 1060 reiicit
934 1028 1005 1066 ille;
1029 1028 1131 1058 immo
1161 1038 1220 1068 pro
1239 1038 1290 1068 ge-

214 1073 316 1104 nuino
339 1074 434 1104 habet
457 1083 509 1104 eas
529 1074 676 1104 Thomae
694 1074 863 1114 Aquinatis
878 1073 976 1104 foetu.
1002 1073 1087 1103 Hinc
1106 1082 1216 1103 earum
1235 1083 1290 1103 au-

213 1118 358 1149 ctoritate
386 1128 530 1158 pressus,
562 1117 651 1148 fateri
682 1118 806 1158 cogitur
845 1118 1032 1149 continuam
1059 1117 1234 1158 quamdam
1257 1117 1290 1147 in

213 1162 375 1202 evangelia
388 1161 631 1203 Expositionem
656 1162 694 1192 ab
715 1163 830 1193 eodem
849 1163 999 1199 Doctore,
1020 1162 1190 1192 mandante
1204 1162 1289 1192 Pon-

207 1205 316 1245 tifice,
351 1206 575 1237 concinnatam
604 1214 688 1244 esse3
719 1208 758 1237 ab
790 1217 826 1238 ea
853 1214 960 1238 tamen
989 1206 1084 1246 longe
1115 1206 1288 1244 diversam,

213 1260 295 1293 quae
313 1251 467 1282 hactenus
481 1251 565 1292 typis
580 1251 709 1291 prodiit,
729 1262 867 1293 quamve
886 1258 1045 1293 praestant
1060 1251 1289 1292 frequentiores

213 1295 338 1327 codices
361 1305 444 1337 mssL
458 1295 725 1331 ine-bibliothecis
755 1296 917 1327 adservati.
949 1295 1075 1326 Adserit
1104 1305 1201 1336 porro
1237 1306 1288 1336 ge-

186 1339 508 1371 tannianfiomae
522 1340 766 1381 Expositionem
779 1351 804 1372 a
823 1351 858 1372 se
873 1342 974 1372 visam
989 1340 1022 1370 in
1036 1340 1147 1380 Belgio
1162 1341 1288 1379 servari,

210 1384 245 1416 in
263 1385 458 1416 monasterio
483 1384 725 1416 Canonicorum
746 1386 939 1426 regularium
957 1385 1228 1417 Corsendoncano
1248 1386 1288 1416 ad

210 1429 442 1470 Antuerpiam,
466 1440 549 1471 quae
581 1430 707 1470 prelum
739 1431 887 1461 nondum
917 1441 1008 1471 passa
1039 1437 1105 1468 est;
1135 1430 1288 1471 illamque

210 1482 298 1514 vero,
317 1484 399 1515 quae
418 1474 502 1516 typis
522 1474 604 1505 edita
622 1474 747 1515 legitur,
766 1475 846 1506 falso
866 1475 1014 1506 Thomae
1033 1475 1130 1506 veluti
1149 1475 1287 1506 auctoris

210 1519 342 1550 nomine
369 1519 574 1560 inscriptam,
599 1529 674 1550 cum
697 1519 737 1550 sit
766 1520 945 1560 legitimum
969 1519 1074 1551 Pontii
1105 1519 1286 1550 Carbonelli

210 1562 340 1596 Ordinis
354 1564 520 1595 Minorum
538 1572 639 1604 opus:
655 1571 686 1596 et
704 1564 779 1595 huic
799 1565 942 1603 demum,
959 1571 1070 1605 utpote
1089 1564 1286 1603 accuratiori,

209 1607 361 1650 praefixas
383 1608 674 1640 Dominicanorum
706 1609 867 1639 sodalium
898 1609 1007 1640 fraude
1038 1609 1286 1650 nuncupatorias

209 1652 370 1694 epistolas,
393 1663 474 1694 quas
488 1663 548 1694 pro
572 1653 632 1684 alia
656 1664 712 1684 sua
737 1654 888 1684 continua
912 1654 1119 1694 Expositione
1141 1654 1286 1684 Thomas

209 1697 347 1729 dederat.
378 1698 482 1738 Pergit
510 1697 582 1736 ille,
606 1708 642 1729 ac
666 1698 724 1729 ait:
757 1698 987 1729 Carbonellum
1017 1699 1055 1729 ab
1087 1708 1172 1729 anno
1203 1708 1286 1738 1224

208 1741 327 1783 grande
349 1742 504 1783 incepisse
535 1742 627 1783 Opus
649 1750 777 1774 catenae
802 1750 986 1774 sanctorum
1008 1743 1140 1774 Patrum
1163 1743 1195 1773 in
1216 1743 1285 1774 uni-

208 1796 298 1818 versa
319 1786 440 1818 Biblia:
465 1794 588 1827 partem
611 1787 710 1826 illam,
730 1797 812 1828 quae
832 1787 1079 1818 commentarios
1099 1788 1131 1818 in
1147 1794 1286 1828 quatuor

208 1831 380 1871 Evangelia
397 1831 630 1871 complectitur,
645 1841 730 1862 anno
752 1841 834 1871 1240
854 1832 1036 1863 inchoatam
1052 1839 1082 1862 et
1097 1842 1182 1862 anno
1203 1833 1284 1862 1252

208 1874 421 1916 completam,
446 1876 557 1906 Ioanni
580 1875 776 1907 Patriarchae
800 1876 952 1907 Gradensi
978 1875 1090 1918 (Juan
1113 1877 1285 1908 Patriarca

210 1919 405 1962 Gradense)
423 1927 642 1961 nuncupatam
665 1920 773 1958 fuisse,
794 1928 966 1962 antequam
980 1921 1078 1962 Operi
1098 1931 1158 1952 suo
1179 1922 1286 1952 elucu-

206 1964 329 1996 brando
359 1975 492 1996 manum
526 1965 672 1996 Thomas
701 1966 902 1997 admoveret:
935 1976 970 1997 ac
998 1966 1286 1997 laboriosissimum

207 2009 345 2052 denique
361 2009 472 2051 opus,
492 2017 566 2041 octo
589 2010 808 2041 voluminibus
833 2011 1112 2051 comprehensum,
1137 2011 1170 2041 in
1189 2011 1285 2042 Tole-

206 2061 283 2086 tano
307 2054 441 2086 fratrum
464 2054 630 2085 Minorum
653 2055 812 2086 coenobio
841 2066 864 2086 s.
890 2055 1016 2086 Ioannis
1039 2056 1080 2086 de
1106 2056 1155 2086 los
1177 2056 1286 2098 Reyes

208 2099 385 2130 etiamnum
400 2099 534 2130 servati:
550 2100 645 2141 'atque
660 2099 797 2140 septimo
817 2100 981 2131 volumine
1000 2100 1194 2141 ipsissimam
1209 2111 1284 2132 con-

207 2143 299 2175 tineri
323 2143 479 2175 catenam
501 2144 535 2175 in
559 2151 698 2186 quatuor
720 2144 892 2185 Evangelia
922 2146 981 2176 sub
1012 2145 1143 2175 nomine
1159 2145 1284 2176 s.Th0-

206 2197 279 2219 mae
302 2188 386 2230 typis
404 2188 531 2220 editam.
1139 2219 1142 2222 .

275 2232 508 2264 Commeatum
528 2233 638 2271 hocce,
657 2234 748 2274 quod
762 2234 911 2265 omnium
926 2233 1201 2265 fabulosissimum
1216 2245 1283 2266 sese

207 2277 314 2318 prodit
331 2277 450 2318 ipsum,
466 2278 588 2318 egregie
606 2278 814 2312 confutarunt
836 2286 962 2310 nostrae
981 2279 1082 2319 gentis
1102 2279 1281 2320 scriptores,

206 2321 392 2354 Vincentius
415 2322 589 2362 Baronius,
614 2323 799 2354 Francischs
824 2324 966 2354 Ianssens
990 2323 1123 2364 Elinga,
1148 2325 1282 2355 Iacobus

206 2366 382 2405 Echardus,
405 2366 547 2409 itemque
571 2367 665 2399 exteri
688 2368 767 2406 duo,
791 2378 874 2410 quos
898 2368 985 2406 novi,
1009 2369 1161 2399 Nicolaus
1181 2372 1281 2400 Anto-

206 2410 279 2442 nius
302 2411 335 2442 in
358 2410 555 2443 Bibliotheca
573 2412 746 2453 Hispanica
763 2413 859 2444 veteri
880 2420 911 2443 et
930 2412 1104 2444 Casimirus
1120 2413 1280 2451 Oudinus‚

207 2455 264 2497 qui
288 2456 428 2486 lansium
451 2457 570 2496 passim
594 2457 747 2488 exscribit.
772 2458 854 2488 Rem
874 2464 904 2488 et
919 2467 978 2497 ego
996 2467 1055 2497 pro
1070 2457 1150 2487 virili
1175 2468 1281 2498 aggre-

207 2499 287 2530 dior.
312 2499 405 2530 Nova
427 2499 556 2540 profero
580 2508 777 2541 argumenta,
802 2511 883 2542 quae
908 2501 1049 2532 fabulam
1073 2502 1282 2542 excogitatam

206 2543 368 2582 reiiciunt;
392 2551 600 2586 veterumque
631 2544 687 2587 (ut
709 2545 752 2576 ita
776 2544 900 2588 dicam)
930 2554 1192 2586 argumentorum
1215 2547 1282 2577 vim

206 2595 263 2630 aut
283 2589 476 2620 luculentius
500 2599 638 2630 expono,
654 2596 709 2621 aut
727 2590 828 2630 magis
847 2601 939 2621 acuo.
964 2593 1032 2630 Age
1051 2601 1137 2621 vero.
1163 2591 1281 2622 Genui-

206 2642 263 2664 nas
286 2632 424 2664 fatentur
447 2644 578 2672 omnes,
604 2634 718 2665 fatetur
741 2635 808 2675 ipse
831 2635 942 2666 Petrus
966 2635 1004 2665 de
1028 2635 1109 2665 Alva
1133 2636 1282 2676 epistolas

205 2677 286 2716 illas,
309 2688 393 2719 quae
416 2678 564 2709 Thomae
583 2678 752 2720 Aquinatis
776 2689 895 2710 nomen
920 2679 1111 2720 praeferunt,
1132 2688 1163 2711 et
1182 2681 1282 2711 conti-

204 2732 307 2753 nuam
329 2722 363 2753 in
384 2730 524 2763 quatuor
546 2723 717 2764 Evangelia
731 2724 975 2764 Expositionem
995 2724 1132 2755 offerunt
1151 2725 1282 2756 Urbano

208 2774 322 2808 quarto
341 2766 489 2798 Pontifici
507 2775 538 2799 et
556 2768 760 2799 Hannibaldo
780 2769 966 2810 Presbytero
987 2769 1158 2800 Cardinali.
1182 2770 1282 2811 Atqui

208 2811 404 2842 adamussim
427 2812 576 2853 praestita
594 2813 800 2844 inveniuntur
823 2814 932 2844 omnia
951 2813 983 2844 in
1004 2813 1120 2854 Opere,
1141 2815 1230 2855 quod
1249 2815 1282 2845 in

209 2855 299 2887 editis
323 2856 475 2898 exemplis
499 2863 530 2888 et
553 2858 779 2898 manuscriptis,
796 2858 959 2889 codicibus
979 2859 1038 2889 sub
1058 2859 1205 2889 Thomae
1225 2870 1282 2890 no-

207 2900 295 2931 mine
317 2908 449 2941 prostat,
473 2911 555 2943 quae
578 2902 612 2932 in
636 2902 755 2933 eisdem
779 2902 920 2943 epistolis
944 2903 1115 2943 proposuit
1137 2903 1195 2934 sibi
1221 2914 1282 2934 ser-

208 2945 311 2976 vanda
325 2945 411 2976 idem
421 2946 583 2977 Thomas:
603 2947 689 2977 unde
708 2957 775 2978 non
794 2947 932 2985 alterius,
952 2947 1011 2978 nisi
1027 2947 1174 2978 Thomae
1189 2948 1282 2988 Opus

208 2988 289 3019 illud
311 2997 367 3021 est.
393 2991 438 3021 Ita
461 3001 600 3032 namque
627 2988 788 3022 sententiis
813 2992 944 3022 Parrum
963 2992 1219 3034 scriptorumque
1234 3003 1282 3024 ec-

211 3032 457 3065 clesiasticorum
480 3035 576 3066 simul
591 3036 755 3074 contextis,
776 3036 963 3068 continuam
985 3046 1017 3067 se
1037 3037 1207 3068 adornasse
1221 3038 1282 3068 Ex-

209 3076 406 3118 positionem
426 3086 531 3110 narrat
548 3079 703 3121 Aquinas,
723 3087 760 3111 ut
776 3081 982 3122 singulorum
1008 3082 1137 3112 nomina
1158 3091 1281 3122 expres-

210 3121 298 3160 serit;
318 3121 389 3152 loca
403 3122 499 3153 etiam
517 3123 709 3163 indicaverit,
726 3135 762 3155 ex
781 3126 898 3166 quibus
918 3133 1009 3156 eruta·
1024 3133 1098 3156 sunt
1116 3132 1281 3167 assumpta

209 3167 408 3204 testimonia;
431 3173 462 3197 et
491 3167 573 3210 hanc
601 3168 796 3208 diligentiam
826 3170 1085 3210 praetermiserit,
1117 3181 1192 3201 cum
1220 3171 1280 3211 ipsi

210 3211 451 3251 decerperentur
464 3211 549 3248 libri,
557 3218 612 3242 aut
626 3214 839 3253 expositiones
853 3214 1083 3245 adducerentur
1093 3224 1194 3255 supra
1210 3216 1280 3246 loca

209 3265 292 3296 quae
315 3255 567 3295 exponebantur.
592 3258 635 3287 At
657 3257 690 3287 in
711 3257 828 3298 Opere,
847 3268 915 3299 quo
935 3259 974 3289 de
993 3259 1128 3298 agimus,
1148 3260 1280 3290 nomina

207 3299 286 3339 legis
300 3300 430 3330 Patrum
446 3299 717 3342 scriptorumque:
733 3302 960 3333 sententiarum
974 3313 1106 3344 quoque
1125 3313 1280 3343 promun-

209 3350 261 3374 tur
278 3344 359 3382 loci,
383 3355 413 3375 v.
433 3354 463 3383 g.
487 3345 693 3385 Augustinus
715 3346 755 3376 de
781 3346 912 3384 Quaest.
929 3348 1003 3378 novi
1026 3353 1056 3377 et
1079 3349 1196 3378 veteris
1223 3349 1279 3378 Te·

208 3390 375 3426 stamenfi,
400 3389 506 3419 Abbas
529 3389 676 3420 Isidorus
698 3390 742 3420 ad
763 3391 1104 3431 Archipresbyterum,
1132 3391 1281 3432 Cyrillus

209 3433 242 3463 in
266 3433 412 3473 Epistola
437 3433 480 3464 ad
502 3433 658 3464 Ioannem
681 3434 925 3472 Antiochenam,
946 3435 1011 3465 Leo
1034 3435 1078 3465 ad
1097 3435 1279 3466 Constanti-

209 3478 431 3518 nopolitanos;
450 3478 504 3508 sed
522 3478 750 3518 Hieronymus
763 3478 902 3516 demum,
917 3478 1083 3516 Rabanus,
1098 3479 1278 3520 Remigius,

208 3522 324 3564 aliique
348 3523 543 3564 frequentius
567 3522 705 3553 indicato
728 3522 802 3553 loco
826 3523 916 3553 nullo
936 3522 1119 3562 allegantur,
1139 3533 1280 3564 quorum

208 3577 324 3608 nempe
348 3568 519 3599 sententiae
537 3578 573 3598 ex
591 3568 738 3608 ipsorum
761 3567 990 3597 commentario
1007 3567 1040 3596 in
1062 3567 1212 3597 eumdem
1234 3574 1279 3598 te-

205 3619 308 3652 xtum,
323 3623 421 3654 quem
435 3613 579 3643 Thomas
599 3612 786 3653 exponebat,
802 3612 1008 3652 depromptae
1025 3618 1108 3642 sunt.
1124 3611 1174 3641 Ad
1190 3612 1280 3642 Ioan-

208 3667 283 3687 nem
307 3657 578 3698 Chrysostomum
608 3656 697 3698 quod
721 3656 849 3694 attinet,
874 3655 1039 3696 peculiaris
1064 3662 1110 3686 est
1133 3656 1280 3686 Thomae

351 3719 420 3752 Opp.
440 3720 471 3744 D.
486 3720 601 3745 Tuonaa
620 3720 651 3745 T.
671 3721 689 3746 1.

1351 358 1599 389 animadversio:
1621 370 1657 389 ea
1676 360 1792 391 scilicet
1811 362 2002 400 testimonia,
2022 373 2103 404 quae
2122 365 2162 394 de
2185 366 2420 400 Commentario

1350 402 1450 442 ipsius
1473 413 1573 444 super
1595 405 1797 434 Matthaeum
1821 411 2006 444 sumuntur,
2032 410 2209 447 oportuisse
2234 412 2363 442 inscribi
2387 415 2418 444 in

1350 447 1443 477 titulo
1457 457 1556 488 super
1569 448 1783 486 Mamaeum,
1801 455 1836 480 ut
1844 460 1908 489 per
1921 451 1980 481 hoc
1997 452 2037 481 ab
2056 453 2131 482 aliis
2148 463 2231 493 quae
2248 462 2422 488 sumuntur

1349 491 1390 521 de
1413 493 1482 522 eius
1502 492 1704 522 Homiliario
1728 494 2017 534 distinguerentur.
2043 496 2134 533 Quae
2158 507 2232 528 sane
2251 499 2420 539 distinctio,

1349 535 1519 577 variusque
1548 536 1697 567 locorum
1725 537 1819 568 index
1842 539 1960 578 passim
1979 539 2012 569 in
2036 540 2142 580 Opere
2165 543 2320 582 occurrit,
2345 555 2420 575 con-

1349 580 1604 621 stantissimeque
1634 582 1819 612 observatur
1846 583 1908 613 hoc
1936 584 2054 614 modo:
2082 585 2347 626 Clzrysostomus,
2372 590 2422 620 vel

1351 624 1602 665 Chrysostomus
1626 627 1658 656 in
1681 626 1840 664 Homilia,
1862 637 1897 657 ac
1917 628 2030 658 deinde
2052 629 2301 671 Chrysostomus
2322 642 2420 673 super

1348 669 1560 700 Matthaeum.
1586 670 1730 701 Thomas
1746 671 1897 702 admonet
1916 673 2109 714 plerumque
2130 676 2239 716 aliqua
2259 676 2298 706 de
2317 678 2419 708 medio

1348 715 1574 745 sententiarum
1596 716 1742 751 rescissa,
1759 716 1993 757 verborumque
2013 718 2156 749 ordinem
2177 726 2416 759 commutatum,

1347 768 1383 789 ac
1406 759 1567 790 interdum
1586 760 1690 790 verbis
1708 760 1847 791 dimissis
1872 761 2030 792 redditum
2048 772 2195 795 sensum:
2216 772 2247 795 et
2265 765 2341 796 haec
2360 776 2417 806 op-

1348 803 1425 844 pido
1449 804 1558 834 omnia
1576 804 1708 844 proprio
1728 805 1943 845 experimento
1968 817 2061 837 nosse
2085 808 2199 849 cuique
2218 809 2290 840 licet
2307 810 2341 840 in
2355 811 2416 841 Ex-

1347 848 1507 888 positione
1530 849 1614 890 typis
1638 849 1731 886 edita,
1755 850 1928 891 posuitque
1952 852 2010 881 sub
2035 852 2146 882 oculos
2171 854 2303 884 Ioannes
2322 855 2416 886 Nico-

1347 893 1445 931 laius,
1469 893 1525 934 qui
1550 893 1582 923 in
1606 893 1798 924 editionibus
1823 895 1877 924 abs
1901 905 1933 925 se
1958 896 2071 926 curatis
2094 897 2214 937 integra
2236 899 2417 930 testimonia

1346 937 1496 978 improbo
1519 938 1628 968 labore
1659 938 1820 969 restituere
1844 939 1931 969 nisus
1955 947 2010 970 est.
2043 941 2163 972 Verum
2187 943 2322 984 denique
2346 955 2416 985 my-

1345 983 1433 1013 sticis
1447 982 1757 1022 interpretationibus
1777 990 1807 1014 et
1826 993 1974 1014 errorum
1996 985 2211 1017 confutatione
2240 986 2336 1029 (quae
2351 989 2416 1019 duo

1346 1036 1378 1056 se
1402 1027 1627 1067 praestiturum
1646 1027 1813 1067 pollicetur
1835 1027 2000 1071 Aquinas)
2027 1037 2131 1060 toturn
2151 1038 2246 1062 scatet
2264 1033 2347 1073 typis
2367 1043 2416 1063 ex-

1347 1081 1460 1102 cusum
1482 1071 1586 1112 OpuS,
1605 1072 1694 1112 quod
1713 1080 1891 1103 versamus:
1911 1083 1945 1103 ac
1960 1081 2081 1113 praeter
2099 1075 2213 1106 latinos
2229 1077 2417 1108 adhibentur

1345 1115 1442 1146 etiam
1463 1115 1566 1156 graeci
1590 1117 1707 1155 Patres,
1732 1127 1872 1158 quorum
1896 1120 2108 1158 expositiones
2132 1120 2222 1150 Latio
2243 1131 2274 1151 se
2290 1129 2417 1153 curante

1345 1160 1480 1191 redditas
1511 1160 1577 1201 ipse
1609 1161 1753 1192 Thomas
1786 1169 1932 1193 testatur:
1963 1163 2142 1204 latinaeque
2178 1165 2415 1205 translationes,

1344 1205 1551 1235 homiliarum
1574 1206 1711 1236 maxime
1736 1206 1979 1247 Chrysostomi,
2000 1208 2106 1238 minus
2125 1216 2286 1240 accuratae
2310 1210 2416 1241 viden-

1345 1257 1406 1287 tur,
1426 1250 1481 1280 sed
1505 1250 1612 1290 potius
1633 1251 1747 1281 eodem
1762 1252 1955 1282 admonente
1975 1253 2115 1283 vitiosae.
2141 1254 2224 1283 Tam
2250 1254 2329 1285 bene
2347 1265 2415 1295 per-

1344 1294 1487 1335 fecteque
1511 1295 1628 1335 regulis
1657 1296 1825 1334 omnibus,
1850 1306 1929 1337 quas
1953 1304 2058 1327 mente
2083 1305 2268 1338 conceptas,
2292 1299 2414 1340 sibique

1344 1339 1524 1379 propositas
1544 1340 1679 1371 declarat
1692 1341 1836 1381 Aquinas
1851 1341 1883 1371 in
1904 1341 2045 1381 epistolis
2060 1343 2310 1382 nuncupatoriis,
2332 1344 2415 1385 typis

1343 1383 1427 1414 edita
1450 1384 1602 1415 continua
1625 1385 1791 1425 Expositio
1816 1395 1911 1425 super
1941 1393 2080 1427 quatuor
2103 1387 2315 1427 Evangelistas
2340 1399 2414 1419 con-

1342 1428 1436 1468 gruit,
1461 1436 1496 1459 ut
1519 1429 1705 1460 alterutrum
1730 1430 1800 1470 eligi
1825 1430 1959 1460 omnino
1979 1431 2107 1469 debeat,
2127 1438 2182 1462 aut
2201 1433 2345 1463 eamdem
2355 1434 2415 1463 Ex-

1342 1473 1536 1513 positionem
1551 1474 1729 1513 genuinum
1744 1485 1811 1505 esse
1831 1475 1894 1505 divi
1909 1475 2056 1505 Thomae
2071 1475 2205 1514 foetum,
2221 1483 2275 1507 aut
2294 1477 2416 1517 spurias

1342 1517 1575 1559 confictasquae
1590 1519 1762 1559 praedictas
1785 1519 1943 1559 epistolas.
1960 1520 2084 1550 Partem
2103 1521 2231 1551 alteram
2247 1531 2303 1551 nec
2323 1522 2418 1552 audet

1342 1562 1483 1593 adserere
1501 1563 1612 1594 Petrus
1627 1564 1666 1594 de
1680 1564 1771 1601 Alva,
1787 1574 1892 1605 neque
1906 1571 2030 1604 potest:
2046 1564 2186 1605 priorem
2201 1575 2275 1605 ergo
2295 1573 2417 1606 partem

1341 1607 1567 1647 amplectatur,
1592 1608 1851 1649 adscriptumque
1865 1609 1982 1639 Pontio
2007 1609 2199 1640 Carbonello
2224 1610 2316 1650 Opus
2339 1621 2415 1641 vero

1341 1652 1462 1692 parenti
1486 1652 1628 1683 restituat
1651 1653 1798 1683 Thomae
1822 1653 1984 1694 Aquinati.

1409 1696 1502 1737 Opus
1521 1697 1652 1738 quidem
1671 1697 1704 1727 in
1724 1698 1893 1738 Evangelia
1913 1705 2062 1739 quatuor,
2083 1705 2266 1729 sanctorum
2284 1699 2414 1730 Patrum

1341 1740 1596 1782 scriptorumque
1630 1742 1912 1773 ecclesiasticorum
1945 1742 2105 1773 sententiis
2136 1749 2340 1782 contextum,
2376 1745 2414 1774 ab

1341 1785 1500 1826 Aquinate
1512 1786 1667 1816 mandatis
1678 1787 1796 1817 Urbani
1807 1787 1849 1817 IV
1862 1787 2056 1828 obsequente
2072 1787 2292 1818 elucubratum
2306 1788 2414 1827 fuisse,

1341 1830 1591 1861 luculentissime
1614 1837 1768 1861 testantur
1790 1838 1909 1862 veteres
1933 1841 2056 1870 omnes,
2081 1831 2136 1873 qui
2161 1833 2287 1863 saeculo
2307 1833 2413 1864 tertio-

1341 1874 1466 1905 decimo
1500 1882 1531 1905 et
1560 1875 1801 1916 quartodecimo
1835 1876 2085 1906 accuratissimos
2118 1877 2235 1907 indices
2269 1877 2414 1917 Operum

1341 1919 1440 1959 ipsius
1465 1919 1612 1950 Thomae
1631 1927 1808 1951 texuerunt.
1833 1920 1932 1961 Atqui
1952 1921 2109 1960 egregiam
2127 1921 2208 1952 hanc
2222 1921 2414 1952 lucubratio-

1342 1974 1416 1995 nem
1439 1964 1520 1995 intra
1550 1964 1682 1995 huiusce
1712 1965 1865 2005 temporis
1889 1965 2049 2005 spatium,
2073 1966 2162 2006 quod
2186 1966 2226 1995 ad
2252 1965 2415 1996 inventam

1341 2009 1587 2050 typographiam
1611 2019 1712 2050 usque
1737 2009 1880 2047 excurrit,
1900 2019 1967 2040 non
1986 2009 2125 2049 periisse,
2145 2009 2247 2040 immo
2269 2010 2415 2051 frequen-

1341 2053 1436 2084 tiores
1456 2054 1599 2084 eiusdem
1619 2054 1742 2085 codices
1765 2054 1998 2094 manuscriptos
2017 2054 2049 2084 in
2065 2053 2261 2085 bibliothecis
2282 2054 2416 2095 publicis

1341 2098 1532 2139 privatisque
1557 2099 1748 2137 adservatos,
1774 2109 1810 2129 ex
1834 2099 1949 2129 eodem
1972 2098 2131 2138 colligitur
2154 2098 2344 2139 scriptorum
2373 2106 2416 2130 te-

1341 2143 1505 2182 stimonio,
1530 2143 1586 2184 qui
1610 2143 1703 2184 Opus
1723 2150 1886 2174 recensent
1905 2150 1935 2174 et
1949 2143 2087 2184 pretium
2107 2143 2174 2174 eius
2197 2143 2354 2174 celebrant
2379 2154 2415 2174 ac

1340 2188 1532 2219 methodum
1563 2188 1757 2228 patefaciunt
1779 2189 1811 2218 in
1837 2198 1875 2218 eo
1899 2188 2034 2218 texendo
2068 2195 2240 2225 servatam,
2265 2188 2414 2227 nuspiam

1339 2233 1492 2264 iacturam
1511 2233 1700 2269 indicantes,
1721 2243 1833 2263 verum
1852 2233 1941 2273 quod
1960 2232 2104 2271 legebant
2128 2231 2229 2262 oculis
2253 2232 2413 2262 manibus-

1339 2288 1402 2318 que
1427 2278 1662 2308 contrectabant
1685 2278 1770 2307 bona
1793 2276 1854 2307 fide
1879 2283 2082 2316 exponentes.
2114 2276 2259 2306 Meminit
2282 2276 2414 2317 quidem

1338 2322 1544 2352 Ptolomaeus
1559 2321 1710 2352 Lucensis
1725 2321 1757 2351 in
1773 2320 1913 2351 Historia
1928 2320 2001 2351 eccl.
2017 2320 2098 2350 libro
2121 2321 2234 2358 XXIII,
2250 2320 2350 2360 capite
2372 2331 2412 2350 xv

1338 2367 1505 2397 cuiusdam
1522 2367 1624 2406 primi
1647 2365 1735 2403 libri,
1760 2375 1857 2406 quem
1881 2365 2025 2395 Thomas
2055 2365 2178 2396 Romae
2206 2375 2290 2394 anno
2325 2364 2410 2395 circi-

1338 2418 1383 2441 ter
1412 2411 1488 2441 1261
1517 2411 1646 2450 scripsit
1674 2419 1773 2450 super
1795 2410 1997 2447 Sententias;
2019 2409 2179 2450 simulque
2202 2409 2298 2447 addit,
2318 2419 2410 2449 quem

1338 2465 1399 2496 ego
1423 2455 1491 2486 vidi
1513 2455 1639 2491 Lucae,
1669 2454 1726 2485 sed
1749 2454 1823 2485 inde
1854 2454 2052 2485 subtractum
2086 2464 2243 2494 nusquam
2278 2454 2413 2484 ulterius

1339 2499 1412 2530 vidi.
1449 2499 1707 2530 Commentarios
1731 2500 1763 2529 in
1788 2499 1910 2529 Isaiam
1935 2505 2097 2529 recensent
2128 2498 2275 2528 laudatus
2303 2498 2411 2528 Ptolo-

1338 2554 1460 2582 maeus,
1475 2544 1653 2574 Bernardus
1668 2543 1826 2574 Guidonis
1842 2550 1872 2574 et
1891 2554 1915 2574 s.
1925 2543 2124 2581 Antoninus;
2144 2549 2176 2573 at
2190 2543 2320 2573 eosdem
2335 2553 2413 2573 raro

1338 2590 1478 2619 inveniri
1499 2588 1531 2618 in
1551 2588 1748 2619 bibliothecis
1775 2588 1907 2618 lectores
1933 2588 2117 2618 admonent.
2142 2588 2299 2618 Memorat
2323 2588 2413 2618 Ioan-

1339 2643 1394 2663 nes
1419 2634 1456 2663 de
1481 2633 1644 2664 Columna
1666 2632 1812 2663 Postillas
1836 2634 1868 2662 in
1891 2632 2070 2672 Epistolam
2092 2632 2136 2662 ad
2153 2632 2316 2663 Romanos
2335 2637 2365 2662 et
2380 2633 2412 2662 in

1339 2678 1516 2718 Epistulam
1541 2677 1584 2708 ad
1610 2677 1813 2714 Corinthios;
1837 2684 1867 2708 et
1890 2677 1930 2707 ad
1953 2677 2028 2707 alias
2052 2677 2141 2717 quod
2170 2676 2289 2714 attinet,
2314 2676 2412 2706 adno-

1339 2730 1403 2753 tare
1418 2733 1485 2753 non
1508 2722 1745 2762 praetermittit:
1765 2722 1808 2752 Et
1828 2722 1912 2759 licet,
1928 2721 2085 2762 inquiens,
2101 2731 2179 2751 raro
2195 2722 2411 2760 reperiantur,

1339 2773 1445 2798 tamen
1470 2777 1491 2798 a
1504 2766 1578 2808 fide
1600 2767 1710 2808 dignis
1728 2767 1839 2797 audivi
1856 2766 1943 2807 quod
1961 2767 2027 2806 ipse
2044 2766 2173 2805 scripsit
2191 2775 2289 2805 super
2303 2774 2413 2795 omnes

1339 2812 1503 2853 Epistulas
1525 2811 1630 2842 Pauli.
1663 2811 1750 2841 Nihil
1774 2811 1876 2841 simile
1900 2811 1939 2841 de
1963 2810 2085 2850 Opere,
2110 2820 2176 2850 quo
2201 2810 2239 2839 de
2267 2809 2411 2848 agimus,

1340 2857 1468 2898 quodve
1498 2856 1648 2896 praedicti
1679 2855 1909 2895 diligentissimi
1937 2854 2190 2885 nomenclatores
2227 2854 2410 2884 mirandum

1339 2908 1466 2938 vocant,
1486 2901 1747 2941 incomparabile,
1768 2901 1851 2930 miro
1871 2899 2009 2940 artificio
2028 2904 2222 2935 contextum,
2238 2899 2277 2928 ab
2292 2897 2412 2928 eisdem

1340 2946 1607 2983 animadversum,
1632 2945 1721 2986 quod
1746 2944 1812 2975 eius
1837 2944 2008 2974 dolendam
2026 2943 2179 2973 iacturam
2201 2942 2332 2980 indicet,
2357 2949 2412 2972 aut

1341 2988 1489 3021 codicum
1513 2990 1714 3030 paucitatem.
1740 2989 1864 3029 Collige
1887 2998 1962 3019 vero
1984 2988 2047 3018 iarn
2067 2988 2150 3017 duo:
2174 2994 2245 3017 tum
2264 2986 2412 3016 fabellam

1340 3045 1418 3073 esse,
1442 3045 1541 3075 quam
1564 3034 1684 3075 profert
1706 3034 1816 3064 Petrus
1836 3034 1874 3063 de
1889 3033 1980 3071 Alva,
2001 3033 2039 3062 de
2059 3042 2125 3062 uno
2145 3031 2253 3062 codice
2273 3031 2410 3062 Corsen—

1339 3080 1487 3110 doncano
1518 3078 1691 3119 genuinam
1714 3078 1861 3108 Thomae
1884 3076 2126 3117 Expositionem
2152 3082 2310 3106 servante:
2340 3082 2411 3106 tum

1338 3124 1495 3164 plurimos
1519 3123 1705 3154 huiusmodi
1730 3123 1852 3153 codices
1873 3121 2034 3159 exstitisse,
2050 3131 2085 3151 ac
2105 3121 2281 3151 etiamnum
2296 3126 2409 3158 extare,

1338 3179 1375 3199 ex
1398 3168 1515 3209 quibus
1535 3168 1688 3198 editiones
1708 3167 1821 3207 Operis
1843 3167 1902 3197 sub
1922 3165 2052 3196 nomine
2071 3165 2229 3203 Thomae,
2244 3171 2410 3205 tamquam

1314 3220 1316 3222 '
1337 3213 1401 3243 veri
1426 3212 1574 3250 auctoris,
1598 3211 1793 3252 prodierunt.

1405 3257 1541 3288 Codices
1564 3256 1808 3296 manuscriptos,
1829 3255 1884 3295 qui
1907 3261 1981 3295 post
2004 3254 2206 3294 apotheosim
2225 3253 2323 3283 sancti
2342 3253 2407 3282 Do-

1337 3301 1431 3332 ctoris
1456 3301 1569 3331 exarati
1592 3301 1725 3338 fuerint,
1755 3300 1851 3330 veluti
1871 3299 1985 3329 dubiae
2008 3305 2063 3329 aut
2093 3298 2212 3328 nullius
2242 3297 2315 3327 fidei
2340 3296 2408 3326 reii-

1337 3346 1465 3376 ciendos
1489 3345 1680 3385 pronunciat
1703 3354 1823 3375 censor.
1848 3344 1970 3374 Verum
1989 3343 2149 3373 enimvero
2169 3349 2239 3372 tum
2257 3341 2317 3378 isti,
2334 3350 2408 3370 cum

1337 3389 1541 3430 antiquiores,
1566 3389 1622 3429 qui
1645 3389 1738 3419 bonis
1762 3388 1872 3418 avibus
1895 3397 1963 3418 non
1986 3387 2079 3427 pauci
2103 3391 2289 3425 supersunt,
2314 3385 2405 3414 abso-

1336 3433 1490 3464 lutissime
1505 3433 1700 3463 conveniunt
1718 3442 1841 3468 omnes,
1862 3432 2071 3471 eamdemque
2091 3430 2149 3460 sub
2168 3429 2299 3459 nomine
2318 3428 2407 3458 Tho-

1336 3487 1407 3507 mae
1430 3483 1589 3516 praestant
1611 3478 1795 3506 continuam
1810 3476 2049 3515 Expositionem
2078 3474 2142 3504 iam
2171 3473 2255 3513 typis
2279 3472 2405 3503 editam.

1338 3521 1472 3552 Codices
1496 3520 1728 3560 manuscriptos
1747 3519 1873 3559 triginta
1896 3525 2042 3548 numerat
2064 3517 2266 3548 doctissimus
2289 3516 2404 3547 Echar-

1337 3566 1407 3603 dus,
1432 3574 1572 3605 quorum
1596 3564 1674 3594 alios
1697 3564 1765 3604 ipse
1788 3563 1890 3593 oculis
1912 3562 2064 3601 lustravit,
2084 3562 2160 3601 legit
2178 3562 2256 3592 alios
2274 3561 2308 3592 in
2325 3561 2405 3592 indi-

1337 3609 1425 3639 cibus
1449 3608 1712 3639 bibliothecarum
1735 3608 1850 3645 Italiae,
1871 3606 2046 3637 Galliarum
2070 3613 2100 3637 et
2118 3606 2236 3646 Belgii:
2257 3616 2292 3636 ac
2310 3605 2406 3646 longe

1337 3653 1443 3693 plures
1467 3652 1591 3693 quidni.
1608 3659 1731 3683 servent
1753 3659 1801 3683 tot
1824 3651 1901 3682 aliae
1925 3651 1958 3681 in
1981 3652 2112 3691 Europa
2136 3650 2279 3691 publicae
2303 3650 2404 3691 priva-

2232 3719 2262 3742 14
