2548 4192
956 271 1011 306 IN
1042 270 1079 306 S.
1102 270 1343 306 THOMAM
1371 250 1695 316 AQUlN'ATEM

225 367 242 380 π.
263 351 440 394 quisierunt
463 357 520 381 etc.
546 363 560 378 ι)
597 350 673 387 Quo
697 350 770 380 loco
795 357 921 381 notatos
945 350 1041 380 habes
1065 350 1208 380 aemulos
1233 349 1296 379 divi

224 397 392 434 Thomae,
425 395 481 436 qui
514 395 647 425 obtentu
681 404 830 424 censurae
863 395 917 424 abs
950 394 1112 434 Stephano
1145 393 1298 433 Tempier

223 441 324 479 latae,
357 439 537 470 doctrinam
579 444 610 469 et
647 436 779 479 famam
813 440 882 469 eius
920 440 1036 469 iniuste
1068 438 1295 479 denigrabant.

225 485 331 516 Habes
355 483 462 521 etiam,
487 493 543 523 per
565 482 646 513 hanc
670 482 815 523 iniquam
839 483 999 513 doctrinae
1023 483 1191 523 Aquinatis
1211 482 1297 512 deni-

224 528 402 568 grationem
425 527 633 557 incommoda
657 527 722 557 duo
747 527 836 567 sequi
861 537 954 566 posse
978 534 1008 558 et
1032 528 1175 557 veritatis
1194 527 1299 557 occul·

226 573 377 603 tationem
402 577 433 602 et
455 571 628 612 aliqualem
659 576 792 602 sanctae
814 571 981 602 Romanae
1009 571 1191 609 Ecclesiae,
1217 581 1299 612 quae

224 617 333 657 ipsum
356 616 437 646 inter
460 615 596 646 Caelites
615 616 773 653 retulerat,
797 615 1090 646 dehonorationem.

289 673 304 688 «
317 661 385 691 Nos
395 659 616 701 requisierunt,
626 659 783 700 nobisque
793 660 1050 700 supplicaverunt
1063 667 1231 701 quatenus,
1242 670 1299 690 vo-

228 717 243 732 ›
265 705 340 735 catis
359 704 511 735 omnibus
527 714 631 734 sacrae
647 704 827 744 theologiae
844 704 1027 735 doctoribus
1043 711 1073 735 et
1089 715 1164 735 cum
1181 704 1299 735 eisdem

228 761 243 776 a·
263 748 501 780 communicato
522 748 655 778 consilio
680 755 710 779 et
734 748 958 779 deliberatione
977 749 1083 779 habita
1098 749 1250 789 diligenti,
1270 755 1301 779 et

228 805 242 820 »
263 803 339 824 cum
362 793 430 823 aliis
454 792 549 823 etiam
568 793 623 833 qui
643 793 682 823 de
701 793 815 823 talibus
840 800 870 823 et
893 793 925 823 in
949 793 1064 824 talibus
1084 801 1229 834 possunt,
1247 803 1300 823 ve-

229 850 243 865 »
263 837 361 868 ritatis
384 837 470 867 viam
493 837 706 877 aperiremus;
723 848 780 877 per
802 848 899 878 quam
919 837 951 867 in
968 838 1134 878 praedictis
1151 838 1300 875 articulis,

229 894 244 909 x>
263 882 296 912 in
312 888 470 923 quantum
487 881 664 912 doctrinam
679 883 708 912 b.
719 882 866 912 Thomae
877 882 1036 922 praedicti,
1049 882 1197 912 Doctoris
1214 891 1300 922 egre-

229 938 244 954 »
263 926 324 967 gii,
348 933 475 966 tangere
499 933 654 966 possunt,
684 933 714 957 et
737 933 862 957 sanctae
889 927 1054 956 Romanae
1082 926 1240 956 Ecclesiae
1271 933 1302 956 et

227 982 243 998 >
263 971 362 1002 sancti
386 970 535 1011 praedicti
550 971 698 1001 Doctoris
717 970 902 1001 venerabilis
924 970 1083 1000 honorem
1104 981 1140 1000 ac
1158 980 1300 1000 reveren-

229 1028 244 1042 »
262 1016 340 1047 tiam
359 1025 565 1046 servaremus.
580 1027 594 1042 »
609 1015 768 1054 Dogmata
782 1015 938 1045 nonnulla
954 1015 992 1044 ab
1011 1014 1170 1055 Aquinate
1189 1014 1300 1045 tradita

226 1070 283 1100 per
297 1070 368 1090 eam
383 1060 477 1100 tangi
492 1069 658 1089 censuram
677 1060 831 1099 putabant
849 1059 916 1089 alii:
934 1069 1000 1089 non
1014 1058 1058 1089 ita
1073 1059 1301 1089 arbitrabantur

226 1105 290 1142 alii,
315 1103 439 1134 tametsi
463 1108 581 1134 tactam
606 1113 677 1133 eam
696 1113 763 1134 esse
787 1103 952 1143 vulgarent
970 1103 1098 1142 aemuli.
1123 1104 1232 1143 Itaque
1260 1103 1299 1132 ad

227 1157 358 1179 examen
381 1154 532 1178 vocatum
549 1154 605 1184 est,
622 1157 703 1178 num
719 1147 925 1178 articulorum
941 1147 1104 1177 damnatio
1119 1147 1299 1177 doctrinam

228 1193 312 1224 beati
339 1192 479 1222 Romae
501 1192 653 1222 Doctoris
676 1193 804 1233 egregii
827 1197 964 1232 tangere
981 1196 1101 1231 posset.

293 1237 402 1277 Itaque
430 1249 444 1263 «
464 1245 520 1276 per
542 1236 735 1266 venerabiles
752 1246 788 1267 ac
804 1235 935 1266 dilectos
960 1234 1155 1266 consiliarios
1172 1241 1299 1265 nostros

229 1294 244 1309 2
263 1279 382 1318 fideles,
408 1279 593 1320 magistrum
618 1281 794 1320 Hugonem
823 1280 862 1310 de
884 1279 1029 1310 Bisontio
1055 1286 1218 1310 cantorem
1241 1279 1298 1309 Pa-

229 1338 244 1353 »
263 1325 438 1365 risiensem,
449 1324 636 1364 magistrum
653 1325 852 1365 Stephanum
866 1325 904 1354 de
919 1324 1099 1354 Nova-villa
1119 1331 1150 1354 et
1167 1324 1197 1354 d.
1209 1323 1299 1355 Odo-

228 1362 339 1400 i‘net'n
371 1369 411 1399 de
442 1369 581 1399 Zenonis
613 1369 805 1400 canonicum
835 1368 1062 1406 Parisiensem,
1091 1368 1298 1409 inquisitione

227 1426 243 1441 ι
262 1413 344 1444 facta
367 1423 463 1454 super
486 1413 576 1444 dictis
600 1413 738 1444 articulis
753 1413 840 1453 apud
863 1413 1009 1444 doctores
1028 1413 1225 1453 theologicae
1240 1414 1298 1444 Fa-

227 1470 243 1486 »
263 1457 407 1496 cultatis,
437 1457 470 1488 in
495 1467 609 1488 eorum
633 1457 888 1498 Congregatione
911 1458 1048 1497 generali
1074 1458 1251 1497 regentium
1267 1465 1298 1488 et

228 1514 243 1530 ι
263 1496 330 1533 tion
353 1502 542 1542 regentium,
565 1502 775 1533 saecularium
799 1509 829 1533 et
848 1502 1050 1542 regularium,
1077 1502 1116 1532 ad
1141 1502 1203 1532 hoc
1229 1512 1298 1542 spe-

227 1542 246 1574 ›'
263 1546 382 1578 cialiter
414 1553 598 1577 convocata.
617 1559 631 1573 ι
665 1547 755 1577 Patet
786 1546 962 1585 iudicium,
991 1557 1057 1587 quo
1091 1546 1130 1577 de
1153 1546 1297 1586 agimus,

224 1584 294 1623 nori
316 1591 356 1621 ad
378 1591 534 1631 integram
556 1590 711 1631 pertinere
726 1591 935 1622 Parisiensem
959 1590 1219 1629 Universitatem‚
1244 1592 1299 1622 sed

225 1636 488 1667 ad‘Facultatem
513 1635 722 1666 solummodo
746 1635 970 1676 theologicam.
991 1636 1053 1667 Sed
1076 1635 1158 1666 hanc
1176 1636 1300 1666 theolo-

224 1690 342 1722 gorum
366 1679 656 1720 Congregationem
679 1680 772 1720 plura
802 1687 877 1710 sunt
899 1690 981 1721 quae
1005 1680 1208 1720 spectabilem
1231 1681 1299 1711 red-

228 1725 318 1756 dunt.
334 1725 482 1755 Decanus
505 1730 536 1755 et
553 1724 696 1755 canonici
707 1723 896 1755 Pan'sienses
912 1731 1105 1765 promovent
1120 1725 1298 1764 negotium:

225 1769 370 1810 illudque
386 1768 564 1799 adsumitur
582 1769 621 1799 ab
641 1769 803 1809 Stephano
823 1768 987 1810 Episcopo
1017 1779 1093 1799 cum
1108 1769 1208 1799 tribus
1225 1779 1300 1800 con—

224 1813 359 1855 siliariis
382 1813 617 1853 spectatissimis
641 1812 730 1843 viris:
756 1823 820 1854 qua
843 1813 882 1843 de
905 1823 938 1844 re
961 1813 1115 1853 generalis
1147 1814 1300 1855 theologi—

225 1856 289 1890 εἰπέ
304 1857 485 1888 Facultatis
507 1857 722 1897 Congregatio
753 1857 942 1888 celebratur:
975 1857 1136 1898 initurque
1169 1868 1300 1889 examen

225 1912 283 1943 per
305 1901 492 1942 magistros,
517 1906 667 1942 regentes
690 1901 769 1932 alios
793 1911 848 1932 seu
872 1902 1031 1940 actuales,
1059 1902 1203 1943 aliosque
1233 1913 1300 1934 non

225 1952 376 1989 regentes
395 1955 451 1976 seu
476 1945 645 1984 emeritos,
670 1952 736 1976 tam
756 1947 961 1985 saeculares,
986 1956 1085 1988 quam
1108 1948 1298 1988 regulares,

224 1997 262 2022 ut
284 1996 488 2021 momentum
512 2000 609 2020 omne
633 1989 762 2021 ferenda
784 1991 938 2022 sententia
960 1991 1083 2022 habeat.

292 2034 377 2066 Tam
400 2034 479 2065 seria
502 2044 537 2065 ac
561 2041 686 2066 matura
708 2034 814 2066 habita
838 2036 1078 2074 deliberatione,
1103 2042 1299 2077 compertum

226 2079 364 2121 denique
369 2078 461 2120 fuit:
474 2079 594 2110 dictum
606 2079 831 2120 Confessorem
848 2079 974 2111 beatum
985 2086 1016 2111 et
1024 2081 1196 2112 Doctorem
1208 2091 1299 2122 egre-

223 2123 316 2166 gium
342 2124 423 2155 nihil
444 2124 601 2162 sensisse,
631 2124 777 2155 docuisse
799 2134 856 2155 seu
879 2126 1065 2166 scripsisse,
1089 2126 1175 2166 quod
1196 2127 1299 2157 scien·

225 2169 292 2199 tiae
301 2168 388 2210 fidei
410 2168 461 2199 vel
483 2168 574 2200 bonis
596 2168 739 2199 moribus
761 2169 960 2200 adversetur.
994 2170 1300 2201 Luculentissimum

225 2222 320 2243 sanae
343 2212 503 2244 doctrinae
527 2213 566 2243 ab
589 2213 748 2254 Aquinate
772 2213 902 2244 traditae
921 2214 1064 2254 elogium
1080 2215 1299 2246 celeberrimae

225 2257 396 2288 Facultatis
420 2256 547 2288 calculis
571 2257 722 2288 omnibus
746 2259 1002 2298 comprobatum.

291 2301 449 2332 Nondum
480 2311 556 2332 vero
590 2302 673 2333 satis.
700 2302 751 2332 Ad
784 2312 915 2333 examen
939 2310 1049 2334 coetus
1082 2303 1299 2335 nobilissimus

224 2346 369 2387 procedit
391 2345 491 2387 ipsius
515 2356 665 2377 censurae
681 2347 736 2377 abs
755 2346 917 2388 Stephano
943 2347 1096 2388 Tempier
1120 2348 1218 2379 latae:
1248 2359 1298 2379 ex-

225 2390 438 2432 penditurque
462 2401 542 2421 num
569 2401 626 2431 per
648 2390 750 2431 ipsam
771 2391 919 2422 Thomae
942 2392 1085 2423 doctrina
1101 2399 1181 2423 tacta
1206 2393 1300 2424 suerit

224 2441 280 2466 aut
302 2435 417 2466 merito
441 2441 522 2466 tacta
546 2445 564 2465 a
586 2435 780 2476 quibusdam
801 2435 989 2467 iactaretur?
1011 2437 1073 2467 Pro
1106 2437 1217 2467 eadem
1241 2438 1299 2468 do-

225 2479 324 2510 ctrina
346 2479 503 2510 iudicium
527 2479 664 2520 denique
683 2479 797 2510 fertur:
825 2480 959 2521 ipsaque
983 2491 1113 2511 censura
1133 2481 1197 2512 sive
1227 2487 1299 2512 tan-

223 2529 284 2565 gat
307 2533 379 2554 eam
415 2523 480 2554 sive
503 2523 669 2565 quidpiam
693 2524 872 2563 contineat,
903 2525 993 2566 quod
1023 2525 1224 2556 occasionem
1248 2536 1299 2557 ae—

224 2567 321 2599 mulis
337 2567 458 2598 dederit
480 2575 516 2599 ut
539 2568 651 2598 eadem
674 2573 761 2600 tacta
784 2569 988 2607 adsereretur‚
1005 2569 1091 2600 irrita
1114 2570 1299 2602 declaratur.

226 2613 318 2651 Quae
342 2619 529 2654 sequuntur,
553 2612 660 2653 accipe
690 2613 801 2644 verba:
823 2626 836 2641 α
850 2613 898 2644 De
922 2614 1055 2645 consilio
1071 2615 1300 2646 venerabilium

226 2670 242 2685 2
260 2656 415 2694 virorum,
435 2657 552 2687 Decani
570 2663 600 2688 et
617 2657 758 2698 Capituli
780 2657 961 2688 parisiensis
981 2665 1012 2689 et
1034 2669 1105 2690 ven.
1122 2659 1218 2699 patris
1241 2660 1300 2690 do-

226 2715 241 2730 »
261 2700 340 2732 mini
365 2701 529 2732 Guillelmi
554 2701 613 2732 Dei
645 2702 744 2741 gratia
766 2702 955 2733 Viennensis
985 2703 1224 2744 Archiepiscopi
1253 2714 1300 2734 sa-

226 2759 241 2775 »
261 2755 331 2777 crae
349 2745 528 2786 theologiae
547 2745 749 2786 professoris;
769 2753 800 2777 et
818 2746 956 2778 aliorum
977 2747 1186 2787 vigintitrium
1202 2749 1300 2789 magi-

227 2804 243 2819 »
262 2797 402 2821 strorum
425 2790 458 2820 in
482 2790 663 2830 theologia.
676 2813 704 2822 ..
721 2801 779 2822 nec
802 2801 869 2821 non
898 2798 929 2822 et
951 2791 1196 2832 trigintanovem
1227 2793 1299 2824 bac-

226 2847 241 2863 »
262 2834 482 2866 calaureorum
505 2835 538 2865 in
561 2835 782 2875 theologia...
808 2841 839 2866 et
861 2835 999 2867 aliorum
1019 2836 1227 2868 discretorum
1248 2848 1299 2868 so-

226 2891 241 2907 ν
261 2879 359 2909 lemni
383 2889 419 2910 ac
441 2885 569 2910 maturo
594 2879 727 2910 consilio
750 2890 847 2920 super
868 2880 930 2910 hoc
953 2881 1099 2912 habito.»
1120 2882 1301 2913 Numerum

226 2923 450 2961 animadverte,
461 2923 646 2963 dignitatem
662 2934 698 2955 ac
712 2924 935 2964 praestantiam
950 2935 1074 2963 eorum,
1085 2926 1141 2966 qui
1151 2927 1300 2957 Thomae

226 2967 403 2998 doctrinam
426 2977 656 3009 censuramque
679 2967 831 3008 Stephani
854 2969 997 3000 examine
1011 2977 1184 3001 versarunt.
1213 2985 1227 3000 α
1241 2971 1300 3002 Su-

228 3025 243 3039 »
262 3011 436 3053 pradictam
460 3012 666 3043 articulorum
699 3012 998 3056 condemnationem
1023 3021 1054 3045 et
1081 3016 1300 3046 excommuni-

227 3068 242 3083 ›
263 3055 395 3087 cationis
419 3056 617 3093 sententiam,
640 3056 674 3086 in
698 3063 855 3097 quantum
879 3064 1014 3097 tangunt
1031 3059 1082 3089 vel
1105 3066 1231 3099 tangere
1251 3071 1298 3091 as-

227 3114 242 3128 »
262 3106 409 3131 seruntur
431 3109 541 3131 sanam
574 3100 751 3131 doctrinam
783 3100 881 3132 sancti
914 3102 1061 3133 Thomae
1091 3104 1240 3144 praedicti
1269 3112 1300 3136 et

227 3158 242 3173 w
261 3144 409 3175 Doctoris
433 3144 549 3182 eximii,
569 3146 614 3175 ex'
629 3151 712 3175 certa
728 3145 866 3184 scientia,
883 3152 992 3177 tenore
1008 3148 1232 3188 praesentium,
1249 3156 1299 3180 to-

228 3202 242 3217 »
262 3188 365 3220 taliter
397 3189 610 3219 annullamus.
629 3201 645 3216 ²
671 3189 778 3220 Partes
810 3190 888 3221 duas
921 3191 1096 3232 distingue:
1127 3203 1163 3223 ac
1195 3194 1299 3234 prima

225 3234 279 3264 illa
303 3240 359 3271 est,
379 3243 444 3274 qua
462 3233 579 3263 aemuli
595 3233 756 3264 doctrinae
779 3234 843 3265 divi
861 3235 1010 3266 Thomae
1028 3236 1226 3276 cohibentur,
1241 3239 1297 3279 qui

225 3277 381 3308 nonnulla
395 3277 463 3308 eius
480 3277 631 3318 dogmata
648 3279 821 3318 vulgabant
843 3289 900 3320 per
914 3290 985 3311 eam
1003 3281 1211 3312 Parisiensem
1225 3293 1297 3313 cen-

225 3332 333 3353 suram
352 3321 489 3352 confixa:
507 3332 578 3362 pars
595 3322 690 3353 altera
706 3323 809 3364 ipsam
828 3334 994 3355 censuram
1009 3325 1144 3366 respicit,
1162 3337 1297 3368 eamque

224 3366 344 3397 irritam
367 3367 554 3407 nullamque
578 3367 732 3406 declarat,
756 3368 782 3398 si
805 3368 937 3409 quidem
959 3369 1029 3410 ipsa
1060 3371 1206 3401 eamdem
1229 3379 1297 3402 tan-

223 3418 310 3452 geret
333 3411 509 3441 doctrinam
533 3411 691 3442 Thomae.

292 3456 330 3486 11.
356 3456 440 3486 Tam
473 3455 636 3495 egregium
668 3462 700 3487 et
721 3455 843 3496 insigne
872 3458 1123 3496 documentum,
1146 3470 1214 3500 quo
1237 3459 1296 3490 im-

224 3500 332 3531 munis
356 3500 445 3530 omni
470 3510 600 3530 censura
624 3501 848 3540 pronuntiatur
870 3512 895 3532 s.
915 3501 1062 3533 Thomae
1086 3503 1239 3542 doctrina,
1263 3504 1296 3535 in

225 3544 360 3575 dubium
383 3551 478 3575 vocat
499 3545 610 3575 Petrus
634 3545 673 3575 de
695 3545 776 3576 Alva
799 3545 831 3576 in
855 3555 915 3576 suo
937 3546 1034 3577 Nodo
1063 3547 1294 3579 indissolubili:

223 3588 291 3619 imo
322 3589 495 3620 confictum
524 3599 542 3619 a
570 3589 662 3619 fratre
695 3589 838 3630 quodam
868 3590 1085 3622 Praedicatore
1116 3592 1197 3623 illud
1228 3603 1295 3623 esse

223 3633 332 3664 nullus
361 3633 493 3664 dubitat.
518 3633 701 3674 Praecipua,
725 3644 807 3675 quae
830 3634 969 3675 profert,
993 3635 1070 3667 haec
1103 3643 1177 3668 sunt
1205 3647 1296 3678 argu-

366 3694 436 3726 Opp.
455 3694 486 3719 D.
501 3694 615 3718 Tuouan
634 3694 666 3719 T.
682 3694 700 3718 1.

2272 284 2424 310 CCLXXIll

1352 356 1469 380 menta:
1493 360 1518 380 1.
1536 350 1586 380 Ab
1610 360 1699 380 aerae
1718 350 1854 389 vulgaris
1874 360 1959 381 anno
1985 352 2078 390 1325,
2098 362 2165 392 quo
2185 353 2362 393 Stephanus
2387 355 2426 385 de

1352 395 1521 424 Bourretto
1554 394 1671 424 litteras
1696 394 1765 424 illas
1790 395 1911 432 dedisse
1944 395 2061 433 fertur,
2086 396 2207 426 mentio
2241 399 2426 429 earumdem

1353 438 1488 469 occurrit
1503 438 1590 468 nulla
1610 439 1650 468 ad
1668 449 1790 469 annum
1806 449 1907 480 usque
1930 440 2022 480 1387,
2039 449 2105 480 quo
2126 441 2259 471 Ioannes
2279 443 2317 472 de
2332 443 2426 473 Mon-

1353 490 1466 513 tesono
1490 482 1523 512 in
1547 483 1647 513 arduo
1672 483 1813 523 negotio,
1830 484 1918 524 quod
1939 494 2013 514 cum
2032 484 2197 515 Parisiensi
2218 486 2426 517 Universitate

1354 527 1483 564 habuit,
1508 527 1669 557 doctrinae
1693 537 1768 558 suae
1791 527 1943 558 vindicias
1974 537 2089 568 agens,
2114 529 2286 569 praedictas
2310 530 2427 561 litteras

1355 581 1391 601 ex
1414 581 1484 601 arca
1507 571 1650 611 protulit,
1676 572 1762 612 apud
1785 571 1893 603 fratres
1921 573 2153 604 Praedicatores
2177 574 2347 605 adservata.
2375 577 2426 605 An

1354 615 1443 653 illas,
1467 625 1558 646 verae
1582 626 1617 646 ac
1641 616 1797 656 genuinae
1821 616 1846 646 si
1876 617 1990 655 forent,
2015 618 2234 649 Universitatis
2262 619 2427 649 archivum

1355 670 1421 690 non
1445 658 1616 690 servasset?
1638 663 1690 691 An
1714 660 1846 691 fratrum
1869 661 2125 692 Praedicatorum
2148 673 2219 694 arca
2242 673 2307 694 una
2321 670 2426 694 custo-

1356 702 1465 734 dierit?
1488 706 1539 734 An
1563 704 1596 734 in
1620 704 1706 735 fastis
1726 705 1869 735 eiusdem
1889 706 2106 737 Universitatis
2125 713 2190 737 tam
2210 707 2310 738 altum
2334 708 2426 738 silen-

1355 746 1457 778 tium?
1475 758 1504 778 2.
1523 748 1609 779 Cum
1628 748 1744 779 litteras
1764 759 1815 779 eas
1834 751 2044 781 Montesonus
2061 751 2254 791 protulisset,
2271 752 2426 792 suspicio-

1356 803 1431 822 nem
1453 792 1623 823 invaluisse
1646 793 1686 823 de
1709 792 1861 832 figmento
1885 801 2038 825 testantur
2059 803 2269 827 monumenta
2288 797 2328 827 ad
2344 797 2426 827 eius-

1356 837 1429 867 dem
1446 837 1628 867 Montesoni
1645 847 1773 867 causam
1789 838 1979 877 spectantia:
1996 840 2198 881 easdemque,
2213 841 2310 871 veluti
2327 840 2425 880 fictas,

1356 881 1529 911 reiecerunt
1552 890 1591 911 eo
1615 887 1759 920 ternpore
1792 882 1936 912 doctores
1969 884 2055 922 duo,
2081 884 2213 915 Ioannes
2243 885 2365 916 Alanus
2396 892 2427 916 et

1357 925 1490 955 Ioannes
1506 924 1616 955 Vitalis
1633 924 1762 956 Ordinis
1780 925 1944 956 Minorum
1961 928 2092 958 alumni.
2111 928 2270 969 Scriptum
2286 940 2426 970 namque

1356 969 1482 1009 reliquit
1503 968 1556 999 ille
1579 969 1612 998 in
1636 975 1767 999 tractatu
1791 970 1839 1000 De
1863 972 2070 1011 conceptione
2094 973 2201 1003 beatae
2224 974 2341 1004 Mariae
2357 974 2427 1005 Vir-

1355 1013 1455 1052 ginis:
1486 1013 1550 1043 Sed
1573 1023 1636 1043 non
1662 1019 1708 1043 est
1732 1015 1904 1044 verisimile
1934 1025 1988 1046 eos
2010 1017 2127 1047 habere
2151 1027 2259 1048 veram
2285 1019 2424 1049 litteram

1355 1057 1477 1087 domini
1505 1057 1660 1096 Stephani
1682 1058 1832 1098 Episcopi
1854 1059 2057 1098 Parisiensis,
2078 1062 2154 1101 quia
2179 1063 2238 1092 iste
2259 1063 2427 1093 damnavit

1351 1101 1466 1141 plures
1481 1101 1637 1131 articulos
1652 1102 1721 1132 eius
1735 1102 1779 1132 ad
1793 1112 1921 1133 sensum
1939 1106 2043 1135 sancti
2063 1106 2233 1137 Thomae...
2252 1107 2329 1137 Ideo
2346 1117 2426 1138 non-

1356 1145 1439 1175 nulli
1460 1145 1572 1175 dicunt
1594 1146 1680 1185 quod
1702 1146 1810 1176 littera
1834 1148 1919 1185 eius,
1941 1158 2036 1188 quam
2061 1150 2248 1188 ostendunt,
2273 1157 2331 1182 aut
2353 1151 2426 1182 sub-

1355 1190 1483 1229 reptitia
1508 1194 1555 1219 est
1577 1190 1627 1220 vel
1649 1199 1670 1220 a
1698 1192 1832 1220 veritate
1861 1192 1979 1222 aliena.
1997 1193 2086 1223 Paria
2102 1201 2176 1225 sunt
2191 1195 2316 1226 alterius
2331 1197 2427 1226 verba

1354 1233 1387 1263 in
1411 1233 1507 1263 simili
1540 1234 1589 1264 De
1622 1234 1831 1275 conceptione
1864 1236 1972 1267 beatae
2005 1237 2142 1277 Virginis
2166 1245 2296 1270 tractatu
2311 1263 2319 1278 ‚
2344 1250 2426 1281 quae

1355 1277 1518 1318 descripsit
1540 1278 1650 1309 Petrus
1674 1279 1713 1309 de
1736 1279 1818 1309 Alva
1852 1290 1888 1310 ex
1921 1281 2083 1312 codicibus
2111 1283 2318 1314 bibliothecae
2347 1285 2426 1315 olim

1354 1322 1570 1354 Colbertinae:
1591 1323 1619 1353 3.
1642 1323 1734 1360 Quae
1758 1324 1890 1354 demum
1912 1325 1963 1355 vel
1986 1325 2072 1365 ipsae
2095 1326 2213 1358 litterae
2237 1327 2426 1368 figmentum

1354 1366 1504 1405 indicant,
1528 1374 1695 1407 propterea
1721 1368 1811 1408 quod
1830 1379 1972 1400 consona
1995 1370 2127 1401 minime
2151 1378 2225 1402 sunt
2247 1383 2328 1413 quae
2352 1383 2425 1413 pro-

1354 1411 1498 1442 feruntur
1514 1412 1667 1452 exempla.
1685 1412 1878 1453 Sequentem
1894 1414 2069 1444 clausulam
2088 1415 2204 1446 habent
2223 1416 2346 1457 aliqua:
2362 1418 2425 1448 Ar·-

1354 1456 1468 1486 ticulos
1491 1457 1576 1496 ipsos
1599 1466 1662 1487 non
1681 1462 1819 1497 propter
1840 1458 1900 1488 hoc
1922 1459 2150 1498 approband0‚
2176 1470 2234 1491 nec
2257 1462 2352 1491 etiam
2377 1472 2425 1492 re-

1348 1500 1529 1541 probando,
1548 1501 1605 1531 sed
1624 1501 1748 1532 eosdem
1772 1501 1964 1533 discussioni
1981 1504 2190 1535 scholasticae
2211 1505 2309 1535 libere
2327 1506 2425 1536 relin-

1353 1545 1500 1585 quendo:
1522 1555 1604 1585 quae
1627 1545 1660 1575 in
1684 1545 1752 1576 aliis
1784 1546 2000 1578 desiderantur
2022 1548 2125 1579 verba.
2154 1549 2231 1579 Flos
2260 1549 2425 1581 doctorum

1353 1589 1386 1619 in
1409 1589 1568 1630 aliquibus
1592 1590 1768 1630 appellatur
1786 1598 1912 1621 sanctus
1929 1592 2090 1623 Thomas:
2109 1593 2274 1624 doctorum
2294 1595 2426 1625 Fontem

1354 1634 1471 1664 habent
1494 1634 1563 1664 alia.
1590 1634 1625 1664 In
1650 1634 1808 1675 aliquibus
1832 1636 1965 1666 demum
1988 1637 2179 1667 editionibus
2211 1645 2332 1678 praeter
2361 1639 2426 1670 Ste-

1355 1678 1451 1718 phani
1470 1678 1628 1710 Bourretti
1647 1679 1775 1717 litteras,
1793 1680 1870 1710 aliae
1887 1687 2030 1720 prostant
2053 1681 2184 1712 nomine
2203 1683 2428 1714 Universitatis

1354 1723 1547 1753 Parisiensis
1570 1723 1747 1763 insignitae,
1771 1734 1853 1764 quae
1877 1724 1968 1755 sicuti
1991 1725 2054 1756 fide
2077 1727 2164 1757 nulla
2179 1734 2324 1758 veterum
2346 1728 2427 1758 inni-

1355 1774 1476 1805 tuntur,
1500 1767 1544 1798 ita
1561 1768 1660 1798 veluti
1679 1767 1804 1798 fictitiae
1827 1769 1911 1799 reiici
1936 1770 2059 1801 debent.

1422 1811 1572 1852 Egregias
1605 1822 1663 1852 pro
1696 1812 1870 1843 litterarum
1903 1814 2077 1845 sinceritate
2112 1815 2263 1846 vindicias
2297 1822 2428 1856 egerunt

1355 1863 1520 1894 nostrates,
1545 1856 1729 1887 Franciscus
1754 1857 1906 1896 Ianssens,
1930 1859 2108 1890 Bernardus
2132 1859 2312 1901 Guyardus,
2338 1861 2428 1891 Sera-

1355 1900 1473 1941 phinus
1497 1900 1698 1931 Piccinardus
1721 1901 1856 1942 aliique:
1884 1902 2000 1943 quibus
2028 1911 2170 1934 exterum
2194 1905 2288 1942 addo,
2312 1905 2427 1935 littera-

1355 1955 1428 1975 rum
1451 1945 1562 1985 peritia
1586 1956 1621 1976 ac
1643 1946 1833 1986 dignitatum
1856 1947 2024 1987 splendore
2048 1948 2288 1979 celeberrimum
2310 1949 2426 1987 virum,

1356 1989 1510 2020 Carolum
1533 1990 1699 2030 Duplessis
1732 1990 1937 2030 d’Argentre,
1962 1992 2174 2023 Sorbonicum
2207 1993 2372 2024 doctorem
2398 2001 2428 2025 et

1355 2034 1554 2074 Episcopum
1573 2035 1791 2073 Tutelensem,
1808 2035 1841 2065 in
1859 2035 2056 2067 Collectione
2072 2036 2265 2068 iudiciorum
2281 2038 2319 2068 de
2336 2038 2427 2068 novis

1355 2079 1512 2109 erroribus
1535 2086 1626 2110 tomo
1651 2079 1674 2110 Ι.
1695 2080 1846 2110 Fatentur
1861 2080 1924 2119 illi,
1950 2080 2050 2111 fateor
2075 2091 2152 2121 ego,
2173 2082 2314 2112 laudatas
2338 2092 2427 2113 revo-

1355 2123 1487 2154 catorias
1507 2134 1526 2153 a
1552 2123 1714 2164 Stephano
1733 2124 1772 2154 de
1792 2124 1960 2155 Bourretto
1985 2126 2071 2156 datas
2093 2126 2209 2156 litteras
2233 2127 2335 2166 prima
2359 2127 2426 2157 vice

1355 2178 1463 2199 coram
1486 2168 1656 2209 palamque
1679 2169 1821 2208 vulgatas
1844 2169 1877 2199 in
1901 2179 1940 2199 eo
1963 2170 2093 2210 negotio
2113 2170 2220 2209 fuisse,
2240 2171 2328 2212 quod
2347 2171 2428 2201 inter

1355 2213 1508 2243 Ioannem
1524 2214 1754 2243 Montesonum
1778 2220 1808 2243 et
1826 2213 1994 2253 theologos
2012 2214 2220 2245 Academicos
2237 2225 2322 2245 anno
2344 2215 2426 2256 1387

1354 2257 1535 2288 intercessit.
1563 2258 1684 2288 Verum
1705 2257 1867 2287 enimvero
1891 2258 2127 2298 autographum
2149 2258 2256 2299 ipsum
2287 2259 2428 2290 exhibuit

1354 2302 1564 2332 Montesonus
1577 2325 1586 2340 ,
1611 2311 1646 2332 ac
1669 2301 1742 2332 inde
1774 2301 1839 2331 fido
1874 2302 1996 2332 calamo
2029 2310 2266 2343 transumptum
2295 2313 2426 2344 apogra-

1354 2346 1473 2385 phum:
1498 2356 1562 2386 qua
1585 2346 1624 2376 de
1648 2356 1680 2376 re
1704 2346 1833 2386 publico
1867 2346 1991 2377 notario
2022 2347 2210 2378 mandatum
2238 2347 2298 2378 fuit
2321 2355 2356 2378 ut
2378 2348 2425 2378 in-

1354 2397 1567 2420 strumentum
1591 2389 1768 2428 conficeret,
1792 2400 1917 2431 suoque
1940 2391 2083 2429 nomine,
2102 2390 2164 2422 fide
2189 2402 2223 2422 ac
2246 2392 2425 2423 iuramento

1354 2434 1503 2465 muniret.
1533 2435 1643 2465 Sacrae
1667 2434 1836 2465 Facultatis
1860 2437 1939 2466 Acta
1963 2435 2006 2466 sic
2029 2435 2146 2466 habent
2169 2436 2255 2476 apud
2275 2437 2426 2467 Iacobum

1354 2479 1537 2509 Echardum
1561 2479 1594 2509 in
1619 2479 1736 2510 Ioanne
1761 2480 1799 2510 de
1822 2480 2034 2510 Montesono:
2055 2493 2069 2508 e:
2083 2481 2119 2510 In
2142 2481 2272 2511 nomine
2294 2481 2425 2511 Domini

1358 2536 1372 2551 »
1391 2534 1495 2554 amen.
1512 2523 1572 2554 Per
1594 2523 1656 2554 hoc
1680 2534 1826 2564 praesens
1850 2524 2016 2564 publicum
2039 2524 2287 2555 instrumentum
2307 2525 2425 2555 cunctis

1358 2582 1372 2597 »
1392 2575 1497 2608 pateat
1520 2568 1699 2606 evidenter,
1724 2568 1813 2609 quod
1836 2578 1921 2598 anno
1946 2568 2088 2599 eiusdem
2111 2569 2208 2600 Dom.
2239 2570 2320 2610 1387
2344 2570 2425 2599 indi-

1358 2627 1372 2642 »
1394 2613 1499 2643 ctione
1513 2623 1549 2651 x,
1562 2613 1680 2643 mensis
1696 2612 1775 2643 iunii
1792 2612 1842 2642 die
1858 2614 1907 2651 13,
1918 2613 2035 2644 Pontif.
2048 2613 2101 2644 SS.
2113 2613 2145 2643 in
2157 2613 2236 2644 C.P.
2249 2621 2279 2644 et
2289 2614 2374 2644 D.D.
2385 2615 2424 2644 N.

1359 2672 1373 2687 »
1393 2656 1568 2688 Clementis
1592 2657 1699 2687 divina
1722 2657 1928 2697 providentia
1943 2657 2047 2698 Papae
2064 2658 2120 2688 VII
2145 2668 2229 2688 anno
2252 2669 2293 2696 tx,
2318 2658 2351 2688 in
2373 2668 2425 2688 ve-

1359 2716 1373 2731 »
1393 2702 1583 2732 nerabilium
1606 2708 1637 2732 et
1660 2701 1963 2742 circumspectomm
1993 2702 2136 2732 virorum
2166 2702 2372 2733 dominorum
2396 2709 2427 2733 et

1359 2761 1373 2776 ›>
1393 2746 1679 2786 magistrorum...
1706 2746 1899 2786 praesentia,
1924 2747 2129 2786 personaliter
2161 2747 2349 2777 constitutus
2372 2757 2424 2777 ve-

1359 2805 1373 2820 »
1393 2791 1539 2822 nerabilis
1564 2798 1595 2822 et
1618 2791 1783 2830 religiosus
1811 2791 1859 2821 vir
1887 2790 1923 2821 fr.
1949 2791 2082 2821 Ioannes
2108 2791 2146 2821 de
2170 2792 2422 2821 Montesono...

1358 2850 1372 2865 »
1392 2843 1502 2867 tenens
1525 2836 1559 2866 in
1583 2836 1647 2866 suis
1671 2835 1818 2866 manibus
1842 2835 1997 2876 quasdam
2024 2835 2159 2873 litteras,
2184 2835 2274 2875 signo
2306 2835 2424 2875 publici

1357 2895 1372 2909 »
1392 2881 1506 2911 notarii
1529 2890 1595 2911 non
1619 2880 1766 2920 signatas,
1793 2880 1896 2919 sigillo
1921 2880 2042 2909 domini
2066 2879 2215 2919 Stephani
2239 2879 2317 2909 olim
2340 2879 2423 2909 Pari-

1358 2939 1372 2954 >›
1392 2925 1503 2956 siensis
1522 2924 1692 2965 Episcopi,
1710 2934 1843 2955 necnon
1860 2924 2000 2954 Vidimus
2018 2924 2160 2954 eiusdem
2174 2923 2303 2961 litterae,
2320 2923 2423 2963 sigillo

1357 2984 1372 2998 »
1393 2969 1516 3000 domini
1540 2969 1703 3000 Guillelmi
1736 2969 1815 2999 olim
1837 2968 2018 2999 Parisiensis
2041 2968 2208 3008 Episcopi3
2239 2978 2352 2998 eorum
2382 2968 2421 2998 si-

1358 3028 1372 3043 »
1391 3014 1474 3055 gillis
1498 3014 1665 3054 sigillatas.
1679 3036 1707 3044 ..
1731 3014 1772 3044 Et
1795 3023 1855 3053 ego
1879 3013 2012 3043 Ioannes
2036 3012 2191 3043 Coustelli
2215 3019 2272 3042 etc.
2287 3024 2302 3039 »

1422 3059 1554 3090 Litteras
1582 3058 1767 3089 huiusmodi
1800 3057 1950 3097 Stephani
1973 3056 2154 3087 Parisiensis
2176 3056 2347 3096 Episcopi,
2372 3066 2421 3086 ea-

1354 3113 1491 3144 rumque
1524 3103 1746 3143 apographum
1779 3101 1940 3133 Guillelmi
1973 3101 2114 3131 eiusdem
2147 3101 2232 3131 urbis
2265 3100 2422 3131 Antistitis

1354 3146 1517 3179 munitum
1541 3147 1656 3188 sigillo,
1679 3147 1748 3177 illas
1773 3156 1850 3183 esse,
1875 3146 1913 3176 de
1937 3146 2052 3186 quibus
2077 3145 2219 3185 agimus,
2243 3144 2324 3175 infra
2347 3155 2421 3175 con-

1354 3193 1455 3224 stabit.
1483 3192 1642 3223 Dicuntur
1663 3192 1759 3232 signo
1776 3190 1899 3231 publici
1922 3190 2042 3220 notarii
2065 3200 2127 3220 non
2155 3190 2324 3230 signatae:
2347 3189 2421 3229 quia

1353 3245 1389 3268 ut
1411 3237 1515 3268 adhuc
1538 3246 1610 3266 mos
1634 3242 1690 3273 est,
1715 3235 1758 3266 sic
1781 3235 1860 3265 olim
1878 3234 1911 3265 in
1935 3245 1995 3264 usu
2020 3241 2103 3272 erat,
2127 3234 2235 3264 litteris
2267 3233 2421 3273 cuiusque

1352 3281 1515 3322 Episcopi,
1540 3281 1606 3311 eius
1630 3280 1733 3319 sigillo
1756 3279 1898 3317 munitis,
1918 3278 2015 3309 fidem
2031 3278 2170 3308 adhiberi
2194 3278 2260 3307 sine
2280 3277 2420 3307 testimo-

1352 3327 1407 3357 nio
1430 3325 1549 3366 publici
1572 3324 1686 3355 notarii
1710 3324 1774 3354 sive
1797 3323 2006 3363 magistratus,
2031 3330 2067 3353 ut
2089 3322 2248 3352 verissime
2279 3321 2420 3351 animad-

1351 3371 1443 3401 vertit
1465 3371 1706 3408 Dargentraeus.
1735 3368 1810 3398 Pars
1838 3368 1891 3397 illa
1917 3369 2092 3403 Actorum,
2120 3376 2242 3396 necnon
2279 3365 2420 3396 Vidimus

1351 3415 1491 3446 eiusdem
1516 3414 1653 3450 litterae,
1679 3412 1789 3442 fucum
1812 3411 1995 3442 Piccinardo
2019 3411 2150 3450 aliisque
2169 3410 2251 3447 fecit,
2271 3409 2327 3450 qui
2351 3419 2419 3440 cor-

1351 3466 1482 3499 ruptum
1498 3464 1647 3498 putavere
1670 3457 1790 3493 locum,
1810 3465 1962 3485 mancum
1985 3461 2015 3485 et
2038 3454 2268 3494 imperfectum.
2286 3456 2353 3484 Aut
2375 3454 2419 3484 la—

1351 3504 1436 3534 tebat
1459 3512 1513 3532 eos
1537 3508 1591 3531 aut
1614 3501 1696 3540 fugit
1714 3510 1828 3530 vocem
1850 3499 1954 3537 illam,
1980 3499 2136 3536 Vidimus,
2155 3508 2213 3538 pro
2233 3498 2418 3538 apographo

1351 3547 1435 3578 sumi
1459 3545 1678 3577 consuevisse:
1702 3544 1791 3585 quod
1818 3544 1886 3573 viso
1911 3549 1941 3573 et
1963 3543 2105 3583 inspecto
2134 3542 2278 3582 originali
2311 3542 2419 3572 confe-

1352 3599 1439 3623 ctum
1457 3600 1523 3620 esse
1539 3599 1674 3629 persona
1697 3588 1823 3628 publica
1839 3587 2019 3625 testabatur,
2043 3587 2201 3627 Princeps,
2228 3586 2418 3627 Episcopus,

1351 3635 1569 3675 magistratus,
1595 3632 1756 3671 notarius,
1780 3639 1815 3663 ut
1838 3633 1990 3662 adnotant
2012 3631 2216 3662 Mabillonius
2239 3631 2320 3661 libro
2338 3631 2349 3661 1
2370 3631 2418 3661 De

2242 3693 2273 3718 35
