<?xml version="1.0" encoding="UTF-8"?>
<!DOCTYPE html PUBLIC "-//W3C//DTD XHTML 1.0 Transitional//EN"
    "http://www.w3.org/TR/xhtml1/DTD/xhtml1-transitional.dtd">
<html xmlns="http://www.w3.org/1999/xhtml" xml:lang="en" lang="en">
 <head>
  <title>
</title>
<meta http-equiv="Content-Type" content="text/html;charset=utf-8" />
  <meta name='ocr-system' content='tesseract 3.04.00' />
  <meta name='ocr-capabilities' content='ocr_page ocr_carea ocr_par ocr_line ocrx_word'/>
</head>
<body>
  <div class='ocr_page' id='page_1' title='image "./operaomniaiussui01thom_0297.png"; bbox 0 0 2548 4192; ppageno 0'>
   <div class='ocr_carea' id='block_1_1' title="bbox 922 308 1664 355">
    <p class='ocr_par' dir='ltr' id='par_1_1' title="bbox 922 308 1664 355">
     <span class='ocr_line' id='line_1_1' title="bbox 922 308 1664 355; baseline -0.003 -10"><span class='ocrx_word' id='word_1_1' title='bbox 922 308 977 345; x_wconf 95' lang='lat' dir='ltr'>IN</span> <span class='ocrx_word' id='word_1_2' title='bbox 1008 308 1046 344; x_wconf 89' lang='lat' dir='ltr'>S.</span> <span class='ocrx_word' id='word_1_3' title='bbox 1068 308 1312 344; x_wconf 89' lang='lat' dir='ltr'>THOMAM</span> <span class='ocrx_word' id='word_1_4' title='bbox 1340 308 1664 355; x_wconf 88' lang='lat' dir='ltr'>AQUINATEM</span> 
     </span>
    </p>
   </div>
   <div class='ocr_carea' id='block_1_2' title="bbox 183 386 1270 1354">
    <p class='ocr_par' dir='ltr' id='par_1_2' title="bbox 183 386 1270 1354">
     <span class='ocr_line' id='line_1_2' title="bbox 183 386 1257 431; baseline -0.009 -6"><span class='ocrx_word' id='word_1_5' title='bbox 183 394 333 425; x_wconf 87' lang='lat' dir='ltr'>Thomae</span> <span class='ocrx_word' id='word_1_6' title='bbox 366 399 396 423; x_wconf 93' lang='lat' dir='ltr'>et</span> <span class='ocrx_word' id='word_1_7' title='bbox 428 391 658 431; x_wconf 85' lang='lat' dir='ltr'>Dargentraeus</span> <span class='ocrx_word' id='word_1_8' title='bbox 691 395 782 420; x_wconf 90' lang='lat' dir='ltr'>tomo</span> <span class='ocrx_word' id='word_1_9' title='bbox 806 389 818 419; x_wconf 95' lang='lat' dir='ltr'>I</span> <span class='ocrx_word' id='word_1_10' title='bbox 851 389 955 419; x_wconf 90' lang='lat' dir='ltr'>citato.</span> <span class='ocrx_word' id='word_1_11' title='bbox 981 388 1087 418; x_wconf 88' lang='lat' dir='ltr'>Pauca</span> <span class='ocrx_word' id='word_1_12' title='bbox 1118 386 1257 426; x_wconf 87' lang='lat' dir='ltr'>profero,</span> 
     </span>
     <span class='ocr_line' id='line_1_3' title="bbox 183 431 1257 480; baseline -0.009 -11"><span class='ocrx_word' id='word_1_13' title='bbox 183 448 266 480; x_wconf 89' lang='lat' dir='ltr'>quae</span> <span class='ocrx_word' id='word_1_14' title='bbox 291 442 468 478; x_wconf 90' lang='lat' dir='ltr'>sequuntur</span> <span class='ocrx_word' id='word_1_15' title='bbox 489 435 600 465; x_wconf 86' lang='lat' dir='ltr'>verba:</span> <span class='ocrx_word' id='word_1_16' title='bbox 625 447 639 461; x_wconf 67' lang='grc' dir='ltr'><strong>α</strong></span> <span class='ocrx_word' id='word_1_17' title='bbox 658 433 739 464; x_wconf 92' lang='lat' dir='ltr'>Sunt</span> <span class='ocrx_word' id='word_1_18' title='bbox 762 433 858 464; x_wconf 90' lang='lat' dir='ltr'>etiam</span> <span class='ocrx_word' id='word_1_19' title='bbox 885 433 918 463; x_wconf 91' lang='lat' dir='ltr'>in</span> <span class='ocrx_word' id='word_1_20' title='bbox 943 431 1168 462; x_wconf 86' lang='lat' dir='ltr'>detrimentum</span> <span class='ocrx_word' id='word_1_21' title='bbox 1193 440 1257 460; x_wconf 92' lang='lat' dir='ltr'>non</span> 
     </span>
     <span class='ocr_line' id='line_1_4' title="bbox 185 474 1258 518; baseline -0.007 -7"><span class='ocrx_word' id='word_1_22' title='bbox 185 495 200 510; x_wconf 78' lang='lat'><strong>»</strong></span> <span class='ocrx_word' id='word_1_23' title='bbox 222 481 387 513; x_wconf 90' lang='lat' dir='ltr'>modicum</span> <span class='ocrx_word' id='word_1_24' title='bbox 411 479 571 510; x_wconf 87' lang='lat' dir='ltr'>doctrinae</span> <span class='ocrx_word' id='word_1_25' title='bbox 605 478 804 508; x_wconf 86' lang='lat' dir='ltr'><strong>studentibus</strong></span> <span class='ocrx_word' id='word_1_26' title='bbox 834 477 977 518; x_wconf 89' lang='lat' dir='ltr'>perutilis</span> <span class='ocrx_word' id='word_1_27' title='bbox 1010 474 1258 506; x_wconf 83' lang='lat' dir='ltr'>reverendissimi</span> 
     </span>
     <span class='ocr_line' id='line_1_5' title="bbox 186 520 1261 559; baseline -0.006 -5"><span class='ocrx_word' id='word_1_28' title='bbox 186 539 200 554; x_wconf 65' lang='lat'>2</span> <span class='ocrx_word' id='word_1_29' title='bbox 223 533 255 557; x_wconf 92' lang='lat' dir='ltr'>et</span> <span class='ocrx_word' id='word_1_30' title='bbox 277 523 527 556; x_wconf 83' lang='lat' dir='ltr'>excellentissimi</span> <span class='ocrx_word' id='word_1_31' title='bbox 551 522 710 559; x_wconf 89' lang='lat' dir='ltr'>Doctoris,</span> <span class='ocrx_word' id='word_1_32' title='bbox 731 522 848 552; x_wconf 89' lang='lat' dir='ltr'>scilicet</span> <span class='ocrx_word' id='word_1_33' title='bbox 872 521 972 552; x_wconf 88' lang='lat' dir='ltr'>fratris</span> <span class='ocrx_word' id='word_1_34' title='bbox 996 520 1155 555; x_wconf 90' lang='lat' dir='ltr'>Thomae,</span> <span class='ocrx_word' id='word_1_35' title='bbox 1179 528 1261 559; x_wconf 86' lang='lat' dir='ltr'>quae</span> 
     </span>
     <span class='ocr_line' id='line_1_6' title="bbox 185 562 1262 610; baseline -0.006 -11"><span class='ocrx_word' id='word_1_36' title='bbox 185 583 200 599; x_wconf 78' lang='lat'>›</span> <span class='ocrx_word' id='word_1_37' title='bbox 222 580 259 601; x_wconf 89' lang='lat' dir='ltr'>ex</span> <span class='ocrx_word' id='word_1_38' title='bbox 281 568 447 610; x_wconf 83' lang='lat' dir='ltr'>praedictis</span> <span class='ocrx_word' id='word_1_39' title='bbox 471 567 610 598; x_wconf 85' lang='lat' dir='ltr'>articulis</span> <span class='ocrx_word' id='word_1_40' title='bbox 640 566 746 596; x_wconf 90' lang='lat' dir='ltr'>minus</span> <span class='ocrx_word' id='word_1_41' title='bbox 770 566 851 597; x_wconf 91' lang='lat' dir='ltr'>iuste</span> <span class='ocrx_word' id='word_1_42' title='bbox 880 564 1057 606; x_wconf 78' lang='lat' dir='ltr'>aliqualiter</span> <span class='ocrx_word' id='word_1_43' title='bbox 1083 562 1262 593; x_wconf 85' lang='lat' dir='ltr'>diffamatur</span> 
     </span>
     <span class='ocr_line' id='line_1_7' title="bbox 187 608 1263 655; baseline -0.008 -9"><span class='ocrx_word' id='word_1_44' title='bbox 187 627 202 642; x_wconf 84' lang='lat'>›</span> <span class='ocrx_word' id='word_1_45' title='bbox 224 613 399 655; x_wconf 79' lang='lat' dir='ltr'>(quatenus</span> <span class='ocrx_word' id='word_1_46' title='bbox 423 622 534 652; x_wconf 83' lang='lat' dir='ltr'>nempe</span> <span class='ocrx_word' id='word_1_47' title='bbox 557 611 737 642; x_wconf 84' lang='lat' dir='ltr'><em>doctrinam</em></span> <span class='ocrx_word' id='word_1_48' title='bbox 762 610 938 652; x_wconf 83' lang='lat' dir='ltr'><em>tangebant</em></span> <span class='ocrx_word' id='word_1_49' title='bbox 962 610 1049 639; x_wconf 89' lang='lat' dir='ltr'>illius</span> <span class='ocrx_word' id='word_1_50' title='bbox 1072 613 1129 638; x_wconf 85' lang='lat' dir='ltr'>aut</span> <span class='ocrx_word' id='word_1_51' title='bbox 1152 608 1263 647; x_wconf 89' lang='lat' dir='ltr'>potius</span> 
     </span>
     <span class='ocr_line' id='line_1_8' title="bbox 188 652 1263 700; baseline -0.006 -13"><span class='ocrx_word' id='word_1_52' title='bbox 188 671 204 687; x_wconf 64' lang='grc' dir='ltr'><strong>ι</strong></span> <span class='ocrx_word' id='word_1_53' title='bbox 225 664 362 700; x_wconf 82' lang='lat' dir='ltr'>tangere</span> <span class='ocrx_word' id='word_1_54' title='bbox 377 655 648 696; x_wconf 87' lang='lat' dir='ltr'>adserebantur).·</span> <span class='ocrx_word' id='word_1_55' title='bbox 664 655 739 696; x_wconf 88' lang='lat' dir='ltr'>quia</span> <span class='ocrx_word' id='word_1_56' title='bbox 755 654 878 685; x_wconf 86' lang='lat' dir='ltr'>articuli</span> <span class='ocrx_word' id='word_1_57' title='bbox 894 652 1086 694; x_wconf 80' lang='lat' dir='ltr'>suprapositi</span> <span class='ocrx_word' id='word_1_58' title='bbox 1106 658 1136 682; x_wconf 92' lang='lat' dir='ltr'>et</span> <span class='ocrx_word' id='word_1_59' title='bbox 1151 661 1263 692; x_wconf 90' lang='lat' dir='ltr'>quam-</span> 
     </span>
     <span class='ocr_line' id='line_1_9' title="bbox 187 696 1264 743; baseline -0.007 -10"><span class='ocrx_word' id='word_1_60' title='bbox 187 715 202 730; x_wconf 78' lang='lat'><strong>»</strong></span> <span class='ocrx_word' id='word_1_61' title='bbox 223 703 329 743; x_wconf 89' lang='lat' dir='ltr'>plures</span> <span class='ocrx_word' id='word_1_62' title='bbox 353 701 405 732; x_wconf 90' lang='lat' dir='ltr'>alii</span> <span class='ocrx_word' id='word_1_63' title='bbox 428 701 575 731; x_wconf 91' lang='lat' dir='ltr'>videntur</span> <span class='ocrx_word' id='word_1_64' title='bbox 590 700 709 740; x_wconf 90' lang='lat' dir='ltr'>sumpti</span> <span class='ocrx_word' id='word_1_65' title='bbox 727 709 793 730; x_wconf 91' lang='lat' dir='ltr'>esse</span> <span class='ocrx_word' id='word_1_66' title='bbox 810 709 847 729; x_wconf 78' lang='lat' dir='ltr'>ex</span> <span class='ocrx_word' id='word_1_67' title='bbox 865 699 914 736; x_wconf 92' lang='lat' dir='ltr'>iis,</span> <span class='ocrx_word' id='word_1_68' title='bbox 930 707 1012 738; x_wconf 83' lang='lat' dir='ltr'>quae</span> <span class='ocrx_word' id='word_1_69' title='bbox 1026 703 1132 728; x_wconf 89' lang='lat' dir='ltr'>tantus</span> <span class='ocrx_word' id='word_1_70' title='bbox 1143 696 1264 726; x_wconf 87' lang='lat' dir='ltr'>Doctor</span> 
     </span>
     <span class='ocr_line' id='line_1_10' title="bbox 187 740 1264 787; baseline -0.008 -9"><span class='ocrx_word' id='word_1_71' title='bbox 187 759 203 774; x_wconf 63' lang='grc' dir='ltr'>ιν</span> <span class='ocrx_word' id='word_1_72' title='bbox 225 746 348 787; x_wconf 87' lang='lat' dir='ltr'>scripsit</span> <span class='ocrx_word' id='word_1_73' title='bbox 371 746 405 776; x_wconf 91' lang='lat' dir='ltr'>in</span> <span class='ocrx_word' id='word_1_74' title='bbox 428 745 571 776; x_wconf 86' lang='lat' dir='ltr'>doctrina</span> <span class='ocrx_word' id='word_1_75' title='bbox 594 751 660 774; x_wconf 81' lang='lat' dir='ltr'>tam</span> <span class='ocrx_word' id='word_1_76' title='bbox 680 743 749 774; x_wconf 90' lang='lat' dir='ltr'>utili</span> <span class='ocrx_word' id='word_1_77' title='bbox 773 750 803 774; x_wconf 89' lang='lat' dir='ltr'>et</span> <span class='ocrx_word' id='word_1_78' title='bbox 823 742 968 774; x_wconf 89' lang='lat' dir='ltr'>solemni.</span> <span class='ocrx_word' id='word_1_79' title='bbox 985 742 1026 772; x_wconf 90' lang='lat' dir='ltr'>Et</span> <span class='ocrx_word' id='word_1_80' title='bbox 1049 741 1122 771; x_wconf 90' lang='lat' dir='ltr'>ideo</span> <span class='ocrx_word' id='word_1_81' title='bbox 1146 740 1179 770; x_wconf 92' lang='lat' dir='ltr'>in</span> <span class='ocrx_word' id='word_1_82' title='bbox 1203 740 1264 770; x_wconf 92' lang='lat' dir='ltr'>hoc</span> 
     </span>
     <span class='ocr_line' id='line_1_11' title="bbox 189 784 1265 832; baseline -0.007 -10"><span class='ocrx_word' id='word_1_83' title='bbox 189 803 204 818; x_wconf 62' lang='grc' dir='ltr'><strong><em>ι</em></strong></span> <span class='ocrx_word' id='word_1_84' title='bbox 225 791 314 832; x_wconf 91' lang='lat' dir='ltr'>quod</span> <span class='ocrx_word' id='word_1_85' title='bbox 338 790 414 821; x_wconf 92' lang='lat' dir='ltr'>tales</span> <span class='ocrx_word' id='word_1_86' title='bbox 439 789 561 820; x_wconf 77' lang='lat' dir='ltr'>articuli</span> <span class='ocrx_word' id='word_1_87' title='bbox 585 795 751 829; x_wconf 82' lang='lat' dir='ltr'>tamquam</span> <span class='ocrx_word' id='word_1_88' title='bbox 777 787 898 818; x_wconf 93' lang='lat' dir='ltr'>erronei</span> <span class='ocrx_word' id='word_1_89' title='bbox 930 786 1158 826; x_wconf 87' lang='lat' dir='ltr'>reprobantur,</span> <span class='ocrx_word' id='word_1_90' title='bbox 1183 784 1265 814; x_wconf 90' lang='lat' dir='ltr'>dicta</span> 
     </span>
     <span class='ocr_line' id='line_1_12' title="bbox 188 828 1266 873; baseline -0.007 -7"><span class='ocrx_word' id='word_1_91' title='bbox 188 847 203 862; x_wconf 82' lang='lat'><strong>»</strong></span> <span class='ocrx_word' id='word_1_92' title='bbox 225 835 369 866; x_wconf 91' lang='lat' dir='ltr'>doctrina</span> <span class='ocrx_word' id='word_1_93' title='bbox 393 834 488 865; x_wconf 87' lang='lat' dir='ltr'>etiam</span> <span class='ocrx_word' id='word_1_94' title='bbox 521 840 666 873; x_wconf 88' lang='lat' dir='ltr'>suspecta</span> <span class='ocrx_word' id='word_1_95' title='bbox 690 843 708 863; x_wconf 91' lang='lat' dir='ltr'>a</span> <span class='ocrx_word' id='word_1_96' title='bbox 731 831 978 872; x_wconf 88' lang='lat' dir='ltr'>simplicioribus</span> <span class='ocrx_word' id='word_1_97' title='bbox 1012 831 1165 868; x_wconf 89' lang='lat' dir='ltr'>habetur,</span> <span class='ocrx_word' id='word_1_98' title='bbox 1190 828 1266 870; x_wconf 90' lang='lat' dir='ltr'>quia</span> 
     </span>
     <span class='ocr_line' id='line_1_13' title="bbox 189 873 1266 920; baseline -0.006 -10"><span class='ocrx_word' id='word_1_99' title='bbox 189 891 204 906; x_wconf 70' lang='grc' dir='ltr'>ι·</span> <span class='ocrx_word' id='word_1_100' title='bbox 224 886 391 920; x_wconf 88' lang='lat' dir='ltr'>tamquam</span> <span class='ocrx_word' id='word_1_101' title='bbox 416 888 546 908; x_wconf 91' lang='lat' dir='ltr'>erronea</span> <span class='ocrx_word' id='word_1_102' title='bbox 569 884 600 908; x_wconf 91' lang='lat' dir='ltr'>et</span> <span class='ocrx_word' id='word_1_103' title='bbox 623 876 828 917; x_wconf 89' lang='lat' dir='ltr'>reprobabilis</span> <span class='ocrx_word' id='word_1_104' title='bbox 851 875 1004 906; x_wconf 89' lang='lat' dir='ltr'>innuitur.</span> <span class='ocrx_word' id='word_1_105' title='bbox 1022 875 1154 914; x_wconf 90' lang='lat' dir='ltr'>Propter</span> <span class='ocrx_word' id='word_1_106' title='bbox 1177 873 1266 915; x_wconf 91' lang='lat' dir='ltr'>quod</span> 
     </span>
     <span class='ocr_line' id='line_1_14' title="bbox 191 917 1265 965; baseline -0.004 -13"><span class='ocrx_word' id='word_1_107' title='bbox 191 936 206 952; x_wconf 81' lang='lat'><strong>›</strong></span> <span class='ocrx_word' id='word_1_108' title='bbox 227 924 334 965; x_wconf 91' lang='lat' dir='ltr'>plures</span> <span class='ocrx_word' id='word_1_109' title='bbox 357 929 488 963; x_wconf 90' lang='lat' dir='ltr'>possent</span> <span class='ocrx_word' id='word_1_110' title='bbox 511 922 625 952; x_wconf 91' lang='lat' dir='ltr'>habere</span> <span class='ocrx_word' id='word_1_111' title='bbox 645 921 847 952; x_wconf 85' lang='lat' dir='ltr'>occasionem</span> <span class='ocrx_word' id='word_1_112' title='bbox 861 919 1037 950; x_wconf 89' lang='lat' dir='ltr'>retrahendi</span> <span class='ocrx_word' id='word_1_113' title='bbox 1060 929 1093 949; x_wconf 91' lang='lat' dir='ltr'>se</span> <span class='ocrx_word' id='word_1_114' title='bbox 1117 929 1135 948; x_wconf 91' lang='lat' dir='ltr'>a</span> <span class='ocrx_word' id='word_1_115' title='bbox 1159 917 1265 949; x_wconf 88' lang='lat' dir='ltr'>studio</span> 
     </span>
     <span class='ocr_line' id='line_1_15' title="bbox 191 963 1267 1007; baseline -0.007 -8"><span class='ocrx_word' id='word_1_116' title='bbox 191 981 206 996; x_wconf 68' lang='grc' dir='ltr'>ιν</span> <span class='ocrx_word' id='word_1_117' title='bbox 227 969 260 999; x_wconf 93' lang='lat' dir='ltr'>in</span> <span class='ocrx_word' id='word_1_118' title='bbox 283 968 338 999; x_wconf 88' lang='lat' dir='ltr'>tali</span> <span class='ocrx_word' id='word_1_119' title='bbox 363 967 520 998; x_wconf 83' lang='lat' dir='ltr'>doctrina:</span> <span class='ocrx_word' id='word_1_120' title='bbox 550 966 583 996; x_wconf 90' lang='lat' dir='ltr'>in</span> <span class='ocrx_word' id='word_1_121' title='bbox 607 976 673 1007; x_wconf 94' lang='lat' dir='ltr'>quo</span> <span class='ocrx_word' id='word_1_122' title='bbox 698 975 765 996; x_wconf 92' lang='lat' dir='ltr'>non</span> <span class='ocrx_word' id='word_1_123' title='bbox 798 965 905 995; x_wconf 89' lang='lat' dir='ltr'>solum</span> <span class='ocrx_word' id='word_1_124' title='bbox 937 964 1007 1004; x_wconf 86' lang='lat' dir='ltr'>ipsa</span> <span class='ocrx_word' id='word_1_125' title='bbox 1037 963 1179 994; x_wconf 87' lang='lat' dir='ltr'>doctrina</span> <span class='ocrx_word' id='word_1_126' title='bbox 1202 963 1267 993; x_wconf 90' lang='lat' dir='ltr'>lae-</span> 
     </span>
     <span class='ocr_line' id='line_1_16' title="bbox 190 1007 1267 1051; baseline -0.006 -8"><span class='ocrx_word' id='word_1_127' title='bbox 190 1025 205 1040; x_wconf 78' lang='lat'><strong>»</strong></span> <span class='ocrx_word' id='word_1_128' title='bbox 228 1013 372 1050; x_wconf 90' lang='lat' dir='ltr'>deretur,</span> <span class='ocrx_word' id='word_1_129' title='bbox 398 1012 452 1042; x_wconf 93' lang='lat' dir='ltr'>sed</span> <span class='ocrx_word' id='word_1_130' title='bbox 477 1017 507 1041; x_wconf 93' lang='lat' dir='ltr'>et</span> <span class='ocrx_word' id='word_1_131' title='bbox 530 1010 590 1051; x_wconf 91' lang='lat' dir='ltr'>ipsi</span> <span class='ocrx_word' id='word_1_132' title='bbox 615 1010 776 1041; x_wconf 89' lang='lat' dir='ltr'>studentes</span> <span class='ocrx_word' id='word_1_133' title='bbox 808 1019 880 1039; x_wconf 91' lang='lat' dir='ltr'>vere</span> <span class='ocrx_word' id='word_1_134' title='bbox 911 1009 1066 1038; x_wconf 90' lang='lat' dir='ltr'>damnum</span> <span class='ocrx_word' id='word_1_135' title='bbox 1090 1007 1267 1038; x_wconf 87' lang='lat' dir='ltr'>maximum</span> 
     </span>
     <span class='ocr_line' id='line_1_17' title="bbox 191 1052 1266 1093; baseline -0.004 -8"><span class='ocrx_word' id='word_1_136' title='bbox 191 1070 206 1085; x_wconf 65' lang='lat'>2</span> <span class='ocrx_word' id='word_1_137' title='bbox 226 1057 425 1088; x_wconf 85' lang='lat' dir='ltr'>sustinerent.</span> <span class='ocrx_word' id='word_1_138' title='bbox 453 1055 538 1093; x_wconf 90' lang='lat' dir='ltr'>Quia</span> <span class='ocrx_word' id='word_1_139' title='bbox 555 1055 639 1085; x_wconf 88' lang='lat' dir='ltr'>salva</span> <span class='ocrx_word' id='word_1_140' title='bbox 662 1053 834 1084; x_wconf 88' lang='lat' dir='ltr'>reverentia</span> <span class='ocrx_word' id='word_1_141' title='bbox 866 1053 1051 1093; x_wconf 89' lang='lat' dir='ltr'>aliquorum</span> <span class='ocrx_word' id='word_1_142' title='bbox 1075 1052 1266 1089; x_wconf 88' lang='lat' dir='ltr'>doctorum,</span> 
     </span>
     <span class='ocr_line' id='line_1_18' title="bbox 192 1097 1267 1142; baseline -0.005 -12"><span class='ocrx_word' id='word_1_143' title='bbox 192 1114 208 1130; x_wconf 61' lang='lat' dir='ltr'>x</span> <span class='ocrx_word' id='word_1_144' title='bbox 229 1108 357 1142; x_wconf 89' lang='lat' dir='ltr'>excepta</span> <span class='ocrx_word' id='word_1_145' title='bbox 385 1100 527 1130; x_wconf 89' lang='lat' dir='ltr'>doctrina</span> <span class='ocrx_word' id='word_1_146' title='bbox 551 1099 741 1130; x_wconf 91' lang='lat' dir='ltr'>Sanctorum</span> <span class='ocrx_word' id='word_1_147' title='bbox 765 1105 795 1128; x_wconf 93' lang='lat' dir='ltr'>et</span> <span class='ocrx_word' id='word_1_148' title='bbox 818 1107 931 1128; x_wconf 89' lang='lat' dir='ltr'>eorum</span> <span class='ocrx_word' id='word_1_149' title='bbox 954 1106 1095 1138; x_wconf 92' lang='lat' dir='ltr'>quorum</span> <span class='ocrx_word' id='word_1_150' title='bbox 1112 1097 1192 1126; x_wconf 87' lang='lat' dir='ltr'>dicta</span> <span class='ocrx_word' id='word_1_151' title='bbox 1208 1106 1267 1136; x_wconf 92' lang='lat' dir='ltr'>pro</span> 
     </span>
     <span class='ocr_line' id='line_1_19' title="bbox 192 1140 1268 1183; baseline -0.004 -9"><span class='ocrx_word' id='word_1_152' title='bbox 192 1159 207 1174; x_wconf 70' lang='grc' dir='ltr'>ιι</span> <span class='ocrx_word' id='word_1_153' title='bbox 228 1144 471 1176; x_wconf 79' lang='lat' dir='ltr'>authoritatibus</span> <span class='ocrx_word' id='word_1_154' title='bbox 486 1143 672 1183; x_wconf 87' lang='lat' dir='ltr'>allegantur,</span> <span class='ocrx_word' id='word_1_155' title='bbox 690 1142 848 1182; x_wconf 87' lang='lat' dir='ltr'>praedicta</span> <span class='ocrx_word' id='word_1_156' title='bbox 868 1141 1010 1172; x_wconf 88' lang='lat' dir='ltr'>doctrina</span> <span class='ocrx_word' id='word_1_157' title='bbox 1032 1140 1113 1171; x_wconf 90' lang='lat' dir='ltr'>inter</span> <span class='ocrx_word' id='word_1_158' title='bbox 1133 1147 1268 1170; x_wconf 86' lang='lat' dir='ltr'>caeteras</span> 
     </span>
     <span class='ocr_line' id='line_1_20' title="bbox 193 1185 1268 1226; baseline -0.004 -8"><span class='ocrx_word' id='word_1_159' title='bbox 193 1203 208 1218; x_wconf 65' lang='lat'>2</span> <span class='ocrx_word' id='word_1_160' title='bbox 228 1189 354 1220; x_wconf 90' lang='lat' dir='ltr'>videtur</span> <span class='ocrx_word' id='word_1_161' title='bbox 376 1188 485 1218; x_wconf 92' lang='lat' dir='ltr'>utilior</span> <span class='ocrx_word' id='word_1_162' title='bbox 508 1194 539 1218; x_wconf 91' lang='lat' dir='ltr'>et</span> <span class='ocrx_word' id='word_1_163' title='bbox 560 1186 750 1217; x_wconf 89' lang='lat' dir='ltr'>laudabilior</span> <span class='ocrx_word' id='word_1_164' title='bbox 766 1186 959 1226; x_wconf 85' lang='lat' dir='ltr'>reputanda:</span> <span class='ocrx_word' id='word_1_165' title='bbox 980 1192 1015 1216; x_wconf 94' lang='lat' dir='ltr'>ut</span> <span class='ocrx_word' id='word_1_166' title='bbox 1037 1195 1109 1215; x_wconf 89' lang='lat' dir='ltr'>vere</span> <span class='ocrx_word' id='word_1_167' title='bbox 1123 1185 1268 1222; x_wconf 78' lang='lat' dir='ltr'>Doctori‚</span> 
     </span>
     <span class='ocr_line' id='line_1_21' title="bbox 191 1229 1269 1275; baseline -0.003 -13"><span class='ocrx_word' id='word_1_168' title='bbox 191 1246 207 1262; x_wconf 80' lang='lat'>›</span> <span class='ocrx_word' id='word_1_169' title='bbox 232 1233 287 1275; x_wconf 92' lang='lat' dir='ltr'>qui</span> <span class='ocrx_word' id='word_1_170' title='bbox 307 1233 387 1263; x_wconf 92' lang='lat' dir='ltr'>hanc</span> <span class='ocrx_word' id='word_1_171' title='bbox 407 1231 584 1262; x_wconf 87' lang='lat' dir='ltr'>doctrinam</span> <span class='ocrx_word' id='word_1_172' title='bbox 600 1231 733 1271; x_wconf 89' lang='lat' dir='ltr'>scripsit,</span> <span class='ocrx_word' id='word_1_173' title='bbox 743 1230 843 1271; x_wconf 92' lang='lat' dir='ltr'>possit</span> <span class='ocrx_word' id='word_1_174' title='bbox 861 1229 922 1260; x_wconf 92' lang='lat' dir='ltr'>dici</span> <span class='ocrx_word' id='word_1_175' title='bbox 941 1230 973 1260; x_wconf 92' lang='lat' dir='ltr'>in</span> <span class='ocrx_word' id='word_1_176' title='bbox 989 1229 1139 1269; x_wconf 82' lang='lat' dir='ltr'>singulari</span> <span class='ocrx_word' id='word_1_177' title='bbox 1150 1236 1180 1260; x_wconf 94' lang='lat' dir='ltr'>et</span> <span class='ocrx_word' id='word_1_178' title='bbox 1190 1229 1269 1259; x_wconf 88' lang='lat' dir='ltr'>illud</span> 
     </span>
     <span class='ocr_line' id='line_1_22' title="bbox 193 1273 1270 1320; baseline -0.004 -13"><span class='ocrx_word' id='word_1_179' title='bbox 193 1291 208 1307; x_wconf 68' lang='lat'>2</span> <span class='ocrx_word' id='word_1_180' title='bbox 228 1277 318 1320; x_wconf 91' lang='lat' dir='ltr'>quod</span> <span class='ocrx_word' id='word_1_181' title='bbox 341 1276 501 1307; x_wconf 88' lang='lat' dir='ltr'>Dominus</span> <span class='ocrx_word' id='word_1_182' title='bbox 535 1275 612 1306; x_wconf 79' lang='lat' dir='ltr'>dixit</span> <span class='ocrx_word' id='word_1_183' title='bbox 635 1275 668 1305; x_wconf 91' lang='lat' dir='ltr'>in</span> <span class='ocrx_word' id='word_1_184' title='bbox 692 1274 807 1316; x_wconf 83' lang='lat' dir='ltr'>plurali</span> <span class='ocrx_word' id='word_1_185' title='bbox 839 1273 1003 1315; x_wconf 91' lang='lat' dir='ltr'>Apostolis</span> <span class='ocrx_word' id='word_1_186' title='bbox 1026 1273 1138 1304; x_wconf 83' lang='lat' dir='ltr'>Matth.</span> <span class='ocrx_word' id='word_1_187' title='bbox 1157 1280 1186 1303; x_wconf 81' lang='lat' dir='ltr'>v:</span> <span class='ocrx_word' id='word_1_188' title='bbox 1211 1274 1270 1304; x_wconf 91' lang='lat' dir='ltr'>Vos</span> 
     </span>
     <span class='ocr_line' id='line_1_23' title="bbox 193 1318 1270 1354; baseline -0.003 -3"><span class='ocrx_word' id='word_1_189' title='bbox 193 1335 208 1351; x_wconf 73' lang='grc' dir='ltr'>ι»</span> <span class='ocrx_word' id='word_1_190' title='bbox 229 1323 305 1354; x_wconf 89' lang='lat' dir='ltr'>estis</span> <span class='ocrx_word' id='word_1_191' title='bbox 326 1322 378 1352; x_wconf 91' lang='lat' dir='ltr'>sal</span> <span class='ocrx_word' id='word_1_192' title='bbox 402 1326 510 1353; x_wconf 85' lang='lat' dir='ltr'>terrae</span> <span class='ocrx_word' id='word_1_193' title='bbox 534 1327 591 1350; x_wconf 90' lang='lat' dir='ltr'>etc.</span> <span class='ocrx_word' id='word_1_194' title='bbox 610 1320 669 1350; x_wconf 89' lang='lat' dir='ltr'>sub</span> <span class='ocrx_word' id='word_1_195' title='bbox 693 1320 752 1350; x_wconf 88' lang='lat' dir='ltr'>hac</span> <span class='ocrx_word' id='word_1_196' title='bbox 785 1319 907 1349; x_wconf 88' lang='lat' dir='ltr'>forma:</span> <span class='ocrx_word' id='word_1_197' title='bbox 938 1319 985 1349; x_wconf 94' lang='lat' dir='ltr'>Tu</span> <span class='ocrx_word' id='word_1_198' title='bbox 1010 1328 1043 1349; x_wconf 88' lang='lat' dir='ltr'>es</span> <span class='ocrx_word' id='word_1_199' title='bbox 1066 1318 1117 1349; x_wconf 89' lang='lat' dir='ltr'>sal</span> <span class='ocrx_word' id='word_1_200' title='bbox 1140 1323 1270 1348; x_wconf 83' lang='lat' dir='ltr'>terrae:</span> 
     </span>
    </p>
   </div>
   <div class='ocr_carea' id='block_1_3' title="bbox 141 1362 1269 1409">
    <p class='ocr_par' dir='ltr' id='par_1_3' title="bbox 141 1362 1269 1409">
     <span class='ocr_line' id='line_1_24' title="bbox 141 1362 1269 1409; baseline -0.003 -14"><span class='ocrx_word' id='word_1_201' title='bbox 141 1406 148 1407; x_wconf 19' lang='grc' dir='ltr'><strong><em>ἶ</em></strong></span> <span class='ocrx_word' id='word_1_202' title='bbox 194 1380 209 1395; x_wconf 62' lang='grc' dir='ltr'><strong><em>ι</em></strong></span> <span class='ocrx_word' id='word_1_203' title='bbox 229 1366 357 1409; x_wconf 76' lang='lat' dir='ltr'>quod-si</span> <span class='ocrx_word' id='word_1_204' title='bbox 369 1363 421 1396; x_wconf 71' lang='lat' dir='ltr'>sal</span> <span class='ocrx_word' id='word_1_205' title='bbox 435 1366 615 1402; x_wconf 82' lang='lat' dir='ltr'>evanuerit,</span> <span class='ocrx_word' id='word_1_206' title='bbox 628 1365 660 1394; x_wconf 90' lang='lat' dir='ltr'>in</span> <span class='ocrx_word' id='word_1_207' title='bbox 675 1374 738 1405; x_wconf 84' lang='lat' dir='ltr'>quo</span> <span class='ocrx_word' id='word_1_208' title='bbox 751 1363 914 1394; x_wconf 82' lang='lat' dir='ltr'>salietur?</span> <span class='ocrx_word' id='word_1_209' title='bbox 928 1362 1013 1400; x_wconf 86' lang='lat' dir='ltr'>Quia</span> <span class='ocrx_word' id='word_1_210' title='bbox 1023 1373 1079 1403; x_wconf 90' lang='lat' dir='ltr'>per</span> <span class='ocrx_word' id='word_1_211' title='bbox 1089 1372 1125 1393; x_wconf 87' lang='lat' dir='ltr'>ea</span> <span class='ocrx_word' id='word_1_212' title='bbox 1140 1372 1221 1403; x_wconf 86' lang='lat' dir='ltr'>quae</span> <span class='ocrx_word' id='word_1_213' title='bbox 1236 1362 1269 1392; x_wconf 91' lang='lat' dir='ltr'>in</span> 
     </span>
    </p>
   </div>
   <div class='ocr_carea' id='block_1_4' title="bbox 192 1407 1271 2114">
    <p class='ocr_par' dir='ltr' id='par_1_4' title="bbox 192 1407 1270 1807">
     <span class='ocr_line' id='line_1_25' title="bbox 193 1407 1269 1449; baseline -0.002 -10"><span class='ocrx_word' id='word_1_214' title='bbox 193 1423 208 1439; x_wconf 70' lang='grc' dir='ltr'>ιι</span> <span class='ocrx_word' id='word_1_215' title='bbox 229 1411 288 1442; x_wconf 87' lang='lat' dir='ltr'>hac</span> <span class='ocrx_word' id='word_1_216' title='bbox 302 1409 446 1441; x_wconf 88' lang='lat' dir='ltr'>doctrina</span> <span class='ocrx_word' id='word_1_217' title='bbox 456 1407 767 1449; x_wconf 90' lang='lat' dir='ltr'>continentur,quasi</span> <span class='ocrx_word' id='word_1_218' title='bbox 783 1407 932 1438; x_wconf 92' lang='lat' dir='ltr'>omnium</span> <span class='ocrx_word' id='word_1_219' title='bbox 948 1408 1117 1438; x_wconf 88' lang='lat' dir='ltr'>doctorum</span> <span class='ocrx_word' id='word_1_220' title='bbox 1132 1407 1269 1437; x_wconf 80' lang='lat' dir='ltr'>aliorum</span> 
     </span>
     <span class='ocr_line' id='line_1_26' title="bbox 194 1451 1270 1493; baseline -0.003 -9"><span class='ocrx_word' id='word_1_221' title='bbox 194 1469 210 1484; x_wconf 62' lang='grc' dir='ltr'><strong><em>ι</em></strong></span> <span class='ocrx_word' id='word_1_222' title='bbox 230 1454 392 1486; x_wconf 85' lang='lat' dir='ltr'>doctrinae</span> <span class='ocrx_word' id='word_1_223' title='bbox 412 1453 622 1493; x_wconf 89' lang='lat' dir='ltr'>corriguntur,</span> <span class='ocrx_word' id='word_1_224' title='bbox 635 1452 763 1493; x_wconf 85' lang='lat' dir='ltr'>sapidae</span> <span class='ocrx_word' id='word_1_225' title='bbox 778 1452 953 1482; x_wconf 89' lang='lat' dir='ltr'>redduntur</span> <span class='ocrx_word' id='word_1_226' title='bbox 969 1459 999 1482; x_wconf 92' lang='lat' dir='ltr'>et</span> <span class='ocrx_word' id='word_1_227' title='bbox 1014 1451 1221 1482; x_wconf 89' lang='lat' dir='ltr'>condiuntur:</span> <span class='ocrx_word' id='word_1_228' title='bbox 1239 1458 1270 1482; x_wconf 94' lang='lat' dir='ltr'>et</span> 
     </span>
     <span class='ocr_line' id='line_1_27' title="bbox 194 1496 1269 1533; baseline -0.002 -4"><span class='ocrx_word' id='word_1_229' title='bbox 194 1513 209 1529; x_wconf 70' lang='lat'>2</span> <span class='ocrx_word' id='word_1_230' title='bbox 229 1500 302 1531; x_wconf 89' lang='lat' dir='ltr'>ideo</span> <span class='ocrx_word' id='word_1_231' title='bbox 327 1499 352 1529; x_wconf 92' lang='lat' dir='ltr'>si</span> <span class='ocrx_word' id='word_1_232' title='bbox 375 1498 435 1529; x_wconf 90' lang='lat' dir='ltr'>ista</span> <span class='ocrx_word' id='word_1_233' title='bbox 460 1497 603 1528; x_wconf 88' lang='lat' dir='ltr'>doctrina</span> <span class='ocrx_word' id='word_1_234' title='bbox 627 1497 665 1528; x_wconf 89' lang='lat' dir='ltr'>de</span> <span class='ocrx_word' id='word_1_235' title='bbox 689 1496 798 1527; x_wconf 91' lang='lat' dir='ltr'>medio</span> <span class='ocrx_word' id='word_1_236' title='bbox 832 1496 1026 1533; x_wconf 86' lang='lat' dir='ltr'>auferretur,</span> <span class='ocrx_word' id='word_1_237' title='bbox 1051 1496 1213 1526; x_wconf 85' lang='lat' dir='ltr'>studentes</span> <span class='ocrx_word' id='word_1_238' title='bbox 1235 1496 1269 1527; x_wconf 91' lang='lat' dir='ltr'>in</span> 
     </span>
     <span class='ocr_line' id='line_1_28' title="bbox 195 1540 1270 1582; baseline -0.004 -7"><span class='ocrx_word' id='word_1_239' title='bbox 195 1557 210 1574; x_wconf 62' lang='grc' dir='ltr'>ι</span> <span class='ocrx_word' id='word_1_240' title='bbox 230 1542 381 1575; x_wconf 87' lang='lat' dir='ltr'>doctrinis</span> <span class='ocrx_word' id='word_1_241' title='bbox 405 1542 543 1573; x_wconf 89' lang='lat' dir='ltr'>aliorum</span> <span class='ocrx_word' id='word_1_242' title='bbox 566 1551 714 1582; x_wconf 90' lang='lat' dir='ltr'>saporem</span> <span class='ocrx_word' id='word_1_243' title='bbox 737 1540 902 1571; x_wconf 89' lang='lat' dir='ltr'>modicum</span> <span class='ocrx_word' id='word_1_244' title='bbox 925 1540 1111 1571; x_wconf 90' lang='lat' dir='ltr'>invenirent.</span> <span class='ocrx_word' id='word_1_245' title='bbox 1135 1553 1149 1567; x_wconf 81' lang='lat'><strong>»</strong></span> <span class='ocrx_word' id='word_1_246' title='bbox 1182 1541 1270 1578; x_wconf 92' lang='lat' dir='ltr'>Quid</span> 
     </span>
     <span class='ocr_line' id='line_1_29' title="bbox 192 1584 1269 1631; baseline -0.006 -11"><span class='ocrx_word' id='word_1_247' title='bbox 192 1598 351 1631; x_wconf 84' lang='lat' dir='ltr'>umquam</span> <span class='ocrx_word' id='word_1_248' title='bbox 366 1587 406 1617; x_wconf 88' lang='lat' dir='ltr'>ad</span> <span class='ocrx_word' id='word_1_249' title='bbox 422 1586 601 1628; x_wconf 84' lang='lat' dir='ltr'>Aquinatis,</span> <span class='ocrx_word' id='word_1_250' title='bbox 622 1586 754 1626; x_wconf 91' lang='lat' dir='ltr'>eiusque</span> <span class='ocrx_word' id='word_1_251' title='bbox 778 1585 938 1616; x_wconf 89' lang='lat' dir='ltr'>doctrinae</span> <span class='ocrx_word' id='word_1_252' title='bbox 956 1584 1269 1615; x_wconf 86' lang='lat' dir='ltr'>commendationem</span> 
     </span>
     <span class='ocr_line' id='line_1_30' title="bbox 193 1628 1270 1672; baseline -0.004 -8"><span class='ocrx_word' id='word_1_253' title='bbox 193 1633 255 1665; x_wconf 90' lang='lat' dir='ltr'>dici</span> <span class='ocrx_word' id='word_1_254' title='bbox 278 1631 431 1663; x_wconf 84' lang='lat' dir='ltr'>illustrius</span> <span class='ocrx_word' id='word_1_255' title='bbox 454 1628 582 1672; x_wconf 86' lang='lat' dir='ltr'>potuit?</span> <span class='ocrx_word' id='word_1_256' title='bbox 599 1630 697 1668; x_wconf 91' lang='lat' dir='ltr'>Quod</span> <span class='ocrx_word' id='word_1_257' title='bbox 721 1637 859 1660; x_wconf 88' lang='lat' dir='ltr'>attamen</span> <span class='ocrx_word' id='word_1_258' title='bbox 884 1629 1026 1669; x_wconf 84' lang='lat' dir='ltr'>elogium</span> <span class='ocrx_word' id='word_1_259' title='bbox 1056 1629 1270 1660; x_wconf 84' lang='lat' dir='ltr'>animadverte</span> 
     </span>
     <span class='ocr_line' id='line_1_31' title="bbox 194 1673 1270 1717; baseline -0.004 -9"><span class='ocrx_word' id='word_1_260' title='bbox 194 1688 213 1709; x_wconf 80' lang='grc' dir='ltr'>ι</span> <span class='ocrx_word' id='word_1_261' title='bbox 235 1677 304 1708; x_wconf 83' lang='lat' dir='ltr'>viro</span> <span class='ocrx_word' id='word_1_262' title='bbox 328 1675 476 1717; x_wconf 89' lang='lat' dir='ltr'>prodire,</span> <span class='ocrx_word' id='word_1_263' title='bbox 506 1675 562 1716; x_wconf 92' lang='lat' dir='ltr'>qui</span> <span class='ocrx_word' id='word_1_264' title='bbox 595 1675 668 1715; x_wconf 90' lang='lat' dir='ltr'>plus</span> <span class='ocrx_word' id='word_1_265' title='bbox 701 1674 802 1704; x_wconf 89' lang='lat' dir='ltr'>nimio</span> <span class='ocrx_word' id='word_1_266' title='bbox 826 1674 958 1704; x_wconf 87' lang='lat' dir='ltr'>Doctori</span> <span class='ocrx_word' id='word_1_267' title='bbox 986 1680 1094 1704; x_wconf 88' lang='lat' dir='ltr'>sancto</span> <span class='ocrx_word' id='word_1_268' title='bbox 1125 1673 1270 1704; x_wconf 89' lang='lat' dir='ltr'>addictus</span> 
     </span>
     <span class='ocr_line' id='line_1_32' title="bbox 195 1718 1270 1762; baseline -0.003 -10"><span class='ocrx_word' id='word_1_269' title='bbox 195 1721 255 1753; x_wconf 86' lang='lat' dir='ltr'>dici</span> <span class='ocrx_word' id='word_1_270' title='bbox 278 1720 400 1762; x_wconf 90' lang='lat' dir='ltr'>nequit,</span> <span class='ocrx_word' id='word_1_271' title='bbox 426 1730 500 1751; x_wconf 90' lang='lat' dir='ltr'>cum</span> <span class='ocrx_word' id='word_1_272' title='bbox 529 1719 611 1750; x_wconf 90' lang='lat' dir='ltr'>inter</span> <span class='ocrx_word' id='word_1_273' title='bbox 634 1729 689 1750; x_wconf 89' lang='lat' dir='ltr'>eos</span> <span class='ocrx_word' id='word_1_274' title='bbox 713 1726 907 1757; x_wconf 85' lang='lat' dir='ltr'>numeretur,</span> <span class='ocrx_word' id='word_1_275' title='bbox 932 1718 988 1759; x_wconf 92' lang='lat' dir='ltr'>qui</span> <span class='ocrx_word' id='word_1_276' title='bbox 1012 1718 1155 1748; x_wconf 87' lang='lat' dir='ltr'>eiusdem</span> <span class='ocrx_word' id='word_1_277' title='bbox 1179 1728 1270 1749; x_wconf 88' lang='lat' dir='ltr'>sensa</span> 
     </span>
     <span class='ocr_line' id='line_1_33' title="bbox 194 1766 434 1807; baseline -0.008 -10"><span class='ocrx_word' id='word_1_278' title='bbox 194 1766 434 1807; x_wconf 86' lang='lat' dir='ltr'>impugnarunt.</span> 
     </span>
    </p>

    <p class='ocr_par' dir='ltr' id='par_1_5' title="bbox 193 1806 1271 2114">
     <span class='ocr_line' id='line_1_34' title="bbox 262 1806 1271 1849; baseline -0.002 -9"><span class='ocrx_word' id='word_1_279' title='bbox 262 1809 438 1841; x_wconf 89' lang='lat' dir='ltr'>Levissima</span> <span class='ocrx_word' id='word_1_280' title='bbox 462 1807 604 1849; x_wconf 87' lang='lat' dir='ltr'>sequitur</span> <span class='ocrx_word' id='word_1_281' title='bbox 631 1817 750 1838; x_wconf 91' lang='lat' dir='ltr'>vocum</span> <span class='ocrx_word' id='word_1_282' title='bbox 779 1806 926 1844; x_wconf 90' lang='lat' dir='ltr'>illarum,</span> <span class='ocrx_word' id='word_1_283' title='bbox 949 1806 1027 1837; x_wconf 88' lang='lat' dir='ltr'>Flos</span> <span class='ocrx_word' id='word_1_284' title='bbox 1049 1806 1215 1837; x_wconf 85' lang='lat' dir='ltr'>doctorum</span> <span class='ocrx_word' id='word_1_285' title='bbox 1240 1814 1271 1838; x_wconf 93' lang='lat' dir='ltr'>et</span> 
     </span>
     <span class='ocr_line' id='line_1_35' title="bbox 193 1850 1270 1892; baseline -0.005 -6"><span class='ocrx_word' id='word_1_286' title='bbox 193 1855 283 1887; x_wconf 89' lang='lat' dir='ltr'>Fons</span> <span class='ocrx_word' id='word_1_287' title='bbox 300 1854 478 1890; x_wconf 84' lang='lat' dir='ltr'>doctorum,</span> <span class='ocrx_word' id='word_1_288' title='bbox 496 1851 707 1882; x_wconf 85' lang='lat' dir='ltr'>dissonantia:</span> <span class='ocrx_word' id='word_1_289' title='bbox 723 1861 821 1892; x_wconf 89' lang='lat' dir='ltr'>quarn</span> <span class='ocrx_word' id='word_1_290' title='bbox 841 1851 964 1892; x_wconf 87' lang='lat' dir='ltr'>opponi</span> <span class='ocrx_word' id='word_1_291' title='bbox 987 1850 1130 1891; x_wconf 89' lang='lat' dir='ltr'>potuisse</span> <span class='ocrx_word' id='word_1_292' title='bbox 1151 1851 1270 1881; x_wconf 88' lang='lat' dir='ltr'>mirum</span> 
     </span>
     <span class='ocr_line' id='line_1_36' title="bbox 195 1895 1269 1937; baseline -0.005 -7"><span class='ocrx_word' id='word_1_293' title='bbox 195 1906 252 1937; x_wconf 86' lang='lat' dir='ltr'>est,</span> <span class='ocrx_word' id='word_1_294' title='bbox 277 1904 313 1929; x_wconf 93' lang='lat' dir='ltr'>ut</span> <span class='ocrx_word' id='word_1_295' title='bbox 332 1897 371 1928; x_wconf 93' lang='lat' dir='ltr'>de</span> <span class='ocrx_word' id='word_1_296' title='bbox 393 1897 568 1927; x_wconf 87' lang='lat' dir='ltr'>litterarum</span> <span class='ocrx_word' id='word_1_297' title='bbox 593 1895 743 1936; x_wconf 82' lang='lat' dir='ltr'>Stephani</span> <span class='ocrx_word' id='word_1_298' title='bbox 763 1896 802 1926; x_wconf 90' lang='lat' dir='ltr'>de</span> <span class='ocrx_word' id='word_1_299' title='bbox 818 1896 987 1926; x_wconf 89' lang='lat' dir='ltr'>Bourretto</span> <span class='ocrx_word' id='word_1_300' title='bbox 1009 1895 1141 1926; x_wconf 87' lang='lat' dir='ltr'>falsitate</span> <span class='ocrx_word' id='word_1_301' title='bbox 1164 1895 1269 1926; x_wconf 91' lang='lat' dir='ltr'>iniice-</span> 
     </span>
     <span class='ocr_line' id='line_1_37' title="bbox 194 1939 1270 1982; baseline -0.005 -7"><span class='ocrx_word' id='word_1_302' title='bbox 194 1950 281 1975; x_wconf 88' lang='lat' dir='ltr'>retur</span> <span class='ocrx_word' id='word_1_303' title='bbox 303 1941 454 1982; x_wconf 90' lang='lat' dir='ltr'>suspicio.</span> <span class='ocrx_word' id='word_1_304' title='bbox 486 1943 530 1972; x_wconf 86' lang='lat' dir='ltr'>At</span> <span class='ocrx_word' id='word_1_305' title='bbox 551 1940 678 1982; x_wconf 81' lang='lat' dir='ltr'>inquiS,</span> <span class='ocrx_word' id='word_1_306' title='bbox 702 1939 789 1970; x_wconf 89' lang='lat' dir='ltr'>fictas</span> <span class='ocrx_word' id='word_1_307' title='bbox 813 1940 912 1971; x_wconf 91' lang='lat' dir='ltr'>dubio</span> <span class='ocrx_word' id='word_1_308' title='bbox 946 1940 1058 1980; x_wconf 91' lang='lat' dir='ltr'>procul</span> <span class='ocrx_word' id='word_1_309' title='bbox 1086 1940 1176 1970; x_wconf 90' lang='lat' dir='ltr'>omni</span> <span class='ocrx_word' id='word_1_310' title='bbox 1195 1940 1270 1971; x_wconf 86' lang='lat' dir='ltr'>alias</span> 
     </span>
     <span class='ocr_line' id='line_1_38' title="bbox 195 1985 1270 2026; baseline -0.004 -7"><span class='ocrx_word' id='word_1_311' title='bbox 195 1998 274 2026; x_wconf 59' lang='lat' dir='ltr'>ase,</span> <span class='ocrx_word' id='word_1_312' title='bbox 298 1986 430 2017; x_wconf 92' lang='lat' dir='ltr'>nomine</span> <span class='ocrx_word' id='word_1_313' title='bbox 457 1985 683 2016; x_wconf 83' lang='lat' dir='ltr'>Universitatis</span> <span class='ocrx_word' id='word_1_314' title='bbox 706 1985 916 2022; x_wconf 85' lang='lat' dir='ltr'>Parisiensis,</span> <span class='ocrx_word' id='word_1_315' title='bbox 942 1985 1053 2015; x_wconf 89' lang='lat' dir='ltr'>eadem</span> <span class='ocrx_word' id='word_1_316' title='bbox 1086 1985 1125 2014; x_wconf 89' lang='lat' dir='ltr'>de</span> <span class='ocrx_word' id='word_1_317' title='bbox 1148 1995 1180 2015; x_wconf 91' lang='lat' dir='ltr'>re</span> <span class='ocrx_word' id='word_1_318' title='bbox 1204 1985 1270 2025; x_wconf 89' lang='lat' dir='ltr'>epi-</span> 
     </span>
     <span class='ocr_line' id='line_1_39' title="bbox 195 2029 1270 2073; baseline -0.004 -10"><span class='ocrx_word' id='word_1_319' title='bbox 195 2032 312 2070; x_wconf 81' lang='lat' dir='ltr'>stolas,</span> <span class='ocrx_word' id='word_1_320' title='bbox 336 2041 415 2073; x_wconf 87' lang='lat' dir='ltr'>quas</span> <span class='ocrx_word' id='word_1_321' title='bbox 449 2040 524 2061; x_wconf 90' lang='lat' dir='ltr'>cum</span> <span class='ocrx_word' id='word_1_322' title='bbox 556 2029 675 2060; x_wconf 89' lang='lat' dir='ltr'>laudati</span> <span class='ocrx_word' id='word_1_323' title='bbox 709 2029 859 2070; x_wconf 90' lang='lat' dir='ltr'>Stephani</span> <span class='ocrx_word' id='word_1_324' title='bbox 893 2029 932 2060; x_wconf 90' lang='lat' dir='ltr'>de</span> <span class='ocrx_word' id='word_1_325' title='bbox 963 2029 1132 2060; x_wconf 88' lang='lat' dir='ltr'>Bourretto</span> <span class='ocrx_word' id='word_1_326' title='bbox 1161 2029 1270 2060; x_wconf 91' lang='lat' dir='ltr'>litteris</span> 
     </span>
     <span class='ocr_line' id='line_1_40' title="bbox 195 2073 1270 2114; baseline -0.004 -6"><span class='ocrx_word' id='word_1_327' title='bbox 195 2076 318 2108; x_wconf 87' lang='lat' dir='ltr'>iunctas</span> <span class='ocrx_word' id='word_1_328' title='bbox 342 2074 489 2106; x_wconf 88' lang='lat' dir='ltr'>exhibent</span> <span class='ocrx_word' id='word_1_329' title='bbox 508 2074 590 2105; x_wconf 90' lang='lat' dir='ltr'>edita</span> <span class='ocrx_word' id='word_1_330' title='bbox 609 2074 765 2104; x_wconf 88' lang='lat' dir='ltr'>nonnulla</span> <span class='ocrx_word' id='word_1_331' title='bbox 784 2074 937 2114; x_wconf 84' lang='lat' dir='ltr'>exempla.</span> <span class='ocrx_word' id='word_1_332' title='bbox 958 2074 1039 2104; x_wconf 89' lang='lat' dir='ltr'>Rem</span> <span class='ocrx_word' id='word_1_333' title='bbox 1058 2083 1118 2113; x_wconf 87' lang='lat' dir='ltr'>ego</span> <span class='ocrx_word' id='word_1_334' title='bbox 1138 2073 1270 2114; x_wconf 82' lang='lat' dir='ltr'>diligen-</span> 
     </span>
    </p>
   </div>
   <div class='ocr_carea' id='block_1_5' title="bbox 195 2117 1313 2159">
    <p class='ocr_par' dir='ltr' id='par_1_6' title="bbox 195 2117 1313 2159">
     <span class='ocr_line' id='line_1_41' title="bbox 195 2117 1313 2159; baseline -0.003 -7"><span class='ocrx_word' id='word_1_335' title='bbox 195 2121 259 2152; x_wconf 87' lang='lat' dir='ltr'>tius</span> <span class='ocrx_word' id='word_1_336' title='bbox 282 2130 386 2151; x_wconf 90' lang='lat' dir='ltr'>narro.</span> <span class='ocrx_word' id='word_1_337' title='bbox 412 2118 585 2150; x_wconf 87' lang='lat' dir='ltr'>Mediolani</span> <span class='ocrx_word' id='word_1_338' title='bbox 609 2128 694 2148; x_wconf 88' lang='lat' dir='ltr'>anno</span> <span class='ocrx_word' id='word_1_339' title='bbox 724 2120 803 2159; x_wconf 86' lang='lat'>1475</span> <span class='ocrx_word' id='word_1_340' title='bbox 835 2118 919 2159; x_wconf 92' lang='lat' dir='ltr'>typis</span> <span class='ocrx_word' id='word_1_341' title='bbox 951 2117 1174 2158; x_wconf 89' lang='lat' dir='ltr'>Christophori</span> <span class='ocrx_word' id='word_1_342' title='bbox 1198 2119 1271 2149; x_wconf 93' lang='lat' dir='ltr'>Val-</span> <span class='ocrx_word' id='word_1_343' title='bbox 1309 2122 1313 2126; x_wconf 83' lang='lat'><em>‘</em></span> 
     </span>
    </p>
   </div>
   <div class='ocr_carea' id='block_1_6' title="bbox 197 2162 1279 3714">
    <p class='ocr_par' dir='ltr' id='par_1_7' title="bbox 197 2162 1274 2650">
     <span class='ocr_line' id='line_1_42' title="bbox 197 2162 1270 2205; baseline -0.002 -9"><span class='ocrx_word' id='word_1_344' title='bbox 197 2164 301 2196; x_wconf 73' lang='lat' dir='ltr'>darier</span> <span class='ocrx_word' id='word_1_345' title='bbox 330 2163 556 2205; x_wconf 83' lang='lat' dir='ltr'>ratisponensis</span> <span class='ocrx_word' id='word_1_346' title='bbox 579 2162 698 2203; x_wconf 89' lang='lat' dir='ltr'>prodiit</span> <span class='ocrx_word' id='word_1_347' title='bbox 727 2163 925 2194; x_wconf 84' lang='lat' dir='ltr'>Libellus...</span> <span class='ocrx_word' id='word_1_348' title='bbox 954 2163 1006 2193; x_wconf 91' lang='lat' dir='ltr'>De</span> <span class='ocrx_word' id='word_1_349' title='bbox 1030 2164 1166 2193; x_wconf 85' lang='lat' dir='ltr'>veritate</span> <span class='ocrx_word' id='word_1_350' title='bbox 1195 2173 1270 2194; x_wconf 87' lang='lat' dir='ltr'>con-</span> 
     </span>
     <span class='ocr_line' id='line_1_43' title="bbox 197 2207 1270 2251; baseline -0.003 -10"><span class='ocrx_word' id='word_1_351' title='bbox 197 2210 351 2251; x_wconf 83' lang='lat' dir='ltr'>ceptionis</span> <span class='ocrx_word' id='word_1_352' title='bbox 372 2209 538 2250; x_wconf 81' lang='lat' dir='ltr'>gloriosae</span> <span class='ocrx_word' id='word_1_353' title='bbox 562 2207 705 2249; x_wconf 83' lang='lat' dir='ltr'>Virginis</span> <span class='ocrx_word' id='word_1_354' title='bbox 728 2208 870 2244; x_wconf 88' lang='lat' dir='ltr'>Mariae,</span> <span class='ocrx_word' id='word_1_355' title='bbox 892 2217 966 2238; x_wconf 90' lang='lat' dir='ltr'>curn</span> <span class='ocrx_word' id='word_1_356' title='bbox 985 2208 1132 2247; x_wconf 86' lang='lat' dir='ltr'>proemio</span> <span class='ocrx_word' id='word_1_357' title='bbox 1155 2208 1199 2238; x_wconf 83' lang='lat' dir='ltr'>ad</span> <span class='ocrx_word' id='word_1_358' title='bbox 1222 2209 1270 2238; x_wconf 88' lang='lat' dir='ltr'>in-</span> 
     </span>
     <span class='ocr_line' id='line_1_44' title="bbox 198 2251 1271 2295; baseline -0.003 -9"><span class='ocrx_word' id='word_1_359' title='bbox 198 2255 321 2295; x_wconf 73' lang='lat' dir='ltr'>clytum</span> <span class='ocrx_word' id='word_1_360' title='bbox 344 2261 602 2294; x_wconf 82' lang='lat' dir='ltr'>generosumque</span> <span class='ocrx_word' id='word_1_361' title='bbox 628 2251 781 2283; x_wconf 83' lang='lat' dir='ltr'>Comitem</span> <span class='ocrx_word' id='word_1_362' title='bbox 798 2252 928 2283; x_wconf 88' lang='lat' dir='ltr'>Petrum</span> <span class='ocrx_word' id='word_1_363' title='bbox 952 2251 992 2282; x_wconf 86' lang='lat' dir='ltr'>de</span> <span class='ocrx_word' id='word_1_364' title='bbox 1014 2251 1188 2282; x_wconf 87' lang='lat' dir='ltr'>Gambara.</span> <span class='ocrx_word' id='word_1_365' title='bbox 1205 2253 1271 2283; x_wconf 93' lang='lat' dir='ltr'>No-</span> 
     </span>
     <span class='ocr_line' id='line_1_45' title="bbox 197 2296 1272 2338; baseline -0.003 -8"><span class='ocrx_word' id='word_1_366' title='bbox 197 2308 273 2331; x_wconf 85' lang='lat' dir='ltr'>men</span> <span class='ocrx_word' id='word_1_367' title='bbox 297 2297 434 2329; x_wconf 80' lang='lat' dir='ltr'>auctoris</span> <span class='ocrx_word' id='word_1_368' title='bbox 458 2297 555 2335; x_wconf 86' lang='lat' dir='ltr'>abest,</span> <span class='ocrx_word' id='word_1_369' title='bbox 572 2306 670 2338; x_wconf 90' lang='lat' dir='ltr'>quem</span> <span class='ocrx_word' id='word_1_370' title='bbox 686 2296 782 2327; x_wconf 83' lang='lat' dir='ltr'>fuisse</span> <span class='ocrx_word' id='word_1_371' title='bbox 806 2296 931 2337; x_wconf 84' lang='lat' dir='ltr'>ignorat</span> <span class='ocrx_word' id='word_1_372' title='bbox 947 2306 1042 2327; x_wconf 88' lang='lat' dir='ltr'>nemo</span> <span class='ocrx_word' id='word_1_373' title='bbox 1067 2296 1272 2328; x_wconf 89' lang='lat' dir='ltr'>Vincentium</span> 
     </span>
     <span class='ocr_line' id='line_1_46' title="bbox 197 2340 1271 2374; baseline -0.003 0"><span class='ocrx_word' id='word_1_374' title='bbox 197 2342 388 2374; x_wconf 83' lang='lat' dir='ltr'>Bandellum</span> <span class='ocrx_word' id='word_1_375' title='bbox 412 2342 451 2372; x_wconf 91' lang='lat' dir='ltr'>de</span> <span class='ocrx_word' id='word_1_376' title='bbox 470 2341 583 2372; x_wconf 90' lang='lat' dir='ltr'>Castro</span> <span class='ocrx_word' id='word_1_377' title='bbox 601 2351 687 2372; x_wconf 94' lang='lat' dir='ltr'>novo</span> <span class='ocrx_word' id='word_1_378' title='bbox 711 2340 743 2371; x_wconf 93' lang='lat' dir='ltr'>in</span> <span class='ocrx_word' id='word_1_379' title='bbox 765 2340 901 2372; x_wconf 91' lang='lat' dir='ltr'>dioecesi</span> <span class='ocrx_word' id='word_1_380' title='bbox 924 2341 1123 2372; x_wconf 89' lang='lat' dir='ltr'>Dertonensi.</span> <span class='ocrx_word' id='word_1_381' title='bbox 1141 2342 1271 2372; x_wconf 86' lang='lat' dir='ltr'>Petrum</span> 
     </span>
     <span class='ocr_line' id='line_1_47' title="bbox 197 2386 1274 2427; baseline -0.003 -8"><span class='ocrx_word' id='word_1_382' title='bbox 197 2387 238 2419; x_wconf 81' lang='lat' dir='ltr'>de</span> <span class='ocrx_word' id='word_1_383' title='bbox 267 2387 431 2418; x_wconf 86' lang='lat' dir='ltr'>Vincentia</span> <span class='ocrx_word' id='word_1_384' title='bbox 455 2386 605 2427; x_wconf 90' lang='lat' dir='ltr'>deceptus</span> <span class='ocrx_word' id='word_1_385' title='bbox 628 2386 859 2426; x_wconf 90' lang='lat' dir='ltr'>Dargentraeus</span> <span class='ocrx_word' id='word_1_386' title='bbox 883 2386 1031 2426; x_wconf 86' lang='lat' dir='ltr'>appellat,</span> <span class='ocrx_word' id='word_1_387' title='bbox 1048 2386 1104 2426; x_wconf 85' lang='lat' dir='ltr'>qui</span> <span class='ocrx_word' id='word_1_388' title='bbox 1121 2386 1274 2416; x_wconf 86' lang='lat' dir='ltr'>Bandelli</span> 
     </span>
     <span class='ocr_line' id='line_1_48' title="bbox 199 2430 1273 2474; baseline -0.003 -11"><span class='ocrx_word' id='word_1_389' title='bbox 199 2441 376 2474; x_wconf 81' lang='lat' dir='ltr'>cognomen</span> <span class='ocrx_word' id='word_1_390' title='bbox 401 2431 545 2462; x_wconf 86' lang='lat' dir='ltr'>habebat.</span> <span class='ocrx_word' id='word_1_391' title='bbox 572 2430 705 2461; x_wconf 90' lang='lat' dir='ltr'>Editum</span> <span class='ocrx_word' id='word_1_392' title='bbox 729 2430 875 2461; x_wconf 88' lang='lat' dir='ltr'>secundis</span> <span class='ocrx_word' id='word_1_393' title='bbox 908 2430 990 2461; x_wconf 89' lang='lat' dir='ltr'>curis</span> <span class='ocrx_word' id='word_1_394' title='bbox 1018 2430 1081 2460; x_wconf 94' lang='lat' dir='ltr'>hoc</span> <span class='ocrx_word' id='word_1_395' title='bbox 1104 2441 1188 2470; x_wconf 91' lang='lat' dir='ltr'>opus</span> <span class='ocrx_word' id='word_1_396' title='bbox 1210 2431 1273 2461; x_wconf 91' lang='lat' dir='ltr'>Bo-</span> 
     </span>
     <span class='ocr_line' id='line_1_49' title="bbox 199 2474 1274 2515; baseline -0.003 -8"><span class='ocrx_word' id='word_1_397' title='bbox 199 2476 314 2507; x_wconf 89' lang='lat' dir='ltr'>noniae</span> <span class='ocrx_word' id='word_1_398' title='bbox 339 2485 423 2506; x_wconf 91' lang='lat' dir='ltr'>anno</span> <span class='ocrx_word' id='word_1_399' title='bbox 451 2475 527 2515; x_wconf 84' lang='lat'>1481</span> <span class='ocrx_word' id='word_1_400' title='bbox 557 2481 646 2505; x_wconf 89' lang='lat' dir='ltr'>notat</span> <span class='ocrx_word' id='word_1_401' title='bbox 669 2474 916 2514; x_wconf 86' lang='lat' dir='ltr'>Dargentraeus:</span> <span class='ocrx_word' id='word_1_402' title='bbox 934 2474 967 2504; x_wconf 94' lang='lat' dir='ltr'>in</span> <span class='ocrx_word' id='word_1_403' title='bbox 991 2484 1057 2515; x_wconf 92' lang='lat' dir='ltr'>quo</span> <span class='ocrx_word' id='word_1_404' title='bbox 1082 2482 1203 2515; x_wconf 88' lang='lat' dir='ltr'>praeter</span> <span class='ocrx_word' id='word_1_405' title='bbox 1221 2485 1274 2513; x_wconf 80' lang='lat' dir='ltr'>ge-</span> 
     </span>
     <span class='ocr_line' id='line_1_50' title="bbox 199 2515 1274 2561; baseline -0.002 -10"><span class='ocrx_word' id='word_1_406' title='bbox 199 2520 314 2551; x_wconf 89' lang='lat' dir='ltr'>nuinas</span> <span class='ocrx_word' id='word_1_407' title='bbox 337 2520 453 2550; x_wconf 88' lang='lat' dir='ltr'>litteras</span> <span class='ocrx_word' id='word_1_408' title='bbox 473 2518 624 2560; x_wconf 90' lang='lat' dir='ltr'>Stephani</span> <span class='ocrx_word' id='word_1_409' title='bbox 648 2517 779 2561; x_wconf 89' lang='lat' dir='ltr'>(inquit)</span> <span class='ocrx_word' id='word_1_410' title='bbox 800 2519 874 2549; x_wconf 92' lang='lat' dir='ltr'>alias</span> <span class='ocrx_word' id='word_1_411' title='bbox 898 2519 1015 2550; x_wconf 86' lang='lat' dir='ltr'>litteras</span> <span class='ocrx_word' id='word_1_412' title='bbox 1042 2520 1170 2549; x_wconf 90' lang='lat' dir='ltr'>nomine</span> <span class='ocrx_word' id='word_1_413' title='bbox 1196 2515 1274 2549; x_wconf 87' lang='lat' dir='ltr'>Un&#39;i-</span> 
     </span>
     <span class='ocr_line' id='line_1_51' title="bbox 200 2563 1274 2604; baseline -0.003 -7"><span class='ocrx_word' id='word_1_414' title='bbox 200 2566 362 2597; x_wconf 70' lang='lat' dir='ltr'>versitatis</span> <span class='ocrx_word' id='word_1_415' title='bbox 385 2563 479 2595; x_wconf 86' lang='lat' dir='ltr'>refert</span> <span class='ocrx_word' id='word_1_416' title='bbox 501 2570 627 2594; x_wconf 90' lang='lat' dir='ltr'>auctor:</span> <span class='ocrx_word' id='word_1_417' title='bbox 647 2573 731 2604; x_wconf 86' lang='lat' dir='ltr'>quae</span> <span class='ocrx_word' id='word_1_418' title='bbox 743 2563 885 2604; x_wconf 84' lang='lat' dir='ltr'>fictitiae</span> <span class='ocrx_word' id='word_1_419' title='bbox 909 2568 986 2594; x_wconf 89' lang='lat' dir='ltr'>sunt</span> <span class='ocrx_word' id='word_1_420' title='bbox 1009 2568 1039 2594; x_wconf 91' lang='lat' dir='ltr'>et</span> <span class='ocrx_word' id='word_1_421' title='bbox 1063 2565 1183 2594; x_wconf 86' lang='lat' dir='ltr'>nostris</span> <span class='ocrx_word' id='word_1_422' title='bbox 1206 2574 1274 2594; x_wconf 88' lang='lat' dir='ltr'>ma-</span> 
     </span>
     <span class='ocr_line' id='line_1_52' title="bbox 199 2609 538 2650; baseline -0.006 -9"><span class='ocrx_word' id='word_1_423' title='bbox 199 2610 321 2641; x_wconf 88' lang='lat' dir='ltr'>ioribus</span> <span class='ocrx_word' id='word_1_424' title='bbox 345 2609 538 2650; x_wconf 82' lang='lat' dir='ltr'>incognitae.</span> 
     </span>
    </p>

    <p class='ocr_par' dir='ltr' id='par_1_8' title="bbox 197 2651 1279 3714">
     <span class='ocr_line' id='line_1_53' title="bbox 267 2651 1274 2693; baseline -0.001 -9"><span class='ocrx_word' id='word_1_425' title='bbox 267 2653 372 2684; x_wconf 93' lang='lat' dir='ltr'>Doleo</span> <span class='ocrx_word' id='word_1_426' title='bbox 387 2660 514 2693; x_wconf 87' lang='lat' dir='ltr'>peccata</span> <span class='ocrx_word' id='word_1_427' title='bbox 530 2652 621 2693; x_wconf 89' lang='lat' dir='ltr'>plura</span> <span class='ocrx_word' id='word_1_428' title='bbox 637 2662 654 2682; x_wconf 90' lang='lat' dir='ltr'>a</span> <span class='ocrx_word' id='word_1_429' title='bbox 674 2652 886 2692; x_wconf 89' lang='lat' dir='ltr'>Dargentraeo</span> <span class='ocrx_word' id='word_1_430' title='bbox 903 2651 1050 2682; x_wconf 86' lang='lat' dir='ltr'>admissa.</span> <span class='ocrx_word' id='word_1_431' title='bbox 1067 2652 1142 2682; x_wconf 92' lang='lat' dir='ltr'>Non</span> <span class='ocrx_word' id='word_1_432' title='bbox 1159 2663 1274 2690; x_wconf 91' lang='lat' dir='ltr'>unum,</span> 
     </span>
     <span class='ocr_line' id='line_1_54' title="bbox 199 2696 1274 2739; baseline -0.002 -10"><span class='ocrx_word' id='word_1_433' title='bbox 199 2698 350 2739; x_wconf 89' lang='lat' dir='ltr'>idemque</span> <span class='ocrx_word' id='word_1_434' title='bbox 374 2708 458 2738; x_wconf 92' lang='lat' dir='ltr'>opus</span> <span class='ocrx_word' id='word_1_435' title='bbox 480 2696 622 2728; x_wconf 89' lang='lat' dir='ltr'>Bandelli</span> <span class='ocrx_word' id='word_1_436' title='bbox 648 2703 704 2734; x_wconf 89' lang='lat' dir='ltr'>est,</span> <span class='ocrx_word' id='word_1_437' title='bbox 729 2697 817 2737; x_wconf 92' lang='lat' dir='ltr'>quod</span> <span class='ocrx_word' id='word_1_438' title='bbox 842 2706 926 2726; x_wconf 87' lang='lat' dir='ltr'>anno</span> <span class='ocrx_word' id='word_1_439' title='bbox 949 2697 1028 2738; x_wconf 88' lang='lat'>1475</span> <span class='ocrx_word' id='word_1_440' title='bbox 1047 2703 1078 2727; x_wconf 89' lang='lat' dir='ltr'>et</span> <span class='ocrx_word' id='word_1_441' title='bbox 1101 2697 1189 2737; x_wconf 94' lang='lat' dir='ltr'>quod</span> <span class='ocrx_word' id='word_1_442' title='bbox 1213 2697 1274 2727; x_wconf 90' lang='lat' dir='ltr'>Bo-</span> 
     </span>
     <span class='ocr_line' id='line_1_55' title="bbox 200 2740 1274 2782; baseline -0.001 -9"><span class='ocrx_word' id='word_1_443' title='bbox 200 2742 316 2774; x_wconf 90' lang='lat' dir='ltr'>noniae</span> <span class='ocrx_word' id='word_1_444' title='bbox 340 2752 425 2772; x_wconf 91' lang='lat' dir='ltr'>anno</span> <span class='ocrx_word' id='word_1_445' title='bbox 454 2741 531 2781; x_wconf 85' lang='lat'>1481</span> <span class='ocrx_word' id='word_1_446' title='bbox 560 2740 687 2782; x_wconf 89' lang='lat' dir='ltr'>prodiit.</span> <span class='ocrx_word' id='word_1_447' title='bbox 709 2741 891 2771; x_wconf 81' lang='lat' dir='ltr'>inscribitur</span> <span class='ocrx_word' id='word_1_448' title='bbox 905 2740 994 2777; x_wconf 84' lang='lat' dir='ltr'>illud,</span> <span class='ocrx_word' id='word_1_449' title='bbox 1013 2741 1155 2772; x_wconf 84' lang='lat' dir='ltr'>Libellus</span> <span class='ocrx_word' id='word_1_450' title='bbox 1174 2742 1274 2772; x_wconf 90' lang='lat' dir='ltr'>recol-</span> 
     </span>
     <span class='ocr_line' id='line_1_56' title="bbox 201 2783 1275 2830; baseline -0.001 -12"><span class='ocrx_word' id='word_1_451' title='bbox 201 2788 353 2819; x_wconf 72' lang='lat' dir='ltr'>lector-ius</span> <span class='ocrx_word' id='word_1_452' title='bbox 372 2785 442 2830; x_wconf 92' lang='lat' dir='ltr'>(seu</span> <span class='ocrx_word' id='word_1_453' title='bbox 466 2785 695 2817; x_wconf 90' lang='lat' dir='ltr'>recollectionis</span> <span class='ocrx_word' id='word_1_454' title='bbox 719 2783 957 2827; x_wconf 84' lang='lat' dir='ltr'>auctoritatum)</span> <span class='ocrx_word' id='word_1_455' title='bbox 977 2785 1017 2816; x_wconf 82' lang='lat' dir='ltr'>de</span> <span class='ocrx_word' id='word_1_456' title='bbox 1042 2787 1177 2816; x_wconf 86' lang='lat' dir='ltr'>veritate</span> <span class='ocrx_word' id='word_1_457' title='bbox 1201 2796 1275 2817; x_wconf 89' lang='lat' dir='ltr'>con-</span> 
     </span>
     <span class='ocr_line' id='line_1_57' title="bbox 201 2830 1275 2873; baseline -0.003 -10"><span class='ocrx_word' id='word_1_458' title='bbox 201 2833 355 2873; x_wconf 84' lang='lat' dir='ltr'>ceptionis</span> <span class='ocrx_word' id='word_1_459' title='bbox 378 2838 436 2862; x_wconf 88' lang='lat' dir='ltr'>etc.</span> <span class='ocrx_word' id='word_1_460' title='bbox 457 2830 579 2862; x_wconf 91' lang='lat' dir='ltr'>Comiti</span> <span class='ocrx_word' id='word_1_461' title='bbox 603 2831 695 2861; x_wconf 91' lang='lat' dir='ltr'>Petro</span> <span class='ocrx_word' id='word_1_462' title='bbox 728 2830 766 2860; x_wconf 91' lang='lat' dir='ltr'>de</span> <span class='ocrx_word' id='word_1_463' title='bbox 790 2830 948 2861; x_wconf 85' lang='lat' dir='ltr'>Gambara</span> <span class='ocrx_word' id='word_1_464' title='bbox 981 2838 1193 2870; x_wconf 90' lang='lat' dir='ltr'>nuncupatus.</span> <span class='ocrx_word' id='word_1_465' title='bbox 1220 2831 1275 2861; x_wconf 90' lang='lat' dir='ltr'>Ti-</span> 
     </span>
     <span class='ocr_line' id='line_1_58' title="bbox 202 2875 1275 2916; baseline -0.001 -9"><span class='ocrx_word' id='word_1_466' title='bbox 202 2876 309 2907; x_wconf 90' lang='lat' dir='ltr'>tulum</span> <span class='ocrx_word' id='word_1_467' title='bbox 332 2876 427 2906; x_wconf 86' lang='lat' dir='ltr'>habet</span> <span class='ocrx_word' id='word_1_468' title='bbox 448 2875 545 2912; x_wconf 90' lang='lat' dir='ltr'>istud,</span> <span class='ocrx_word' id='word_1_469' title='bbox 569 2875 620 2905; x_wconf 89' lang='lat' dir='ltr'>De</span> <span class='ocrx_word' id='word_1_470' title='bbox 643 2875 809 2916; x_wconf 84' lang='lat' dir='ltr'>singulari</span> <span class='ocrx_word' id='word_1_471' title='bbox 825 2877 973 2915; x_wconf 84' lang='lat' dir='ltr'>puritate</span> <span class='ocrx_word' id='word_1_472' title='bbox 992 2880 1022 2905; x_wconf 85' lang='lat' dir='ltr'>et</span> <span class='ocrx_word' id='word_1_473' title='bbox 1039 2877 1275 2916; x_wconf 84' lang='lat' dir='ltr'>praerogativa</span> 
     </span>
     <span class='ocr_line' id='line_1_59' title="bbox 203 2919 1276 2960; baseline -0.001 -10"><span class='ocrx_word' id='word_1_474' title='bbox 203 2921 417 2960; x_wconf 76' lang='lat' dir='ltr'>conceptionis</span> <span class='ocrx_word' id='word_1_475' title='bbox 448 2920 629 2950; x_wconf 85' lang='lat' dir='ltr'>Salvatoris</span> <span class='ocrx_word' id='word_1_476' title='bbox 658 2920 760 2949; x_wconf 85' lang='lat' dir='ltr'>nostri</span> <span class='ocrx_word' id='word_1_477' title='bbox 786 2919 861 2950; x_wconf 88' lang='lat' dir='ltr'>Iesu</span> <span class='ocrx_word' id='word_1_478' title='bbox 888 2919 1009 2949; x_wconf 83' lang='lat' dir='ltr'>Christi</span> <span class='ocrx_word' id='word_1_479' title='bbox 1035 2929 1098 2959; x_wconf 88' lang='lat' dir='ltr'>per</span> <span class='ocrx_word' id='word_1_480' title='bbox 1119 2919 1174 2960; x_wconf 90' lang='lat' dir='ltr'>fr.</span> <span class='ocrx_word' id='word_1_481' title='bbox 1205 2920 1276 2950; x_wconf 89' lang='lat' dir='ltr'>Vin-</span> 
     </span>
     <span class='ocr_line' id='line_1_60' title="bbox 205 2963 1278 3004; baseline 0 -10"><span class='ocrx_word' id='word_1_482' title='bbox 205 2965 343 2995; x_wconf 87' lang='lat' dir='ltr'>centium</span> <span class='ocrx_word' id='word_1_483' title='bbox 368 2964 408 2994; x_wconf 84' lang='lat' dir='ltr'>de</span> <span class='ocrx_word' id='word_1_484' title='bbox 434 2963 634 2994; x_wconf 85' lang='lat' dir='ltr'>Castronovo</span> <span class='ocrx_word' id='word_1_485' title='bbox 658 2970 728 2999; x_wconf 69' lang='lat' dir='ltr'>etc„</span> <span class='ocrx_word' id='word_1_486' title='bbox 748 2963 779 2993; x_wconf 94' lang='lat' dir='ltr'>in</span> <span class='ocrx_word' id='word_1_487' title='bbox 804 2973 870 3004; x_wconf 93' lang='lat' dir='ltr'>quo</span> <span class='ocrx_word' id='word_1_488' title='bbox 894 2963 1067 3003; x_wconf 84' lang='lat' dir='ltr'>disputatio</span> <span class='ocrx_word' id='word_1_489' title='bbox 1096 2965 1278 2994; x_wconf 87' lang='lat' dir='ltr'>continetur</span> 
     </span>
     <span class='ocr_line' id='line_1_61' title="bbox 206 3007 1277 3048; baseline 0 -10"><span class='ocrx_word' id='word_1_490' title='bbox 206 3018 315 3039; x_wconf 89' lang='lat' dir='ltr'>coram</span> <span class='ocrx_word' id='word_1_491' title='bbox 339 3007 486 3038; x_wconf 87' lang='lat' dir='ltr'>Hercule</span> <span class='ocrx_word' id='word_1_492' title='bbox 512 3008 642 3038; x_wconf 86' lang='lat' dir='ltr'>Estensi</span> <span class='ocrx_word' id='word_1_493' title='bbox 664 3008 841 3038; x_wconf 87' lang='lat' dir='ltr'>Ferrariae</span> <span class='ocrx_word' id='word_1_494' title='bbox 872 3008 964 3038; x_wconf 89' lang='lat' dir='ltr'>Duce</span> <span class='ocrx_word' id='word_1_495' title='bbox 997 3009 1029 3038; x_wconf 94' lang='lat' dir='ltr'>in</span> <span class='ocrx_word' id='word_1_496' title='bbox 1059 3009 1128 3039; x_wconf 90' lang='lat' dir='ltr'>eius</span> <span class='ocrx_word' id='word_1_497' title='bbox 1151 3009 1277 3048; x_wconf 88' lang='lat' dir='ltr'>palatio</span> 
     </span>
     <span class='ocr_line' id='line_1_62' title="bbox 197 3052 1277 3094; baseline 0 -12"><span class='ocrx_word' id='word_1_498' title='bbox 197 3052 306 3094; x_wconf 80' lang='lat' dir='ltr'>facta.</span> <span class='ocrx_word' id='word_1_499' title='bbox 331 3052 366 3082; x_wconf 91' lang='lat' dir='ltr'>In</span> <span class='ocrx_word' id='word_1_500' title='bbox 382 3052 452 3092; x_wconf 91' lang='lat' dir='ltr'>ipso</span> <span class='ocrx_word' id='word_1_501' title='bbox 468 3059 625 3092; x_wconf 88' lang='lat' dir='ltr'>praeterea</span> <span class='ocrx_word' id='word_1_502' title='bbox 647 3062 743 3092; x_wconf 88' lang='lat' dir='ltr'>opere</span> <span class='ocrx_word' id='word_1_503' title='bbox 765 3062 849 3082; x_wconf 88' lang='lat' dir='ltr'>anno</span> <span class='ocrx_word' id='word_1_504' title='bbox 872 3053 951 3093; x_wconf 83' lang='lat'>1475</span> <span class='ocrx_word' id='word_1_505' title='bbox 968 3052 1052 3093; x_wconf 90' lang='lat' dir='ltr'>typis</span> <span class='ocrx_word' id='word_1_506' title='bbox 1069 3052 1166 3090; x_wconf 89' lang='lat' dir='ltr'>edito,</span> <span class='ocrx_word' id='word_1_507' title='bbox 1190 3063 1277 3093; x_wconf 90' lang='lat' dir='ltr'>prae-</span> 
     </span>
     <span class='ocr_line' id='line_1_63' title="bbox 206 3095 1277 3136; baseline 0 -10"><span class='ocrx_word' id='word_1_508' title='bbox 206 3104 252 3127; x_wconf 89' lang='lat' dir='ltr'>ter</span> <span class='ocrx_word' id='word_1_509' title='bbox 276 3095 425 3136; x_wconf 88' lang='lat' dir='ltr'>epistolas</span> <span class='ocrx_word' id='word_1_510' title='bbox 449 3096 600 3136; x_wconf 87' lang='lat' dir='ltr'>Stephani</span> <span class='ocrx_word' id='word_1_511' title='bbox 624 3097 663 3126; x_wconf 89' lang='lat' dir='ltr'>de</span> <span class='ocrx_word' id='word_1_512' title='bbox 683 3096 863 3133; x_wconf 89' lang='lat' dir='ltr'>Bourretto,</span> <span class='ocrx_word' id='word_1_513' title='bbox 881 3103 1024 3136; x_wconf 88' lang='lat' dir='ltr'>prostant</span> <span class='ocrx_word' id='word_1_514' title='bbox 1047 3097 1173 3127; x_wconf 88' lang='lat' dir='ltr'>litterae</span> <span class='ocrx_word' id='word_1_515' title='bbox 1200 3097 1277 3127; x_wconf 86' lang='lat' dir='ltr'>Uni-</span> 
     </span>
     <span class='ocr_line' id='line_1_64' title="bbox 207 3140 1277 3182; baseline 0 -10"><span class='ocrx_word' id='word_1_516' title='bbox 207 3142 368 3172; x_wconf 80' lang='lat' dir='ltr'>versitatis</span> <span class='ocrx_word' id='word_1_517' title='bbox 389 3141 593 3177; x_wconf 89' lang='lat' dir='ltr'>Parisiensis,</span> <span class='ocrx_word' id='word_1_518' title='bbox 611 3140 790 3171; x_wconf 84' lang='lat' dir='ltr'>doctrinam</span> <span class='ocrx_word' id='word_1_519' title='bbox 814 3142 919 3172; x_wconf 86' lang='lat' dir='ltr'>sancti</span> <span class='ocrx_word' id='word_1_520' title='bbox 938 3141 1077 3171; x_wconf 90' lang='lat' dir='ltr'>Thomae</span> <span class='ocrx_word' id='word_1_521' title='bbox 1092 3141 1132 3171; x_wconf 89' lang='lat' dir='ltr'>de</span> <span class='ocrx_word' id='word_1_522' title='bbox 1149 3142 1277 3182; x_wconf 84' lang='lat' dir='ltr'>Aquino</span> 
     </span>
     <span class='ocr_line' id='line_1_65' title="bbox 211 3185 1271 3225; baseline 0 -9"><span class='ocrx_word' id='word_1_523' title='bbox 211 3185 344 3216; x_wconf 84' lang='lat' dir='ltr'>Ordinis</span> <span class='ocrx_word' id='word_1_524' title='bbox 354 3185 618 3215; x_wconf 85' lang='lat' dir='ltr'>Praedicatorum</span> <span class='ocrx_word' id='word_1_525' title='bbox 629 3185 842 3224; x_wconf 84' lang='lat' dir='ltr'>approbantes</span> <span class='ocrx_word' id='word_1_526' title='bbox 851 3193 862 3215; x_wconf 91' lang='lat'>.·</span> <span class='ocrx_word' id='word_1_527' title='bbox 872 3186 956 3215; x_wconf 91' lang='lat' dir='ltr'>unde</span> <span class='ocrx_word' id='word_1_528' title='bbox 967 3192 1038 3215; x_wconf 91' lang='lat' dir='ltr'>ante</span> <span class='ocrx_word' id='word_1_529' title='bbox 1057 3195 1178 3215; x_wconf 89' lang='lat' dir='ltr'>annum</span> <span class='ocrx_word' id='word_1_530' title='bbox 1196 3186 1271 3225; x_wconf 83' lang='lat'>1481</span> 
     </span>
     <span class='ocr_line' id='line_1_66' title="bbox 206 3229 1277 3268; baseline -0.001 -8"><span class='ocrx_word' id='word_1_531' title='bbox 206 3230 312 3260; x_wconf 91' lang='lat' dir='ltr'>lucem</span> <span class='ocrx_word' id='word_1_532' title='bbox 336 3239 387 3259; x_wconf 88' lang='lat' dir='ltr'>eas</span> <span class='ocrx_word' id='word_1_533' title='bbox 412 3239 477 3259; x_wconf 91' lang='lat' dir='ltr'>non</span> <span class='ocrx_word' id='word_1_534' title='bbox 501 3229 615 3258; x_wconf 89' lang='lat' dir='ltr'>vidisse</span> <span class='ocrx_word' id='word_1_535' title='bbox 646 3238 731 3259; x_wconf 90' lang='lat' dir='ltr'>error</span> <span class='ocrx_word' id='word_1_536' title='bbox 759 3237 804 3259; x_wconf 90' lang='lat' dir='ltr'>est</span> <span class='ocrx_word' id='word_1_537' title='bbox 827 3229 1039 3268; x_wconf 82' lang='lat' dir='ltr'>Dargentraei.</span> <span class='ocrx_word' id='word_1_538' title='bbox 1067 3229 1209 3260; x_wconf 91' lang='lat' dir='ltr'>Candide</span> <span class='ocrx_word' id='word_1_539' title='bbox 1234 3230 1277 3260; x_wconf 84' lang='lat' dir='ltr'>fa-</span> 
     </span>
     <span class='ocr_line' id='line_1_67' title="bbox 206 3273 1278 3313; baseline -0.001 -8"><span class='ocrx_word' id='word_1_540' title='bbox 206 3281 276 3305; x_wconf 90' lang='lat' dir='ltr'>teor</span> <span class='ocrx_word' id='word_1_541' title='bbox 298 3273 484 3304; x_wconf 90' lang='lat' dir='ltr'>huiusmodi</span> <span class='ocrx_word' id='word_1_542' title='bbox 507 3273 624 3303; x_wconf 90' lang='lat' dir='ltr'>litteras</span> <span class='ocrx_word' id='word_1_543' title='bbox 646 3283 811 3313; x_wconf 87' lang='lat' dir='ltr'>perperam</span> <span class='ocrx_word' id='word_1_544' title='bbox 842 3274 1068 3304; x_wconf 87' lang='lat' dir='ltr'>Universitatis</span> <span class='ocrx_word' id='word_1_545' title='bbox 1086 3274 1278 3304; x_wconf 86' lang='lat' dir='ltr'>Parisiensis</span> 
     </span>
     <span class='ocr_line' id='line_1_68' title="bbox 208 3317 1278 3357; baseline -0.001 -8"><span class='ocrx_word' id='word_1_546' title='bbox 208 3318 339 3350; x_wconf 90' lang='lat' dir='ltr'>nomine</span> <span class='ocrx_word' id='word_1_547' title='bbox 354 3317 526 3357; x_wconf 88' lang='lat' dir='ltr'>insignitas,</span> <span class='ocrx_word' id='word_1_548' title='bbox 539 3327 612 3348; x_wconf 91' lang='lat' dir='ltr'>cum</span> <span class='ocrx_word' id='word_1_549' title='bbox 628 3317 735 3357; x_wconf 89' lang='lat' dir='ltr'>potius</span> <span class='ocrx_word' id='word_1_550' title='bbox 751 3327 767 3347; x_wconf 90' lang='lat' dir='ltr'>e</span> <span class='ocrx_word' id='word_1_551' title='bbox 783 3318 904 3347; x_wconf 86' lang='lat' dir='ltr'>calamo</span> <span class='ocrx_word' id='word_1_552' title='bbox 920 3318 1094 3357; x_wconf 88' lang='lat' dir='ltr'>prodierint</span> <span class='ocrx_word' id='word_1_553' title='bbox 1108 3318 1278 3348; x_wconf 90' lang='lat' dir='ltr'>doctorum</span> 
     </span>
     <span class='ocr_line' id='line_1_69' title="bbox 208 3361 1277 3404; baseline -0.001 -11"><span class='ocrx_word' id='word_1_554' title='bbox 208 3363 425 3404; x_wconf 88' lang='lat' dir='ltr'>quorumdam</span> <span class='ocrx_word' id='word_1_555' title='bbox 448 3361 646 3401; x_wconf 78' lang='lat' dir='ltr'>theologicae</span> <span class='ocrx_word' id='word_1_556' title='bbox 656 3361 836 3392; x_wconf 88' lang='lat' dir='ltr'>Facultatis.</span> <span class='ocrx_word' id='word_1_557' title='bbox 854 3364 896 3392; x_wconf 89' lang='lat' dir='ltr'>At</span> <span class='ocrx_word' id='word_1_558' title='bbox 912 3361 998 3392; x_wconf 90' lang='lat' dir='ltr'>fictas</span> <span class='ocrx_word' id='word_1_559' title='bbox 1013 3362 1150 3395; x_wconf 76' lang='lat' dir='ltr'>easdem.</span> <span class='ocrx_word' id='word_1_560' title='bbox 1163 3372 1277 3401; x_wconf 92' lang='lat' dir='ltr'>procu-</span> 
     </span>
     <span class='ocr_line' id='line_1_70' title="bbox 209 3405 1278 3448; baseline -0.003 -10"><span class='ocrx_word' id='word_1_561' title='bbox 209 3417 322 3448; x_wconf 88' lang='lat' dir='ltr'>sasque</span> <span class='ocrx_word' id='word_1_562' title='bbox 338 3418 356 3437; x_wconf 91' lang='lat' dir='ltr'>a</span> <span class='ocrx_word' id='word_1_563' title='bbox 370 3406 533 3444; x_wconf 88' lang='lat' dir='ltr'>Bandello,</span> <span class='ocrx_word' id='word_1_564' title='bbox 549 3405 647 3436; x_wconf 87' lang='lat' dir='ltr'>nimia</span> <span class='ocrx_word' id='word_1_565' title='bbox 671 3405 802 3435; x_wconf 86' lang='lat' dir='ltr'>fortasse</span> <span class='ocrx_word' id='word_1_566' title='bbox 826 3405 1015 3436; x_wconf 86' lang='lat' dir='ltr'>confidentia</span> <span class='ocrx_word' id='word_1_567' title='bbox 1030 3412 1120 3445; x_wconf 91' lang='lat' dir='ltr'>putat</span> <span class='ocrx_word' id='word_1_568' title='bbox 1139 3406 1278 3444; x_wconf 84' lang='lat' dir='ltr'>Dargen-</span> 
     </span>
     <span class='ocr_line' id='line_1_71' title="bbox 207 3449 1277 3490; baseline -0.005 -7"><span class='ocrx_word' id='word_1_569' title='bbox 207 3459 323 3490; x_wconf 89' lang='lat' dir='ltr'>traeus,</span> <span class='ocrx_word' id='word_1_570' title='bbox 335 3451 448 3482; x_wconf 87' lang='lat' dir='ltr'>adserit</span> <span class='ocrx_word' id='word_1_571' title='bbox 462 3451 572 3481; x_wconf 92' lang='lat' dir='ltr'>Petrus</span> <span class='ocrx_word' id='word_1_572' title='bbox 589 3450 628 3480; x_wconf 90' lang='lat' dir='ltr'>de</span> <span class='ocrx_word' id='word_1_573' title='bbox 644 3450 733 3479; x_wconf 89' lang='lat' dir='ltr'>Alva.</span> <span class='ocrx_word' id='word_1_574' title='bbox 751 3449 832 3479; x_wconf 90' lang='lat' dir='ltr'>Scite</span> <span class='ocrx_word' id='word_1_575' title='bbox 848 3459 986 3490; x_wconf 88' lang='lat' dir='ltr'>namque</span> <span class='ocrx_word' id='word_1_576' title='bbox 997 3449 1196 3479; x_wconf 88' lang='lat' dir='ltr'>Piccinardus</span> <span class='ocrx_word' id='word_1_577' title='bbox 1211 3449 1277 3479; x_wconf 87' lang='lat' dir='ltr'>ani-</span> 
     </span>
     <span class='ocr_line' id='line_1_72' title="bbox 209 3493 1279 3533; baseline -0.005 -6"><span class='ocrx_word' id='word_1_578' title='bbox 209 3497 387 3533; x_wconf 87' lang='lat' dir='ltr'>madvertit,</span> <span class='ocrx_word' id='word_1_579' title='bbox 398 3496 513 3526; x_wconf 88' lang='lat' dir='ltr'>litteras</span> <span class='ocrx_word' id='word_1_580' title='bbox 535 3495 608 3525; x_wconf 85' lang='lat' dir='ltr'>istas</span> <span class='ocrx_word' id='word_1_581' title='bbox 623 3494 655 3524; x_wconf 94' lang='lat' dir='ltr'>in</span> <span class='ocrx_word' id='word_1_582' title='bbox 671 3493 738 3523; x_wconf 89' lang='lat' dir='ltr'>aliis</span> <span class='ocrx_word' id='word_1_583' title='bbox 763 3493 904 3523; x_wconf 87' lang='lat' dir='ltr'>denotari</span> <span class='ocrx_word' id='word_1_584' title='bbox 919 3503 936 3523; x_wconf 89' lang='lat' dir='ltr'>a</span> <span class='ocrx_word' id='word_1_585' title='bbox 951 3493 1112 3533; x_wconf 87' lang='lat' dir='ltr'>Stephano</span> <span class='ocrx_word' id='word_1_586' title='bbox 1129 3493 1208 3523; x_wconf 89' lang='lat' dir='ltr'>datis</span> <span class='ocrx_word' id='word_1_587' title='bbox 1223 3504 1279 3533; x_wconf 88' lang='lat' dir='ltr'>per</span> 
     </span>
     <span class='ocr_line' id='line_1_73' title="bbox 211 3538 1279 3573; baseline -0.003 -2"><span class='ocrx_word' id='word_1_588' title='bbox 211 3551 247 3571; x_wconf 93' lang='lat' dir='ltr'>ea</span> <span class='ocrx_word' id='word_1_589' title='bbox 270 3541 380 3571; x_wconf 91' lang='lat' dir='ltr'>verba:</span> <span class='ocrx_word' id='word_1_590' title='bbox 413 3541 463 3570; x_wconf 93' lang='lat' dir='ltr'>De</span> <span class='ocrx_word' id='word_1_591' title='bbox 487 3539 619 3570; x_wconf 89' lang='lat' dir='ltr'>consilio</span> <span class='ocrx_word' id='word_1_592' title='bbox 652 3538 881 3568; x_wconf 85' lang='lat' dir='ltr'>venerabilium</span> <span class='ocrx_word' id='word_1_593' title='bbox 911 3538 1075 3573; x_wconf 84' lang='lat' dir='ltr'>virorum,</span> <span class='ocrx_word' id='word_1_594' title='bbox 1100 3538 1226 3567; x_wconf 89' lang='lat' dir='ltr'>Decani</span> <span class='ocrx_word' id='word_1_595' title='bbox 1249 3543 1279 3568; x_wconf 89' lang='lat' dir='ltr'>et</span> 
     </span>
     <span class='ocr_line' id='line_1_74' title="bbox 214 3581 1279 3626; baseline -0.005 -10"><span class='ocrx_word' id='word_1_596' title='bbox 214 3585 356 3626; x_wconf 83' lang='lat' dir='ltr'>Capituli</span> <span class='ocrx_word' id='word_1_597' title='bbox 383 3585 577 3615; x_wconf 88' lang='lat' dir='ltr'>Parisiensis</span> <span class='ocrx_word' id='word_1_598' title='bbox 600 3589 630 3613; x_wconf 85' lang='lat' dir='ltr'>et</span> <span class='ocrx_word' id='word_1_599' title='bbox 651 3593 723 3613; x_wconf 70' lang='lat' dir='ltr'>ven.</span> <span class='ocrx_word' id='word_1_600' title='bbox 747 3583 855 3622; x_wconf 86' lang='lat' dir='ltr'>patris</span> <span class='ocrx_word' id='word_1_601' title='bbox 884 3582 1004 3612; x_wconf 87' lang='lat' dir='ltr'>domini</span> <span class='ocrx_word' id='word_1_602' title='bbox 1030 3581 1194 3611; x_wconf 85' lang='lat' dir='ltr'>Gullielmi</span> <span class='ocrx_word' id='word_1_603' title='bbox 1217 3582 1279 3612; x_wconf 88' lang='lat' dir='ltr'>Dei</span> 
     </span>
     <span class='ocr_line' id='line_1_75' title="bbox 209 3626 1279 3670; baseline -0.005 -10"><span class='ocrx_word' id='word_1_604' title='bbox 209 3631 322 3670; x_wconf 81' lang='lat' dir='ltr'>gratia</span> <span class='ocrx_word' id='word_1_605' title='bbox 352 3629 589 3669; x_wconf 86' lang='lat' dir='ltr'>Archiepiscopi</span> <span class='ocrx_word' id='word_1_606' title='bbox 618 3628 822 3663; x_wconf 83' lang='lat' dir='ltr'>Viennensis,</span> <span class='ocrx_word' id='word_1_607' title='bbox 854 3636 969 3657; x_wconf 85' lang='lat' dir='ltr'>sacrae</span> <span class='ocrx_word' id='word_1_608' title='bbox 997 3626 1177 3666; x_wconf 83' lang='lat' dir='ltr'>theologiae</span> <span class='ocrx_word' id='word_1_609' title='bbox 1202 3636 1279 3666; x_wconf 88' lang='lat' dir='ltr'>pro-</span> 
     </span>
     <span class='ocr_line' id='line_1_76' title="bbox 202 3671 1277 3714; baseline -0.004 -10"><span class='ocrx_word' id='word_1_610' title='bbox 202 3674 361 3714; x_wconf 79' lang='lat' dir='ltr'>jessoris;</span> <span class='ocrx_word' id='word_1_611' title='bbox 381 3679 412 3705; x_wconf 92' lang='lat' dir='ltr'>et</span> <span class='ocrx_word' id='word_1_612' title='bbox 436 3674 574 3704; x_wconf 90' lang='lat' dir='ltr'>aliorum</span> <span class='ocrx_word' id='word_1_613' title='bbox 601 3673 814 3713; x_wconf 77' lang='lat' dir='ltr'>vigint1trium</span> <span class='ocrx_word' id='word_1_614' title='bbox 838 3672 1069 3711; x_wconf 80' lang='lat' dir='ltr'>magistrorum</span> <span class='ocrx_word' id='word_1_615' title='bbox 1099 3671 1131 3700; x_wconf 90' lang='lat' dir='ltr'>in</span> <span class='ocrx_word' id='word_1_616' title='bbox 1160 3671 1277 3701; x_wconf 90' lang='lat' dir='ltr'>theolo-</span> 
     </span>
    </p>
   </div>
   <div class='ocr_carea' id='block_1_7' title="bbox 2245 319 2387 344">
    <p class='ocr_par' dir='ltr' id='par_1_9' title="bbox 2245 319 2387 344">
     <span class='ocr_line' id='line_1_77' title="bbox 2245 319 2387 344; baseline 0.007 -1"><span class='ocrx_word' id='word_1_617' title='bbox 2245 319 2387 344; x_wconf 89' lang='lat' dir='ltr'>CCLXXV</span> 
     </span>
    </p>
   </div>
   <div class='ocr_carea' id='block_1_8' title="bbox 1310 385 2396 1308">
    <p class='ocr_par' dir='ltr' id='par_1_10' title="bbox 1310 385 2393 999">
     <span class='ocr_line' id='line_1_78' title="bbox 1312 385 2389 426; baseline 0.001 -11"><span class='ocrx_word' id='word_1_618' title='bbox 1312 387 1386 426; x_wconf 87' lang='lat' dir='ltr'>gia,</span> <span class='ocrx_word' id='word_1_619' title='bbox 1413 397 1479 416; x_wconf 90' lang='lat' dir='ltr'>una</span> <span class='ocrx_word' id='word_1_620' title='bbox 1503 396 1574 417; x_wconf 85' lang='lat' dir='ltr'>cum</span> <span class='ocrx_word' id='word_1_621' title='bbox 1600 386 1776 416; x_wconf 81' lang='lat' dir='ltr'>reverendo</span> <span class='ocrx_word' id='word_1_622' title='bbox 1795 391 1892 426; x_wconf 87' lang='lat' dir='ltr'>patre</span> <span class='ocrx_word' id='word_1_623' title='bbox 1914 385 2110 425; x_wconf 85' lang='lat' dir='ltr'>supradicto,</span> <span class='ocrx_word' id='word_1_624' title='bbox 2135 386 2167 415; x_wconf 93' lang='lat' dir='ltr'>in</span> <span class='ocrx_word' id='word_1_625' title='bbox 2192 386 2306 416; x_wconf 89' lang='lat' dir='ltr'>litteris</span> <span class='ocrx_word' id='word_1_626' title='bbox 2328 386 2389 416; x_wconf 89' lang='lat' dir='ltr'>sub</span> 
     </span>
     <span class='ocr_line' id='line_1_79' title="bbox 1315 430 2389 471; baseline 0 -11"><span class='ocrx_word' id='word_1_627' title='bbox 1315 440 1424 460; x_wconf 87' lang='lat' dir='ltr'>eorum</span> <span class='ocrx_word' id='word_1_628' title='bbox 1449 431 1567 471; x_wconf 78' lang='lat' dir='ltr'>sigillis</span> <span class='ocrx_word' id='word_1_629' title='bbox 1591 440 1655 470; x_wconf 84' lang='lat' dir='ltr'>per</span> <span class='ocrx_word' id='word_1_630' title='bbox 1672 430 1843 471; x_wconf 91' lang='lat' dir='ltr'>praefatos</span> <span class='ocrx_word' id='word_1_631' title='bbox 1875 430 2120 460; x_wconf 89' lang='lat' dir='ltr'>Commissarios</span> <span class='ocrx_word' id='word_1_632' title='bbox 2153 430 2241 459; x_wconf 90' lang='lat' dir='ltr'>nobis</span> <span class='ocrx_word' id='word_1_633' title='bbox 2273 431 2367 460; x_wconf 89' lang='lat' dir='ltr'>misso</span> <span class='ocrx_word' id='word_1_634' title='bbox 2375 437 2389 467; x_wconf 75' lang='lat'>,⁸</span> 
     </span>
     <span class='ocr_line' id='line_1_80' title="bbox 1316 474 2386 515; baseline 0 -12"><span class='ocrx_word' id='word_1_635' title='bbox 1316 483 1437 504; x_wconf 86' lang='lat' dir='ltr'>necnon</span> <span class='ocrx_word' id='word_1_636' title='bbox 1472 480 1502 504; x_wconf 91' lang='lat' dir='ltr'>et</span> <span class='ocrx_word' id='word_1_637' title='bbox 1533 476 1784 515; x_wconf 86' lang='lat' dir='ltr'>trigintanovem</span> <span class='ocrx_word' id='word_1_638' title='bbox 1817 475 2106 505; x_wconf 87' lang='lat' dir='ltr'>bachalaureorum</span> <span class='ocrx_word' id='word_1_639' title='bbox 2144 475 2175 503; x_wconf 91' lang='lat' dir='ltr'>in</span> <span class='ocrx_word' id='word_1_640' title='bbox 2206 474 2386 514; x_wconf 85' lang='lat' dir='ltr'>theologia,</span> 
     </span>
     <span class='ocr_line' id='line_1_81' title="bbox 1310 518 2389 559; baseline 0.001 -12"><span class='ocrx_word' id='word_1_641' title='bbox 1310 527 1373 557; x_wconf 87' lang='lat' dir='ltr'>per</span> <span class='ocrx_word' id='word_1_642' title='bbox 1397 518 1522 548; x_wconf 87' lang='lat' dir='ltr'>litteras</span> <span class='ocrx_word' id='word_1_643' title='bbox 1548 528 1657 548; x_wconf 88' lang='lat' dir='ltr'>eorum</span> <span class='ocrx_word' id='word_1_644' title='bbox 1672 520 1818 559; x_wconf 85' lang='lat' dir='ltr'>propriis</span> <span class='ocrx_word' id='word_1_645' title='bbox 1836 518 2120 558; x_wconf 86' lang='lat' dir='ltr'>subscriptionibus</span> <span class='ocrx_word' id='word_1_646' title='bbox 2136 523 2167 548; x_wconf 92' lang='lat' dir='ltr'>et</span> <span class='ocrx_word' id='word_1_647' title='bbox 2180 518 2298 558; x_wconf 83' lang='lat' dir='ltr'>sigillis</span> <span class='ocrx_word' id='word_1_648' title='bbox 2321 528 2389 548; x_wconf 90' lang='lat' dir='ltr'>mu-</span> 
     </span>
     <span class='ocr_line' id='line_1_82' title="bbox 1318 562 2391 602; baseline 0 -11"><span class='ocrx_word' id='word_1_649' title='bbox 1318 562 1413 598; x_wconf 88' lang='lat' dir='ltr'>nitas,</span> <span class='ocrx_word' id='word_1_650' title='bbox 1434 562 1523 592; x_wconf 91' lang='lat' dir='ltr'>nobis</span> <span class='ocrx_word' id='word_1_651' title='bbox 1545 572 1643 602; x_wconf 84' lang='lat' dir='ltr'>super</span> <span class='ocrx_word' id='word_1_652' title='bbox 1665 563 1724 593; x_wconf 87' lang='lat' dir='ltr'>hoc</span> <span class='ocrx_word' id='word_1_653' title='bbox 1747 564 1979 593; x_wconf 88' lang='lat' dir='ltr'>consulentium</span> <span class='ocrx_word' id='word_1_654' title='bbox 1995 567 2025 592; x_wconf 91' lang='lat' dir='ltr'>et</span> <span class='ocrx_word' id='word_1_655' title='bbox 2039 563 2225 602; x_wconf 88' lang='lat' dir='ltr'>rogantium</span> <span class='ocrx_word' id='word_1_656' title='bbox 2251 568 2307 592; x_wconf 92' lang='lat' dir='ltr'>etc.</span> <span class='ocrx_word' id='word_1_657' title='bbox 2326 562 2391 592; x_wconf 92' lang='lat' dir='ltr'>Lit-</span> 
     </span>
     <span class='ocr_line' id='line_1_83' title="bbox 1318 605 2391 646; baseline 0.002 -12"><span class='ocrx_word' id='word_1_658' title='bbox 1318 612 1398 635; x_wconf 90' lang='lat' dir='ltr'>teras</span> <span class='ocrx_word' id='word_1_659' title='bbox 1421 605 1536 644; x_wconf 89' lang='lat' dir='ltr'>habes,</span> <span class='ocrx_word' id='word_1_660' title='bbox 1561 606 1636 636; x_wconf 87' lang='lat' dir='ltr'>alias</span> <span class='ocrx_word' id='word_1_661' title='bbox 1660 607 1884 646; x_wconf 88' lang='lat' dir='ltr'>magistrorum</span> <span class='ocrx_word' id='word_1_662' title='bbox 1912 607 1944 636; x_wconf 90' lang='lat' dir='ltr'>in</span> <span class='ocrx_word' id='word_1_663' title='bbox 1969 606 2149 646; x_wconf 89' lang='lat' dir='ltr'>theologia,</span> <span class='ocrx_word' id='word_1_664' title='bbox 2179 605 2254 635; x_wconf 87' lang='lat' dir='ltr'>alias</span> <span class='ocrx_word' id='word_1_665' title='bbox 2283 607 2391 636; x_wconf 90' lang='lat' dir='ltr'>bacca-</span> 
     </span>
     <span class='ocr_line' id='line_1_84' title="bbox 1318 649 2390 690; baseline 0.001 -11"><span class='ocrx_word' id='word_1_666' title='bbox 1318 649 1512 686; x_wconf 86' lang='lat' dir='ltr'>laureorum,</span> <span class='ocrx_word' id='word_1_667' title='bbox 1537 650 1592 690; x_wconf 90' lang='lat' dir='ltr'>qui</span> <span class='ocrx_word' id='word_1_668' title='bbox 1616 651 1823 681; x_wconf 87' lang='lat' dir='ltr'>consulebant</span> <span class='ocrx_word' id='word_1_669' title='bbox 1846 658 1876 681; x_wconf 93' lang='lat' dir='ltr'>et</span> <span class='ocrx_word' id='word_1_670' title='bbox 1895 651 2058 690; x_wconf 88' lang='lat' dir='ltr'>rogabant,</span> <span class='ocrx_word' id='word_1_671' title='bbox 2079 657 2114 681; x_wconf 95' lang='lat' dir='ltr'>ut</span> <span class='ocrx_word' id='word_1_672' title='bbox 2133 650 2311 690; x_wconf 88' lang='lat' dir='ltr'>Stephanus</span> <span class='ocrx_word' id='word_1_673' title='bbox 2335 650 2390 680; x_wconf 89' lang='lat' dir='ltr'>ha-</span> 
     </span>
     <span class='ocr_line' id='line_1_85' title="bbox 1318 693 2390 735; baseline 0.002 -13"><span class='ocrx_word' id='word_1_674' title='bbox 1318 693 1385 723; x_wconf 94' lang='lat' dir='ltr'>bito</span> <span class='ocrx_word' id='word_1_675' title='bbox 1410 693 1544 723; x_wconf 91' lang='lat' dir='ltr'>consilio</span> <span class='ocrx_word' id='word_1_676' title='bbox 1562 695 1861 725; x_wconf 88' lang='lat' dir='ltr'>condemnationem</span> <span class='ocrx_word' id='word_1_677' title='bbox 1877 695 2093 731; x_wconf 88' lang='lat' dir='ltr'>articulorum,</span> <span class='ocrx_word' id='word_1_678' title='bbox 2111 696 2299 735; x_wconf 86' lang='lat' dir='ltr'>inquantum</span> <span class='ocrx_word' id='word_1_679' title='bbox 2320 700 2390 725; x_wconf 86' lang='lat' dir='ltr'>tan-</span> 
     </span>
     <span class='ocr_line' id='line_1_86' title="bbox 1318 738 2393 778; baseline 0.001 -11"><span class='ocrx_word' id='word_1_680' title='bbox 1318 743 1404 778; x_wconf 76' lang='lat' dir='ltr'>gunt</span> <span class='ocrx_word' id='word_1_681' title='bbox 1436 738 1486 767; x_wconf 85' lang='lat' dir='ltr'>vel</span> <span class='ocrx_word' id='word_1_682' title='bbox 1518 743 1654 778; x_wconf 87' lang='lat' dir='ltr'>tangere</span> <span class='ocrx_word' id='word_1_683' title='bbox 1691 745 1884 769; x_wconf 88' lang='lat' dir='ltr'>asseruntur</span> <span class='ocrx_word' id='word_1_684' title='bbox 1920 749 2034 770; x_wconf 85' lang='lat' dir='ltr'>sanam</span> <span class='ocrx_word' id='word_1_685' title='bbox 2073 739 2251 769; x_wconf 87' lang='lat' dir='ltr'>doctrinam</span> <span class='ocrx_word' id='word_1_686' title='bbox 2287 739 2393 769; x_wconf 87' lang='lat' dir='ltr'>sancti</span> 
     </span>
     <span class='ocr_line' id='line_1_87' title="bbox 1325 782 2392 823; baseline 0 -11"><span class='ocrx_word' id='word_1_687' title='bbox 1325 782 1484 818; x_wconf 79' lang='lat' dir='ltr'>Thomae,</span> <span class='ocrx_word' id='word_1_688' title='bbox 1508 782 1643 812; x_wconf 89' lang='lat' dir='ltr'>solemni</span> <span class='ocrx_word' id='word_1_689' title='bbox 1667 782 1786 813; x_wconf 90' lang='lat' dir='ltr'>iudicio</span> <span class='ocrx_word' id='word_1_690' title='bbox 1810 783 1928 813; x_wconf 90' lang='lat' dir='ltr'>irritam</span> <span class='ocrx_word' id='word_1_691' title='bbox 1953 783 2139 823; x_wconf 90' lang='lat' dir='ltr'>nullamque</span> <span class='ocrx_word' id='word_1_692' title='bbox 2163 783 2392 823; x_wconf 85' lang='lat' dir='ltr'>pronuntiaret.</span> 
     </span>
     <span class='ocr_line' id='line_1_88' title="bbox 1320 825 2391 858; baseline 0 -2"><span class='ocrx_word' id='word_1_693' title='bbox 1320 828 1372 856; x_wconf 90' lang='lat' dir='ltr'>An</span> <span class='ocrx_word' id='word_1_694' title='bbox 1395 835 1471 855; x_wconf 92' lang='lat' dir='ltr'>vero</span> <span class='ocrx_word' id='word_1_695' title='bbox 1495 825 1646 856; x_wconf 90' lang='lat' dir='ltr'>mirabilis</span> <span class='ocrx_word' id='word_1_696' title='bbox 1679 827 1758 856; x_wconf 89' lang='lat' dir='ltr'>adeo</span> <span class='ocrx_word' id='word_1_697' title='bbox 1793 837 1840 857; x_wconf 90' lang='lat' dir='ltr'>res</span> <span class='ocrx_word' id='word_1_698' title='bbox 1874 827 1967 858; x_wconf 90' lang='lat' dir='ltr'>fuerit</span> <span class='ocrx_word' id='word_1_699' title='bbox 1999 834 2034 857; x_wconf 92' lang='lat' dir='ltr'>ut</span> <span class='ocrx_word' id='word_1_700' title='bbox 2066 828 2182 857; x_wconf 88' lang='lat' dir='ltr'>litteras</span> <span class='ocrx_word' id='word_1_701' title='bbox 2206 827 2391 857; x_wconf 90' lang='lat' dir='ltr'>huiusmodi</span> 
     </span>
     <span class='ocr_line' id='line_1_89' title="bbox 1322 869 2393 911; baseline 0.002 -12"><span class='ocrx_word' id='word_1_702' title='bbox 1322 870 1537 900; x_wconf 89' lang='lat' dir='ltr'>delitescentes</span> <span class='ocrx_word' id='word_1_703' title='bbox 1571 870 1723 901; x_wconf 91' lang='lat' dir='ltr'>invenerit</span> <span class='ocrx_word' id='word_1_704' title='bbox 1750 871 1918 901; x_wconf 89' lang='lat' dir='ltr'>Bandellus</span> <span class='ocrx_word' id='word_1_705' title='bbox 1953 882 1988 901; x_wconf 87' lang='lat' dir='ltr'>ac</span> <span class='ocrx_word' id='word_1_706' title='bbox 2017 871 2093 901; x_wconf 89' lang='lat' dir='ltr'>iuris</span> <span class='ocrx_word' id='word_1_707' title='bbox 2124 871 2241 911; x_wconf 91' lang='lat' dir='ltr'>publici</span> <span class='ocrx_word' id='word_1_708' title='bbox 2267 869 2393 902; x_wconf 89' lang='lat' dir='ltr'>fecerit?</span> 
     </span>
     <span class='ocr_line' id='line_1_90' title="bbox 1321 914 2393 953; baseline 0.003 -10"><span class='ocrx_word' id='word_1_709' title='bbox 1321 917 1364 944; x_wconf 88' lang='lat' dir='ltr'>At</span> <span class='ocrx_word' id='word_1_710' title='bbox 1387 914 1538 953; x_wconf 87' lang='lat' dir='ltr'>deceptus</span> <span class='ocrx_word' id='word_1_711' title='bbox 1562 914 1694 944; x_wconf 88' lang='lat' dir='ltr'>demum</span> <span class='ocrx_word' id='word_1_712' title='bbox 1717 914 1769 944; x_wconf 91' lang='lat' dir='ltr'>ille</span> <span class='ocrx_word' id='word_1_713' title='bbox 1794 915 1901 945; x_wconf 87' lang='lat' dir='ltr'>fuerit:</span> <span class='ocrx_word' id='word_1_714' title='bbox 1926 914 2002 945; x_wconf 92' lang='lat' dir='ltr'>fides</span> <span class='ocrx_word' id='word_1_715' title='bbox 2035 915 2167 945; x_wconf 88' lang='lat' dir='ltr'>minime</span> <span class='ocrx_word' id='word_1_716' title='bbox 2199 922 2290 946; x_wconf 89' lang='lat' dir='ltr'>nutat</span> <span class='ocrx_word' id='word_1_717' title='bbox 2313 916 2393 946; x_wconf 89' lang='lat' dir='ltr'>litte-</span> 
     </span>
     <span class='ocr_line' id='line_1_91' title="bbox 1322 958 2392 999; baseline 0.002 -11"><span class='ocrx_word' id='word_1_718' title='bbox 1322 968 1429 988; x_wconf 87' lang='lat' dir='ltr'>rarum</span> <span class='ocrx_word' id='word_1_719' title='bbox 1453 958 1623 998; x_wconf 91' lang='lat' dir='ltr'>Stephani,</span> <span class='ocrx_word' id='word_1_720' title='bbox 1648 968 1727 999; x_wconf 88' lang='lat' dir='ltr'>quas</span> <span class='ocrx_word' id='word_1_721' title='bbox 1751 965 1799 988; x_wconf 91' lang='lat' dir='ltr'>tot</span> <span class='ocrx_word' id='word_1_722' title='bbox 1822 958 1960 989; x_wconf 88' lang='lat' dir='ltr'>munitas</span> <span class='ocrx_word' id='word_1_723' title='bbox 1992 959 2152 999; x_wconf 85' lang='lat' dir='ltr'>praesidiis</span> <span class='ocrx_word' id='word_1_724' title='bbox 2184 960 2392 990; x_wconf 73' lang='lat' dir='ltr'>ostendimus,</span> 
     </span>
    </p>

    <p class='ocr_par' dir='ltr' id='par_1_11' title="bbox 1322 1002 2396 1308">
     <span class='ocr_line' id='line_1_92' title="bbox 1389 1002 2393 1043; baseline 0.002 -11"><span class='ocrx_word' id='word_1_725' title='bbox 1389 1002 1473 1032; x_wconf 92' lang='lat' dir='ltr'>Hinc</span> <span class='ocrx_word' id='word_1_726' title='bbox 1497 1012 1571 1032; x_wconf 89' lang='lat' dir='ltr'>vero</span> <span class='ocrx_word' id='word_1_727' title='bbox 1596 1002 1763 1042; x_wconf 87' lang='lat' dir='ltr'>integritati</span> <span class='ocrx_word' id='word_1_728' title='bbox 1784 1003 1955 1040; x_wconf 88' lang='lat' dir='ltr'>doctrinae,</span> <span class='ocrx_word' id='word_1_729' title='bbox 1971 1013 2068 1043; x_wconf 88' lang='lat' dir='ltr'>quam</span> <span class='ocrx_word' id='word_1_730' title='bbox 2092 1003 2156 1033; x_wconf 91' lang='lat' dir='ltr'>suis</span> <span class='ocrx_word' id='word_1_731' title='bbox 2178 1004 2210 1033; x_wconf 92' lang='lat' dir='ltr'>in</span> <span class='ocrx_word' id='word_1_732' title='bbox 2234 1003 2393 1043; x_wconf 90' lang='lat' dir='ltr'>Operibus</span> 
     </span>
     <span class='ocr_line' id='line_1_93' title="bbox 1322 1046 2395 1083; baseline 0.002 -7"><span class='ocrx_word' id='word_1_733' title='bbox 1322 1046 1450 1077; x_wconf 89' lang='lat' dir='ltr'>tradidit</span> <span class='ocrx_word' id='word_1_734' title='bbox 1473 1057 1497 1077; x_wconf 91' lang='lat' dir='ltr'>s.</span> <span class='ocrx_word' id='word_1_735' title='bbox 1523 1047 1688 1083; x_wconf 87' lang='lat' dir='ltr'>Thomas,</span> <span class='ocrx_word' id='word_1_736' title='bbox 1713 1047 2001 1077; x_wconf 88' lang='lat' dir='ltr'>luculentissimum</span> <span class='ocrx_word' id='word_1_737' title='bbox 2033 1047 2253 1077; x_wconf 83' lang='lat' dir='ltr'>testimonium</span> <span class='ocrx_word' id='word_1_738' title='bbox 2277 1048 2395 1078; x_wconf 90' lang='lat' dir='ltr'>accedit</span> 
     </span>
     <span class='ocr_line' id='line_1_94' title="bbox 1323 1090 2395 1130; baseline 0.002 -10"><span class='ocrx_word' id='word_1_739' title='bbox 1323 1101 1360 1121; x_wconf 83' lang='lat' dir='ltr'>ex</span> <span class='ocrx_word' id='word_1_740' title='bbox 1384 1090 1484 1121; x_wconf 91' lang='lat' dir='ltr'>allatis</span> <span class='ocrx_word' id='word_1_741' title='bbox 1508 1091 1626 1121; x_wconf 89' lang='lat' dir='ltr'>laudati</span> <span class='ocrx_word' id='word_1_742' title='bbox 1650 1091 1800 1130; x_wconf 91' lang='lat' dir='ltr'>Stephani</span> <span class='ocrx_word' id='word_1_743' title='bbox 1816 1091 1854 1120; x_wconf 92' lang='lat' dir='ltr'>de</span> <span class='ocrx_word' id='word_1_744' title='bbox 1869 1092 2037 1121; x_wconf 89' lang='lat' dir='ltr'>Bourretto</span> <span class='ocrx_word' id='word_1_745' title='bbox 2054 1092 2259 1130; x_wconf 89' lang='lat' dir='ltr'>abrogatoriis</span> <span class='ocrx_word' id='word_1_746' title='bbox 2274 1092 2395 1130; x_wconf 87' lang='lat' dir='ltr'>litteris,</span> 
     </span>
     <span class='ocr_line' id='line_1_95' title="bbox 1324 1135 2395 1176; baseline 0.001 -11"><span class='ocrx_word' id='word_1_747' title='bbox 1324 1145 1403 1176; x_wconf 90' lang='lat' dir='ltr'>quas</span> <span class='ocrx_word' id='word_1_748' title='bbox 1427 1135 1459 1165; x_wconf 92' lang='lat' dir='ltr'>in</span> <span class='ocrx_word' id='word_1_749' title='bbox 1484 1135 1620 1165; x_wconf 91' lang='lat' dir='ltr'>dubium</span> <span class='ocrx_word' id='word_1_750' title='bbox 1649 1145 1760 1165; x_wconf 88' lang='lat' dir='ltr'>vocare</span> <span class='ocrx_word' id='word_1_751' title='bbox 1794 1135 1881 1165; x_wconf 89' lang='lat' dir='ltr'>irrito</span> <span class='ocrx_word' id='word_1_752' title='bbox 1913 1142 1990 1165; x_wconf 90' lang='lat' dir='ltr'>voto</span> <span class='ocrx_word' id='word_1_753' title='bbox 2023 1142 2054 1165; x_wconf 94' lang='lat' dir='ltr'>et</span> <span class='ocrx_word' id='word_1_754' title='bbox 2077 1143 2191 1165; x_wconf 87' lang='lat' dir='ltr'>conatu</span> <span class='ocrx_word' id='word_1_755' title='bbox 2226 1137 2395 1166; x_wconf 88' lang='lat' dir='ltr'>severiores</span> 
     </span>
     <span class='ocr_line' id='line_1_96' title="bbox 1324 1179 2395 1220; baseline 0.001 -11"><span class='ocrx_word' id='word_1_756' title='bbox 1324 1179 1456 1220; x_wconf 88' lang='lat' dir='ltr'>quidam</span> <span class='ocrx_word' id='word_1_757' title='bbox 1473 1179 1570 1210; x_wconf 91' lang='lat' dir='ltr'>critici</span> <span class='ocrx_word' id='word_1_758' title='bbox 1586 1179 1735 1209; x_wconf 91' lang='lat' dir='ltr'>homines</span> <span class='ocrx_word' id='word_1_759' title='bbox 1754 1179 1893 1209; x_wconf 91' lang='lat' dir='ltr'>voluere.</span> <span class='ocrx_word' id='word_1_760' title='bbox 1910 1180 2019 1209; x_wconf 89' lang='lat' dir='ltr'>Hocce</span> <span class='ocrx_word' id='word_1_761' title='bbox 2039 1179 2077 1209; x_wconf 92' lang='lat' dir='ltr'>de</span> <span class='ocrx_word' id='word_1_762' title='bbox 2093 1187 2291 1219; x_wconf 88' lang='lat' dir='ltr'>argumento,</span> <span class='ocrx_word' id='word_1_763' title='bbox 2306 1181 2395 1210; x_wconf 89' lang='lat' dir='ltr'>Tho-</span> 
     </span>
     <span class='ocr_line' id='line_1_97' title="bbox 1325 1223 2396 1264; baseline 0 -10"><span class='ocrx_word' id='word_1_764' title='bbox 1325 1234 1396 1254; x_wconf 86' lang='lat' dir='ltr'>mae</span> <span class='ocrx_word' id='word_1_765' title='bbox 1420 1223 1563 1254; x_wconf 87' lang='lat' dir='ltr'>doctrina</span> <span class='ocrx_word' id='word_1_766' title='bbox 1587 1234 1662 1254; x_wconf 90' lang='lat' dir='ltr'>cum</span> <span class='ocrx_word' id='word_1_767' title='bbox 1686 1223 1824 1254; x_wconf 89' lang='lat' dir='ltr'>articulis</span> <span class='ocrx_word' id='word_1_768' title='bbox 1844 1233 1975 1253; x_wconf 89' lang='lat' dir='ltr'>censura</span> <span class='ocrx_word' id='word_1_769' title='bbox 1998 1223 2113 1254; x_wconf 91' lang='lat' dir='ltr'>notatis</span> <span class='ocrx_word' id='word_1_770' title='bbox 2133 1231 2323 1264; x_wconf 86' lang='lat' dir='ltr'>comparata,</span> <span class='ocrx_word' id='word_1_771' title='bbox 2339 1224 2396 1254; x_wconf 86' lang='lat' dir='ltr'>ite-</span> 
     </span>
     <span class='ocr_line' id='line_1_98' title="bbox 1325 1267 2253 1308; baseline -0.001 -9"><span class='ocrx_word' id='word_1_772' title='bbox 1325 1278 1398 1299; x_wconf 91' lang='lat' dir='ltr'>rum</span> <span class='ocrx_word' id='word_1_773' title='bbox 1421 1268 1513 1299; x_wconf 90' lang='lat' dir='ltr'>novis</span> <span class='ocrx_word' id='word_1_774' title='bbox 1537 1268 1620 1298; x_wconf 91' lang='lat' dir='ltr'>curis</span> <span class='ocrx_word' id='word_1_775' title='bbox 1644 1267 1882 1308; x_wconf 85' lang='lat' dir='ltr'>diligentissime</span> <span class='ocrx_word' id='word_1_776' title='bbox 1901 1268 2061 1307; x_wconf 87' lang='lat' dir='ltr'>agendum</span> <span class='ocrx_word' id='word_1_777' title='bbox 2085 1267 2163 1298; x_wconf 89' lang='lat' dir='ltr'>mihi</span> <span class='ocrx_word' id='word_1_778' title='bbox 2187 1268 2253 1298; x_wconf 88' lang='lat' dir='ltr'>erit.</span> 
     </span>
    </p>
   </div>
   <div class='ocr_carea' id='block_1_9' title="bbox 1700 1377 2027 1415">
    <p class='ocr_par' dir='ltr' id='par_1_12' title="bbox 1700 1377 2027 1415">
     <span class='ocr_line' id='line_1_99' title="bbox 1700 1377 2027 1415; baseline -0.003 0"><span class='ocrx_word' id='word_1_779' title='bbox 1700 1378 1911 1415; x_wconf 92' lang='lat' dir='ltr'>CAPUT</span> <span class='ocrx_word' id='word_1_780' title='bbox 1955 1377 2027 1414; x_wconf 91' lang='lat' dir='ltr'>IV.</span> 
     </span>
    </p>
   </div>
   <div class='ocr_carea' id='block_1_10' title="bbox 1325 1475 2401 1616">
    <p class='ocr_par' dir='ltr' id='par_1_13' title="bbox 1325 1475 2401 1616">
     <span class='ocr_line' id='line_1_100' title="bbox 1325 1475 2401 1508; baseline 0.001 -8"><span class='ocrx_word' id='word_1_781' title='bbox 1325 1476 1441 1501; x_wconf 86' lang='lat' dir='ltr'>Censura</span> <span class='ocrx_word' id='word_1_782' title='bbox 1465 1476 1592 1508; x_wconf 87' lang='lat' dir='ltr'>quaedam</span> <span class='ocrx_word' id='word_1_783' title='bbox 1617 1481 1766 1501; x_wconf 88' lang='lat' dir='ltr'>recensetur</span> <span class='ocrx_word' id='word_1_784' title='bbox 1790 1476 1815 1500; x_wconf 89' lang='lat' dir='ltr'>in</span> <span class='ocrx_word' id='word_1_785' title='bbox 1834 1475 1935 1507; x_wconf 84' lang='lat' dir='ltr'>triginta</span> <span class='ocrx_word' id='word_1_786' title='bbox 1961 1481 1986 1501; x_wconf 85' lang='lat' dir='ltr'>et</span> <span class='ocrx_word' id='word_1_787' title='bbox 2003 1480 2063 1500; x_wconf 88' lang='lat' dir='ltr'>octo</span> <span class='ocrx_word' id='word_1_788' title='bbox 2088 1483 2118 1500; x_wconf 86' lang='lat' dir='ltr'>ex</span> <span class='ocrx_word' id='word_1_789' title='bbox 2138 1475 2244 1500; x_wconf 86' lang='lat' dir='ltr'>Alberto</span> <span class='ocrx_word' id='word_1_790' title='bbox 2263 1476 2356 1507; x_wconf 78' lang='lat' dir='ltr'>Magno</span> <span class='ocrx_word' id='word_1_791' title='bbox 2375 1482 2401 1501; x_wconf 94' lang='lat' dir='ltr'>et</span> 
     </span>
     <span class='ocr_line' id='line_1_101' title="bbox 1397 1511 2399 1544; baseline 0 -9"><span class='ocrx_word' id='word_1_792' title='bbox 1397 1511 1500 1536; x_wconf 86' lang='lat' dir='ltr'>Thoma</span> <span class='ocrx_word' id='word_1_793' title='bbox 1518 1511 1648 1544; x_wconf 80' lang='lat' dir='ltr'>Aquinate</span> <span class='ocrx_word' id='word_1_794' title='bbox 1673 1512 1807 1544; x_wconf 86' lang='lat' dir='ltr'>decerptas</span> <span class='ocrx_word' id='word_1_795' title='bbox 1830 1511 1926 1543; x_wconf 77' lang='lat' dir='ltr'>theses,</span> <span class='ocrx_word' id='word_1_796' title='bbox 1951 1519 2018 1544; x_wconf 90' lang='lat' dir='ltr'>quae</span> <span class='ocrx_word' id='word_1_797' title='bbox 2042 1511 2146 1535; x_wconf 91' lang='lat' dir='ltr'>saeculo</span> <span class='ocrx_word' id='word_1_798' title='bbox 2164 1519 2206 1535; x_wconf 82' lang='lat' dir='ltr'>xw</span> <span class='ocrx_word' id='word_1_799' title='bbox 2225 1512 2273 1535; x_wconf 91' lang='lat' dir='ltr'>lata</span> <span class='ocrx_word' id='word_1_800' title='bbox 2293 1511 2399 1543; x_wconf 83' lang='lat' dir='ltr'>dicitur,</span> 
     </span>
     <span class='ocr_line' id='line_1_102' title="bbox 1396 1546 2400 1616; baseline -0.001 -44"><span class='ocrx_word' id='word_1_801' title='bbox 1396 1547 1628 1616; x_wconf 45' lang='lat' dir='ltr'>ggznigpngsgserti</span> <span class='ocrx_word' id='word_1_802' title='bbox 1647 1548 1680 1572; x_wconf 89' lang='lat' dir='ltr'>de</span> <span class='ocrx_word' id='word_1_803' title='bbox 1698 1547 1788 1572; x_wconf 86' lang='lat' dir='ltr'>Bardis</span> <span class='ocrx_word' id='word_1_804' title='bbox 1810 1546 1939 1580; x_wconf 82' lang='lat' dir='ltr'>inscripta.</span> <span class='ocrx_word' id='word_1_805' title='bbox 1959 1546 2094 1572; x_wconf 86' lang='lat' dir='ltr'>Reiicitur:</span> <span class='ocrx_word' id='word_1_806' title='bbox 2114 1546 2290 1579; x_wconf 59' lang='lat' dir='ltr'>refellitur-que</span> <span class='ocrx_word' id='word_1_807' title='bbox 2305 1546 2400 1580; x_wconf 85' lang='lat' dir='ltr'>Philip-</span> 
     </span>
    </p>
   </div>
   <div class='ocr_carea' id='block_1_11' title="bbox 1325 1677 2406 3710">
    <p class='ocr_par' dir='ltr' id='par_1_14' title="bbox 1325 1677 2406 3710">
     <span class='ocr_line' id='line_1_103' title="bbox 1326 1677 2398 1721; baseline 0.003 -13"><span class='ocrx_word' id='word_1_808' title='bbox 1326 1677 1349 1708; x_wconf 91' lang='lat'>1.</span> <span class='ocrx_word' id='word_1_809' title='bbox 1454 1678 1473 1708; x_wconf 94' lang='lat' dir='ltr'>d</span> <span class='ocrx_word' id='word_1_810' title='bbox 1489 1689 1620 1709; x_wconf 87' lang='lat' dir='ltr'>examen</span> <span class='ocrx_word' id='word_1_811' title='bbox 1635 1685 1799 1719; x_wconf 89' lang='lat' dir='ltr'>postremo</span> <span class='ocrx_word' id='word_1_812' title='bbox 1815 1678 1888 1709; x_wconf 92' lang='lat' dir='ltr'>loco</span> <span class='ocrx_word' id='word_1_813' title='bbox 1904 1679 2080 1709; x_wconf 91' lang='lat' dir='ltr'>revocanda</span> <span class='ocrx_word' id='word_1_814' title='bbox 2095 1686 2142 1710; x_wconf 92' lang='lat' dir='ltr'>est</span> <span class='ocrx_word' id='word_1_815' title='bbox 2156 1689 2287 1710; x_wconf 89' lang='lat' dir='ltr'>censura</span> <span class='ocrx_word' id='word_1_816' title='bbox 2303 1691 2398 1721; x_wconf 89' lang='lat' dir='ltr'>quae-</span> 
     </span>
     <span class='ocr_line' id='line_1_104' title="bbox 1454 1723 2402 1764; baseline 0.002 -11"><span class='ocrx_word' id='word_1_817' title='bbox 1454 1723 1539 1760; x_wconf 87' lang='lat' dir='ltr'>dam,</span> <span class='ocrx_word' id='word_1_818' title='bbox 1563 1733 1646 1764; x_wconf 90' lang='lat' dir='ltr'>quae</span> <span class='ocrx_word' id='word_1_819' title='bbox 1670 1723 1796 1753; x_wconf 88' lang='lat' dir='ltr'>saeculo</span> <span class='ocrx_word' id='word_1_820' title='bbox 1821 1723 2063 1763; x_wconf 89' lang='lat' dir='ltr'>quartodecimo</span> <span class='ocrx_word' id='word_1_821' title='bbox 2087 1724 2149 1754; x_wconf 89' lang='lat' dir='ltr'>lata</span> <span class='ocrx_word' id='word_1_822' title='bbox 2166 1724 2279 1754; x_wconf 90' lang='lat' dir='ltr'>dicitur</span> <span class='ocrx_word' id='word_1_823' title='bbox 2296 1725 2329 1755; x_wconf 93' lang='lat' dir='ltr'>in</span> <span class='ocrx_word' id='word_1_824' title='bbox 2348 1725 2402 1756; x_wconf 91' lang='lat' dir='ltr'>tri-</span> 
     </span>
     <span class='ocr_line' id='line_1_105' title="bbox 1325 1765 2402 1810; baseline 0.004 -14"><span class='ocrx_word' id='word_1_825' title='bbox 1325 1765 1412 1806; x_wconf 87' lang='lat' dir='ltr'>ginta</span> <span class='ocrx_word' id='word_1_826' title='bbox 1435 1773 1466 1797; x_wconf 88' lang='lat' dir='ltr'>et</span> <span class='ocrx_word' id='word_1_827' title='bbox 1489 1774 1564 1798; x_wconf 93' lang='lat' dir='ltr'>octo</span> <span class='ocrx_word' id='word_1_828' title='bbox 1588 1767 1691 1797; x_wconf 91' lang='lat' dir='ltr'>theses</span> <span class='ocrx_word' id='word_1_829' title='bbox 1711 1777 1747 1800; x_wconf 79' lang='lat' dir='ltr'>ex</span> <span class='ocrx_word' id='word_1_830' title='bbox 1763 1767 1893 1797; x_wconf 87' lang='lat' dir='ltr'>Alberto</span> <span class='ocrx_word' id='word_1_831' title='bbox 1910 1768 2028 1807; x_wconf 85' lang='lat' dir='ltr'>Magno</span> <span class='ocrx_word' id='word_1_832' title='bbox 2049 1774 2079 1798; x_wconf 94' lang='lat' dir='ltr'>et</span> <span class='ocrx_word' id='word_1_833' title='bbox 2094 1768 2224 1798; x_wconf 88' lang='lat' dir='ltr'>Thoma</span> <span class='ocrx_word' id='word_1_834' title='bbox 2242 1770 2402 1810; x_wconf 89' lang='lat' dir='ltr'>Aquinate</span> 
     </span>
     <span class='ocr_line' id='line_1_106' title="bbox 1326 1810 2402 1850; baseline 0.003 -9"><span class='ocrx_word' id='word_1_835' title='bbox 1326 1810 1498 1850; x_wconf 89' lang='lat' dir='ltr'>decerptas,</span> <span class='ocrx_word' id='word_1_836' title='bbox 1523 1811 1655 1842; x_wconf 90' lang='lat' dir='ltr'>nomine</span> <span class='ocrx_word' id='word_1_837' title='bbox 1675 1812 1806 1842; x_wconf 88' lang='lat' dir='ltr'>Roberti</span> <span class='ocrx_word' id='word_1_838' title='bbox 1833 1812 1872 1842; x_wconf 86' lang='lat' dir='ltr'>de</span> <span class='ocrx_word' id='word_1_839' title='bbox 1894 1812 2015 1843; x_wconf 88' lang='lat' dir='ltr'>Bardis</span> <span class='ocrx_word' id='word_1_840' title='bbox 2042 1811 2200 1843; x_wconf 87' lang='lat' dir='ltr'>florentini</span> <span class='ocrx_word' id='word_1_841' title='bbox 2227 1820 2258 1844; x_wconf 93' lang='lat' dir='ltr'>et</span> <span class='ocrx_word' id='word_1_842' title='bbox 2283 1814 2402 1844; x_wconf 89' lang='lat' dir='ltr'>cancel-</span> 
     </span>
     <span class='ocr_line' id='line_1_107' title="bbox 1325 1854 2402 1897; baseline 0.003 -12"><span class='ocrx_word' id='word_1_843' title='bbox 1325 1854 1394 1885; x_wconf 89' lang='lat' dir='ltr'>larii</span> <span class='ocrx_word' id='word_1_844' title='bbox 1409 1855 1591 1886; x_wconf 88' lang='lat' dir='ltr'>Parisiensis</span> <span class='ocrx_word' id='word_1_845' title='bbox 1607 1855 1765 1895; x_wconf 90' lang='lat' dir='ltr'>inscripta.</span> <span class='ocrx_word' id='word_1_846' title='bbox 1784 1856 1875 1887; x_wconf 88' lang='lat' dir='ltr'>Hanc</span> <span class='ocrx_word' id='word_1_847' title='bbox 1893 1863 2049 1887; x_wconf 88' lang='lat' dir='ltr'>memorat</span> <span class='ocrx_word' id='word_1_848' title='bbox 2064 1856 2230 1897; x_wconf 90' lang='lat' dir='ltr'>Philippus</span> <span class='ocrx_word' id='word_1_849' title='bbox 2246 1858 2402 1889; x_wconf 91' lang='lat' dir='ltr'>Villanius</span> 
     </span>
     <span class='ocr_line' id='line_1_108' title="bbox 1326 1898 2404 1941; baseline 0.003 -11"><span class='ocrx_word' id='word_1_850' title='bbox 1326 1898 1358 1929; x_wconf 87' lang='lat' dir='ltr'>in</span> <span class='ocrx_word' id='word_1_851' title='bbox 1383 1909 1480 1940; x_wconf 90' lang='lat' dir='ltr'>opere</span> <span class='ocrx_word' id='word_1_852' title='bbox 1503 1900 1551 1930; x_wconf 94' lang='lat' dir='ltr'>De</span> <span class='ocrx_word' id='word_1_853' title='bbox 1574 1900 1648 1930; x_wconf 86' lang='lat' dir='ltr'>viris</span> <span class='ocrx_word' id='word_1_854' title='bbox 1674 1900 1847 1931; x_wconf 88' lang='lat' dir='ltr'>illustribus</span> <span class='ocrx_word' id='word_1_855' title='bbox 1871 1901 2044 1931; x_wconf 89' lang='lat' dir='ltr'>florentinis</span> <span class='ocrx_word' id='word_1_856' title='bbox 2069 1899 2136 1941; x_wconf 91' lang='lat' dir='ltr'>(Le</span> <span class='ocrx_word' id='word_1_857' title='bbox 2160 1903 2222 1932; x_wconf 84' lang='lat' dir='ltr'>vite</span> <span class='ocrx_word' id='word_1_858' title='bbox 2244 1902 2404 1933; x_wconf 87' lang='lat' dir='ltr'>d&#39;uomini</span> 
     </span>
     <span class='ocr_line' id='line_1_109' title="bbox 1327 1944 2402 1987; baseline 0.003 -13"><span class='ocrx_word' id='word_1_859' title='bbox 1327 1944 1448 1975; x_wconf 88' lang='lat' dir='ltr'>illustri</span> <span class='ocrx_word' id='word_1_860' title='bbox 1460 1944 1675 1987; x_wconf 82' lang='lat' dir='ltr'>florentini),</span> <span class='ocrx_word' id='word_1_861' title='bbox 1700 1945 1789 1985; x_wconf 92' lang='lat' dir='ltr'>quod</span> <span class='ocrx_word' id='word_1_862' title='bbox 1813 1945 1935 1985; x_wconf 87' lang='lat' dir='ltr'>primus</span> <span class='ocrx_word' id='word_1_863' title='bbox 1960 1955 1976 1975; x_wconf 91' lang='lat' dir='ltr'>e</span> <span class='ocrx_word' id='word_1_864' title='bbox 1999 1945 2134 1975; x_wconf 90' lang='lat' dir='ltr'>tenebris</span> <span class='ocrx_word' id='word_1_865' title='bbox 2150 1945 2183 1975; x_wconf 90' lang='lat' dir='ltr'>in</span> <span class='ocrx_word' id='word_1_866' title='bbox 2199 1946 2306 1976; x_wconf 90' lang='lat' dir='ltr'>lucem</span> <span class='ocrx_word' id='word_1_867' title='bbox 2329 1957 2402 1987; x_wconf 91' lang='lat' dir='ltr'>pro-</span> 
     </span>
     <span class='ocr_line' id='line_1_110' title="bbox 1326 1988 2403 2031; baseline 0.002 -12"><span class='ocrx_word' id='word_1_868' title='bbox 1326 1988 1399 2019; x_wconf 91' lang='lat' dir='ltr'>tulit</span> <span class='ocrx_word' id='word_1_869' title='bbox 1422 1989 1556 2019; x_wconf 88' lang='lat' dir='ltr'>Ioannes</span> <span class='ocrx_word' id='word_1_870' title='bbox 1579 1989 1678 2019; x_wconf 87' lang='lat' dir='ltr'>Maria</span> <span class='ocrx_word' id='word_1_871' title='bbox 1701 1989 1936 2020; x_wconf 87' lang='lat' dir='ltr'>Mazzuchellus</span> <span class='ocrx_word' id='word_1_872' title='bbox 1965 1989 2143 2027; x_wconf 84' lang='lat' dir='ltr'>brixianus,</span> <span class='ocrx_word' id='word_1_873' title='bbox 2172 1990 2255 2031; x_wconf 89' lang='lat' dir='ltr'>typis</span> <span class='ocrx_word' id='word_1_874' title='bbox 2280 1991 2324 2022; x_wconf 90' lang='lat' dir='ltr'>Io.</span> <span class='ocrx_word' id='word_1_875' title='bbox 2344 1992 2403 2021; x_wconf 90' lang='lat' dir='ltr'>Ba-</span> 
     </span>
     <span class='ocr_line' id='line_1_111' title="bbox 1326 2032 2401 2075; baseline 0.003 -12"><span class='ocrx_word' id='word_1_876' title='bbox 1326 2032 1438 2072; x_wconf 89' lang='lat' dir='ltr'>ptistae</span> <span class='ocrx_word' id='word_1_877' title='bbox 1462 2033 1609 2074; x_wconf 91' lang='lat' dir='ltr'>Pasquali</span> <span class='ocrx_word' id='word_1_878' title='bbox 1633 2043 1718 2063; x_wconf 92' lang='lat' dir='ltr'>anno</span> <span class='ocrx_word' id='word_1_879' title='bbox 1748 2043 1839 2075; x_wconf 89' lang='lat'>¹747·</span> <span class='ocrx_word' id='word_1_880' title='bbox 1858 2034 2005 2064; x_wconf 91' lang='lat' dir='ltr'>Florebat</span> <span class='ocrx_word' id='word_1_881' title='bbox 2028 2034 2182 2064; x_wconf 91' lang='lat' dir='ltr'>Villanius</span> <span class='ocrx_word' id='word_1_882' title='bbox 2207 2045 2291 2065; x_wconf 88' lang='lat' dir='ltr'>anno</span> <span class='ocrx_word' id='word_1_883' title='bbox 2322 2036 2401 2074; x_wconf 83' lang='lat'>1343</span> 
     </span>
     <span class='ocr_line' id='line_1_112' title="bbox 1327 2078 2405 2117; baseline 0.003 -10"><span class='ocrx_word' id='word_1_884' title='bbox 1327 2083 1357 2107; x_wconf 93' lang='lat' dir='ltr'>et</span> <span class='ocrx_word' id='word_1_885' title='bbox 1373 2087 1494 2108; x_wconf 89' lang='lat' dir='ltr'>annum</span> <span class='ocrx_word' id='word_1_886' title='bbox 1510 2078 1588 2108; x_wconf 89' lang='lat' dir='ltr'>vidit</span> <span class='ocrx_word' id='word_1_887' title='bbox 1610 2079 1690 2117; x_wconf 86' lang='lat'>1405</span> <span class='ocrx_word' id='word_1_888' title='bbox 1709 2078 1823 2108; x_wconf 89' lang='lat' dir='ltr'>eodem</span> <span class='ocrx_word' id='word_1_889' title='bbox 1844 2078 2015 2108; x_wconf 79' lang='lat' dir='ltr'>adnotante</span> <span class='ocrx_word' id='word_1_890' title='bbox 2031 2079 2258 2110; x_wconf 90' lang='lat' dir='ltr'>Mazzuchello.</span> <span class='ocrx_word' id='word_1_891' title='bbox 2281 2080 2315 2109; x_wconf 91' lang='lat' dir='ltr'>ln</span> <span class='ocrx_word' id='word_1_892' title='bbox 2332 2080 2405 2110; x_wconf 93' lang='lat' dir='ltr'>Vita</span> 
     </span>
     <span class='ocr_line' id='line_1_113' title="bbox 1326 2122 2403 2159; baseline 0.002 -7"><span class='ocrx_word' id='word_1_893' title='bbox 1326 2122 1457 2153; x_wconf 92' lang='lat' dir='ltr'>Roberti</span> <span class='ocrx_word' id='word_1_894' title='bbox 1479 2122 1520 2153; x_wconf 87' lang='lat' dir='ltr'>de</span> <span class='ocrx_word' id='word_1_895' title='bbox 1541 2123 1663 2153; x_wconf 88' lang='lat' dir='ltr'>Bardis</span> <span class='ocrx_word' id='word_1_896' title='bbox 1678 2122 1754 2153; x_wconf 89' lang='lat' dir='ltr'>haec</span> <span class='ocrx_word' id='word_1_897' title='bbox 1771 2129 1874 2153; x_wconf 85' lang='lat' dir='ltr'>narrat</span> <span class='ocrx_word' id='word_1_898' title='bbox 1896 2122 1959 2159; x_wconf 89' lang='lat' dir='ltr'>ille,</span> <span class='ocrx_word' id='word_1_899' title='bbox 1983 2122 2079 2153; x_wconf 90' lang='lat' dir='ltr'>latine</span> <span class='ocrx_word' id='word_1_900' title='bbox 2103 2123 2238 2153; x_wconf 90' lang='lat' dir='ltr'>reddita:</span> <span class='ocrx_word' id='word_1_901' title='bbox 2267 2137 2281 2151; x_wconf 65' lang='grc' dir='ltr'><strong><em>α</em></strong></span> <span class='ocrx_word' id='word_1_902' title='bbox 2295 2124 2403 2154; x_wconf 89' lang='lat' dir='ltr'>Theo-</span> 
     </span>
     <span class='ocr_line' id='line_1_114' title="bbox 1330 2166 2402 2206; baseline 0.001 -9"><span class='ocrx_word' id='word_1_903' title='bbox 1330 2178 1344 2193; x_wconf 81' lang='lat'><strong>»</strong></span> <span class='ocrx_word' id='word_1_904' title='bbox 1366 2166 1488 2206; x_wconf 87' lang='lat' dir='ltr'>logicae</span> <span class='ocrx_word' id='word_1_905' title='bbox 1512 2167 1682 2197; x_wconf 90' lang='lat' dir='ltr'>eruditioni</span> <span class='ocrx_word' id='word_1_906' title='bbox 1706 2167 1860 2204; x_wconf 91' lang='lat' dir='ltr'>addictus,</span> <span class='ocrx_word' id='word_1_907' title='bbox 1880 2166 2053 2197; x_wconf 89' lang='lat' dir='ltr'>Parisinam</span> <span class='ocrx_word' id='word_1_908' title='bbox 2077 2167 2109 2197; x_wconf 94' lang='lat' dir='ltr'>in</span> <span class='ocrx_word' id='word_1_909' title='bbox 2134 2168 2245 2197; x_wconf 87' lang='lat' dir='ltr'>urbem</span> <span class='ocrx_word' id='word_1_910' title='bbox 2269 2175 2299 2198; x_wconf 91' lang='lat' dir='ltr'>et</span> <span class='ocrx_word' id='word_1_911' title='bbox 2322 2170 2402 2198; x_wconf 89' lang='lat' dir='ltr'>Aca-</span> 
     </span>
     <span class='ocr_line' id='line_1_115' title="bbox 1330 2211 2403 2242; baseline 0.001 -1"><span class='ocrx_word' id='word_1_912' title='bbox 1330 2223 1345 2238; x_wconf 77' lang='lat'><strong>»</strong></span> <span class='ocrx_word' id='word_1_913' title='bbox 1368 2211 1508 2241; x_wconf 90' lang='lat' dir='ltr'>demiam</span> <span class='ocrx_word' id='word_1_914' title='bbox 1534 2221 1567 2241; x_wconf 93' lang='lat' dir='ltr'>se</span> <span class='ocrx_word' id='word_1_915' title='bbox 1591 2211 1735 2242; x_wconf 88' lang='lat' dir='ltr'>contulit.</span> <span class='ocrx_word' id='word_1_916' title='bbox 1766 2212 1893 2241; x_wconf 91' lang='lat' dir='ltr'>Nomen</span> <span class='ocrx_word' id='word_1_917' title='bbox 1918 2218 1948 2242; x_wconf 93' lang='lat' dir='ltr'>et</span> <span class='ocrx_word' id='word_1_918' title='bbox 1979 2211 2098 2241; x_wconf 86' lang='lat' dir='ltr'>famam</span> <span class='ocrx_word' id='word_1_919' title='bbox 2127 2211 2322 2242; x_wconf 89' lang='lat' dir='ltr'>subtilissimi</span> <span class='ocrx_word' id='word_1_920' title='bbox 2347 2213 2403 2242; x_wconf 94' lang='lat' dir='ltr'>do-</span> 
     </span>
     <span class='ocr_line' id='line_1_116' title="bbox 1330 2255 2404 2296; baseline 0 -10"><span class='ocrx_word' id='word_1_921' title='bbox 1330 2268 1345 2282; x_wconf 77' lang='lat'><strong>»</strong></span> <span class='ocrx_word' id='word_1_922' title='bbox 1369 2255 1463 2286; x_wconf 88' lang='lat' dir='ltr'>ctoris</span> <span class='ocrx_word' id='word_1_923' title='bbox 1494 2255 1647 2296; x_wconf 89' lang='lat' dir='ltr'>adeptus,</span> <span class='ocrx_word' id='word_1_924' title='bbox 1681 2256 1854 2286; x_wconf 84' lang='lat' dir='ltr'>cancellarii</span> <span class='ocrx_word' id='word_1_925' title='bbox 1885 2266 2003 2286; x_wconf 91' lang='lat' dir='ltr'>munus</span> <span class='ocrx_word' id='word_1_926' title='bbox 2034 2255 2065 2285; x_wconf 92' lang='lat' dir='ltr'>in</span> <span class='ocrx_word' id='word_1_927' title='bbox 2097 2256 2209 2286; x_wconf 88' lang='lat' dir='ltr'>Studio</span> <span class='ocrx_word' id='word_1_928' title='bbox 2238 2256 2404 2287; x_wconf 89' lang='lat' dir='ltr'>Parisiensi</span> 
     </span>
     <span class='ocr_line' id='line_1_117' title="bbox 1332 2300 2402 2341; baseline 0.002 -12"><span class='ocrx_word' id='word_1_929' title='bbox 1332 2313 1346 2327; x_wconf 68' lang='grc' dir='ltr'><em>ο</em></span> <span class='ocrx_word' id='word_1_930' title='bbox 1369 2310 1470 2330; x_wconf 91' lang='lat' dir='ltr'>annos</span> <span class='ocrx_word' id='word_1_931' title='bbox 1487 2300 1608 2330; x_wconf 90' lang='lat' dir='ltr'>circiter</span> <span class='ocrx_word' id='word_1_932' title='bbox 1624 2300 1831 2341; x_wconf 89' lang='lat' dir='ltr'>quadraginta</span> <span class='ocrx_word' id='word_1_933' title='bbox 1847 2300 1951 2340; x_wconf 87' lang='lat' dir='ltr'>gessit.</span> <span class='ocrx_word' id='word_1_934' title='bbox 1976 2300 2022 2330; x_wconf 90' lang='lat' dir='ltr'>Ea</span> <span class='ocrx_word' id='word_1_935' title='bbox 2038 2300 2178 2339; x_wconf 89' lang='lat' dir='ltr'>pollebat</span> <span class='ocrx_word' id='word_1_936' title='bbox 2199 2300 2316 2340; x_wconf 81' lang='lat' dir='ltr'>ingenii</span> <span class='ocrx_word' id='word_1_937' title='bbox 2334 2311 2402 2341; x_wconf 89' lang='lat' dir='ltr'>per-</span> 
     </span>
     <span class='ocr_line' id='line_1_118' title="bbox 1331 2344 2403 2384; baseline 0.001 -10"><span class='ocrx_word' id='word_1_938' title='bbox 1331 2357 1346 2371; x_wconf 77' lang='lat'><strong>»</strong></span> <span class='ocrx_word' id='word_1_939' title='bbox 1369 2344 1504 2384; x_wconf 87' lang='lat' dir='ltr'>spicacia</span> <span class='ocrx_word' id='word_1_940' title='bbox 1526 2344 1573 2374; x_wconf 92' lang='lat' dir='ltr'>vir</span> <span class='ocrx_word' id='word_1_941' title='bbox 1597 2344 1838 2382; x_wconf 88' lang='lat' dir='ltr'>celeberrimus,</span> <span class='ocrx_word' id='word_1_942' title='bbox 1863 2351 1899 2375; x_wconf 93' lang='lat' dir='ltr'>ut</span> <span class='ocrx_word' id='word_1_943' title='bbox 1922 2351 1995 2384; x_wconf 90' lang='lat' dir='ltr'>post</span> <span class='ocrx_word' id='word_1_944' title='bbox 2018 2344 2205 2384; x_wconf 88' lang='lat' dir='ltr'>Magistrum</span> <span class='ocrx_word' id='word_1_945' title='bbox 2231 2345 2403 2376; x_wconf 87' lang='lat' dir='ltr'>Sententia-</span> 
     </span>
     <span class='ocr_line' id='line_1_119' title="bbox 1332 2389 2403 2429; baseline 0.001 -10"><span class='ocrx_word' id='word_1_946' title='bbox 1332 2401 1346 2415; x_wconf 82' lang='lat'><strong>»</strong></span> <span class='ocrx_word' id='word_1_947' title='bbox 1370 2399 1453 2426; x_wconf 91' lang='lat' dir='ltr'>rum,</span> <span class='ocrx_word' id='word_1_948' title='bbox 1478 2398 1549 2419; x_wconf 88' lang='lat' dir='ltr'>reos</span> <span class='ocrx_word' id='word_1_949' title='bbox 1574 2389 1671 2429; x_wconf 87' lang='lat' dir='ltr'>egerit</span> <span class='ocrx_word' id='word_1_950' title='bbox 1694 2389 1732 2419; x_wconf 90' lang='lat' dir='ltr'>de</span> <span class='ocrx_word' id='word_1_951' title='bbox 1756 2389 1882 2429; x_wconf 85' lang='lat' dir='ltr'>triginta</span> <span class='ocrx_word' id='word_1_952' title='bbox 1906 2395 1936 2419; x_wconf 95' lang='lat' dir='ltr'>et</span> <span class='ocrx_word' id='word_1_953' title='bbox 1959 2395 2033 2419; x_wconf 91' lang='lat' dir='ltr'>octo</span> <span class='ocrx_word' id='word_1_954' title='bbox 2058 2389 2214 2419; x_wconf 91' lang='lat' dir='ltr'>erroribus</span> <span class='ocrx_word' id='word_1_955' title='bbox 2235 2390 2403 2420; x_wconf 87' lang='lat' dir='ltr'>Albertum</span> 
     </span>
     <span class='ocr_line' id='line_1_120' title="bbox 1332 2433 2403 2474; baseline 0.002 -12"><span class='ocrx_word' id='word_1_956' title='bbox 1332 2446 1347 2460; x_wconf 80' lang='grc'>»</span> <span class='ocrx_word' id='word_1_957' title='bbox 1370 2433 1601 2463; x_wconf 87' lang='lat' dir='ltr'>Coloniensem</span> <span class='ocrx_word' id='word_1_958' title='bbox 1625 2440 1655 2464; x_wconf 90' lang='lat' dir='ltr'>et</span> <span class='ocrx_word' id='word_1_959' title='bbox 1678 2433 1843 2464; x_wconf 90' lang='lat' dir='ltr'>Thomam</span> <span class='ocrx_word' id='word_1_960' title='bbox 1871 2433 2064 2474; x_wconf 87' lang='lat' dir='ltr'>Aquinatem</span> <span class='ocrx_word' id='word_1_961' title='bbox 2094 2433 2322 2474; x_wconf 88' lang='lat' dir='ltr'>damnaritque.</span> <span class='ocrx_word' id='word_1_962' title='bbox 2347 2434 2403 2464; x_wconf 91' lang='lat' dir='ltr'>Er-</span> 
     </span>
     <span class='ocr_line' id='line_1_121' title="bbox 1333 2477 2404 2519; baseline 0.002 -13"><span class='ocrx_word' id='word_1_963' title='bbox 1333 2490 1347 2505; x_wconf 77' lang='grc'><strong>»</strong></span> <span class='ocrx_word' id='word_1_964' title='bbox 1370 2487 1480 2507; x_wconf 88' lang='lat' dir='ltr'>rorum</span> <span class='ocrx_word' id='word_1_965' title='bbox 1504 2477 1665 2517; x_wconf 70' lang='lat' dir='ltr'>catalogus</span> <span class='ocrx_word' id='word_1_966' title='bbox 1689 2478 1721 2508; x_wconf 91' lang='lat' dir='ltr'>in</span> <span class='ocrx_word' id='word_1_967' title='bbox 1740 2478 1933 2508; x_wconf 90' lang='lat' dir='ltr'>hodiernum</span> <span class='ocrx_word' id='word_1_968' title='bbox 1957 2478 2042 2507; x_wconf 91' lang='lat' dir='ltr'>diem</span> <span class='ocrx_word' id='word_1_969' title='bbox 2065 2485 2220 2508; x_wconf 85' lang='lat' dir='ltr'>servatur:</span> <span class='ocrx_word' id='word_1_970' title='bbox 2244 2479 2404 2519; x_wconf 90' lang='lat' dir='ltr'>latamque</span> 
     </span>
     <span class='ocr_line' id='line_1_122' title="bbox 1333 2521 2245 2553; baseline 0.002 -2"><span class='ocrx_word' id='word_1_971' title='bbox 1333 2535 1347 2549; x_wconf 64' lang='lat' dir='ltr'><em>v</em></span> <span class='ocrx_word' id='word_1_972' title='bbox 1371 2521 1610 2552; x_wconf 89' lang='lat' dir='ltr'>damnationem</span> <span class='ocrx_word' id='word_1_973' title='bbox 1627 2531 1723 2552; x_wconf 90' lang='lat' dir='ltr'>nemo</span> <span class='ocrx_word' id='word_1_974' title='bbox 1739 2522 1891 2553; x_wconf 87' lang='lat' dir='ltr'>hactenus</span> <span class='ocrx_word' id='word_1_975' title='bbox 1908 2522 2032 2553; x_wconf 86' lang='lat' dir='ltr'>reiicere</span> <span class='ocrx_word' id='word_1_976' title='bbox 2048 2532 2144 2552; x_wconf 91' lang='lat' dir='ltr'>ausus</span> <span class='ocrx_word' id='word_1_977' title='bbox 2161 2529 2216 2553; x_wconf 91' lang='lat' dir='ltr'>est.</span> <span class='ocrx_word' id='word_1_978' title='bbox 2231 2535 2245 2549; x_wconf 72' lang='lat'>⁷·</span> 
     </span>
     <span class='ocr_line' id='line_1_123' title="bbox 1398 2565 2405 2607; baseline 0 -11"><span class='ocrx_word' id='word_1_979' title='bbox 1398 2565 1622 2606; x_wconf 87' lang='lat' dir='ltr'>Christophori</span> <span class='ocrx_word' id='word_1_980' title='bbox 1653 2566 1808 2604; x_wconf 87' lang='lat' dir='ltr'>Landini,</span> <span class='ocrx_word' id='word_1_981' title='bbox 1842 2567 1897 2607; x_wconf 92' lang='lat' dir='ltr'>qui</span> <span class='ocrx_word' id='word_1_982' title='bbox 1926 2567 2040 2597; x_wconf 89' lang='lat' dir='ltr'>eodem</span> <span class='ocrx_word' id='word_1_983' title='bbox 2069 2567 2194 2597; x_wconf 90' lang='lat' dir='ltr'>saeculo</span> <span class='ocrx_word' id='word_1_984' title='bbox 2218 2577 2269 2596; x_wconf 76' lang='lat' dir='ltr'>xiv</span> <span class='ocrx_word' id='word_1_985' title='bbox 2298 2566 2405 2597; x_wconf 91' lang='lat' dir='ltr'>floruit</span> 
     </span>
     <span class='ocr_line' id='line_1_124' title="bbox 1331 2610 2404 2651; baseline 0.001 -11"><span class='ocrx_word' id='word_1_986' title='bbox 1331 2620 1366 2640; x_wconf 90' lang='lat' dir='ltr'>ac</span> <span class='ocrx_word' id='word_1_987' title='bbox 1386 2610 1471 2650; x_wconf 90' lang='lat' dir='ltr'>paria</span> <span class='ocrx_word' id='word_1_988' title='bbox 1496 2617 1599 2641; x_wconf 88' lang='lat' dir='ltr'>narrat</span> <span class='ocrx_word' id='word_1_989' title='bbox 1621 2610 1655 2641; x_wconf 92' lang='lat' dir='ltr'>in</span> <span class='ocrx_word' id='word_1_990' title='bbox 1679 2611 1828 2651; x_wconf 82' lang='lat' dir='ltr'>apologia</span> <span class='ocrx_word' id='word_1_991' title='bbox 1851 2611 1962 2641; x_wconf 88' lang='lat' dir='ltr'>Dantis</span> <span class='ocrx_word' id='word_1_992' title='bbox 1980 2618 2009 2641; x_wconf 91' lang='lat' dir='ltr'>et</span> <span class='ocrx_word' id='word_1_993' title='bbox 2025 2611 2293 2647; x_wconf 89' lang='lat' dir='ltr'>Florentinorum,</span> <span class='ocrx_word' id='word_1_994' title='bbox 2318 2611 2404 2641; x_wconf 88' lang='lat' dir='ltr'>testi-</span> 
     </span>
     <span class='ocr_line' id='line_1_125' title="bbox 1331 2654 2406 2695; baseline 0.001 -10"><span class='ocrx_word' id='word_1_995' title='bbox 1331 2654 1479 2685; x_wconf 91' lang='lat' dir='ltr'>monium</span> <span class='ocrx_word' id='word_1_996' title='bbox 1493 2655 1580 2685; x_wconf 89' lang='lat' dir='ltr'>addit</span> <span class='ocrx_word' id='word_1_997' title='bbox 1594 2655 1740 2686; x_wconf 87' lang='lat' dir='ltr'>laudatus</span> <span class='ocrx_word' id='word_1_998' title='bbox 1756 2655 2004 2686; x_wconf 86' lang='lat' dir='ltr'>Mazzuchellus:</span> <span class='ocrx_word' id='word_1_999' title='bbox 2022 2655 2076 2695; x_wconf 90' lang='lat' dir='ltr'>qui</span> <span class='ocrx_word' id='word_1_1000' title='bbox 2093 2665 2151 2695; x_wconf 88' lang='lat' dir='ltr'>pro</span> <span class='ocrx_word' id='word_1_1001' title='bbox 2167 2665 2212 2691; x_wconf 91' lang='lat' dir='ltr'>ea,</span> <span class='ocrx_word' id='word_1_1002' title='bbox 2229 2665 2291 2695; x_wconf 89' lang='lat' dir='ltr'>qua</span> <span class='ocrx_word' id='word_1_1003' title='bbox 2306 2656 2406 2695; x_wconf 89' lang='lat' dir='ltr'>pollet</span> 
     </span>
     <span class='ocr_line' id='line_1_126' title="bbox 1332 2699 2403 2738; baseline -0.001 -8"><span class='ocrx_word' id='word_1_1004' title='bbox 1332 2699 1520 2737; x_wconf 87' lang='lat' dir='ltr'>eruditione,</span> <span class='ocrx_word' id='word_1_1005' title='bbox 1537 2699 1680 2730; x_wconf 87' lang='lat' dir='ltr'>doctrina</span> <span class='ocrx_word' id='word_1_1006' title='bbox 1696 2706 1727 2730; x_wconf 86' lang='lat' dir='ltr'>et</span> <span class='ocrx_word' id='word_1_1007' title='bbox 1743 2699 1823 2738; x_wconf 92' lang='lat' dir='ltr'>crisi,</span> <span class='ocrx_word' id='word_1_1008' title='bbox 1848 2700 1979 2730; x_wconf 89' lang='lat' dir='ltr'>candide</span> <span class='ocrx_word' id='word_1_1009' title='bbox 1996 2700 2119 2736; x_wconf 90' lang='lat' dir='ltr'>fatetur,</span> <span class='ocrx_word' id='word_1_1010' title='bbox 2144 2700 2201 2729; x_wconf 90' lang='lat' dir='ltr'>sibi</span> <span class='ocrx_word' id='word_1_1011' title='bbox 2218 2699 2307 2729; x_wconf 89' lang='lat' dir='ltr'>valde</span> <span class='ocrx_word' id='word_1_1012' title='bbox 2324 2700 2403 2729; x_wconf 92' lang='lat' dir='ltr'>hanc</span> 
     </span>
     <span class='ocr_line' id='line_1_127' title="bbox 1332 2744 2403 2783; baseline -0.001 -9"><span class='ocrx_word' id='word_1_1013' title='bbox 1332 2753 1498 2774; x_wconf 87' lang='lat' dir='ltr'>censuram</span> <span class='ocrx_word' id='word_1_1014' title='bbox 1521 2744 1653 2774; x_wconf 89' lang='lat' dir='ltr'>nomine</span> <span class='ocrx_word' id='word_1_1015' title='bbox 1669 2744 1798 2774; x_wconf 90' lang='lat' dir='ltr'>Roberti</span> <span class='ocrx_word' id='word_1_1016' title='bbox 1822 2744 1860 2774; x_wconf 93' lang='lat' dir='ltr'>de</span> <span class='ocrx_word' id='word_1_1017' title='bbox 1883 2744 1992 2774; x_wconf 91' lang='lat' dir='ltr'>Bardis</span> <span class='ocrx_word' id='word_1_1018' title='bbox 2008 2744 2200 2783; x_wconf 82' lang='lat' dir='ltr'>inscriptam,</span> <span class='ocrx_word' id='word_1_1019' title='bbox 2225 2750 2403 2783; x_wconf 75' lang='lat' dir='ltr'>suspectam</span> 
     </span>
     <span class='ocr_line' id='line_1_128' title="bbox 1333 2788 2402 2828; baseline -0.001 -10"><span class='ocrx_word' id='word_1_1020' title='bbox 1333 2795 1419 2826; x_wconf 90' lang='lat' dir='ltr'>esse;</span> <span class='ocrx_word' id='word_1_1021' title='bbox 1443 2798 1518 2819; x_wconf 92' lang='lat' dir='ltr'>cum</span> <span class='ocrx_word' id='word_1_1022' title='bbox 1534 2788 1602 2819; x_wconf 91' lang='lat' dir='ltr'>eius</span> <span class='ocrx_word' id='word_1_1023' title='bbox 1618 2789 1706 2819; x_wconf 89' lang='lat' dir='ltr'>nulla</span> <span class='ocrx_word' id='word_1_1024' title='bbox 1722 2788 1842 2819; x_wconf 90' lang='lat' dir='ltr'>mentio</span> <span class='ocrx_word' id='word_1_1025' title='bbox 1860 2795 2002 2818; x_wconf 90' lang='lat' dir='ltr'>occurrat</span> <span class='ocrx_word' id='word_1_1026' title='bbox 2021 2788 2106 2827; x_wconf 89' lang='lat' dir='ltr'>apud</span> <span class='ocrx_word' id='word_1_1027' title='bbox 2127 2788 2303 2827; x_wconf 87' lang='lat' dir='ltr'>scriptores,</span> <span class='ocrx_word' id='word_1_1028' title='bbox 2320 2798 2402 2828; x_wconf 91' lang='lat' dir='ltr'>quo-</span> 
     </span>
     <span class='ocr_line' id='line_1_129' title="bbox 1332 2831 2403 2872; baseline -0.002 -9"><span class='ocrx_word' id='word_1_1029' title='bbox 1332 2843 1405 2863; x_wconf 89' lang='lat' dir='ltr'>rum</span> <span class='ocrx_word' id='word_1_1030' title='bbox 1429 2839 1494 2863; x_wconf 86' lang='lat' dir='ltr'>erat</span> <span class='ocrx_word' id='word_1_1031' title='bbox 1516 2833 1597 2863; x_wconf 92' lang='lat' dir='ltr'>inter</span> <span class='ocrx_word' id='word_1_1032' title='bbox 1621 2833 1763 2872; x_wconf 78' lang='lat' dir='ltr'>negotia,</span> <span class='ocrx_word' id='word_1_1033' title='bbox 1789 2833 1934 2863; x_wconf 86' lang='lat' dir='ltr'>eamdem</span> <span class='ocrx_word' id='word_1_1034' title='bbox 1957 2842 2115 2862; x_wconf 89' lang='lat' dir='ltr'>recensere</span> <span class='ocrx_word' id='word_1_1035' title='bbox 2142 2842 2176 2862; x_wconf 89' lang='lat' dir='ltr'>ac</span> <span class='ocrx_word' id='word_1_1036' title='bbox 2206 2832 2329 2862; x_wconf 88' lang='lat' dir='ltr'>reiicere</span> <span class='ocrx_word' id='word_1_1037' title='bbox 2353 2831 2403 2861; x_wconf 92' lang='lat' dir='ltr'>vel</span> 
     </span>
     <span class='ocr_line' id='line_1_130' title="bbox 1333 2876 2402 2916; baseline -0.002 -9"><span class='ocrx_word' id='word_1_1038' title='bbox 1333 2877 1428 2907; x_wconf 88' lang='lat' dir='ltr'>etiarn</span> <span class='ocrx_word' id='word_1_1039' title='bbox 1450 2877 1621 2908; x_wconf 88' lang='lat' dir='ltr'>venditare.</span> <span class='ocrx_word' id='word_1_1040' title='bbox 1647 2877 1746 2908; x_wconf 92' lang='lat' dir='ltr'>Silent</span> <span class='ocrx_word' id='word_1_1041' title='bbox 1760 2887 1834 2907; x_wconf 94' lang='lat' dir='ltr'>vero</span> <span class='ocrx_word' id='word_1_1042' title='bbox 1852 2877 1998 2907; x_wconf 89' lang='lat' dir='ltr'>Thomae</span> <span class='ocrx_word' id='word_1_1043' title='bbox 2024 2876 2179 2916; x_wconf 80' lang='lat' dir='ltr'>discipuli,</span> <span class='ocrx_word' id='word_1_1044' title='bbox 2204 2876 2258 2916; x_wconf 94' lang='lat' dir='ltr'>qui</span> <span class='ocrx_word' id='word_1_1045' title='bbox 2275 2876 2402 2915; x_wconf 87' lang='lat' dir='ltr'>amplis-</span> 
     </span>
     <span class='ocr_line' id='line_1_131' title="bbox 1332 2920 2402 2962; baseline -0.002 -11"><span class='ocrx_word' id='word_1_1046' title='bbox 1332 2921 1428 2951; x_wconf 90' lang='lat' dir='ltr'>simas</span> <span class='ocrx_word' id='word_1_1047' title='bbox 1451 2931 1510 2961; x_wconf 88' lang='lat' dir='ltr'>pro</span> <span class='ocrx_word' id='word_1_1048' title='bbox 1533 2922 1692 2962; x_wconf 88' lang='lat' dir='ltr'>Aquinate</span> <span class='ocrx_word' id='word_1_1049' title='bbox 1714 2921 1864 2951; x_wconf 88' lang='lat' dir='ltr'>vindicias</span> <span class='ocrx_word' id='word_1_1050' title='bbox 1881 2921 2083 2958; x_wconf 86' lang='lat' dir='ltr'>adornarunt,</span> <span class='ocrx_word' id='word_1_1051' title='bbox 2105 2920 2288 2950; x_wconf 88' lang='lat' dir='ltr'>Vincentius</span> <span class='ocrx_word' id='word_1_1052' title='bbox 2304 2920 2402 2950; x_wconf 91' lang='lat' dir='ltr'>Baro-</span> 
     </span>
     <span class='ocr_line' id='line_1_132' title="bbox 1332 2964 2401 3005; baseline -0.001 -10"><span class='ocrx_word' id='word_1_1053' title='bbox 1332 2965 1416 3002; x_wconf 90' lang='lat' dir='ltr'>nius,</span> <span class='ocrx_word' id='word_1_1054' title='bbox 1441 2966 1574 2996; x_wconf 86' lang='lat' dir='ltr'>loannes</span> <span class='ocrx_word' id='word_1_1055' title='bbox 1599 2966 1742 3003; x_wconf 85' lang='lat' dir='ltr'>Casalas,</span> <span class='ocrx_word' id='word_1_1056' title='bbox 1766 2965 1957 3005; x_wconf 88' lang='lat' dir='ltr'>Seraphinus</span> <span class='ocrx_word' id='word_1_1057' title='bbox 1978 2964 2192 3000; x_wconf 85' lang='lat' dir='ltr'>Piccinardus,</span> <span class='ocrx_word' id='word_1_1058' title='bbox 2217 2964 2401 2994; x_wconf 88' lang='lat' dir='ltr'>Franciscus</span> 
     </span>
     <span class='ocr_line' id='line_1_133' title="bbox 1333 3008 2400 3050; baseline -0.002 -10"><span class='ocrx_word' id='word_1_1059' title='bbox 1333 3009 1470 3050; x_wconf 81' lang='lat' dir='ltr'>SylviuS,</span> <span class='ocrx_word' id='word_1_1060' title='bbox 1494 3010 1611 3040; x_wconf 89' lang='lat' dir='ltr'>Xantes</span> <span class='ocrx_word' id='word_1_1061' title='bbox 1627 3010 1771 3040; x_wconf 86' lang='lat' dir='ltr'>Mariales</span> <span class='ocrx_word' id='word_1_1062' title='bbox 1795 3010 1919 3050; x_wconf 90' lang='lat' dir='ltr'>aliique.</span> <span class='ocrx_word' id='word_1_1063' title='bbox 1945 3009 2021 3039; x_wconf 91' lang='lat' dir='ltr'>Silet</span> <span class='ocrx_word' id='word_1_1064' title='bbox 2044 3008 2159 3039; x_wconf 85' lang='lat' dir='ltr'>Caesar</span> <span class='ocrx_word' id='word_1_1065' title='bbox 2175 3008 2322 3047; x_wconf 86' lang='lat' dir='ltr'>Egassius</span> <span class='ocrx_word' id='word_1_1066' title='bbox 2337 3008 2400 3038; x_wconf 89' lang='lat' dir='ltr'>Bu-</span> 
     </span>
     <span class='ocr_line' id='line_1_134' title="bbox 1332 3052 2402 3093; baseline -0.001 -10"><span class='ocrx_word' id='word_1_1067' title='bbox 1332 3054 1419 3084; x_wconf 91' lang='lat' dir='ltr'>laeus</span> <span class='ocrx_word' id='word_1_1068' title='bbox 1436 3054 1468 3084; x_wconf 94' lang='lat' dir='ltr'>in</span> <span class='ocrx_word' id='word_1_1069' title='bbox 1491 3054 1622 3084; x_wconf 89' lang='lat' dir='ltr'>historia</span> <span class='ocrx_word' id='word_1_1070' title='bbox 1643 3054 1858 3085; x_wconf 89' lang='lat' dir='ltr'>Universitatis</span> <span class='ocrx_word' id='word_1_1071' title='bbox 1874 3053 2065 3090; x_wconf 88' lang='lat' dir='ltr'>Parisiensis,</span> <span class='ocrx_word' id='word_1_1072' title='bbox 2090 3052 2143 3082; x_wconf 89' lang='lat' dir='ltr'>ubi</span> <span class='ocrx_word' id='word_1_1073' title='bbox 2163 3052 2290 3082; x_wconf 89' lang='lat' dir='ltr'>dissidia</span> <span class='ocrx_word' id='word_1_1074' title='bbox 2306 3062 2402 3093; x_wconf 91' lang='lat' dir='ltr'>quae-</span> 
     </span>
     <span class='ocr_line' id='line_1_135' title="bbox 1333 3097 2402 3138; baseline -0.002 -10"><span class='ocrx_word' id='word_1_1075' title='bbox 1333 3108 1396 3138; x_wconf 93' lang='lat' dir='ltr'>que</span> <span class='ocrx_word' id='word_1_1076' title='bbox 1419 3098 1500 3128; x_wconf 90' lang='lat' dir='ltr'>inter</span> <span class='ocrx_word' id='word_1_1077' title='bbox 1518 3098 1726 3131; x_wconf 89' lang='lat' dir='ltr'>Academicos</span> <span class='ocrx_word' id='word_1_1078' title='bbox 1741 3105 1847 3128; x_wconf 86' lang='lat' dir='ltr'>exorta</span> <span class='ocrx_word' id='word_1_1079' title='bbox 1861 3097 1954 3127; x_wconf 85' lang='lat' dir='ltr'>refert</span> <span class='ocrx_word' id='word_1_1080' title='bbox 1967 3107 2002 3127; x_wconf 88' lang='lat' dir='ltr'>ac</span> <span class='ocrx_word' id='word_1_1081' title='bbox 2018 3097 2153 3136; x_wconf 88' lang='lat' dir='ltr'>plurima</span> <span class='ocrx_word' id='word_1_1082' title='bbox 2168 3103 2306 3127; x_wconf 85' lang='lat' dir='ltr'>recenset</span> <span class='ocrx_word' id='word_1_1083' title='bbox 2320 3107 2402 3137; x_wconf 89' lang='lat' dir='ltr'>quae</span> 
     </span>
     <span class='ocr_line' id='line_1_136' title="bbox 1332 3141 2400 3182; baseline -0.001 -10"><span class='ocrx_word' id='word_1_1084' title='bbox 1332 3142 1400 3182; x_wconf 88' lang='lat' dir='ltr'>ipsa</span> <span class='ocrx_word' id='word_1_1085' title='bbox 1426 3142 1618 3173; x_wconf 91' lang='lat' dir='ltr'>Universitas</span> <span class='ocrx_word' id='word_1_1086' title='bbox 1641 3150 1695 3173; x_wconf 86' lang='lat' dir='ltr'>aut</span> <span class='ocrx_word' id='word_1_1087' title='bbox 1720 3142 1864 3172; x_wconf 91' lang='lat' dir='ltr'>Facultas</span> <span class='ocrx_word' id='word_1_1088' title='bbox 1888 3141 2067 3180; x_wconf 85' lang='lat' dir='ltr'>theologica</span> <span class='ocrx_word' id='word_1_1089' title='bbox 2099 3141 2239 3171; x_wconf 91' lang='lat' dir='ltr'>tulerunt</span> <span class='ocrx_word' id='word_1_1090' title='bbox 2259 3141 2400 3171; x_wconf 89' lang='lat' dir='ltr'>censoria</span> 
     </span>
     <span class='ocr_line' id='line_1_137' title="bbox 1332 3185 2401 3227; baseline -0.001 -11"><span class='ocrx_word' id='word_1_1091' title='bbox 1332 3186 1457 3216; x_wconf 90' lang='lat' dir='ltr'>iudicia.</span> <span class='ocrx_word' id='word_1_1092' title='bbox 1483 3186 1581 3217; x_wconf 91' lang='lat' dir='ltr'>Silent</span> <span class='ocrx_word' id='word_1_1093' title='bbox 1597 3186 1653 3223; x_wconf 90' lang='lat' dir='ltr'>illi,</span> <span class='ocrx_word' id='word_1_1094' title='bbox 1677 3187 1732 3227; x_wconf 91' lang='lat' dir='ltr'>qui</span> <span class='ocrx_word' id='word_1_1095' title='bbox 1755 3186 1860 3216; x_wconf 90' lang='lat' dir='ltr'>minus</span> <span class='ocrx_word' id='word_1_1096' title='bbox 1879 3196 1979 3226; x_wconf 88' lang='lat' dir='ltr'>aequa</span> <span class='ocrx_word' id='word_1_1097' title='bbox 1995 3192 2050 3215; x_wconf 88' lang='lat' dir='ltr'>aut</span> <span class='ocrx_word' id='word_1_1098' title='bbox 2064 3185 2173 3226; x_wconf 86' lang='lat' dir='ltr'>iniqua</span> <span class='ocrx_word' id='word_1_1099' title='bbox 2189 3185 2222 3215; x_wconf 91' lang='lat' dir='ltr'>in</span> <span class='ocrx_word' id='word_1_1100' title='bbox 2238 3185 2401 3215; x_wconf 82' lang='lat' dir='ltr'>Thomam</span> 
     </span>
     <span class='ocr_line' id='line_1_138' title="bbox 1333 3229 2400 3270; baseline -0.002 -10"><span class='ocrx_word' id='word_1_1101' title='bbox 1333 3237 1363 3260; x_wconf 93' lang='lat' dir='ltr'>et</span> <span class='ocrx_word' id='word_1_1102' title='bbox 1386 3230 1418 3260; x_wconf 92' lang='lat' dir='ltr'>in</span> <span class='ocrx_word' id='word_1_1103' title='bbox 1442 3230 1598 3261; x_wconf 90' lang='lat' dir='ltr'>Ordinem</span> <span class='ocrx_word' id='word_1_1104' title='bbox 1618 3231 1873 3260; x_wconf 88' lang='lat' dir='ltr'>Praedicatorum</span> <span class='ocrx_word' id='word_1_1105' title='bbox 1897 3230 2010 3270; x_wconf 88' lang='lat' dir='ltr'>scripta</span> <span class='ocrx_word' id='word_1_1106' title='bbox 2033 3230 2211 3268; x_wconf 86' lang='lat' dir='ltr'>vulgarunt,</span> <span class='ocrx_word' id='word_1_1107' title='bbox 2235 3230 2344 3259; x_wconf 90' lang='lat' dir='ltr'>Petrus</span> <span class='ocrx_word' id='word_1_1108' title='bbox 2362 3229 2400 3258; x_wconf 91' lang='lat' dir='ltr'>de</span> 
     </span>
     <span class='ocr_line' id='line_1_139' title="bbox 1333 3274 2400 3313; baseline -0.002 -9"><span class='ocrx_word' id='word_1_1109' title='bbox 1333 3274 1423 3311; x_wconf 87' lang='lat' dir='ltr'>Alva,</span> <span class='ocrx_word' id='word_1_1110' title='bbox 1446 3275 1556 3304; x_wconf 90' lang='lat' dir='ltr'>Petrus</span> <span class='ocrx_word' id='word_1_1111' title='bbox 1580 3285 1598 3304; x_wconf 92' lang='lat' dir='ltr'>a</span> <span class='ocrx_word' id='word_1_1112' title='bbox 1622 3275 1710 3305; x_wconf 85' lang='lat' dir='ltr'>Valle</span> <span class='ocrx_word' id='word_1_1113' title='bbox 1734 3275 1849 3311; x_wconf 83' lang='lat' dir='ltr'>clausa,</span> <span class='ocrx_word' id='word_1_1114' title='bbox 1875 3274 2007 3303; x_wconf 90' lang='lat' dir='ltr'>loannes</span> <span class='ocrx_word' id='word_1_1115' title='bbox 2031 3274 2169 3313; x_wconf 89' lang='lat' dir='ltr'>Baptista</span> <span class='ocrx_word' id='word_1_1116' title='bbox 2191 3274 2285 3310; x_wconf 88' lang='lat' dir='ltr'>Poza,</span> <span class='ocrx_word' id='word_1_1117' title='bbox 2311 3274 2400 3302; x_wconf 91' lang='lat' dir='ltr'>loan-</span> 
     </span>
     <span class='ocr_line' id='line_1_140' title="bbox 1333 3314 2400 3358; baseline -0.001 -11"><span class='ocrx_word' id='word_1_1118' title='bbox 1333 3328 1388 3348; x_wconf 90' lang='lat' dir='ltr'>nes</span> <span class='ocrx_word' id='word_1_1119' title='bbox 1419 3318 1602 3356; x_wconf 84' lang='lat' dir='ltr'>Launoius,</span> <span class='ocrx_word' id='word_1_1120' title='bbox 1633 3314 1806 3349; x_wconf 77' lang='lat' dir='ltr'>Casimirus‘</span> <span class='ocrx_word' id='word_1_1121' title='bbox 1839 3318 1988 3348; x_wconf 92' lang='lat' dir='ltr'>Oudinus</span> <span class='ocrx_word' id='word_1_1122' title='bbox 2016 3318 2130 3358; x_wconf 91' lang='lat' dir='ltr'>aliique</span> <span class='ocrx_word' id='word_1_1123' title='bbox 2160 3317 2253 3347; x_wconf 91' lang='lat' dir='ltr'>huius</span> <span class='ocrx_word' id='word_1_1124' title='bbox 2285 3317 2400 3347; x_wconf 85' lang='lat' dir='ltr'>farinae</span> 
     </span>
     <span class='ocr_line' id='line_1_141' title="bbox 1332 3361 2399 3402; baseline -0.001 -11"><span class='ocrx_word' id='word_1_1125' title='bbox 1332 3361 1488 3391; x_wconf 90' lang='lat' dir='ltr'>homines.</span> <span class='ocrx_word' id='word_1_1126' title='bbox 1520 3362 1555 3391; x_wconf 91' lang='lat' dir='ltr'>ln</span> <span class='ocrx_word' id='word_1_1127' title='bbox 1585 3362 1668 3392; x_wconf 89' lang='lat' dir='ltr'>calce</span> <span class='ocrx_word' id='word_1_1128' title='bbox 1691 3370 1830 3402; x_wconf 87' lang='lat' dir='ltr'>quatuor</span> <span class='ocrx_word' id='word_1_1129' title='bbox 1858 3363 1895 3391; x_wconf 94' lang='lat' dir='ltr'>de</span> <span class='ocrx_word' id='word_1_1130' title='bbox 1926 3362 2093 3392; x_wconf 88' lang='lat' dir='ltr'>Sententiis</span> <span class='ocrx_word' id='word_1_1131' title='bbox 2122 3361 2203 3391; x_wconf 91' lang='lat' dir='ltr'>Petri</span> <span class='ocrx_word' id='word_1_1132' title='bbox 2228 3361 2399 3391; x_wconf 88' lang='lat' dir='ltr'>Lombardi</span> 
     </span>
     <span class='ocr_line' id='line_1_142' title="bbox 1332 3405 2397 3444; baseline -0.001 -9"><span class='ocrx_word' id='word_1_1133' title='bbox 1332 3406 1487 3435; x_wconf 89' lang='lat' dir='ltr'>librorum</span> <span class='ocrx_word' id='word_1_1134' title='bbox 1511 3412 1541 3435; x_wconf 88' lang='lat' dir='ltr'>et</span> <span class='ocrx_word' id='word_1_1135' title='bbox 1558 3413 1649 3435; x_wconf 89' lang='lat' dir='ltr'>tomo</span> <span class='ocrx_word' id='word_1_1136' title='bbox 1666 3407 1753 3436; x_wconf 91' lang='lat' dir='ltr'>XXV</span> <span class='ocrx_word' id='word_1_1137' title='bbox 1778 3406 1998 3444; x_wconf 82' lang='lat' dir='ltr'>Lugdunensis</span> <span class='ocrx_word' id='word_1_1138' title='bbox 2021 3405 2233 3435; x_wconf 88' lang='lat' dir='ltr'>Bibliothecae</span> <span class='ocrx_word' id='word_1_1139' title='bbox 2255 3405 2397 3442; x_wconf 84' lang='lat' dir='ltr'>Patrum,</span> 
     </span>
     <span class='ocr_line' id='line_1_143' title="bbox 1333 3449 2400 3490; baseline 0 -11"><span class='ocrx_word' id='word_1_1140' title='bbox 1333 3449 1537 3490; x_wconf 88' lang='lat' dir='ltr'>quamplures</span> <span class='ocrx_word' id='word_1_1141' title='bbox 1561 3457 1704 3489; x_wconf 89' lang='lat' dir='ltr'>prostant</span> <span class='ocrx_word' id='word_1_1142' title='bbox 1726 3450 1806 3479; x_wconf 90' lang='lat' dir='ltr'>latae</span> <span class='ocrx_word' id='word_1_1143' title='bbox 1829 3449 1953 3479; x_wconf 90' lang='lat' dir='ltr'>Parisiis</span> <span class='ocrx_word' id='word_1_1144' title='bbox 1977 3457 2141 3479; x_wconf 89' lang='lat' dir='ltr'>censurae:</span> <span class='ocrx_word' id='word_1_1145' title='bbox 2170 3459 2272 3489; x_wconf 89' lang='lat' dir='ltr'>neque</span> <span class='ocrx_word' id='word_1_1146' title='bbox 2296 3449 2400 3479; x_wconf 88' lang='lat' dir='ltr'>ullum</span> 
     </span>
     <span class='ocr_line' id='line_1_144' title="bbox 1333 3493 2400 3533; baseline 0 -10"><span class='ocrx_word' id='word_1_1147' title='bbox 1333 3493 1468 3523; x_wconf 89' lang='lat' dir='ltr'>occurrit</span> <span class='ocrx_word' id='word_1_1148' title='bbox 1483 3493 1516 3522; x_wconf 92' lang='lat' dir='ltr'>in</span> <span class='ocrx_word' id='word_1_1149' title='bbox 1532 3493 1657 3533; x_wconf 87' lang='lat' dir='ltr'>triginta</span> <span class='ocrx_word' id='word_1_1150' title='bbox 1681 3500 1710 3523; x_wconf 93' lang='lat' dir='ltr'>et</span> <span class='ocrx_word' id='word_1_1151' title='bbox 1734 3501 1808 3523; x_wconf 92' lang='lat' dir='ltr'>octo</span> <span class='ocrx_word' id='word_1_1152' title='bbox 1832 3493 1944 3530; x_wconf 84' lang='lat' dir='ltr'>theses,</span> <span class='ocrx_word' id='word_1_1153' title='bbox 1969 3493 2065 3523; x_wconf 89' lang='lat' dir='ltr'>veluti</span> <span class='ocrx_word' id='word_1_1154' title='bbox 2085 3503 2121 3523; x_wconf 88' lang='lat' dir='ltr'>ex</span> <span class='ocrx_word' id='word_1_1155' title='bbox 2138 3494 2267 3523; x_wconf 89' lang='lat' dir='ltr'>Alberto</span> <span class='ocrx_word' id='word_1_1156' title='bbox 2282 3494 2400 3532; x_wconf 88' lang='lat' dir='ltr'>Magno</span> 
     </span>
     <span class='ocr_line' id='line_1_145' title="bbox 1333 3537 2400 3577; baseline 0.001 -10"><span class='ocrx_word' id='word_1_1157' title='bbox 1333 3544 1363 3567; x_wconf 92' lang='lat' dir='ltr'>et</span> <span class='ocrx_word' id='word_1_1158' title='bbox 1378 3537 1507 3567; x_wconf 89' lang='lat' dir='ltr'>Thoma</span> <span class='ocrx_word' id='word_1_1159' title='bbox 1531 3537 1689 3577; x_wconf 86' lang='lat' dir='ltr'>Aquinate</span> <span class='ocrx_word' id='word_1_1160' title='bbox 1713 3537 1883 3577; x_wconf 87' lang='lat' dir='ltr'>decerptas,</span> <span class='ocrx_word' id='word_1_1161' title='bbox 1901 3538 2081 3567; x_wconf 88' lang='lat' dir='ltr'>censorium</span> <span class='ocrx_word' id='word_1_1162' title='bbox 2104 3537 2268 3567; x_wconf 89' lang='lat' dir='ltr'>iudicium.</span> <span class='ocrx_word' id='word_1_1163' title='bbox 2294 3538 2400 3576; x_wconf 84' lang='lat' dir='ltr'>Vulgo</span> 
     </span>
     <span class='ocr_line' id='line_1_146' title="bbox 1333 3581 2400 3622; baseline 0.001 -11"><span class='ocrx_word' id='word_1_1164' title='bbox 1333 3581 1463 3622; x_wconf 90' lang='lat' dir='ltr'>quidem</span> <span class='ocrx_word' id='word_1_1165' title='bbox 1482 3581 1663 3619; x_wconf 85' lang='lat' dir='ltr'>iactabatur,</span> <span class='ocrx_word' id='word_1_1166' title='bbox 1687 3581 1790 3612; x_wconf 91' lang='lat' dir='ltr'>theses</span> <span class='ocrx_word' id='word_1_1167' title='bbox 1814 3582 1984 3611; x_wconf 87' lang='lat' dir='ltr'>nonnullas</span> <span class='ocrx_word' id='word_1_1168' title='bbox 2006 3581 2068 3611; x_wconf 93' lang='lat' dir='ltr'>divi</span> <span class='ocrx_word' id='word_1_1169' title='bbox 2085 3582 2231 3612; x_wconf 88' lang='lat' dir='ltr'>Thomae</span> <span class='ocrx_word' id='word_1_1170' title='bbox 2247 3589 2316 3612; x_wconf 61' lang='lat' dir='ltr'>«aut</span> <span class='ocrx_word' id='word_1_1171' title='bbox 2332 3582 2400 3621; x_wconf 92' lang='lat' dir='ltr'>phi-</span> 
     </span>
     <span class='ocr_line' id='line_1_147' title="bbox 1333 3625 2400 3666; baseline 0.001 -11"><span class='ocrx_word' id='word_1_1172' title='bbox 1333 3625 1513 3665; x_wconf 91' lang='lat' dir='ltr'>losophicas</span> <span class='ocrx_word' id='word_1_1173' title='bbox 1529 3633 1583 3656; x_wconf 89' lang='lat' dir='ltr'>aut</span> <span class='ocrx_word' id='word_1_1174' title='bbox 1599 3626 1791 3665; x_wconf 88' lang='lat' dir='ltr'>theologicas</span> <span class='ocrx_word' id='word_1_1175' title='bbox 1815 3627 1869 3656; x_wconf 86' lang='lat' dir='ltr'>abs</span> <span class='ocrx_word' id='word_1_1176' title='bbox 1891 3626 2051 3666; x_wconf 89' lang='lat' dir='ltr'>Stephano</span> <span class='ocrx_word' id='word_1_1177' title='bbox 2072 3626 2224 3666; x_wconf 89' lang='lat' dir='ltr'>Tempier</span> <span class='ocrx_word' id='word_1_1178' title='bbox 2239 3626 2400 3666; x_wconf 92' lang='lat' dir='ltr'>Episcopo</span> 
     </span>
     <span class='ocr_line' id='line_1_148' title="bbox 1333 3669 2401 3710; baseline 0 -10"><span class='ocrx_word' id='word_1_1179' title='bbox 1333 3669 1498 3700; x_wconf 90' lang='lat' dir='ltr'>Parisiensi</span> <span class='ocrx_word' id='word_1_1180' title='bbox 1527 3670 1668 3700; x_wconf 87' lang='lat' dir='ltr'>censoria</span> <span class='ocrx_word' id='word_1_1181' title='bbox 1690 3670 1811 3710; x_wconf 88' lang='lat' dir='ltr'>virgula</span> <span class='ocrx_word' id='word_1_1182' title='bbox 1834 3677 1956 3700; x_wconf 87' lang='lat' dir='ltr'>notatas</span> <span class='ocrx_word' id='word_1_1183' title='bbox 1987 3670 2098 3700; x_wconf 84' lang='lat' dir='ltr'>fuisse:</span> <span class='ocrx_word' id='word_1_1184' title='bbox 2130 3671 2185 3700; x_wconf 89' lang='lat' dir='ltr'>sed</span> <span class='ocrx_word' id='word_1_1185' title='bbox 2208 3671 2288 3701; x_wconf 91' lang='lat' dir='ltr'>hanc</span> <span class='ocrx_word' id='word_1_1186' title='bbox 2312 3671 2401 3700; x_wconf 87' lang='lat' dir='ltr'>abro-</span> 
     </span>
    </p>
   </div>
  </div>
 </body>
</html>
