2560 4308
171 1978 326 2042 ritas
376 1972 683 2038 divinitus
723 1969 922 2035 nobis
971 1967 1339 2054 patefacta,
1381 1966 1524 2032 sive
1568 1965 1852 2050 scripto,
1894 1964 2037 2030 sive
2077 1985 2206 2050 per
2243 1970 2370 2030 tra-

171 2078 515 2156 ditionem,
563 2081 923 2158 tamquam
973 2070 1255 2156 placido
1307 2069 1623 2155 quodam
1673 2068 2058 2154 sapientiae
2106 2066 2372 2133 lumine

168 2180 512 2258 enituerat.
560 2177 652 2242 At
698 2175 1160 2240 lutherianum
1200 2174 1408 2254 virus,
1451 2172 1646 2258 quod
1687 2172 1946 2238 iamdiu
1980 2193 2116 2257 per
2156 2171 2372 2237 Euro-

171 2303 304 2366 pae
329 2280 534 2345 fibras
573 2299 876 2362 serpens,
907 2278 972 2342 in
1000 2277 1382 2343 multorum
1412 2276 1689 2341 animos
1719 2275 1856 2341 late
1893 2274 2372 2355 descenderat,

171 2383 450 2449 tandem
500 2387 762 2446 mutato
812 2381 1093 2445 nomine
1134 2386 1200 2445 et
1250 2378 1496 2459 forma,
1548 2378 1712 2444 illud
1767 2378 2128 2444 doctrinae
2178 2398 2374 2443 mon-

173 2492 411 2564 strum,
454 2490 748 2569 cogente
787 2482 1036 2568 logica,
1077 2482 1378 2566 protulit,
1421 2481 1617 2567 quod
1656 2481 1875 2547 verbo
1918 2480 2052 2546 Dei
2092 2479 2373 2566 postha-

172 2587 312 2652 bito
362 2593 427 2651 et
467 2606 750 2670 prorsus
791 2585 1176 2669 repudiato,
1213 2585 1568 2651 humanae
1603 2584 1886 2650 rationis
1927 2583 2375 2651 imbecillitati

173 2689 374 2753 unice
405 2687 703 2753 confidit:
741 2694 950 2772 atque
990 2687 1080 2753 ita
1114 2686 1373 2754 sactum
1416 2694 1539 2770 est,
1581 2694 1656 2753 ut
1690 2686 1981 2753 saeculo
2021 2707 2140 2751 X1x
2179 2707 2374 2771 aper-

172 2797 317 2856 tum
348 2797 413 2855 et
439 2790 859 2855 teterrimum
899 2789 1057 2855 belli
1083 2811 1308 2876 genus
1346 2791 1602 2857 deflere
1639 2790 2048 2871 debeamus,
2077 2788 2374 2871 Christo,

176 2892 526 2957 Ecclesiae
575 2892 875 2977 Deoque
923 2893 1050 2976 ipsi
1102 2893 1449 2960 indictum.
1508 2893 1972 2979 Quapropter
2019 2893 2374 2978 sapientis-

175 2994 345 3058 sime
384 2995 449 3059 in
497 2994 634 3059 hoc
672 3001 863 3060 tanto
905 3002 1300 3062 nostrorum
1337 3004 1742 3083 temporum
1782 2996 2072 3078 scelere,
2121 2996 2188 3062 in
2239 2996 2375 3063 hac

175 3096 595 3161 severiorum
625 3097 1007 3163 studiorum
1048 3099 1504 3181 inclinatione,
1542 3100 1873 3166 omnibus
1903 3100 1996 3181 iis,
2028 3100 2147 3185 qui
2183 3119 2376 3166 nunc

177 3197 599 3263 Christianae
654 3199 947 3264 veritatis
1010 3201 1157 3266 iura
1209 3203 1488 3269 rationis
1546 3203 1757 3269 armis
1814 3210 2124 3285 tuentur,
2179 3202 2374 3269 illum

176 3300 508 3383 proponis
558 3302 984 3387 magistrum,
1036 3304 1153 3388 qui
1208 3304 1274 3369 in
1326 3305 1694 3373 thesauros
1752 3306 2160 3372 caelestium
2209 3303 2374 3370 veri-

177 3406 391 3465 tatum
454 3403 786 3468 naturalia
847 3406 1072 3471 omnis
1130 3408 1404 3493 generis
1467 3410 1662 3491 scita,
1727 3431 1813 3475 ac
1871 3416 1974 3476 tot
2035 3406 2374 3499 interioris

180 3500 657 3586 philosophiae
697 3527 870 3590 opes
915 3509 1290 3591 praedivite
1332 3533 1514 3577 vena
1561 3511 1822 3593 effudit,
1863 3519 1939 3579 ut
1968 3553 2012 3558 —
2042 3511 2230 3577 ratio
2278 3509 2386 3575 ad
