2548 4192
218 289 349 315 LXXVIII

221 370 235 384 »
259 357 458 387 tiuntur....
481 352 580 384 Variis
602 351 696 391 igitur
719 347 979 388 occupationibus
1003 345 1046 374 sic
1068 344 1100 373 in
1125 342 1210 392 curia
1233 341 1278 391 di-

221 414 235 428 »
259 406 389 431 stractus
413 408 495 435 sum,
515 403 550 427 ut
572 395 622 425 vix
642 393 760 434 aliquid
783 391 974 432 quandoque
994 388 1124 436 scribere
1145 387 1275 416 licuerit.

222 458 236 472 »
259 445 321 476 Sed
338 443 417 474 illud
434 442 564 472 volvens
587 439 619 469 in
636 438 763 474 animo,
792 435 880 476 quod
902 434 1018 464 Seneca
1038 432 1136 471 Epist.
1158 439 1276 478 Lxxim,

221 502 236 516 »
264 489 370 520 Otium
385 488 454 517 sine
468 485 582 515 litteris
596 492 682 513 mors
696 486 743 511 est
757 485 787 510 et
799 479 935 509 hominis
950 478 1012 507 vivi
1025 475 1207 524 sepultura,
1219 479 1277 502 ista

221 546 235 560 »
259 531 382 573 aggredi
402 536 528 561 coactus
545 537 625 557 sum.
647 526 732 555 Haec
747 532 876 564 quoque
894 522 972 561 ipsa,
988 530 1069 560 quae
1083 519 1156 568 huic
1171 516 1276 566 hbello

202 582 235 604 ⁴³>
257 575 382 612 inserui,
403 574 501 603 aliena
516 578 601 602 sunt:
622 576 652 599 et
671 568 764 598 etiam
783 576 863 606 quae
882 566 998 605 loquor
1016 563 1054 593 ab
1074 563 1140 592 alus
1159 570 1276 600 accepi,

221 633 235 648 >›
258 627 293 651 ut
322 619 524 658 antiquorum
554 614 741 653 scriptorum
772 609 914 640 historias
945 614 1062 637 veteres
1086 605 1277 655 ann-alesque

221 677 235 692 »
258 664 419 704 replicans,
439 659 559 700 possim
580 656 668 698 quasi
693 656 731 685 de
754 653 871 693 ingenti
890 659 980 692 prato
1007 650 1153 700 opusculi
1178 654 1275 678 nostri

221 721 235 735 >v
259 715 408 738 coronam
422 711 531 734 texere.
548 701 731 739 Omnesque
749 698 843 737 igitur
861 697 969 734 libros,
984 695 1038 735 qui
1057 704 1090 724 m
1105 694 1166 742 hoc
1181 701 1276 732 opere

221 766 236 780 »
258 752 439 790 allegantur,
459 757 509 776 me
527 745 639 775 vidisse
658 753 724 773 non
743 742 888 778 arbitror3
908 740 962 770 sed
983 738 1218 787 quamplurima
1238 736 1276 765 de

221 809 235 823 »
257 793 393 833 allegatis
416 790 488 821 alibi
511 789 583 819 inde
607 786 720 818 extraxi
744 793 774 816 et
796 785 870 815 huic
892 783 998 814 libello
1022 782 1186 831 applffcm'.
1201 780 1275 809 Ideo

220 853 234 867 ⁷>
257 837 363 869 omnia
387 842 454 872 tuo,
473 834 580 871 lector,
601 837 795 862 reservantur
821 828 966 865 examini,
993 833 1028 857 ut
1046 826 1101 856 tibi
1126 833 1227 854 maior
1246 830 1276 853 et

219 896 233 911 »
255 881 365 912 iustior
380 877 564 917 corrigendi,
584 885 680 916 quam
699 874 776 904 mihi
796 872 948 904 scribendi
967 870 1065 911 gloria
1080 869 1273 909 praebeatur.

218 940 233 955 »
256 926 326 963 Sed,
338 931 373 954 ut
387 923 428 953 ait
443 922 559 952 Seneca
573 920 671 960 Epist.
692 928 819 956 Lxxxiv,
842 917 1068 955 Quaecumque
1093 923 1134 944 ex
1147 913 1275 963 diversa

218 985 232 999 »
255 971 387 1000 lectione
401 966 618 1007 congessimus
640 972 793 1003 separare
815 961 981 992 debemus:
1002 959 1115 989 melius
1129 967 1212 988 enim
1227 957 1274 987 ἀι-

217 1028 232 1043 »
253 1015 367 1045 stincta
396 1015 577 1042 servantur.
603 1009 677 1038 Ideo
711 1014 745 1037 ut
775 1005 905 1036 dicenda
935 1004 1048 1033 melius
1084 1002 1274 1051 elucescant,

216 1072 230 1087 »
253 1056 450 1098 praemittam
470 1053 712 1090 distinctionem,
728 1061 783 1091 per
806 1049 963 1080 ordinatas
984 1046 1140 1087 alphabeti
1159 1046 1275 1076 htteras

216 1116 230 1130 >›
254 1109 283 1132 et
307 1100 441 1141 capitula
463 1097 647 1128 incedendo.
666 1109 680 1123 »
708 1132 710 1134 ¹
1066 1136 1071 1142 ⁴
1123 1136 1128 1142 ¹
1248 1135 1253 1140 ¹

280 1146 382 1176 Verba
404 1143 470 1180 illa,
501 1142 603 1172 Variis
630 1141 732 1181 igitur
759 1136 1016 1178 occupationibus
1043 1145 1089 1165 sic
1117 1145 1149 1165 in
1181 1144 1274 1185 curia

214 1191 386 1221 distractus
408 1197 496 1224 sum,
522 1185 630 1216 Ioanni
659 1185 697 1214 de
721 1183 880 1214 Columna
909 1181 1044 1211 maxime
1071 1185 1272 1210 conveniunt.

215 1235 243 1265 Is
261 1235 437 1264 Messanam
456 1231 488 1261 in
508 1229 610 1260 Sicilia
628 1238 712 1258 anno
737 1228 816 1257 1255
840 1227 878 1256 ab
900 1225 1078 1256 Alexandro
1095 1225 1136 1255 IV
1159 1224 1274 1254 missus

216 1285 261 1309 est
283 1276 557 1316 ArchiepiscopuS,
586 1273 715 1303 testibus
740 1271 898 1302 Bernardo
923 1268 1097 1306 Guidonis,
1123 1268 1274 1299 Conrado

198 1333 201 1334 ⁷
244 1321 380 1358 ratiadei,
402 1320 530 1350 Thoma
553 1316 677 1347 Fazello
696 1316 835 1356 aliisque.
870 1314 985 1344 Turbis
1010 1313 1115 1344 excitis
1138 1313 1274 1344 Manfre-

214 1367 339 1404 dorum,
350 1366 487 1395 Romam
501 1362 607 1402 ipsum
622 1360 778 1401 repetiisse
786 1364 861 1399 post
874 1363 991 1398 septem
1007 1368 1131 1388 menses
1158 1358 1274 1388 Echar-

215 1411 291 1442 chus
315 1408 453 1440 coniicit:
485 1406 539 1437 sed
565 1406 649 1446 apud
672 1404 836 1435 Rocchum
859 1403 983 1433 Pirrum
1014 1410 1044 1433 et
1071 1402 1274 1433 Antoninum

213 1454 425 1494 Mongitorem
439 1452 471 1482 in
487 1451 589 1482 Sicilia
611 1459 694 1480 sacra
708 1448 851 1488 legimus,
874 1447 1015 1487 primum
1034 1447 1173 1487 lapidem
1195 1454 1274 1478 tem-

212 1499 256 1540 pli
279 1499 311 1529 in
334 1498 489 1528 honorem
520 1494 616 1526 sancti
635 1492 793 1524 Dominici
815 1492 848 1522 in
871 1492 944 1522 Ioco
969 1491 1024 1532 qui
1049 1491 1162 1522 dicitur
1180 1493 1273 1523 Mon—

211 1543 331 1574 ticellus
353 1553 370 1572 a
390 1542 506 1571 Ioanne
525 1546 633 1570 nostro
653 1547 736 1567 anno
762 1538 842 1576 1259
865 1536 1007 1576 positum
1027 1536 1132 1566 fuisse.
1151 1537 1274 1567 Romae

214 1587 401 1618 consistebat
414 1586 464 1615 ille
480 1594 563 1614 anno
588 1594 597 1612 1
607 1583 679 1620 263,
695 1591 760 1622 quo
775 1581 807 1611 in
822 1580 951 1611 ecclesia
972 1591 996 1611 s,
1013 1580 1146 1611 Sabinae
1159 1582 1275 1612 Altare

213 1632 256 1662 ad
277 1632 426 1662 honorem
451 1629 533 1659 beati
561 1627 648 1657 Petri
673 1626 837 1666 Martyris
868 1625 976 1655 divino
995 1625 1128 1656 Numini
1152 1636 1274 1657 nuncu-

213 1682 323 1716 patum
342 1674 400 1704 fuit
417 1683 480 1713 per
497 1673 602 1712 ipsum
627 1670 837 1701 venerabilem
859 1675 988 1710 patrem
1005 1669 1153 1711 fratrem
1178 1671 1274 1702 Ioan-

214 1730 283 1751 nem
298 1719 337 1750 de
358 1718 514 1748 Columna
528 1715 805 1755 Archiepiscopum
832 1715 1084 1752 Messanensem,
1113 1715 1273 1747 Vicarium

213 1770 288 1795 tunc
310 1763 458 1803 temporis
479 1761 521 1791 D.
545 1761 652 1800 Papae
669 1759 793 1789 Urbani
807 1757 889 1801 (lV).
911 1758 1126 1799 Epigraphem
1141 1767 1276 1800 praestat

212 1807 393 1839 Vincentius
412 1805 508 1836 Maria
527 1805 670 1834 Fontana
688 1803 720 1833 in
745 1803 883 1834 neutro
893 1804 1116 1835 Dominicano.
1141 1805 1275 1837 Vacasse

212 1853 442 1883 Messanensem
465 1848 637 1880 Ecclesiam
662 1858 749 1878 anno
779 1849 872 1887 1264,
891 1858 912 1878 v
938 1848 1004 1879 kal.
1033 1849 1124 1887 iulii,
1153 1857 1276 1882 constat

211 1907 247 1927 ex
271 1894 484 1926 monumentis
507 1892 605 1923 allatis
629 1903 647 1922 a
665 1892 796 1923 Roccho
820 1892 924 1923 Pirro:
945 1903 1049 1934 neque
1072 1900 1178 1924 tamen
1201 1905 1276 1926 con-

211 1947 270 1972 stat
288 1947 362 1971 tunc
385 1938 508 1969 mortali
532 1937 596 1968 fato
620 1937 766 1967 functum
790 1936 886 1967 fuisse
911 1938 1081 1976 Ioannem;
1101 1948 1210 1979 quem,
1230 1940 1276 1970 di-

211 1985 312 2015 missis
340 1983 445 2014 infulis
468 1981 737 2019 Messanensibus,
762 1981 884 2012 Romae
913 1982 1061 2023 deinceps
1089 1983 1275 2023 perstitisse,

210 2030 295 2060 haud
317 2028 393 2058 levis
416 2027 531 2058 laudati
550 2026 684 2057 Echardi
704 2025 884 2057 coniectura
904 2033 958 2057 est.
980 2027 1030 2057 En
1052 2027 1148 2067 igitur
1170 2028 1276 2060 virum

212 2074 363 2104 habemus
386 2072 512 2113 qualem
536 2081 567 2101 se
591 2070 695 2111 prodit
726 2077 836 2101 auctor
864 2070 933 2101 libri
965 2071 1005 2101 de
1035 2071 1117 2103 Viris
1141 2073 1275 2105 illustri-

211 2118 283 2155 bus,
313 2127 378 2158 quo
402 2117 440 2146 de
463 2115 602 2155 agimus,
634 2116 734 2146 variis
764 2115 1025 2156 occupationibus
1054 2117 1087 2146 in
1112 2119 1205 2149 curia
1228 2119 1275 2150 di-

210 2167 373 2193 stractum.
399 2161 561 2191 Accedunt
583 2159 636 2190 illa
659 2159 754 2190 etiam
776 2160 887 2199 verba,
913 2161 1120 2201 antiquorum
1144 2164 1276 2204 scripto—

211 2217 282 2237 rum
297 2206 446 2236 historias
460 2205 655 2245 annalesque
669 2205 843 2244 replicans;
857 2214 939 2246 quae
953 2204 1045 2236 sicuti
1059 2205 1164 2236 virum
1178 2207 1276 2239 histo-

210 2251 325 2281 riarum
345 2249 449 2280 studio
468 2249 603 2279 maxime
622 2249 783 2280 addictum
803 2249 971 2287 declarant,
991 2249 1034 2280 ita
1050 2250 1124 2281 satis
1139 2251 1276 2284 indicare

209 2295 353 2325 videntur
367 2295 518 2324 Ioannem
532 2294 570 2323 de
586 2293 747 2324 Columna
770 2293 909 2325 chronici
925 2294 1167 2335 compilatorem
1187 2299 1275 2339 quod

211 2339 386 2370 inscribitur
408 2339 504 2368 Mare
526 2338 744 2369 historiarum.

276 2383 350 2413 Pars
386 2382 486 2423 prima
517 2382 586 2413 libri
618 2382 658 2413 de
696 2382 778 2414 Viris
811 2383 990 2415 illustribus
1003 2407 1013 2422 ,
1054 2386 1276 2426 complectitur

211 2427 350 2458 ethnicos
374 2427 482 2458 ordine
506 2426 710 2467 alphabetico.
732 2427 813 2458 Sunt
835 2438 910 2458 vero

209 2516 448 2547 Anaximander.
738 2516 879 2556 Appion.

209 2560 427 2591 Anaximenes.
739 2561 896 2592 Arinicius
916 2559 951 2603 (f.
968 2561 1165 2605 Arinasius).

209 2605 404 2635 Anacharsis.
738 2605 819 2636 Bias.

210 2651 419 2688 Anaxagoras.
739 2650 882 2680 Basilius.

210 2693 369 2724 Aristides.
739 2695 882 2725 Bocorus
901 2693 938 2737 (f.
955 2695 1133 2739 Boccoris).

209 2737 392 2768 Archesilas.
739 2739 864 2770 Brutus.

210 2781 398 2822 Aristippus.
740 2783 844 2814 Chilo.

210 2828 334 2856 Aratus.
741 2827 925 2859 Cleobolus.

210 2870 419 2901 Antisthenes.
741 2871 860 2903 Crates.

210 2914 406 2954 Archilogus.
742 2916 949 2957 Chrysippus.

211 2958 395 2989 Alcibiades.
742 2960 928 2992 Carneades.

211 3002 362 3033 Architas.
742 3004 834 3036 Cato.

214 3047 422 3078 Anaxarchus.
742 3048 852 3080 Curio.

212 3090 383 3130 Antipater.
743 3093 878 3125 Caelius.

213 3134 402 3165 Aristoteles.
742 3138 951 3170 Democritus.

213 3179 445 3209 Anaxtomanes
469 3178 664 3223 (Mendum).
743 3182 982 3214 Demosthenes

213 3222 377 3262 Apuleius.
741 3226 909 3266 Diogenes

216 3266 451 3297 Archimenides
485 3265 528 3309 (f.
557 3270 718 3300 Archime-
742 3271 861 3301 Dernas
881 3270 916 3313 (f.
936 3271 1081 3315 Demus).

279 3308 359 3353 des).
743 3315 913 3346 Diodorus.

212 3354 446 3386 Athenodorus.
742 3359 930 3390 Demetrius.

213 3398 413 3438 Apollonius.
745 3403 966 3435 Demochares

214 3442 332 3473 Actius.
742 3447 959 3479 Demarachus
982 3447 1018 3491 (f.
1030 3449 1252 3494 Demaratus).

215 3486 353 3517 Aetalius
373 3485 408 3528 (f.
428 3488 595 3532 Aethlius).
747 3491 914 3532 Didymus.

214 3529 351 3561 Ariston.
743 3535 879 3576 Esopus.

214 3572 342 3603 Asinius
364 3574 476 3606 Pollio.
742 3579 956 3619 Epimenides.

214 3616 377 3648 Albucius.
744 3623 900 3654 Euclides.

934 262 1392 304 DISSERTATIONES
1422 259 1669 297 CRITICAE

1331 339 1491 369 Eschines.
1869 335 2037 366 Philemon
2053 334 2073 376 (
2069 336 2166 367 alter:
2178 347 2218 367 an
2230 338 2407 382 Polemon).

1331 382 1551 422 Empedocles.
1869 380 2076 410 Ptolomaeus
2094 381 2331 423 Philadelphus.

1331 427 1507 466 Euripides.
1869 424 2051 454 Parmecius
2071 423 2125 467 (an
2143 426 2395 471 Parmeniscus).

1332 471 1498 510 Euripides
1523 469 1691 500 Cretensis.
1871 468 2090 500 Possidonius.

1331 515 1494 544 Eraclitus.
1871 512 2038 543 Pacubius.
2061 513 2265 557 (Pacuvius).

1870 557 2011 587 Plautus.

1869 601 1962 632 Philo
1988 602 2132 633 Iudaeus.

1869 646 2061 677 Pescennius
2087 648 2209 678 Festus.

1872 691 2041 731 Perpecius
2061 690 2283 735 (Perpetuus).

1870 735 2095 772 Quintilianus.

1870 779 2010 817 Quintus
2035 780 2174 812 Curtius.

1332 559 1497 598 Epicurus.

1331 603 1466 632 Emnius
1491 600 1661 643 (Ennius).

1331 647 1494 686 Egesilaus
1518 645 1735 687 (Agesilaus).

1331 691 1505 721 Eudoxius.
1744 709 1756 721 ι

1331 735 1494 765 Ferecides
1514 733 1759 776 (Pherecydes).

1331 779 1488 810 Fabianus
1512 779 1676 820 PapyriuS.

1331 824 1474 863 Gorgias.
1871 824 2047 856 Secundus.

1331 868 1479 899 Galenus.
1869 868 1981 899 Solon.

1330 914 1502 943 Homerus.
1869 913 2022 944 Socrates.

1330 957 1508 987 Heschilus.
1868 957 2059 989 Simonides.

1330 1001 1500 1032 Hesiodus.
1869 1002 1981 1042 Stilpo.

1330 1046 1511 1076 Heumerus
1531 1043 1576 1087 (f.
1599 1046 1767 1084 Eumelus,
1790 1057 1845 1077 seu
1870 1047 2056 1087 Sophocles.

1396 1089 1593 1133 Eumoeris).
1867 1091 2077 1132 Speusippus.

1330 1135 1474 1165 Hermes.
1870 1136 2003 1167 Sextius.

1330 1180 1513 1220 Hystaspes.
1870 1181 2047 1212 Sallustius.

1329 1224 1556 1255 Heresistratus
1574 1223 1840 1268 (Erasistratus).
1865 1226 2012 1256 Scaurus.

1330 1268 1428 1299 Iulius
1447 1268 1573 1300 Caesar.
1868 1270 2033 1311 Serapion.

1330 1313 1428 1344 Iulius
1453 1313 1565 1344 Celsus
1594 1314 1649 1356 (an
1669 1314 1717 1344 M.
1732 1315 1846 1346 Livius
1869 1315 1998 1346 Seneca.

1399 1356 1537 1400 Celsus).
1869 1360 1974 1391 Sixtus
1998 1360 2130 1401 Pythag.

1330 1402 1496 1433 luvenalis
1871 1405 1998 1436 Thales.

1330 1447 1517 1478 Kalistratus
1536 1446 1793 1490 (Callistratus).
1869 1449 2112 1481 Themistocles.

1329 1491 1505 1522 Kalistenes
1524 1490 1785 1534 (Callisthenes).
1868 1494 2121 1535 Theophrastus.

1330 1536 1452 1567 Kanius
1471 1534 1641 1579 (Canius).
1869 1538 2048 1570 Terentius.

1869 1583 1913 1614 M.
1934 1583 2061 1614 Tullius
2080 1582 2205 1614 Cicero.

1871 1627 1965 1658 Titus
1989 1627 2174 1668 Vespasiani
2198 1627 2220 1659 f.

1330 1582 1504 1622 Lycurgus.

1330 1625 1459 1656 Lucius.

1330 1670 1506 1701 Lucretius.
1869 1671 1963 1702 Titus
1987 1672 2107 1703 Livius.

1330 1715 1490 1745 Lucanus.
1869 1716 2073 1747 Theodorus.

1330 1760 1461 1800 Mysson
1477 1757 1547 1801 (seu
1563 1760 1715 1798 Miccion,
1728 1765 1759 1790 et
1778 1760 1842 1790 Mi·
1866 1761 2004 1792 Taurus.

1396 1802 1532 1844 schion).
1871 1805 2073 1846 Timagenes.

1330 1847 1512 1878 Menander.
1869 1850 1998 1890 Trogus
2021 1849 2207 1890 Pompeius.

1330 1893 1504 1923 Maecenas,
1539 1913 1542 1916 -
1870 1894 1980 1926 Varro.

1330 1937 1458 1968 Marius.
1870 1939 2030 1979 Virgilius.

1330 1982 1438 2013 Numa
1455 1980 1644 2022 Pompilius.
1871 1983 1966 2014 Titus
1985 1983 2160 2015 Lucretius.

1330 2026 1486 2066 Nigidius.
1871 2027 2015 2059 Valerius
2038 2028 2208 2060 Maximus.

1330 2070 1509 2112 orphaeus.
1869 2072 2030 2103 Victorius
2049 2070 2104 2115 (an
2125 2071 2312 2116 Vestorius).

1331 2115 1475 2146 Ovidius.
1871 2117 2075 2148 Xenocrates.

1330 2160 1478 2191 Pittacus.
1870 2161 2095 2202 Xenophanes.

1329 2204 1506 2235 Periander.
1871 2205 2065 2247 Xenophon.

1330 2249 1511 2290 Pytagoras.
1870 2251 1999 2292 Xystus.

1330 2293 1473 2324 Pericles.
1872 2295 2038 2326 Ysocrates
2058 2293 2265 2338 (Isocrates).

1329 2338 1550 2379 Prothagoras.
1870 2340 2067 2380 Yppocrates
2092 2337 2354 2382 (Hippocrates).

1329 2382 1430 2414 Plato.
1868 2385 2046 2415 Zoroaster.

1329 2427 1484 2458 Plotinus.
1867 2429 1956 2459 Zeno
1976 2429 1999 2460 1.

1329 2471 1491 2502 Phaedon.
1872 2473 1961 2504 Zeno
1982 2473 2018 2504 Il.

1330 2516 1510 2547 Philemon.
1870 2518 1958 2548 Zeno
1979 2517 2031 2548 111.

1398 2582 1542 2623 Explicit
1565 2582 1645 2614 liber
1674 2583 1715 2614 de
1744 2583 1827 2615 Viris
1851 2584 2031 2615 illustribus
2054 2584 2235 2626 infidelibus
2262 2584 2368 2627 editus
2389 2595 2411 2616 a

1321 2626 1438 2668 fratre
1453 2627 1577 2658 Ioanne
1590 2627 1631 2658 de
1648 2627 1808 2659 Columna
1827 2628 1960 2660 Ordinis
1963 2628 2117 2670 fratrum
2132 2629 2411 2661 Hae-dicatorum.

1399 2695 1474 2725 Pars
1505 2695 1599 2726 altera
1623 2695 1718 2727 Viros
1742 2696 1878 2727 illustres
1909 2696 2096 2728 christianos
2125 2696 2267 2728 continet
2294 2697 2411 2728 eodem

1333 2739 1444 2770 ordine
1468 2739 1667 2780 alphabetico
1692 2740 1873 2772 recensitos.

1332 2805 1494 2837 Aristides.
1871 2806 2024 2838 Asterius.

1331 2849 1474 2890 Agrippa
1497 2849 1621 2882 Castor.
1871 2851 2015 2883 Achilius
2034 2851 2227 2894 (Aquilius).

1331 2894 1536 2934 Apollinaris.
1872 2895 2030 2927 Achacius
2050 2894 2232 2937 (Aeacius).

1331 2938 1525 2979 Apollinaris
1546 2939 1647 2970 Laod.
1873 2940 2014 2981 Appion.

1331 2983 1537 3015 Ammonius.
1870 2985 2058 3023 Arabianus

1331 3027 1517 3059 Alexander.
1870 3029 2083 3070 Asclepiades-

1331 3072 1508 3112 Agatholus
1528 3070 1743 3116 (Anatolius).
1867 3074 2057 3105 Antiochus.

1330 3117 1520 3148 Ambrosius
1544 3117 1716 3149 Diaconus.
1869 3118 2082 3159 Asclepiades.

1870 3163 2050 3194 Antiochus
2073 3162 2110 3194 E.

1869 3207 2069 3248 Augustinus
2093 3206 2169 3247 Hip.

1330 3161 1521 3192 Ambrosius
1543 3161 1633 3193 Alex.

1330 3205 1520 3236 Ambrosius
1543 3206 1673 3238 Mediol.

1330 3250 1513 3282 Archelaus.
1868 3253 1992 3283 Arator.

1330 3294 1502 3326 Arnobius.
1867 3296 2032 3328 Alcuinus.

1330 3339 1532 3371 Athanasius.
1869 3341 2041 3372 Anselmus
2069 3340 2220 3373 Cantuar.

1400 3415 1414 3433 t
1437 3406 1585 3438 Albertus
1615 3406 1838 3438 Theutonicus
1868 3407 1907 3438 de
1936 3407 2057 3439 Ordine
2081 3407 2214 3439 fratrum
2242 3406 2405 3438 Praedica-

1333 3462 1347 3477 ι
1371 3456 1496 3490 torum,
1520 3451 1568 3482 vir
1591 3451 1768 3483 excellentis
1791 3451 1909 3492 ingenii
1933 3451 2002 3483 fuit.
2026 3452 2088 3483 Hic
2111 3462 2130 3483 a
2153 3451 2288 3493 pueritia
2310 3451 2405 3483 Ordi-

1333 3506 1358 3528 »,
1370 3504 1445 3525 nem
1459 3495 1717 3527 Praedicatorum
1735 3496 1871 3535 intravit,
1885 3496 1919 3527 in
1933 3506 2000 3538 quo
2014 3496 2048 3527 in
2067 3496 2157 3527 omni
2174 3496 2256 3527 vitae
2270 3495 2405 3536 puritate

1334 3550 1348 3566 ι
1371 3538 1550 3579 proficiens,
1570 3540 1625 3571 diu
1645 3547 1808 3582 noctuque
1831 3541 1938 3572 studio
1957 3547 1989 3572 et
2007 3540 2143 3572 orationi
2163 3540 2304 3579 vacabat,
2323 3540 2404 3571 adeo

1333 3594 1348 3610 ›
1371 3590 1407 3614 ut
1430 3583 1510 3614 infra
1528 3585 1621 3616 breve
1639 3592 1767 3626 tempus
1781 3585 1862 3616 inter
1876 3585 1989 3616 doctos
2008 3585 2104 3616 etiam
2122 3584 2325 3616 doctissimus
2343 3594 2405 3615 suo

1334 3639 1348 3653 »
1371 3634 1515 3668 tempore
1546 3629 1728 3661 habebatur.
1758 3630 1865 3667 Quare
1894 3629 2019 3660 Parisiis
2049 3629 2207 3660 honorem
2234 3628 2404 3670 magisterii
