2788 4204
342 238 412 284 196

921 235 1304 272 POSTERIORUM
1333 235 1762 273 ANALYTICORUM
1790 237 1884 273 LIB.
1917 238 1930 272 I

937 466 1237 522 LECTIo
1275 450 1912 546 DECIMA'QUINTA

658 611 1142 653 DEMONSTRATIO
1177 612 1306 652 NON
1339 613 1576 656 POTEST
1610 615 1916 657 TRANSIRE
1949 617 2033 657 DE
2062 617 2189 658 UNO

1001 690 1087 730 AD
1122 690 1312 731 ALIUD
1349 691 1552 732 GENUS
1586 692 1972 735 EXTRANEUM

331 831 397 864 Οὐκ.
425 829 488 872 ἄρα
515 827 605 859 ἔστιν
632 825 666 866 ἐξ
694 825 797 857 ἄλλου
823 825 937 871 γένους
957 823 1166 869 μεταβάντα
1183 821 1306 867 δεῖξαι,
1326 827 1394 859 οἱον

398 874 438 906 τὸ
463 871 685 918 γεωμετρικὸν
715 870 930 914 ἀριθμητικῇ.

331 922 411 951 Τοία
436 917 499 963 γάρ
527 917 600 948 ἐστι
626 915 673 947 τά
699 915 731 945 ἐν
758 919 832 952 ταῖς
861 910 1084 955 ἀποδείξεσιν,
1106 916 1138 947 ἓν
1157 915 1215 959 μὲν
1242 916 1282 948 τό
1311 916 1396 947 ἀπο-

358 952 363 965 ⁴
396 958 606 1005 δεικνύμενον
633 960 673 991 τὸ
698 959 940 1003 συμπέρασμα·
961 961 1067 992 τοῦτο
1085 955 1114 991 δ’
1139 960 1210 993 ἐστὶ
1230 960 1271 993 τὸ
1290 960 1396 1005 ὑπάρ-

395 1018 455 1052 χον
480 1006 568 1054 γένει
591 1007 655 1036 τινὶ
672 1003 746 1035 καθ’
771 1004 872 1036 αὐτό·
901 1006 933 1036 ἓν
951 999 988 1036 δὲ
1006 1005 1054 1036 τά
1073 1003 1268 1047 ἀξιώματα·
1298 1004 1396 1045 ἀξιώ-

396 1063 493 1096 ματα
518 1045 548 1080 δ’
578 1050 669 1082 ἐστὶν
696 1048 730 1089 ἐξ
755 1049 811 1080 ὦν·
839 1051 954 1093 τρίτον
981 1049 1021 1081 τὸ
1044 1049 1139 1094 γένος
1158 1050 1199 1082 τὸ
1218 1051 1395 1093 ὑποκείμε-

396 1108 471 1136 νον,
501 1095 537 1127 οὗ
563 1093 610 1126 τά
634 1093 725 1130 πάθη
758 1096 815 1125 καὶ
843 1094 890 1126 τά
912 1092 986 1125 καθ’
1026 1094 1120 1126 αὐτοὶ
1151 1095 1394 1138 συμβεβηκότα

395 1137 494 1178 δηλοῖ
519 1141 539 1176 τ’)
567 1133 751 1179 ἀπόδειξις.

323 1188 380 1230 Ἐξ
405 1186 446 1217 ὠν
473 1185 530 1228 μέν
557 1181 614 1215 οὖν
640 1184 660 1219 ἡ
690 1179 874 1223 ἀπόδειξις,
903 1178 1080 1227 ἐνδέχεται
1106 1183 1153 1215 τοὶ
1179 1183 1272 1215 αὐτοὶ
1294 1181 1392 1215 εἶναι·

395 1232 436 1263 ὠν
462 1226 499 1262 δὲ
526 1229 566 1261 τὸ
591 1227 685 1272 γένος
713 1226 839 1271 ἕτερον,
858 1227 967 1271 ὥσπερ
991 1227 1211 1271 ἀριθμητικῆς
1237 1231 1293 1259 καὶ
1313 1241 1393 1274 γεω-

395 1277 545 1321 μετρίας,
575 1274 633 1305 οὐκ
660 1272 732 1305 ἔστι
758 1272 821 1308 τήν
849 1271 1072 1316 ἀριθμητικήν
1096 1269 1269 1313 ἀπόδειξιν
1296 1273 1395 1317 ἐφαρ-

395 1320 498 1365 μόσαι
524 1320 578 1351 ἐπὶ
605 1317 651 1350 τοὶ
676 1321 746 1354 τοῖς
773 1315 928 1362 μεγέθεσι
954 1316 1208 1360 συμβεβηκότα,
1229 1318 1256 1348 εὶ
1274 1318 1320 1361 μή
1347 1318 1394 1350 τά

395 1364 517 1411 μεγέθη
546 1362 675 1406 ἀριθμοί
702 1362 777 1392 εἰσι·
804 1362 911 1393 τοῦτο
935 1356 963 1392 δ’
994 1361 1035 1397 ὠς
1062 1357 1237 1394 ἑνδέκεται
1264 1363 1318 1394 ἐπί
1344 1374 1393 1395 τι-

395 1422 470 1450 νων,
490 1408 627 1452 ὕστερον
644 1404 867 1450 λεχθήσεται.
887 1406 929 1436 Ἡ
945 1400 973 1436 δ’
998 1406 1018 1438 οἱ
1040 1405 1200 1449 ιθμητικῆ
1221 1401 1392 1447 ἀπόδειξις

398 1456 448 1487 ἀεὶ
475 1454 543 1498 ἔχει
570 1452 610 1484 τὸ
635 1452 729 1497 γένος
757 1453 829 1495 περὶ
857 1451 872 1482 ὃ
899 1451 919 1486 ἡ
948 1417 1132 1492 abroget-fite,
1152 1452 1210 1482 καὶ
1229 1454 1262 1482 αἱ
1290 1451 1392 1483 ἄλλαι

397 1501 528 1543 ὁμοίως.

321 1545 423 1577 ’Ὥστε
449 1542 470 1579 ’ἢ
498 1542 611 1577 άπλῶς
640 1539 770 1584 ἀνάγκη
805 1539 845 1571 τὸ
877 1539 964 1571 αὐτὸ
990 1537 1075 1572 εἶναι
1100 1538 1195 1585 γένος
1222 1538 1242 1576 ἦ
1269 1541 1337 1582 πῇ,
1365 1540 1392 1571 εἰ

395 1588 508 1633 μέλλει
534 1587 554 1622 η
582 1580 753 1625 ἀπόδειξις
773 1583 1004 1628 μεταβαίνειν.
1025 1585 1152 1621 ’Ἄλλως
1178 1578 1206 1614 ’δ’
1237 1583 1290 1617 ὅτι
1313 1579 1391 1617 ἀδύ-

375 1644 512 1672 -νατον,
539 1627 655 1667 δῆλοψ

329 1679 366 1711 ἐκ.
390 1677 453 1724 γάρ
481 1677 542 1709 τοῦ
569 1675 676 1707 αὐτοῦ
694 1673 809 1719 γένους
831 1672 961 1719 ἀνάγκη
989 1673 1036 1706 τά
1062 1673 1147 1718 ἄκρα
1164 1676 1221 1705 καὶ
1241 1673 1288 1705 τοὶ
1304 1673 1392 1717 μέσα

394 1719 490 1753 εἶναι.
519 1721 555 1751 Εἰ
581 1719 645 1765 γάρ
671 1718 716 1762 μή
741 1716 816 1750 καθ’
847 1717 953 1758 αὐτά,
973 1717 1215 1760 συμβεβηκότα
1235 1717 1344 1750 ἔσται.

329 1768 391 1800 Διά
415 1767 521 1798 τοῦτο
540 1766 584 1807 τῇ
602 1765 792 1810 γεωμετρίᾳ
819 1762 878 1793 οὐκ.
903 1761 977 1794 ἔστι
1003 1758 1112 1804 δεῖξαι
1143 1762 1196 1795 ὅτι
1215 1763 1280 1794 τῶν
1300 1763 1395 1795 ἐναν-

396 1814 474 1843 τίων
501 1812 561 1854 μία
587 1807 775 1850 ἑπιστημη,
805 1807 878 1838 ἀλλ’
909 1802 976 1838 οὐδ’
1009 1807 1062 1839 ὅτι
1090 1811 1118 1839 οἱ
1143 1803 1205 1839 δύο
1222 1806 1394 1847 κύβοικύ-

396 1856 464 1896 βος·
493 1849 561 1886 οὐδ’
599 1853 684 1895 ἄλλῃ
718 1850 892 1894 ἐπιστήμῃ
926 1852 967 1884 τὸ
1002 1852 1141 1896 ἐτέρας,
1179 1852 1251 1884 ἀλλ’
1282 1851 1303 1887 ἦ
1330 1850 1393 1884 ὅσα

398 1899 503 1937 οὕτως
536 1898 605 1943 ἔχει
641 1896 719 1939 πρὸς
754 1897 887 1933 ἄλληλα
917 1895 996 1928 ὥστ’
1033 1894 1118 1929 εἶναι
1151 1895 1293 1940 θάτερον
1328 1896 1393 1928 ὑπὸ

396 1943 558 1987 θάτερον,
594 1942 661 1973 οἷον
687 1941 735 1973 τα
764 1937 893 1973 ὅπτικά
918 1941 997 1986 πρὸς
1030 1944 1238 1987 γεωμετρίαν
1263 1942 1320 1972 καὶ
1346 1941 1394 1973 τά

398 1987 561 2033 ἁρμονικοὶ
586 1986 664 2028 πρὸς
693 1985 927 2030 ἀριθμητικήν.

328 2028 405 2065 Οὐδ’
434 2035 463 2065 εἴ
487 2045 520 2065 τι
546 2030 690 2077 ὑπάρχει
725 2034 799 2068 ταῖς
831 2033 1003 2075 γραμμαῖς
1029 2029 1075 2074 μή
1103 2030 1123 2071 ᾖ
1148 2031 1302 2075 γραμμαὶ
1334 2031 1392 2061 καὶ

397 2077 418 2120 ’ᾗ
442 2078 478 2109 ἐκ
504 2077 569 2110 τῶν
604 2076 712 2120 ἀρχῶν
739 2076 804 2107 τῶν
838 2071 950 2115 ἰδίων,
987 2075 1055 2106 οἷον
1081 2075 1108 2105 εἰ
1132 2076 1300 2110 καλλίστη
1327 2075 1392 2106 τῶν

394 2122 555 2168 γραμμῶν
588 2121 608 2155 ’ἡ
641 2119 754 2152 εὐθεῖα
779 2118 800 2156 ἦ
826 2120 854 2151 εἱ
887 2120 1047 2156 ἐναντίως
1082 2119 1150 2164 ἔχει
1186 2119 1230 2160 τῇ
1264 2129 1393 2163 περιφε-

395 2169 478 2210 ρείᾳ·
507 2165 544 2197 οὗ
569 2164 633 2209 γάρ
661 2165 682 2206 ’ᾗ
700 2165 740 2198 τὸ
764 2159 848 2196 ἴδιον
867 2163 961 2210 γένος
984 2164 1112 2204 αὐτῶν,
1137 2162 1294 2208 ὑπάρχει,
1317 2163 1389 2195 ἀλλ’

397 2210 418 2252 ᾗ
441 2209 552 2242 κοινόν
578 2220 623 2240 τι.

388 2314 536 2341 SYNOPsts.
554 2329 588 2333 —
611 2322 633 2340 1.
656 2313 867 2349 Argumentum
895 2318 922 2339 et
943 2310 1044 2338 divisio
1066 2317 1167 2338 textus.
1183 2328 1203 2332 -
1218 2318 1244 2338 2.
1267 2312 1396 2338 Demon-

328 2353 426 2381 stratio
442 2360 483 2381 est
505 2362 538 2380 ex
553 2352 596 2380 his
618 2361 691 2389 quae
714 2357 780 2379 sunt
800 2360 851 2387 per
872 2360 916 2386 se3
939 2360 1007 2387 ergo
1023 2350 1052 2378 in
1067 2350 1313 2378 demonstratione
1335 2359 1396 2379 non

328 2399 423 2429 potest
444 2393 504 2420 fieri
525 2391 659 2420 transitus
681 2401 714 2419 ex
735 2400 795 2418 uno
817 2400 921 2427 genere
942 2390 972 2418 in
994 2390 1071 2418 aliud
1093 2400 1197 2427 genus;
1220 2399 1324 2427 nempe
1346 2390 1395 2418 de-

329 2432 500 2460 monstratio
522 2438 564 2459 est
586 2441 618 2459 ex
640 2431 801 2467 propriis.—
814 2431 901 2465 Quod
917 2436 958 2458 est
978 2430 1066 2458 thesis
1088 2436 1115 2458 et
1136 2437 1339 2467 argumentum
1356 2430 1395 2458 le-

329 2471 440 2501 ctionis.
450 2489 469 2494 υ
479 2473 503 2500 3.
519 2473 729 2499 Praenotamen
744 2471 779 2498 de
790 2470 956 2498 necessariis
971 2470 1008 2497 ad
1024 2470 1309 2504 demonstrationem,
1321 2479 1395 2507 quae

329 2512 382 2540 tria
403 2519 481 2539 sunt:
509 2516 573 2546 xum,
596 2509 744 2538 conclusio
766 2509 917 2538 continens
939 2509 968 2537 in
989 2518 1019 2537 se
1040 2509 1069 2537 id
1091 2510 1171 2546 quod
1199 2509 1272 2538 inest
1293 2519 1343 2546 per
1364 2519 1394 2537 se

329 2551 413 2580 alicui
434 2551 545 2588 generi3
568 2555 636 2584 zum,
659 2550 811 2586 dignitates
833 2559 865 2577 ex
892 2549 996 2585 quibus
1017 2550 1227 2577 demonstratio
1248 2549 1394 2585 procedit;

332 2592 398 2626 3⁰⁰¹,
414 2600 503 2628 genus
524 2590 694 2624 subiectum,
716 2589 796 2617 cuius
818 2589 947 2625 proprias
974 2589 1123 2624 passiones
1148 2595 1176 2616 et
1197 2598 1248 2625 per
1269 2598 1299 2617 se
1320 2588 1394 2617 acci-

330 2631 427 2659 dentia
456 2629 664 2658 demonstratio
695 2628 828 2656 ostendit.
846 2638 906 2663 -4.
939 2628 1097 2665 Dignitates
1129 2637 1299 2656 communes
1328 2634 1394 2656 sunt

330 2670 465 2700 omnibus
487 2669 796 2703 demonstrationibus;
825 2668 874 2696 sed
896 2667 1036 2704 principia
1060 2668 1110 2695 uni
1136 2668 1270 2696 scientiae
1292 2667 1394 2696 imme-

330 2710 415 2746 diata,
437 2719 497 2738 non
518 2716 584 2737 sunt
606 2708 773 2737 communia
794 2708 854 2736 aliis
872 2707 1004 2742 scientiis,
1027 2716 1149 2744 quarum
1172 2707 1331 2736 subiectum
1353 2714 1395 2735 est

92 2932 101 2940 '
112 2936 154 2951 nn:
170 2929 279 2951 ostendit.

546 2984 551 2996 ¹
596 2978 651 3006 est
679 2982 724 3006 ex
752 2969 943 3018 principiis
970 2967 1144 3017 propriis,
1175 2980 1254 3004 non
1278 2976 1396 3004 extra-

332 3024 422 3071 neis,
452 3035 576 3072 neque
597 3035 642 3059 ex
662 3021 943 3059 communibus.
974 3022 1023 3058 Et
1047 3020 1224 3058 dividitur
1243 3020 1281 3057 in
1302 3021 1396 3058 duas

331 3085 466 3126 partes:
497 3077 534 3113 in
553 3076 686 3125 prima,
709 3075 871 3112 ostendit
889 3074 994 3123 quod
1018 3074 1290 3111 demonstratio
1310 3086 1397 3123 pro-

333 3130 429 3167 cedit
458 3142 502 3166 ex
529 3129 691 3178 propriis
719 3128 925 3177 principiis;
956 3128 994 3164 in
1014 3127 1192 3173 secunda,
1222 3127 1397 3166 determi-

93 3198 303 3219 unmumsm-p:
333 3192 396 3220 nat
415 3195 512 3231 quae
533 3183 606 3219 sint
627 3183 646 3203 *
673 3181 855 3231 principia
874 3181 1027 3230 propria
1048 3189 1084 3217 et
1103 3193 1201 3229 quae
1222 3193 1396 3217 commu-

94 3226 154 3245 ⁸¹⁴'¹“
333 3236 409 3281 nia;
439 3237 505 3272 ibi:
536 3235 702 3284 Difficile
719 3235 844 3271 a‘utem
867 3235 886 3255 *
915 3242 982 3271 etc.
1013 3234 1140 3270 Prima
1161 3234 1198 3270 in
1218 3233 1328 3271 duas:
1359 3233 1397 3270 in

93 3252 103 3262 ⁸
112 3251 175 3272 Lect.
188 3257 251 3272 xvm.

332 3289 469 3338 prima,
501 3289 663 3325 ostendit
686 3288 790 3336 quod
819 3287 1090 3325 demonstratio
1120 3299 1198 3323 non
1226 3286 1431 3336 procedit*

94 3358 102 3365 ·
122 3355 196 3377 Codd.
217 3363 263 3378 om.
278 3363 304 3378 ο-
334 3354 379 3378 ex
397 3342 587 3391 principiis
603 3341 801 3386 extraneis;
823 3341 861 3377 in
881 3341 1058 3388 secunda,
1076 3339 1271 3377 ostendit*
1291 3339 1406 3387 quo'd·

93 3382 187 3404 stendit.

334 3407 411 3431 non
430 3395 599 3443 procedit
618 3406 662 3431 ex
681 3394 872 3443 principiis
898 3393 1183 3439 communibus;
1206 3393 1273 3430 ibi:
1298 3393 1396 3434 Quo-

386 3533 413 3566 α)
430 3534 502 3559 Dicit
515 3541 579 3566 ergo
590 3533 680 3565 primo
695 3538 741 3558 etc.
750 3546 769 3552 —-
779 3533 860 3558 Codd.
871 3533 935 3564 (exc.
950 3532 998 3565 H):
1019 3532 1082 3557 dicit
1098 3539 1163 3565 ergo
1174 3532 1263 3564 primo
1272 3539 1280 3555 :
1293 3539 1330 3557 ex
1343 3539 1394 3564 quo

333 3569 522 3594 demonstratio
540 3572 579 3594 est
597 3576 634 3593 ex
653 3569 692 3594 his
711 3576 777 3601 quae
795 3571 857 3593 sunt
871 3576 923 3600 per
940 3575 980 3597 se,
1000 3575 1065 3600 ergo
1087 3567 1255 3600 manifestum
1276 3572 1323 3592 etc.
1330 3575 1336 3597 ;
1357 3567 1393 3591 H:

1450 830 1554 861 *Non
1573 841 1647 871 ergo
1674 839 1720 862 est
1744 842 1781 862 ex
1804 833 1866 863 alio
1889 843 2002 872 genere
2023 834 2265 866 descendentem
2289 837 2516 878 demonstrare,

1518 882 1553 905 ut
1576 876 1805 915 geometricum
1827 877 1860 906 in
1884 877 2122 908 arithmeticam.

1450 919 1525 950 Tria
1549 919 1635 949 enim
1651 920 1772 950 suntin
1796 921 2133 952 demonstrationibus:
2158 933 2261 953 unum
2277 924 2408 964 quidem
2432 927 2521 967 quod

1518 964 1762 1002 demonstratur,
1783 965 1962 1003 conclusio;
1982 966 2044 996 hoc
2061 973 2167 997 autem
2183 974 2239 1006 est,
2262 970 2351 1008 quod
2369 970 2451 1000 inest
2466 971 2520 1001 ali-

1517 1009 1568 1039 cui
1591 1009 1696 1049 generi
1726 1019 1782 1049 per
1805 1016 1851 1039 se:
1880 1020 1982 1040 unum
2007 1017 2114 1040 autern
2143 1011 2323 1051 dignitates;
2356 1013 2521 1053 dignitates

1517 1061 1623 1084 autem
1648 1060 1731 1092 sunt,
1762 1064 1798 1084 ex
1821 1054 1937 1094 quibus
1971 1054 2198 1086 demonstratio
2223 1063 2282 1087 est:
2314 1058 2442 1089 tertium
2465 1069 2521 1090 au-

1518 1105 1583 1129 tem
1606 1109 1705 1138 genus
1730 1098 1918 1136 subiectum,
1941 1098 2031 1129 cuius
2055 1099 2227 1139 passiones,
2252 1107 2282 1131 et
2305 1112 2361 1141 per
2384 1112 2417 1133 se
2442 1104 2521 1134 acci-

1518 1143 1623 1173 dentia
1647 1143 1784 1173 ostendit
1808 1143 2046 1173 demonstratio.

1521 1187 1636 1228 quibus
1664 1187 1759 1227 igitur
1787 1187 2013 1217 demonstratio
2037 1186 2087 1229 fit,
2118 1188 2271 1228 contingit
2302 1190 2412 1220 eadem
2436 1198 2521 1230 esse;

1518 1242 1658 1272 quorum
1687 1239 1794 1266 autem
1817 1241 1916 1271 genus
1947 1230 2080 1261 alterum
2110 1239 2170 1271 est,
2201 1233 2281 1264 sicut
2309 1234 2522 1266 arithmeticae

1518 1284 1548 1307 et
1570 1276 1772 1316 geometriae,
1802 1286 1867 1306 non
1898 1283 1943 1306 est
1966 1275 2194 1307 arithmeticam
2218 1278 2523 1310 demonstrationem

1517 1321 1684 1351 convenire
1712 1320 1745 1350 in
1769 1319 2040 1360 magnitudinibus
2064 1321 2252 1360 accidentia,
2282 1322 2342 1352 nisi
2365 1324 2521 1364 magnitu-

1516 1365 1604 1395 dines
1624 1364 1747 1395 numeri
1767 1364 1844 1402 sint;
1869 1364 1930 1395 hoc
1950 1371 2056 1394 autem
2076 1366 2350 1405 quemadmodum
2370 1368 2524 1408 contingit

1515 1409 1547 1439 in
1572 1409 1779 1450 quibusdam,
1809 1408 1965 1448 posterius
1997 1408 2126 1440 dicetur.
2158 1410 2219 1441 Sed
2249 1408 2443 1442 arithmetica
2467 1413 2519 1443 de-

1516 1453 1703 1484 monstratio
1726 1462 1851 1493 semper
1870 1453 1963 1482 habet
1985 1463 2095 1492 genus,
2120 1454 2199 1484 circa
2218 1456 2307 1494 quod
2329 1454 2365 1486 fit
2390 1456 2522 1487 demon-

1515 1498 1634 1536 stratio,
1659 1504 1689 1528 et
1712 1497 1789 1527 aliae
1813 1496 1964 1527 similiter.

1449 1544 1555 1581 Quare
1579 1549 1633 1573 aut
1652 1537 1834 1582 simpliciter
1852 1550 1977 1571 necesse
2001 1547 2047 1571 est
2064 1552 2164 1582 genus
2183 1542 2269 1573 idern
2292 1553 2369 1583 esse,
2390 1551 2444 1576 aut
2467 1545 2522 1584 sic,

1517 1587 1541 1617 si
1566 1587 1658 1617 debet
1682 1586 1908 1617 demonstratio
1933 1587 2128 1617 descendere.
2153 1587 2254 1618 Aliter
2277 1595 2384 1619 autem
2402 1588 2522 1630 impos-

1516 1631 1604 1661 sibile
1629 1641 1695 1661 esse
1718 1630 1923 1661 manifestum
1943 1637 2003 1661 est:

1450 1687 1486 1707 ex
1510 1676 1624 1706 eodem
1647 1675 1733 1705 enim
1756 1684 1868 1714 genere
1900 1684 2024 1705 necesse
2049 1681 2095 1705 est
2118 1675 2230 1705 ultima
2253 1681 2284 1705 et
2311 1675 2415 1706 media
2443 1687 2521 1708 esse.

1516 1720 1548 1750 Si
1572 1729 1711 1760 namque
1735 1729 1801 1749 non
1825 1726 1898 1749 sunt
1921 1729 1978 1759 per
2002 1729 2045 1757 se,
2070 1719 2241 1750 accidentia
2266 1726 2368 1750 erunt.

1449 1766 1582 1805 Propter
1609 1764 1670 1794 hoc
1698 1764 1888 1803 geometriae
1918 1773 1983 1793 non
2013 1770 2059 1793 est
2082 1770 2257 1794 monstrare
2283 1764 2373 1804 quod
2401 1771 2522 1797 contra-

1517 1809 1637 1839 riorum
1661 1808 1772 1838 eadem
1795 1814 1841 1838 est
1865 1807 2008 1845 scientia,
2033 1808 2087 1837 sed
2111 1818 2214 1848 neque
2238 1809 2327 1849 quod
2353 1809 2419 1839 duo
2449 1809 2523 1840 cubi

1518 1853 1617 1883 cubus
1642 1852 1681 1883 sit
1704 1859 1805 1889 unus;
1830 1862 1933 1892 neque
1953 1852 2098 1882 scientiae
2122 1852 2259 1891 alterius,
2284 1853 2373 1893 quod
2396 1853 2522 1885 alterius

1518 1904 1577 1927 est:
1594 1897 1648 1927 sed
1667 1902 1721 1926 aut
1740 1906 1962 1937 quaecumque
1978 1896 2022 1927 sic
2041 1906 2073 1926 se
2088 1896 2204 1927 habent
2223 1897 2262 1927 ad
2278 1897 2414 1928 invicem
2433 1898 2524 1939 quod

1517 1941 1556 1972 sit
1579 1941 1714 1972 alterum
1737 1941 1795 1971 sub
1819 1941 1928 1978 altero,
1953 1947 1988 1970 ut
2011 1940 2204 1980 perspectiva
2227 1941 2266 1971 ad
2297 1942 2521 1982 geometriam,

1518 1992 1548 2015 et
1570 1992 1607 2015 ut
1630 1984 1837 2015 consonantia
1860 1984 1899 2014 ad
1925 1984 2164 2015 arithmeticam.

1449 2031 1561 2070 Neque
1585 2029 1609 2059 si
1634 2029 1753 2069 aliquid
1777 2028 1858 2059 inest
1885 2029 1976 2059 lineis
2004 2039 2069 2058 non
2101 2029 2278 2060 secundum
2305 2030 2394 2070 quod
2421 2030 2522 2061 lineae

1517 2080 1601 2110 sunt,
1619 2080 1649 2103 et
1661 2083 1726 2103 non
1742 2073 1775 2103 in
1791 2079 1948 2113 quantum
1961 2083 1998 2103 ex
2009 2073 2170 2113 principiis
2190 2074 2324 2114 propriis
2344 2080 2428 2113 sunt,
2445 2081 2482 2106 ut
2496 2075 2523 2106 si

1451 1187 1497 1217 Ex

1517 2117 1714 2158 pulcherima
1734 2117 1889 2147 linearum
1905 2124 1987 2148 recta
2007 2124 2067 2155 est,
2087 2124 2142 2148 aut
2158 2117 2183 2148 si
2199 2117 2357 2149 contrario
2381 2128 2414 2148 se
2429 2118 2525 2150 habet

1517 2161 1678 2200 circulari3
1703 2171 1768 2192 non
1793 2161 1878 2191 enim
1907 2161 2082 2191 secundum
2110 2162 2199 2202 quod
2227 2162 2394 2202 proprium
2422 2172 2522 2203 genus

1517 2206 1661 2247 ipsorum
1685 2213 1741 2243 est,
1762 2206 1815 2236 sed
1839 2206 1871 2235 in
1887 2212 2043 2261 <mantum
2063 2215 2235 2236 commune
2255 2206 2419 2247 quoddam
2442 2213 2498 2238 est.

1451 2309 1555 2338 diversi
1576 2309 1704 2346 generis,
1726 2309 1780 2337 nisi
1802 2310 1874 2338 forte
1896 2309 2055 2338 subiectum
2077 2310 2163 2338 unius
2184 2310 2319 2339 scientiae
2340 2310 2523 2340 contineatur

1452 2351 1504 2378 sub
1520 2350 1649 2378 subiecto
1664 2349 1788 2378 alterius.
1800 2366 1820 2371 -
1832 2350 1856 2377 5.
1879 2349 2091 2386 Principiorum
2107 2356 2135 2378 et
2149 2350 2372 2379 conclusionum
2387 2357 2430 2379 est
2444 2351 2522 2380 idem

1450 2399 1541 2427 genus
1563 2396 1612 2417 aut
1633 2389 1805 2427 simpliciter
1819 2395 1868 2417 aut
1883 2390 2040 2417 secundum
2063 2390 2140 2427 quid.
2152 2407 2171 2411 -
2189 2389 2266 2425 Quid
2281 2389 2316 2418 sit
2330 2390 2408 2419 idem
2429 2399 2520 2428 genus

1451 2429 1623 2467 simpliciter
1650 2436 1781 2468 respectu
1814 2429 2012 2464 diversorum,
2042 2429 2111 2466 quid
2137 2429 2215 2458 idem
2242 2432 2334 2467 genus
2361 2431 2520 2461 secundum

1451 2469 1595 2506 quid.-6.
1618 2470 1761 2497 Probatur
1782 2469 1862 2505 quod
1884 2478 1918 2497 ex
1939 2469 2086 2505 principiis
2107 2469 2193 2498 unius
2214 2469 2350 2498 scientiae
2368 2479 2430 2498 non
2451 2479 2522 2500 con-

1451 2509 1575 2537 cluditur
1588 2508 1699 2545 aliquid
1720 2509 1749 2536 in
1764 2508 1818 2537 alia
1833 2508 1964 2544 scientia,
1987 2518 2061 2545 quae
2083 2518 2143 2537 non
2158 2509 2194 2537 sit
2214 2509 2268 2538 sub
2282 2518 2317 2537 ea
2330 2509 2438 2546 posita:
2454 2510 2523 2548 quia

1451 2555 1566 2585 oportet
1580 2549 1675 2576 media
1690 2555 1718 2576 et
1738 2555 1865 2576 extrema
1879 2549 2135 2577 demonstrationis
2151 2558 2214 2576 esse
2228 2549 2357 2577 eiusdem
2371 2549 2523 2586 generis.-

1452 2598 1478 2624 7.
1501 2588 1694 2616 Corollarium
1722 2588 1858 2625 primum.
1889 2588 1973 2616 Nulla
2000 2588 2119 2616 scientia
2144 2589 2324 2617 demonstrat
2349 2589 2459 2626 aliquid
2484 2590 2522 2617 de

1450 2628 1579 2656 subiecto
1602 2628 1718 2655 alterius
1746 2627 1890 2662 scientiae,
1912 2627 1966 2655 nisi
1987 2634 2088 2664 agatur
2108 2628 2144 2656 de
2166 2627 2290 2656 scientiis
2316 2637 2440 2664 quarum
2461 2637 2522 2657 una

1451 2674 1493 2695 est
1521 2668 1574 2695 sub
1596 2667 1727 2695 alia-8.
1756 2666 1949 2695 Corollarium
1971 2667 2101 2696 alterum.
2124 2667 2248 2695 Scientia
2272 2668 2307 2695 de
2330 2668 2450 2705 proprio
2472 2677 2520 2696 su-

1450 2706 1544 2735 biecto
1567 2716 1627 2735 non
1646 2708 1749 2744 probat
1763 2706 1817 2734 nisi
1839 2706 1996 2734 accidentia
2010 2707 2139 2735 eiusdem
2158 2707 2270 2744 generis
2291 2717 2357 2736 cum
2380 2707 2519 2739 subiecto.

1451 2809 1553 2845 niam
1574 2814 1697 2844 autem
1718 2808 1957 2857 manifestum
1973 2813 2027 2845 est
2046 2809 2066 2829 ³⁸
2094 2815 2163 2845 etc.
2185 2808 2314 2846 Prima
2341 2809 2381 2846 in
2401 2809 2517 2847 duas:

1451 2861 1490 2898 in
1517 2861 1641 2910 prima
1660 2861 1691 2908 *,
1723 2873 1767 2897 ex
1793 2861 2009 2910 praemissis
2038 2861 2201 2898 ostendit
2229 2862 2333 2910 quod
2358 2862 2518 2900 demon-

1451 2914 1577 2951 stratio
1598 2926 1676 2951 non
1705 2921 1761 2951 est
1782 2926 1826 2951 ex
1846 2914 2036 2963 principiis
2057 2914 2258 2961 extraneis;
2280 2915 2318 2952 in
2338 2915 2518 2963 secunda,

1452 2979 1496 3004 ex
1515 2967 1733 3016 praemissis
1762 2967 1875 3004 etiam
1905 2967 2067 3004 ostendit
2095 2968 2199 3016 quod
2229 2968 2518 3006 demonstratio-

1451 3033 1518 3057 nes
1547 3033 1625 3057 non
1654 3027 1740 3057 sunt
1768 3020 1815 3057 de
1839 3021 1860 3041 '⁸
1889 3021 2001 3057 rebus
2031 3021 2346 3070 corruptibilibus,
2373 3021 2441 3059 sed
2469 3021 2517 3060 de

1451 3073 1704 3122 sempiternis3
1721 3073 1788 3110 ibi:
1804 3074 2053 3122 Manifestum
2069 3080 2194 3111 autem
2210 3075 2287 3112 etsi
2297 3075 2370 3111 sint
2376 3070 2518 3124 propo-

1450 3127 1598 3164 sitiones
1612 3127 1633 3147 *
1653 3133 1720 3163 etc.
1744 3126 1853 3163 Circa
1872 3126 2041 3175 primum
2061 3127 2129 3164 tria
2148 3127 2254 3164 facit:
2274 3127 2413 3176 primo,
2428 3139 2516 3176 pro-

1451 3180 1558 3229 ponit
1573 3179 1775 3224 intentum;
1793 3179 1973 3226 secundo,
1990 3180 2127 3229 probat
2141 3180 2380 3229 propositum
2395 3180 2431 3226 *3
2447 3180 2514 3217 ibi:

1456 3233 1546 3270 Tria
1561 3233 1660 3269 enim
1675 3233 1789 3269 sunt*
1805 3240 1887 3278 etc.;
1899 3233 2218 3279 tertio,c0ncludit
2236 3233 2434 3280 intentum;
2446 3232 2514 3270 ibi:

1451 3287 1610 3334 Propter
1627 3286 1698 3322 hoc
1720 3286 1950 3336 geometriae
1971 3287 1991 3307 *
2020 3293 2087 3323 etc.

1508 3351 1541 3376 2.
1569 3338 1668 3376 Dicit
1688 3350 1776 3387 ergo
1796 3339 1920 3388 primo
1941 3339 2058 3387 quod,
2081 3351 2125 3376 ex
2145 3351 2223 3387 quo
2243 3337 2514 3377 demonstratio

1453 3400 1508 3429 est
1527 3404 1572 3428 ex
1592 3391 1649 3429 his
1669 3404 1768 3440 quae
1784 3400 1870 3429 sunt
1888 3405 1958 3441 per
1977 3404 2029 3440 se,
2050 3392 2321 3429 manifestum“
2337 3399 2392 3429 est
2411 3390 2515 3440 quod

1450 3531 1515 3556 dicit
1533 3538 1598 3565 ergo
1612 3531 1704 3563 primo
1717 3532 1795 3564 quod,
1815 3539 1853 3556 ex
1867 3539 1918 3564 quo
1933 3531 2172 3557 demonstrationes
2186 3534 2248 3556 sunt
2262 3537 2299 3556 ex
2312 3529 2360 3559 his,
2375 3537 2442 3563 quae
2456 3534 2518 3555 sunt

1443 3574 1496 3599 per
1513 3574 1548 3596 se,
1568 3574 1633 3599 ergo
1652 3567 1821 3600 manifestum
1842 3572 1889 3592 etc.

2546 854 2556 865 ⁸
2564 854 2619 881 Cap.
2636 859 2674 876 vu.

2547 880 2614 902 Text.
2629 886 2666 902 20.

2549 2828 2556 2837 ·
2567 2826 2630 2849 Lat.
2645 2832 2698 2849 xm.

2546 2880 2557 2891 ⁸¹
2568 2879 2644 2902 Codd.
2655 2890 2666 2896 -
2681 2885 2709 2902 γε
2735 2879 2759 2901 In

2542 2907 2623 2934 prim
2637 2905 2706 2928 eain.

2545 3038 2553 3047 ’
2564 3043 2651 3060 ητα-.-
2660 3037 2696 3060 Cf.
2707 3038 2759 3060 lect.

2544 3070 2594 3092 κη.
2609 3070 2632 3086 n.
2647 3070 2664 3086 ι.

2543 3146 2555 3159 ⁸
2564 3146 2628 3169 Lect-
2645 3153 2695 3176 neq.

2542 3195 2759 3224 ‘Privatam-nt.

2544 3244 2552 3253 ·
2564 3243 2635 3265 Num.
2649 3249 2673 3272 3.

2544 3302 2552 3310 ·
2562 3300 2635 3323 Num.
2649 3307 2673 3330 7.
