2788 4204
62 471 70 478 ·
81 475 108 490 n:
125 467 273 495 :equitum-1:

61 496 208 522 sequeretur.

61 583 70 592 ·
80 581 168 603 Codd.—
177 586 201 602 u:
212 582 277 602 esset

61 608 124 629 scire
134 615 142 632 ,·
159 613 185 628 p:
207 609 278 628 erant

61 635 130 655 scita.
163 649 168 655 ,

61 662 70 671 “
77 660 165 682 Codd.-
172 660 277 687 Piuprin-

58 686 131 714 elpia.

61 740 70 749 ·
85 738 123 760 Cf.
146 739 198 760 leet.
224 744 248 759 se
268 754 273 759 .

60 770 124 786 n.².-
134 764 247 786 Utexcod
267 781 273 785 .

60 793 118 817 (exc.
133 793 199 817 ιω),-
209 797 228 812 ¹:
249 793 276 812 ut

58 817 83 839 ei
91 823 175 845 prum:
187 819 211 838 ee
222 823 273 838 cum

52 849 152 892 ενέοιίιτι.
165 881 176 886 -
189 876 214 891 με
231 870 270 891 sit.

57 950 66 958 ·
73 954 95 970 ιε
103 948 218 975 rationes,
230 948 270 970 sed

55 980 104 996 non
120 977 190 996 recte.

153 1052 167 1079 θ

54 1109 68 1120 '
74 1107 151 1131 codd.
159 1115 197 1131 -Pz
204 1109 269 1130 scili-

57 1135 209 1166 cetqnodffn:
218 1141 270 1157 con-

51 1161 135 1190 ungu.

55 1188 66 1198 '¹
75 1187 140 1210 Lect.
155 1194 206 1216 seq.

55 1309 181 1338 ‘exquie-

1154 276 1265 312 CAP.
1297 277 1364 323 111,
1395 277 1545 314 LECT.
1575 277 1643 314 v11

301 352 386 389 licet
413 352 518 400 quod
546 365 624 390 non
652 360 749 389 esset
776 353 870 389 scire
898 352 968 389 nisi
986 366 1055 402 per
1078 354 1365 391 demonstratio-

302 417 410 452 nem,
441 405 631 442 addebant
658 406 786 451 aliam‚
814 405 953 442 scilicet
978 407 1083 454 quod
1102 414 1231 454 posset
1251 407 1366 443 circu-

301 458 426 494 lariter
454 458 714 495 demonstrari.
746 458 808 494 Sic
837 458 938 494 enim
967 459 1194 507 sequebatur
1213 460 1233 480 ³²
1261 460 1365 507 quod

303 510 448 548 etiamsi
467 511 504 548 in
522 511 712 560 principiis
741 511 1070 548 demonstrationis
1100 519 1197 548 esset
1233 520 1364 559 status,

301 564 425 612 prima
453 571 581 601 tamen
602 563 785 613 principia
805 571 883 600 erat
902 564 995 601 scire
1010 565 1030 585 '¹‘
1047 577 1116 613 per
1131 565 1364 602 demonstra-

302 617 463 654 tionem:
492 617 580 664 quia
613 616 672 653 illa
708 616 832 665 prima
854 617 874 638 *
906 617 1081 654 dicebant
1116 618 1365 655 demonstrari

304 682 348 706 ex
379 669 661 718 posterioribus.
700 670 803 706 Nam
844 669 1069 707 circulariter
1106 670 1364 708 demonstrare

303 729 357 758 est
375 723 632 759 demonstrare
650 734 700 758 ex
723 723 899 769 invicem,
929 723 1023 760 idest
1049 731 1092 761 ut
1110 725 1130 743 ⁴
1158 724 1263 772 quod
1290 725 1364 773 pri-

301 787 366 811 mo
400 774 468 811 fuit
493 775 740 824 principium,
768 776 1017 824 postmodum
1046 777 1112 813 fiat
1130 777 1150 797 ³*
1171 778 1361 815 conclusio

300 835 337 864 et
365 840 385 863 e
415 840 612 865 converso.

357 881 389 917 5.
411 881 571 928 Deinde,
597 893 686 918 cum
706 880 811 918 dicit:
831 882 916 918 Nos
943 888 1068 919 autem
1096 882 1252 924 dicimus
1278 890 1360 931 etc.,

299 933 461 970 excludit
493 934 603 971 falsas
636 934 816 971 radices*
847 935 1126 983 praedictarum
1159 935 1359 974 rationum.

298 987 347 1023 Et
373 986 511 1035 primo,
535 988 610 1024 hoc
638 987 743 1035 quod
771 989 1038 1036 supponebant
1065 987 1170 1036 quod
1198 1001 1276 1025 non
1306 1002 1360 1026 es-

297 1047 353 1076 set
385 1039 479 1076 scire
518 1040 587 1076 nisi
619 1052 689 1088 per
721 1041 1084 1077 demonstrationem
1107 1038 1131 1077 ⁰.
1163 1041 1358 1088 Secundo,

295 1093 371 1128 hoc
404 1092 510 1140 quod
543 1092 718 1129 dicebant
749 1093 855 1141 quod
893 1093 1122 1141 contingeret
1156 1094 1175 1114 *
1207 1093 1359 1130 circula-

297 1145 383 1182 riter
412 1145 679 1192 demonstrari;
704 1145 772 1182 ibi:
803 1146 952 1183 Circulo
972 1147 1153 1194 quoque*
1171 1153 1240 1183 etc.
1261 1147 1360 1183 Dicit

297 1209 385 1245 ergo
421 1198 548 1246 primo
587 1198 692 1246 quod
730 1211 808 1235 non
851 1199 976 1235 omnis
1013 1198 1166 1235 scientia
1204 1206 1258 1235 est
1295 1199 1358 1235 de-

295 1250 554 1297 monstrativa,
570 1250 671 1287 idest
696 1263 766 1299 per
798 1251 1161 1288 demonstrationem
1185 1259 1357 1300 accepta;

294 1302 362 1339 sed
383 1303 403 1324 *
434 1303 744 1340 immediatorum
766 1304 1040 1352 principiorum
1058 1311 1113 1340 est
1132 1303 1285 1340 scientia
1304 1304 1358 1341 in-

294 1355 616 1406 demonstrabilis,
655 1356 751 1393 idest
778 1369 857 1394 non
892 1368 961 1405 per
994 1357 1357 1394 demonstrationem

256 1418 265 1421 '
293 1407 459 1458 accepta.

50 1473 118 1496 'Bet
131 1474 208 1496 min.
220 1479 266 1503 ‚cuz

51 1634 62 1644 ”
67 1631 144 1656 Codd.
151 1638 203 1654 exc.
209 1632 266 1664 ¹H¹Pi

49 1665 106 1682 m
134 1666 149 1681 ι
177 1661 265 1681 omum

347 1463 383 1499 6.
401 1461 608 1499 Sciendum
637 1469 692 1498 est
714 1462 734 1484 *
760 1469 890 1499 tamen
917 1462 1020 1510 quod
1049 1462 1111 1498 hic
1138 1462 1357 1500 Aristoteles

291 1515 392 1563 large
420 1514 556 1564 accipit
592 1515 787 1552 scientiam
814 1527 885 1564 pro
919 1515 1084 1564 qualibet
1112 1516 1357 1552 certitudinali

292 1568 522 1616 cognitione,
545 1575 581 1605 et
599 1581 678 1605 non
697 1568 907 1605 secundum
927 1568 1033 1616 quod
1052 1568 1204 1606 scientia
1225 1569 1356 1606 dividi-

290 1627 351 1657 tur
371 1629 502 1658 contra
521 1621 761 1669 intellectum,
780 1621 1045 1670 proutdicitur
1064 1622 1168 1670 quod
1181 1622 1212 1668 ³¹³,
1241 1622 1356 1658 scien-

291 1675 342 1712 tia
370 1680 425 1711 est
445 1675 726 1711 conclusionum
754 1680 791 1711 et
817 1674 1018 1711 intellectus
1039 1675 1326 1723 principiorum.

345 1739 381 1776 7.
412 1727 529 1774 Quod
557 1735 684 1764 autem
712 1728 787 1764 hoc
819 1727 1072 1764 necessarium
1102 1727 1147 1764 sit
1164 1734 1188 1774 ⁴,
1218 1727 1356 1764 scilicet

2414 276 2482 312 165

1420 356 1707 403 monstratione,
1728 356 1780 392 sic
1799 356 1946 404 probat.
1969 356 2134 391 Necesse
2156 362 2211 391 est
2230 354 2323 391 scire
2342 353 2481 402 priora,

1421 420 1466 444 ex
1485 409 1621 456 quibus
1642 417 1696 446 est
1715 408 2003 454 demonstratio;
2033 408 2100 444 sed
2119 408 2214 444 haec
2232 408 2252 428 '¹‘
2279 407 2481 454 aliquando

1421 461 1599 509 contingit
1613 462 1792 498 reducere
1812 462 1850 498 in
1869 461 1992 510 aliqua
2007 461 2242 497 immediata:
2263 459 2353 496 alias
2369 471 2481 507 opor-

1419 521 1512 550 teret
1531 515 1654 551 dicere
1683 515 1787 563 quod
1807 515 1901 551 inter
1925 515 2001 551 duo
2027 521 2204 559 extrema,
2239 512 2376 549 scilicet
2395 512 2482 548 sub-

1420 567 1558 604 iectum
1580 576 1616 604 et
1637 568 1895 616 praedicatum
1925 574 2048 603 essent
2075 566 2219 603 infinita
2247 565 2374 602 media
2403 564 2441 601 in
2462 565 2481 585 *

1419 627 1521 666 actu;
1550 620 1671 657 immo
1685 622 1770 669 plus
1791 621 1821 668 *‚
1851 620 1956 668 quod
1975 632 2054 656 non
2073 626 2169 655 esset
2183 618 2307 666 aliqua
2327 617 2403 654 duo
2419 629 2479 653 ac-

1420 672 1554 720 cipere,
1576 673 1670 710 inter
1697 685 1794 722 quae
1823 686 1900 710 non
1922 680 2045 709 essent
2059 672 2202 709 infinita
2216 670 2354 708 media.
2376 670 2479 716 Qua-

1418 725 1648 774 litercunque
1676 734 1803 762 autem
1837 726 1964 762 media
1989 732 2229 762 assumantur
2247 730 2271 770 ¹¹,
2302 731 2357 760 est
2384 722 2479 759 acci-

1416 790 1507 826 pere
1521 779 1661 826 aliquid
1676 779 1779 815 alteri
1799 779 2073 815 immediatum.
2096 777 2320 814 Immediata
2336 783 2476 822 autem,

1418 843 1505 868 curn
1526 831 1597 867 sint
1614 831 1752 880 priora,
1774 838 1922 879 oportet
1942 843 2022 867 esse
2042 829 2401 867 indemonstrabilia.
2429 829 2478 865 Et

1416 883 1466 919 ita
1492 892 1595 932 patet
1626 884 1730 932 quod
1762 896 1915 920 necesse
1951 890 2015 919 est·
2038 883 2253 931 aliquorum
2281 881 2476 918 scientiam

1414 936 1555 973 habere
1583 937 1603 958 *
1630 937 1708 973 sine
1738 936 2068 973 demonstratione.

1470 990 1505 1026 8.
1536 989 1576 1025 Si
1600 1001 1689 1036 ergo
1718 997 1920 1037 quaeratur
1947 988 2142 1037 quomodo
2169 987 2475 1024 immediatorum

1414 1041 1777 1091 habeaturscientia
1805 1039 1836 1087 ²,
1868 1042 2070 1089 respondet
2111 1040 2214 1088 quod
2243 1053 2321 1077 non
2350 1041 2475 1076 solum

1415 1106 1549 1130 eorum
1571 1101 1626 1130 est
1645 1094 1808 1140 scientia,
1829 1094 1949 1130 immo
1970 1106 2104 1130 eorum
2121 1093 2280 1140 cognitio
2302 1101 2356 1129 est
2373 1093 2474 1142 prin-

1415 1146 1554 1194 cipium
1574 1147 1771 1194 quoddam
1790 1147 1902 1183 totius
1921 1146 2096 1183 scientiae
2110 1152 2141 1182 μ.
2162 1147 2265 1182 Nam
2286 1158 2330 1182 ex
2350 1146 2475 1193 cogni-

1413 1198 1515 1235 tione
1542 1199 1813 1247 principiorum
1834 1199 2023 1236 derivatur
2039 1200 2058 1220 ’¹‘
2086 1198 2246 1246 cognitio
2268 1198 2474 1234 conclusio-

1414 1264 1527 1298 num,
1566 1264 1728 1300 quarum
1756 1252 1908 1300 proprie
1937 1259 1992 1288 est
2019 1251 2183 1288 scientia.
2224 1252 2307 1299 Ipsa
2344 1259 2472 1288 autem

1411 1304 1594 1355 principia
1613 1304 1832 1341 immediata
1853 1317 1931 1341 non
1955 1316 2023 1352 per
2051 1303 2203 1352 aliquod
2222 1303 2392 1340 medium
2413 1316 2473 1340 ex-

1412 1357 1615 1394 trinsecum
1636 1365 1924 1405 cognoscuntur,
1941 1357 2007 1394 sed
2026 1369 2095 1405 per
2115 1356 2366 1403 cognitionem
2385 1369 2472 1404 pro-

1411 1410 1582 1458 priorum
1601 1411 1862 1448 terminorum.
1893 1410 1995 1447 Scito
2025 1410 2125 1446 enim
2154 1409 2245 1457 quid
2274 1416 2328 1445 est
2351 1416 2473 1446 totum

1413 1471 1448 1500 et
1466 1463 1557 1511 quid
1577 1470 1632 1500 est
1649 1476 1748 1512 pars,
1766 1463 2003 1511 cognoscitur
2021 1462 2126 1510 quod
2146 1473 2261 1498 omne
2277 1469 2399 1498 totum
2419 1469 2474 1498 est

1411 1516 1533 1552 maius
1553 1529 1620 1552 sua
1644 1524 1766 1564 parte:
1795 1516 1883 1564 quia
1911 1516 1950 1552 in
1977 1516 2111 1552 talibus
2131 1514 2470 1563 propositionibus,

1410 1576 1451 1605 ut
1469 1581 1583 1617 supra
1598 1569 1739 1606 dictum
1756 1577 1810 1606 est
1823 1570 1853 1616 ³³,
1869 1568 2128 1617 praedicatum
2146 1575 2200 1604 est
2215 1567 2261 1604 de
2277 1567 2419 1604 ratione
2431 1568 2472 1588 ⁴⁵*

1411 1622 1577 1658 subiecti.
1595 1623 1644 1658 Et
1658 1622 1743 1658 ideo
1760 1621 2027 1658 rationabiliter
2042 1620 2202 1669 cognitio
2218 1621 2357 1657 horum
2371 1621 2472 1669 prin-

1411 1674 1595 1723 cipiorum
1616 1682 1671 1711 est
1690 1687 1802 1711 causa
1822 1674 2042 1722 cognitionis
2059 1673 2363 1710 conclusionum:
2383 1674 2472 1722 quia

1410 1735 1562 1776 semper
1581 1729 1612 1773 ὕ,
1633 1727 1737 1775 quod
1758 1735 1812 1764 est
1824 1739 1897 1776 per
1914 1739 1954 1764 se
1974 1728 2029 1773 ²³³³,
2051 1734 2105 1763 est
2124 1739 2237 1763 causa
2256 1726 2345 1774 eius,
2367 1727 2471 1775 quod

291 1781 397 1828 quod
425 1787 525 1817 certa
554 1780 716 1829 cognitio
741 1780 956 1828 aliquorum
983 1781 1167 1818 habeatur
1194 1780 1274 1817 sine
1294 1780 1357 1817 de-
1381 1775 1385 1829 Ι
1412 1787 1468 1816 est
1488 1792 1562 1828 per
1587 1780 1701 1817 aliud.

343 1947 368 1984 θ)
389 1949 428 1979 Et,
438 1949 529 1980 primo
548 1948 596 1974 hoc
614 1947 686 1981 quod
703 1952 751 1972 etc.
771 1947 853 1972 Codd.
871 1947 954 1972 ABG:
973 1950 1000 1972 et
1008 1947 1100 1979 primo
1115 1947 1234 1979 primam
1250 1944 1355 1980 (nempe

289 1984 422 2018 radicem),
437 1984 536 2009 scilicet
553 1983 602 2009 hoc
621 1982 679 2017 (ΑΟ
693 1983 775 2007 omitt.
790 1981 850 2016 hoc)
863 1983 935 2015 quod
947 1983 1136 2015 supponebant.
1151 1982 1252 2006 Omnes
1268 1987 1354 2006 autem

289 2020 391 2045 codices
406 2020 508 2052 legunt:
523 2019 595 2052 quod
607 2018 790 2052 supponebant
802 2018 875 2050 quod
893 2026 944 2043 non
959 2022 1026 2044 esset
1040 2016 1082 2051 (G,
1097 2014 1146 2052 est)
1162 2016 1230 2042 scire
1244 2017 1295 2042 nisi
1304 2024 1356 2049 per

290 2055 556 2083 demonstrationem
570 2062 648 2087 quam
663 2054 799 2079 lectionem
812 2054 966 2086 adoptamus
981 2055 1038 2078 loco
1051 2053 1156 2078 Pinnae:
1175 2053 1247 2085 quod
1259 2060 1356 2085 suppo-

290 2091 395 2120 nebant,
405 2091 503 2116 scilicet
516 2090 588 2123 quod
598 2097 649 2115 non
664 2093 704 2114 est
716 2090 785 2115 scire
799 2089 851 2114 nisi
858 2096 912 2122 per
925 2089 1186 2114 demonstrationem.
1195 2103 1214 2107 —
1223 2089 1247 2113 H
1262 2088 1356 2113 omittit

290 2126 355 2155 nisi:
373 2126 420 2151 sed
439 2130 479 2151 est
497 2133 569 2150 error
587 2125 746 2150 manifestus.

344 2161 363 2194 ι)
378 2161 458 2192 Quod
469 2164 558 2186 autem
572 2160 621 2186 hoc
639 2160 814 2186 necessarium
829 2160 872 2189 sit,
887 2160 986 2185 scilicet
999 2160 1070 2192 quod
1087 2165 1155 2184 etc.—
1172 2158 1264 2183 Pinna:
1283 2158 1355 2192 quod

289 2200 379 2222 autem
394 2196 568 2222 necessarium
583 2196 626 2225 sit,
642 2199 672 2221 ut
684 2199 757 2221 certa
771 2201 819 2220 etc.
834 2195 916 2220 Codd.
925 2195 1165 2220 ABDEGILMOR:
1180 2194 1251 2226 quod
1265 2198 1353 2219 autem
1369 2209 1373 2212 -

290 2233 340 2258 hoc
362 2231 538 2258 necessarium
560 2230 609 2265 (R,
629 2229 730 2266 verum)
750 2231 797 2260 sit,
822 2231 921 2256 scilicet
944 2231 1016 2263 quod
1037 2234 1110 2256 certa
1128 2235 1175 2255 etc.
1198 2230 1296 2254 Sensus
1315 2234 1355 2254 est

290 2268 368 2298 idem,
382 2267 465 2292 forma
478 2267 572 2292 Pinnae
590 2267 675 2292 minus
693 2267 817 2300 expedita.
826 2280 847 2286 —
856 2266 920 2291 Cod.
933 2266 968 2291 C:
986 2266 1058 2299 quod
1070 2269 1159 2290 autem
1178 2265 1220 2290 hic
1238 2272 1354 2290 necessa-

291 2303 360 2328 rium
370 2302 413 2332 sit,
423 2302 522 2328 scilicet
531 2302 602 2335 quod
613 2305 695 2328 certa.
703 2315 723 2322 ·-
733 2303 789 2333 QS:
804 2302 876 2335 quod
886 2305 976 2326 autem
987 2302 1062 2327 hoc...
1072 2301 1143 2334 quod
1151 2305 1177 2325 et
1189 2308 1247 2325 cum
1258 2300 1354 2325 HKNT

291 2338 374 2363 omitt.
388 2337 597 2367 scilicet.—-Quia
615 2345 678 2370 ergo
695 2337 749 2362 fere
766 2337 894 2362 unanimis
914 2342 954 2362 est
972 2337 1047 2362 lectio
1066 2337 1148 2367 codd„
1164 2336 1300 2368 magisque
1318 2335 1354 2360 fa-

292 2374 340 2402 cile
359 2373 477 2398 cohaeret
499 2381 559 2398 curn
579 2372 650 2397 dictis
670 2381 695 2397 n.
710 2372 724 2398 5
745 2371 789 2406 (ob
808 2372 981 2405 praemissum
1000 2379 1071 2396 num.
1086 2370 1103 2396 6
1121 2377 1304 2404 praenotamen
1323 2371 1355 2395 ad

291 2409 470 2442 explicandum
484 2416 599 2438 sensum,
614 2416 667 2441 quo
686 2408 796 2433 sumitur
813 2407 863 2433 hoc
877 2408 934 2432 loco
948 2404 1079 2442 scientia),
1094 2414 1151 2432 eam
1166 2406 1260 2431 Pianae
1278 2406 1355 2431 suffe-

292 2452 616 2514 cnm23.Qualitercunque
634 2482 723 2504 autem
743 2483 791 2504 etc.
812 2478 860 2503 Est
878 2477 953 2503 lectio
971 2477 1120 2502 P.—-Codd.
1132 2476 1354 2502 ABCDEILMNO

1409 1947 1514 1977 QRST:
1529 1947 1744 1979 qualitercunque
1757 1947 1852 1971 enim...
1867 1947 2016 1977 ACDKQS:
2031 1949 2235 1975 consumantum
2249 1946 2413 1971 GHMORT:
2427 1954 2470 1971 su-

1409 1985 1530 2011 mantum
1545 1983 1579 2006 L:
1593 1982 1791 2007 continuantur.
1801 1996 1820 2000 -
1829 1982 1893 2006 Edd.
1908 1982 2021 2006 Venetae
2034 1989 2082 2006 ac:
2097 1981 2313 2014 qualitercunque
2327 1982 2414 2007 media
2427 1989 2471 2007 as-

1408 2021 1563 2046 summitur,-
1582 2018 1640 2042 edd.
1655 2017 1670 2042 b
1689 2022 1714 2042 et
1736 2016 1802 2042 1526
1821 2017 1910 2048 legunt
1928 2022 1956 2041 ut
1975 2017 2008 2041 P:
2027 2017 2243 2049 qualitercunque
2260 2020 2359 2042 autem.

1461 2051 1489 2086 λ)
1511 2052 1649 2082 Quomodo
1667 2052 1881 2077 immediatorum
1906 2052 2036 2077 habeatur
2053 2052 2171 2077 scientia.
2197 2052 2233 2076 lta
2251 2052 2325 2076 codd.
2345 2052 2470 2077 CDEHIL

1409 2087 1747 2118 MNOQRST.—PABCK:
1766 2087 1897 2120 quomodo
1920 2087 2134 2112 immediatorum
2153 2087 2263 2112 scientia
2281 2087 2419 2112 habeatur.
2438 2087 2470 2112 Et

1409 2123 1484 2148 codd.
1502 2130 1594 2147 omnes
1612 2122 1708 2147 habent
1726 2123 1874 2155 respondet.
1894 2123 1926 2147 P:
1946 2122 2156 2154 respondendum
2170 2122 2241 2154 quod
2255 2130 2306 2147 non
2325 2123 2408 2147 solum
2422 2122 2470 2147 im-

1409 2158 1586 2183 mediatorum
1605 2162 1645 2183 est
1661 2159 1779 2187 scientia,
1799 2158 1879 2183 immo
1897 2158 1977 2182 etiam
1995 2158 2113 2191 cognitio
2131 2163 2178 2182 etc.
2197 2158 2248 2182 Sed
2267 2157 2367 2182 codices
2379 2158 2470 2182 unani-

1409 2194 1485 2218 miter
1503 2194 1560 2218 loco
1580 2194 1793 2218 immediatorum
1812 2193 1907 2218 habent
1924 2200 2023 2221 eorum,
2043 2199 2069 2218 et
2086 2193 2206 2217 omittunt
2224 2193 2312 2218 etiam.

1482 2228 1489 2264 )
1503 2229 1552 2254 Est
1556 2229 1718 2261 principium
1729 2229 1862 2261 quoddam
1872 2228 1953 2253 totius
1962 2228 2094 2253 scientiae.
2105 2228 2207 2253 Dictum
2218 2233 2258 2253 est
2267 2236 2345 2261 supra
2355 2227 2424 2260 (lect.
2431 2236 2468 2259 m,

1409 2273 1434 2289 n.
1453 2237 1481 2297 ις
1496 2265 1567 2297 quod
1589 2264 1633 2296 qui
1658 2264 1789 2296 cognoscit
1813 2264 1978 2296 principium,
2003 2263 2136 2295 cognoscit
2159 2271 2211 2288 non
2235 2268 2291 2288 actu
2311 2264 2357 2288 sed
2375 2263 2469 2288 virtute

1408 2300 1541 2324 veritatem
1561 2299 1733 2324 conclusionis
1747 2302 1806 2323 cum
1823 2299 1948 2332 principio
1966 2306 2103 2323 connexae.
2123 2299 2197 2323 Ratio
2211 2299 2339 2330 assignata
2356 2303 2396 2323 est
2409 2299 2470 2331 quia

1409 2335 1531 2368 principia
1550 2340 1611 2359 sunt
1629 2335 1703 2367 quasi
1722 2342 1816 2359 causae
1834 2333 1971 2359 efficientes
1991 2334 2199 2364 conclusionum3
2219 2342 2296 2358 causa
2309 2338 2395 2358 autem
2414 2332 2468 2358 effi-

1409 2370 1488 2401 ciens,
1501 2375 1638 2402 antequam
1658 2370 1762 2394 effectus
1780 2370 1915 2401 producat,
1935 2377 1981 2394 eos
2000 2369 2113 2394 continet
2130 2369 2231 2394 virtute.
2254 2369 2321 2394 Hinc
2343 2373 2412 2393 recte
2431 2369 2468 2393 di-

1409 2406 1474 2430 citur
1492 2406 1563 2438 quod
1582 2405 1692 2437 cognitio
1710 2404 1893 2437 principiorum
1911 2409 1952 2429 est
1970 2404 2122 2437 principium
2140 2405 2271 2437 quoddam
2290 2404 2368 2428 totius
2387 2404 2469 2428 scien-

1409 2441 1531 2466 tiae-111
1549 2441 1606 2465 cod.
1619 2441 1642 2464 Α
1656 2440 1819 2472 principium
1838 2440 1929 2471 corrig.
1948 2440 1974 2464 in
1987 2440 2116 2472 primum.
2135 2439 2258 2472 Legimus
2272 2447 2334 2464 vero
2351 2447 2410 2463 cum
2425 2446 2468 2464 co-

1409 2476 1507 2501 dicibus
1526 2476 1647 2500 omnibus
1662 2475 1824 2508 principium
1843 2475 1976 2508 quoddam
1995 2475 2128 2500 scientiae.
2148 2475 2168 2499 1>
2181 2475 2275 2499 omittit
2289 2474 2432 2507 quoddam.

2511 418 2519 427 ·
2529 417 2598 439 Haec
2609 419 2685 442 omitt.
2696 426 2723 442 o.

2507 571 2518 582 ⁶
2527 571 2553 592 In
2568 573 2643 594 omitt.
2655 579 2679 595 o.

2502 624 2609 677 plssOdd'
2621 637 2631 641 -
2646 632 2673 647 e:
2697 628 2723 647 et

2605 739 2619 754 1

2504 940 2514 948 ⁶
2527 939 2602 962 Codd.
2613 952 2623 957 -
2631 947 2657 963 e:
2672 942 2717 963 ha-

2503 965 2555 987 beri
2560 967 2662 995 aliquor.
2671 969 2717 989 eci-

2503 993 2598 1015 entiam.

2600 1038 2617 1063 λ

2600 1165 2618 1189 μ

2501 1210 2512 1220 “
2530 1215 2714 1237 Βῦοεκικκοωιι

2498 1242 2540 1283 a}
2541 1242 2560 1258 1²:
2570 1236 2714 1259 dmonstra-

2499 1577 2508 1586 ·
2519 1576 2582 1597 Lect.
2592 1583 2613 1603 v,
2629 1583 2652 1598 n.
2663 1583 2684 1605 7.

2499 1603 2518 1612 ”¹
2534 1603 2627 1624 Codd.-
2641 1610 2667 1625 P:
2687 1604 2711 1625 in

2498 1629 2599 1650 ratione.

2499 1716 2635 1738 ‘Codd.rzid
2639 1717 2703 1744 quod
2706 1725 2712 1730 ·

2498 1749 2514 1763 u
2528 1748 2576 1763 om.
2591 1749 2662 1770 semp.
2676 1733 2709 1764 idi

2498 1770 2534 1789 ’Ἦ
2541 1770 2707 1797 ειτοηεεςᾳιιοά

2498 1797 2535 1816 est
2540 1801 2614 1817 causa
2622 1801 2707 1822 perse.
