2788 4204
344 238 413 274 182

930 241 1313 278 POSTERIORUM
1341 240 1768 278 ANALYTICORUM
1797 242 1890 278 LIB.
1922 243 1935 278 Ι

1023 446 1323 503 LECTIO
1361 448 1846 506 DUODECIMA

450 591 577 643 QUO
612 589 788 629 MODO
824 588 885 628 IN
918 588 1304 628 ACCEPTIONE
1337 589 1744 632 UNIVERSALIS
1778 592 2026 657 ERRARE
2061 594 2416 639 CONTINGAT

341 729 398 758 Δεῖ
421 721 458 757 δέ
479 725 526 769 μή
554 722 731 755 λανθάνειν
759 723 812 755 ὅτι
838 725 1001 760 πολλακις
1020 723 1196 765 συμβαίνει
1212 718 1405 767 διαμαρτά-

408 781 471 800 νειν
484 770 542 800 καὶ
560 768 606 809 μή
622 766 783 811 ὑπάρχειν
803 767 843 798 τό
861 762 1071 811 δεικνύμενον
1091 767 1223 811 πρῶτον
1239 767 1402 807 καθόλου,

409 814 428 856 ᾗ
450 809 542 845 δοκεῖ
568 810 759 845 δείκνυσθαι
786 810 934 844 καθόλου
961 812 1107 856 πρῶτον.

336 856 566 901 Ἀπατώμεθα
595 853 632 889 δὲ
657 855 789 893 ταύτην
818 856 882 892 τήν
910 855 1070 897 ἀπάτην,
1100 854 1184 887 ὅταν
1208 855 1228 892 τ)
1255 853 1358 900 μηδὲν
1385 853 1405 898 ᾗ

405 903 520 942 λαβεῖν
553 901 718 942 ἀνώτερον
745 901 841 945 παραὶ
866 901 906 934 τὸ
933 900 1008 932 καθ’
1039 900 1183 932 ἕκαστον
1211 899 1231 937 ἦ
1256 902 1304 934 τά
1323 899 1400 932 καθ’

407 945 561 988 ἕκαστα,
591 945 612 983 ἦ
640 944 660 989 ᾗ
690 946 769 988 μὲν,
801 945 869 978 ἀλλ’
902 945 1070 990 ἀνώνυμον
1098 943 1119 987 ᾗ
1145 945 1199 977 ἐπὶ
1235 941 1405 991 διαφόροις

405 986 485 1022 εἴδει
510 990 720 1038 πράγμασιν,
739 988 760 1026 ἦ
778 990 934 1035 τυγχάνῃ
960 988 993 1022 ὃν
1019 990 1062 1028 ώς
1084 990 1116 1022 ἐν
1141 989 1231 1034 μέρει
1258 989 1334 1022 ὅλον
1353 991 1401 1033 ἐφ’

405 1034 430 1066 ὦ
454 1026 640 1068 δείκνυται·
668 1040 738 1073 τοῖς
767 1034 831 1080 γάρ
862 1035 894 1067 ἑν
913 1034 1003 1079 μέρει
1030 1033 1170 1079 ὑπάρξει
1191 1034 1252 1077 μὲν
1278 1037 1298 1072 ή
1319 1035 1406 1068 ἀπό-

404 1073 524 1119 δειξις,
544 1082 603 1111 καί
625 1080 723 1112 ἔσται
740 1079 836 1112 κατά
853 1079 983 1116 παντός
996 1103 1004 1119 ,
1026 1080 1099 1112 ἀλλ’
1123 1079 1207 1123 ὅμως
1226 1080 1286 1111 οὐκ
1304 1080 1404 1112 ἔσται

404 1124 531 1156 τούτου
550 1123 685 1169 πρώτου
702 1122 849 1156 καθόλου
867 1124 887 1160 ἡ
908 1119 1090 1165 ἀπόδειξις.
1110 1123 1208 1170 Λέγω
1222 1119 1261 1156 δὲ
1277 1125 1404 1158 τούτου

404 1168 559 1210 πρώτου,
596 1169 617 1211 ’ᾗ
647 1170 773 1210 τοῦτο,
802 1163 996 1210 ἀπόδειξιν,
1026 1168 1109 1202 ὅταν
1137 1167 1161 1211 ᾗ
1183 1168 1317 1212 πρώτου
1345 1181 1406 1201 κα-

403 1211 515 1245 θόλου.

335 1257 372 1287 Ei
391 1255 446 1290 οὖν
465 1269 514 1295 τις
533 1251 670 1298 δείξειεν
690 1255 742 1291 ὅτι
770 1259 804 1289 αἱ
830 1256 925 1301 ὀρθαὶ
953 1258 989 1289 οὑ
1007 1260 1253 1301 συμπίπτουσι,
1276 1253 1403 1298 δόξειεν

405 1301 444 1334 ἂν
462 1300 589 1334 τούτου
615 1299 700 1334 εἷναι
718 1302 738 1338 η’
760 1297 932 1343 ἀπόδειξις
957 1297 1016 1334 διὰ
1038 1301 1079 1334 τὸ
1100 1303 1156 1335 ἐπὶ
1185 1304 1301 1335 πασῶν
1319 1305 1404 1334 εἴναι

403 1348 470 1379 τῶν
487 1345 599 1389 ὀρθῶν.
617 1347 685 1378 Οὐκ
700 1346 772 1378 ἔστι
789 1340 840 1387 δέ,
860 1349 951 1391 εἴπερ
969 1347 1016 1390 μή
1036 1346 1088 1380 ὅτι
1106 1343 1167 1379 ὡδὶ
1185 1345 1256 1380 ἶσαι
1272 1351 1404 1394 γίνεται

403 1392 522 1432 τοῦτο,
547 1391 621 1423 ἀλλ’
647 1391 668 1433 ᾖ
694 1392 847 1423 ὁπωσοῦν
871 1393 956 1424 ἴσαι.

334 1480 401 1511 Καὶ
422 1480 449 1510 εἰ
467 1482 626 1525 τρίγωνον
648 1479 694 1523 μή
718 1477 757 1516 ἦν
785 1478 867 1512 ἄλλο
884 1478 905 1515 ἦ
921 1479 1110 1520 ἰσοσκελές,
1131 1479 1151 1521 ᾖ
1170 1479 1338 1518 ἰσοσκελὲς
1364 1480 1402 1513 ἀν

403 1518 510 1555 ἐδόκει
535 1523 710 1568 ὑπάρχειν.

334 1569 399 1600 Καὶ
425 1568 466 1600 τὸ
494 1567 661 1614 ἀνάλογον
684 1567 736 1600 ὅτι
755 1566 923 1608 ἐναλλάξ,
945 1567 963 1610 ῃ“
984 1567 1115 1612 ἀριθμοὶ
1132 1570 1190 1601 καί
1210 1568 1231 1611 ᾖ
1247 1571 1403 1614 γραμμαὶ

400 1614 458 1644 καὶ
485 1613 504 1655 ᾖ
531 1613 654 1655 στερεοὶ
675 1614 734 1645 καὶ
760 1612 781 1655 ᾗ
806 1610 939 1657 χρόνοι,
971 1612 1081 1656 ὥσπερ
1112 1609 1286 1646 ἑδείκνυτό
1316 1626 1402 1647 ποτε

425 1659 517 1701 ωρίς,
546 1653 766 1702 ἐνδεχόμενόν
793 1670 832 1703 γε
856 1657 954 1689 κατὰ
978 1657 1117 1689 πάντων
1142 1659 1204 1702 μιᾷ
1231 1654 1402 1700 ἀποδείξει

400 1669 589 1747 ἑειχθῆναι·
623 1702 713 1735 ἀλλά
741 1697 800 1733 riui
831 1701 872 1734 τὸ
902 1702 950 1746 μή
983 1699 1068 1734 εἶναι
1100 1702 1338 1747 ὠνομασμένον
1369 1715 1403 1737 τι

401 1747 520 1780 πάντα
546 1747 664 1780 ταῦτα
691 1745 745 1787 ἓν,
774 1745 905 1791 ἀριθμοί
923 1746 1014 1791 μήκη
1040 1747 1156 1792 χρόνος
1182 1747 1317 1792 στερεοί,
1343 1751 1402 1781 καὶ

400 1787 480 1824 εἴδει
505 1787 563 1823 δια
591 1791 672 1836 έρειν
700 1790 877 1831 ἀλλήλων,
904 1793 1002 1837 χωρὶς
1028 1792 1258 1836 ἐλαμβάνετο·
1285 1793 1340 1824 νῦν
1365 1788 1404 1825 δὲ

399 1835 546 1869 καθόλου
566 1802 757 1869 {simne-‹zt-
784 1836 822 1868 οὑ
848 1836 912 1882 γάρ
938 1837 959 1874 ἧ
984 1839 1138 1883 γραμμαὶ
1164 1836 1185 1874 ἦ
1209 1837 1229 1879 ᾗ
1257 1835 1400 1882 ἀριθμοὶ,

400 1881 563 1926 ὑπῆρχεν,
592 1882 666 1916 ἀλλ“
688 1880 709 1918 ἦ
728 1876 817 1923 τοδί,
838 1882 853 1914 ὃ
877 1880 1023 1914 καθόλου
1051 1881 1273 1915 ὑποτίθενται
1299 1881 1405 1927 ὑπάρ-

399 1937 481 1971 χειν.

332 2099 394 2132 Διά
419 2100 524 2132 τοῦτο
552 2094 623 2131 οὐδ’
646 2098 684 2130 ἄν
710 2110 761 2136 τις
787 2093 880 2142 δείξῃ
905 2098 981 2131 καθ’
1003 2098 1150 2131 ἕκαστον
1176 2098 1216 2131 τὸ
1238 2102 1399 2144 τρίγωνον

400 2139 572 2184 ἀποδείξει
589 2143 610 2181 ἦ
628 2144 690 2187 μιᾷ
707 2142 727 2180 ἦ
747 2142 847 2188 ἑτέρᾳ
874 2143 929 2177 ὅτι
952 2139 1013 2176 δύο
1033 2143 1129 2188 ὸρθοίς
1150 2142 1219 2188 ἔχει
1237 2143 1396 2186 ἕκαστον,

398 2189 439 2222 τό
464 2187 660 2233 ἰσόπλευρον
684 2190 782 2234 χωρὶς
806 2189 865 2221 καὶ
891 2189 932 2222 τὸ
953 2188 1117 2226 σκαληνές
1134 2191 1193 2220 καὶ
1211 2188 1253 2221 τό
1270 2189 1398 2222 ἰσοσκε-

394 2233 464 2273 λές,
485 2233 578 2265 οὔπω
602 2228 670 2265 οἶδε
689 2233 730 2266 τό
749 2236 908 2279 τρίγωνον
929 2233 983 2265 ὅτι
1000 2230 1060 2266 δύο
1079 2233 1205 2278 ὀρθαῖς,
1227 2234 1254 2266 εἰ
1272 2234 1318 2280 μή
1337 2236 1396 2267 τὸν

396 2290 434 2310 σο
462 2278 589 2310 ιστικόν
615 2277 756 2321 τρόπον,
785 2275 861 2312 οὐδὲ
886 2277 1032 2311 καθόλου
1059 2280 1242 2326 τρίγωνον,
1270 2274 1341 2311 οὐδ’
1371 2280 1398 2311 εἰ

399 2288 503 2367 μηῖέν
529 2323 601 2355 ἐστι
627 2323 722 2367 παρα
746 2326 863 2358 ταῦτα
882 2326 1041 2369 τρίγωνον
1067 2324 1193 2368 ἕτερον.
1220 2324 1266 2355 Οὑ
1291 2323 1355 2371 γάρ
1376 2323 1397 2366 ᾖ

399 2370 558 2412 τρίγωνον
592 2361 699 2409 οἶδεν,
732 2365 810 2401 οὐδὲ
841 2370 908 2402 πᾶν
945 2371 1127 2415 τρίγωνον,
1163 2369 1234 2402 ἀλλ’
1264 2369 1284 2411 ᾖ
1310 2369 1392 2401 κατ’

400 2411 657 2488 ἀριθμόν;δκατ“
687 2407 772 2451 εἶδος
797 2409 825 2445 δ’
855 2414 893 2446 οὑ
920 2414 1006 2455 πᾶν,
1032 2417 1089 2446 καὶ
1115 2415 1142 2446 εἰ
1168 2409 1273 2457 μηδέν
1303 2415 1395 2446 ἔστιν

400 2459 415 2490 ὃ
441 2459 501 2490 οὐκ
526 2469 554 2489 οι
581 2469 625 2488 εν.

330 2546 409 2579 Πότ’
434 2547 489 2581 οὖν
508 2545 567 2579 οὑκ
586 2539 654 2576 οἶδε
671 2544 831 2586 καθόλου,
852 2548 907 2578 καὶ
927 2546 1006 2579 πότ’
1034 2541 1120 2578 οἶδεν
1141 2547 1272 2586 ἁπλῶς,
1292 2541 1396 2582 δῆλον

397 2586 440 2628 δή
469 2592 521 2625 ὅτι
547 2590 575 2621 εἰ
599 2589 731 2623 ταύτὸν
762 2589 802 2627 ἦν
828 2589 975 2635 τριγώνῳ
1010 2588 1094 2622 εἶναι
1123 2594 1181 2623 καὶ
1212 2590 1396 2635 ἰσοπλεύρῳ

398 2635 418 2673 ἦ
444 2639 577 2676 ἐκαστῳ
603 2633 623 2671 ἦ
651 2635 765 2667 πᾶσιν.
802 2635 839 2666 Εἰ
864 2631 902 2668 δέ
926 2635 973 2678 μή
999 2635 1130 2668 ταύτόν
1158 2635 1232 2668 ἀλλ’
1262 2634 1395 2680 ἕτερον,

399 2681 544 2726 ὑπάρχει
568 2674 599 2710 δ’
630 2679 649 2721 ’ᾗ
676 2682 850 2725 τρίγωνον,
877 2678 937 2712 οὑκ
964 2675 1063 2712 οἶδεν.

330 2769 474 2814 Πότερον
493 2764 521 2800 δ’
545 2768 565 2811 ’ᾗ
583 2770 744 2813 τρίγωνον
762 2766 783 2804 ἦ
804 2767 824 2810 ’ᾗ
842 2767 1024 2808 ἰσοσκελές,
1046 2767 1210 2812 ὑπάρχει;
1235 2767 1293 2797 καὶ
1312 2766 1398 2800 πότε

397 2813 493 2847 κατά
522 2812 616 2846 τοῦθ’
648 2811 793 2858 ὑπάρχει
819 2813 972 2857 πρῶτον;
998 2814 1056 2844 καὶ
1081 2810 1230 2844 καθόλου
1261 2812 1351 2849 τίνος
1377 2812 1398 2848 ἡ

401 2853 591 2899 ἀπόδειξις;
630 2852 734 2893 δῆλον
769 2855 822 2890 ὅτι
860 2856 942 2890 ὅταν
982 2855 1231 2902 ἀφαιρουμένων
1262 2854 1397 2900 ὑπάρξῃ

399 2902 532 2948 πρώτῳ·
559 2903 628 2934 οἷον
653 2902 701 2942 τῷ
726 2901 893 2933 ἱσοσκελεΐ
911 2902 1028 2947 χαλκῷ
1047 2901 1193 2957 τριγώνῳ
1212 2899 1397 2976 ὑπάρξουσι

397 2943 457 2980 δύο
485 2946 592 2992 ὀρθαί,
615 2945 706 2979 ἀλλά
721 2948 779 2978 καὶ
798 2947 860 2979 τοῦ
877 2947 1028 2992 χαλκοῦν
1053 2958 1139 2978 ειναι
1159 2947 1279 2990 ἀφαιρε
1304 2943 1397 2983 ε’ντος

396 2995 453 3025 καὶ
480 2993 542 3024 τοῦ
567 2989 749 3028 ἰσοσκελές.
770 2991 864 3022 Ἀλλ’
894 2992 932 3023 οὑ
957 2991 1018 3024 τοῦ
1044 2990 1224 3036 σχήματος
1249 2987 1270 3026 ἦ
1296 2988 1400 3033 πέρα-

399 3049 468 3075 τος.
491 3037 587 3068 Ἀλλ’
617 3036 655 3068 οὗ
674 3034 826 3079 πρώτων.
855 3037 948 3073 Τίνος
967 3034 1022 3068 οὖν
1042 3035 1195 3080 πρώτους
1223 3035 1249 3066 εἰ
1267 3028 1310 3071 δή
1330 3045 1396 3079 τρι-

398 3081 526 3128 γώνου,
560 3079 657 3114 κατοὶ
680 3079 785 3112 τοῦτο
819 3079 965 3125 ὑπάρχει
988 3082 1046 3111 καὶ
1073 3084 1143 3118 τοῖς
1179 3079 1312 3119 ἄλλοις,
1338 3079 1397 3110 καί

399 3126 525 3159 τούτου
549 3124 695 3158 καθόλου
723 3123 815 3157 ἐστὶν
841 3125 861 3160 ἦ
890 3119 1074 3166 ἀπόδειξις.

395 3226 542 3253 ὃγΝοΡειε.
556 3241 590 3245 -
608 3233 631 3252 1.
646 3224 857 3260 Argumentum
873 3230 900 3252 et
914 3223 1016 3252 divisio
1030 3230 1131 3252 textus.
1144 3240 1162 3245 -
1172 3231 1199 3252 2.
1210 3225 1313 3252 Errare
1327 3233 1396 3252 con-

333 3265 415 3302 tingit
429 3265 519 3292 tribus
534 3263 629 3292 modis
644 3265 683 3299 (n.
693 3264 720 3298 3)
735 3263 810 3291 circa
824 3263 984 3292 universale
999 3263 1165 3299 (definitum
1176 3263 1205 3291 in
1215 3263 1398 3300 praecedenti

333 3305 470 3340 lectione)
492 3310 523 3332 ut
538 3304 567 3332 in
588 3302 835 3331 demonstratione
855 3303 1018 3331 assumitur.
1030 3320 1049 3324 —
1061 3303 1086 3331 3.
1102 3303 1215 3331 Primus
1233 3304 1339 3331 modus
1353 3313 1397 3331 er-

334 3344 415 3372 randi
431 3350 472 3372 est
487 3353 552 3372 cum
564 3343 663 3381 primo
678 3342 838 3380 assignatur
851 3342 938 3371 unico
954 3343 1079 3371 inferiori
1094 3344 1147 3371 sub
1161 3342 1313 3371 universali
1327 3352 1398 3372 con-

334 3390 430 3418 tento,
453 3384 533 3420 quod
543 3383 642 3420 primo
663 3383 698 3410 de
719 3382 783 3419 ipso
804 3382 957 3411 universali
978 3382 1232 3420 praedicatum-4.
1248 3383 1397 3411 Secundus

336 3424 441 3451 modus
455 3429 497 3451 est
512 3423 630 3459 quando
645 3422 675 3450 id
689 3422 769 3459 quod
784 3422 917 3450 convenit
928 3431 986 3460 per·
1000 3432 1030 3451 se
1040 3422 1140 3460 primo
1150 3421 1235 3450 alicui
1247 3422 1396 3450 communi

337 3462 521 3497 innominato‚
534 3461 693 3499 assignatur
706 3468 738 3490 ut
751 3462 911 3490 universale
932 3462 1058 3498 primum
1072 3461 1106 3490 iis
1120 3471 1194 3499 quae
1209 3461 1393 3491 continentur

336 3503 389 3529 sub
411 3502 466 3529 hoc
487 3501 643 3530 communi.
655 3518 674 3522 —
691 3502 715 3529 5.
730 3501 844 3529 Tertius
867 3502 972 3530 modus
994 3508 1036 3530 est
1050 3502 1168 3539 quando
1182 3501 1395 3538 praedicatum,

336 3542 415 3577 quod
433 3541 531 3578 primo
552 3540 684 3569 convenit
706 3540 831 3568 inferiori
852 3541 1014 3576 universali,
1029 3541 1191 3569 attribuitur
1205 3550 1263 3578 per
1284 3550 1314 3569 se
1332 3541 1396 3579 pri-

336 3590 414 3608 mum
429 3580 579 3608 universali
595 3579 744 3616 superiori.
753 3595 775 3602 —
785 3581 811 3608 6.
823 3581 994 3616 Exemplum
1011 3581 1047 3609 de
1061 3580 1143 3608 lineis
1157 3580 1240 3609 rectis
1256 3580 1397 3617 parallelis

1459 727 1476 746 *
1489 727 1625 768 Oportet
1636 735 1743 758 autem
1756 739 1821 759 non
1834 730 1928 761 latere
1946 732 2099 772 quoniam
2112 735 2274 766 multoties
2292 739 2445 779 contingit
2459 750 2529 780 pec·
2557 741 2565 749 '

1528 782 1607 809 care,
1621 779 1650 802 et
1663 782 1728 803 non
1742 783 1819 811 esse,
1833 775 1922 815 quod
1935 775 2177 817 demonstratur,
2189 780 2330 820 primum
2343 783 2527 824 universale,

1527 817 1703 847 secundum
1719 818 1808 858 quod
1821 819 1945 849 videtur
1961 820 2168 853 demonstrari
2185 824 2359 856 universale
2375 827 2525 867 primum.

1461 859 1653 891 oberramus
1681 869 1788 892 autem
1814 862 1872 893 hac
1900 864 2096 904 deceptione,
2126 877 2199 897 cum
2227 875 2282 899 aut
2312 870 2357 899 nil
2384 870 2424 902 sit
2451 873 2529 903 acci-

1526 914 1600 944 pere
1624 915 1642 934 a
1665 906 1818 945 superiori
1843 914 1926 937 extra
1953 908 2120 948 singulare,
2148 921 2247 952 quam
2270 913 2449 954 singularia,
2474 924 2529 948 aut

1527 948 1552 978 si
1567 948 1606 979 sit
1625 949 1766 989 quidem,
1784 951 1839 981 sed
1861 951 2098 984 innominatum
2121 955 2160 986 sit
2175 956 2208 986 in
2228 956 2440 989 differentibus
2459 970 2528 1000 spe-

1527 992 1573 1022 cie
1596 994 1701 1031 rebus,
1721 1002 1775 1025 aut
1799 996 1960 1036 contingat
1983 1007 2049 1028 esse
2082 999 2163 1030 sicut
2190 1000 2223 1030 in
2247 1008 2334 1041 parte
2367 1009 2472 1034 toturn
2495 1004 2527 1034 in

1526 1046 1592 1077 quo
1616 1045 1828 1069 monstratur:
1856 1039 1899 1069 eis
1928 1041 2013 1071 enim
2044 1052 2125 1083 quae
2156 1052 2230 1075 sunt
2259 1045 2292 1075 in
2316 1053 2422 1086 parte,
2448 1047 2530 1079 inest

1526 1081 1656 1121 quidem
1680 1082 1918 1122 demonstratio,
1936 1091 1967 1115 et
1990 1086 2047 1117 erit
2070 1087 2109 1117 de
2132 1089 2233 1127 omni,
2257 1090 2312 1120 sed
2331 1097 2438 1122 tamen
2461 1102 2528 1122 non

1526 1125 1712 1156 huiusmodi
1736 1127 1829 1166 primi
1853 1128 2068 1161 universaliter
2091 1133 2329 1165 demonstratio.
2345 1135 2427 1166 Dico
2443 1136 2529 1166 enim

1526 1169 1621 1200 huius
1644 1170 1750 1210 primi,
1767 1173 1943 1203 secundum
1959 1175 2047 1215 quod
2064 1183 2120 1215 est,
2140 1177 2377 1218 demonstratio,
2395 1190 2469 1210 cum
2490 1180 2530 1211 sit

1526 1214 1620 1253 primi
1644 1215 1837 1247 universalis.
2443 1247 2447 1250 .

1460 1258 1492 1289 Si
1515 1258 1610 1298 igitur
1633 1259 1744 1300 aliquis
1769 1261 1996 1293 demonstrabit
2021 1264 2115 1304 'quod
2137 1273 2238 1296 rectae
2261 1266 2362 1298 lineae
2390 1278 2456 1299 non
2478 1268 2526 1298 in-

1527 1303 1696 1342 tercidant,
1721 1304 1878 1336 videbitur
1901 1306 2011 1347 utique
2034 1308 2219 1340 huiusmodi
2244 1320 2310 1341 esse
2334 1312 2527 1343 demonstra-

1525 1346 1582 1385 tio,
1599 1355 1728 1388 propter
1750 1349 1783 1379 id
1806 1351 1894 1390 quod
1917 1350 1999 1382 inest
2021 1353 2122 1383 rectis.
2153 1354 2227 1384 Non
2251 1362 2359 1386 autem
2382 1363 2445 1394 est,
2467 1356 2528 1386 nisi

1526 1392 1668 1431 quidem,
1692 1393 1847 1433 quoniam
1878 1394 1921 1425 sic
1945 1397 2090 1437 aequales
2115 1397 2187 1437 sint,
2212 1398 2266 1430 fiat
2288 1400 2369 1439 hoc,
2396 1401 2450 1431 sed
2474 1407 2530 1432 aut

1525 1434 1558 1464 in
1582 1437 1724 1476 quolibet
1748 1438 1905 1478 aequales.

1458 1479 1475 1498 ’¹‘
1493 1479 1534 1510 Et
1557 1479 1582 1509 si
1598 1480 1772 1520 triangulus
1800 1492 1866 1512 non
1891 1490 1971 1514 esset
1997 1485 2094 1524 aliud,
2112 1496 2211 1526 quam
2229 1487 2387 1527 isosceles,
2416 1499 2527 1520 secun-

1526 1524 1604 1553 dum
1627 1525 1715 1565 quod
1739 1531 1786 1556 est
1807 1525 1965 1566 isosceles,
1980 1529 2137 1560 videretur
2160 1531 2270 1572 utique
2294 1542 2371 1563 esse.

1458 1568 1499 1598 Et
1517 1568 1755 1608 proportionale
1778 1571 1866 1611 quod
1889 1573 2154 1604 commutabiliter
2173 1582 2229 1614 est,
2246 1577 2423 1607 secundum
2439 1578 2529 1619 quod

1526 1613 1650 1643 numeri
1673 1620 1757 1653 sunt,
1780 1621 1811 1646 et
1837 1617 2014 1647 secundum
2041 1618 2129 1658 quod
2149 1619 2266 1658 lineae,
2296 1627 2327 1651 et
2351 1622 2528 1653 secundum

1525 1658 1613 1698 quod
1636 1657 1738 1697 firma,
1764 1665 1795 1689 et
1824 1661 2001 1691 secundum
2028 1663 2117 1702 quod
2137 1668 2281 1704 tempora
2306 1672 2391 1704 sunt,
2414 1675 2528 1706 quem-

1526 1703 1702 1733 admodum
1732 1710 1763 1734 et
1791 1704 2043 1736 demonstratum
2079 1713 2126 1737 est
2159 1707 2330 1749 aliquando
2363 1719 2527 1750 seorsum,

1526 1747 1711 1787 contingens
1735 1757 1801 1778 esse
1826 1749 1864 1778 de
1888 1749 2037 1780 omnibus
2061 1760 2125 1781 una
2142 1752 2409 1784 demonstratione
2434 1764 2526 1785 mon-

1527 1790 1630 1829 strari}
1663 1792 1717 1822 sed
1741 1800 1870 1833 propter
1903 1793 1954 1831 id,
1981 1795 2070 1835 quod
2108 1805 2174 1826 non
2202 1804 2248 1828 est
2283 1797 2526 1830 denominatum

1525 1836 1656 1876 aliquid,
1672 1837 1705 1867 in
1729 1847 1795 1878 quo
1819 1837 1928 1868 omnia
1946 1838 2023 1869 haec
2037 1849 2141 1870 unum
2164 1848 2248 1879 sunt,
2273 1842 2408 1881 numeri,
2423 1843 2526 1884 longi-

2555 766 2623 788 Text.
2633 756 2673 788 ἠ’

2555 1493 2566 1504 “
2581 1492 2649 1515 Text.
2660 1499 2691 1522 ¹³-

1525 1881 1661 1919 tudines,
1678 1887 1834 1922 tempora,
1859 1889 1889 1912 et
1905 1881 2005 1921 firma,
2023 1890 2053 1914 et
2069 1884 2171 1924 specie
2188 1885 2359 1917 differentia
2382 1887 2421 1917 ab
2445 1887 2525 1919 invi·
2546 1904 2550 1908 ·

1525 1934 1595 1955 cern
1614 1935 1758 1956 seorsum
1774 1933 1900 1966 accepta
1919 1934 2003 1965 sunt;
2029 1938 2095 1959 non
2112 1936 2219 1959 autem
2235 1930 2409 1961 universale
2432 1941 2524 1963 mon-

1524 1976 1652 2007 stratur;
1668 1979 1734 2000 non
1745 1970 1831 2000 enim
1841 1971 2018 2002 secundum
2032 1973 2121 2013 quod
2134 1973 2235 2004 lineae
2250 1981 2334 2013 sunt,
2345 1982 2400 2006 aut
2414 1985 2524 2007 secun-

1524 2013 1602 2044 dum
1625 2014 1714 2054 quod
1729 2014 1864 2052 numeri,
1881 2014 1990 2054 inerat,
2004 2017 2058 2047 sed
2074 2018 2250 2048 secundum
2273 2019 2362 2059 quod
2384 2019 2446 2050 hoc
2467 2027 2524 2060 est,

1523 2058 1611 2098 quod
1635 2058 1809 2088 universale
1832 2067 1959 2099 ponunt
1982 2070 2059 2091 esse.

1455 2101 1587 2142 Propter
1609 2102 1682 2141 hoc,
1699 2112 1802 2143 neque
1825 2103 1850 2133 si
1875 2103 1988 2145 aliquis
2011 2111 2166 2136 monstret
2189 2115 2454 2148 unumquemque
2469 2107 2523 2140 tri-

1522 2146 1676 2186 angulum
1690 2147 1969 2186 demonstratione,
1987 2156 2041 2181 aut
2063 2159 2127 2180 una
2142 2155 2197 2180 aut
2213 2150 2319 2190 altera,
2338 2152 2427 2192 quod
2443 2152 2525 2184 duos

1521 2197 1622 2221 rectos
1645 2191 1739 2222 habet
1762 2193 1993 2234 unusquisque,
2016 2193 2096 2224 idest
2123 2193 2301 2234 isopleuros
2322 2205 2477 2235 seorsum,
2494 2203 2526 2229 et

1520 2235 1665 2266 isosceles
1681 2243 1712 2267 et
1727 2236 1875 2267 scalenon
1893 2236 1991 2279 (idest
2005 2237 2196 2281 gradatum),
2209 2240 2355 2270 nondum
2374 2241 2525 2281 cognovit

1520 2279 1714 2319 triangulum
1730 2281 1818 2321 quod
1833 2281 1914 2311 duos
1938 2289 2038 2313 rectos
2062 2282 2173 2321 habet,
2189 2283 2249 2314 nisi
2265 2284 2437 2324 sophistico
2453 2295 2522 2316 mo-

1521 2325 1574 2362 do,
1585 2334 1688 2365 neque
1703 2325 1878 2356 universale
1893 2326 2050 2366 trianguli,
2064 2337 2167 2368 neque
2183 2327 2207 2358 si
2222 2328 2329 2359 nullus
2345 2335 2391 2359 est
2402 2336 2524 2369 praeter

1520 2369 1596 2400 haec
1612 2369 1786 2409 triangulus
1810 2370 1903 2400 alter:
1927 2381 1993 2401 non
2023 2371 2108 2401 enim
2131 2372 2308 2403 secundum
2324 2373 2413 2414 quod
2428 2374 2522 2405 trian-

1519 2414 1613 2454 gulus
1642 2420 1688 2444 est
1718 2414 1884 2454 cognovit;
1914 2425 2018 2456 neque
2058 2425 2189 2446 omnem
2222 2416 2436 2457 triangulum,
2468 2418 2523 2448 sed

1521 2458 1696 2489 secundum
1729 2466 1919 2497 numerum;
1950 2460 2126 2490 secundum
2154 2460 2291 2501 speciem
2321 2468 2428 2492 autem
2455 2472 2522 2494 non

1521 2512 1662 2540 omnem,
1689 2509 1719 2532 et
1742 2502 1768 2532 si
1792 2504 1898 2534 nullus
1923 2511 1968 2534 est
1991 2514 2088 2544 quem
2111 2514 2177 2535 non
2200 2505 2298 2536 novit.

1453 2547 1592 2585 Quando
1625 2546 1719 2586 igitur
1742 2557 1808 2577 non
1841 2548 1930 2578 novit
1959 2548 2192 2587 universaliter,
2223 2555 2253 2580 et
2276 2550 2405 2590 quando
2433 2549 2523 2581 novit

1520 2589 1719 2631 simpliciter?
1743 2591 1946 2622 manifestum
1970 2599 2016 2622 est
2039 2593 2127 2633 quod
2151 2593 2176 2623 si
2199 2593 2284 2623 idem
2307 2594 2406 2624 inerat
2428 2594 2524 2624 trian-

1520 2636 1596 2675 gulo
1621 2645 1698 2674 esse,
1715 2642 1745 2665 et
1767 2636 1907 2674 isosceli,
1934 2643 1988 2667 aut
2011 2636 2200 2677 unicuique,
2226 2644 2280 2668 aut
2303 2637 2463 2668 omnibus.
2488 2638 2521 2669 Si

1520 2689 1595 2710 vero
1619 2689 1684 2709 non
1708 2679 1803 2718 idem,
1830 2680 1885 2710 sed
1908 2680 2041 2710 alterum
2065 2687 2130 2719 est,
2156 2682 2332 2712 secundum
2361 2682 2450 2722 quod
2475 2689 2521 2713 est

1520 2723 1705 2762 triangulus,
1722 2733 1788 2757 non
1812 2723 1910 2754 novit.

1453 2767 1471 2787 *
1489 2768 1605 2799 Utrum
1629 2774 1734 2797 autem
1757 2767 1933 2797 secundum
1957 2768 2046 2808 quod
2063 2775 2109 2799 est
2124 2768 2316 2808 triangulus,
2340 2776 2394 2800 aut
2409 2779 2519 2801 secun-

1520 2811 1599 2842 dum
1622 2811 1710 2851 quod
1734 2818 1780 2842 est
1798 2811 1943 2842 isosceles
1968 2812 2022 2851 sit,
2049 2819 2080 2843 et
2103 2813 2232 2853 quando
2258 2814 2435 2844 secundum
2457 2814 2520 2846 hoc

1521 2861 1567 2886 est
1589 2855 1730 2895 primum
1747 2862 1777 2886 et
1795 2855 1988 2895 universale,
2009 2856 2098 2887 cuius
2123 2857 2350 2888 demonstratio
2375 2865 2432 2896 est,
2451 2868 2519 2889 ma-

1521 2899 1671 2930 nifestum
1694 2906 1755 2937 est,
1777 2899 1932 2940 quoniam
1955 2901 2085 2941 quando
2109 2908 2234 2932 remoto
2258 2901 2332 2932 insit
2359 2902 2519 2942 primum,

1520 2951 1556 2975 ut
1583 2944 1713 2974 isoscele
1747 2950 1776 2974 et
1812 2954 1910 2974 aeneo
1942 2951 2065 2975 remoto
2098 2945 2277 2985 triangulo,
2311 2946 2420 2977 insunt
2451 2947 2517 2978 duo

1521 2989 1604 3019 recti.
1623 2988 1684 3019 Sed
1707 2998 1805 3018 aeneo
1822 2995 1946 3019 remoto
1970 2996 2001 3019 et
2015 2989 2155 3027 isoscele,
2173 2990 2226 3020 sed
2249 3000 2316 3020 non
2339 2989 2450 3031 figura,
2465 2997 2520 3022 aut

1520 3033 1666 3070 termino,
1683 3032 1737 3062 sed
1753 3042 1819 3062 non
1842 3032 1961 3073 primis.
1985 3032 2086 3064 Cuius
2108 3033 2202 3074 igitur
2224 3032 2339 3075 primi?
2358 3034 2391 3066 Si
2412 3034 2519 3076 itaque

1519 3077 1666 3118 trianguli
1699 3083 1764 3115 est,
1796 3077 1972 3107 secundum
1994 3077 2056 3108 hoe
2087 3077 2168 3109 inest
2191 3085 2221 3109 et
2244 3078 2327 3117 aliis,
2358 3086 2388 3110 et
2410 3078 2519 3110 huius-

1520 3121 1608 3152 modi
1632 3120 1847 3152 universaliter
1870 3128 1916 3152 est
1939 3122 2177 3153 demonstratio.

1451 3223 1488 3252 ad
1509 3222 1713 3252 declarandum
1734 3221 1850 3250 tertium
1870 3222 2001 3250 modum.
2011 3238 2030 3243 -
2040 3231 2067 3258 7.
2082 3221 2255 3258 Exemplum
2270 3222 2305 3250 de
2319 3221 2472 3260 triangulo,
2487 3221 2518 3250 in

1452 3262 1651 3300 suppositione
1661 3262 1741 3299 quod
1751 3270 1813 3289 non
1827 3267 1900 3290 esset
1914 3261 1986 3290 alius
1996 3261 2154 3299 triangulus
2165 3270 2253 3298 quam
2263 3261 2406 3297 isosceles,
2416 3262 2454 3290 ad
2467 3261 2518 3290 de·

1452 3303 1620 3332 clarandum
1626 3302 1752 3330 modum
1766 3301 1929 3338 primum.-
1938 3301 1965 3329 8.
1977 3301 2126 3330 Secundus
2140 3302 2247 3329 modus
2261 3302 2421 3330 declaratur
2429 3310 2463 3330 ex
2473 3300 2517 3329 his

1452 3351 1526 3380 quae
1540 3342 1674 3371 dicuntur
1684 3341 1918 3379 proportionalia
1928 3340 2204 3369 commutabiliter.-
2212 3350 2239 3377 9.
2247 3341 2448 3369 Corollarium.
2457 3341 2515 3369 Co-

1451 3382 1535 3420 gnitis
1550 3381 1731 3410 inferioribus
1753 3380 1872 3409 alicuius
1893 3380 2069 3415 universalis,
2085 3389 2146 3408 non
2160 3387 2313 3417 propterea
2333 3379 2518 3417 cognoscitur

1451 3422 1610 3451 universale
1625 3421 1784 3450 secundum
1798 3420 1934 3457 seipsum,
1947 3429 1998 3448 seu
2012 3419 2216 3455 universaliter,
2232 3429 2283 3448 seu
2297 3419 2456 3448 secundum
2470 3428 2516 3447 ra-

1451 3461 1561 3490 tionem
1576 3460 1688 3498 speciei.
1697 3476 1716 3482 -
1730 3469 1773 3488 ιο.
1785 3461 1852 3488 Non
1866 3459 1943 3488 enim
1961 3466 2003 3488 est
2014 3460 2115 3488 eadem
2126 3459 2199 3488 ratio
2209 3458 2378 3503 universalis
2389 3458 2419 3486 in
2434 3467 2515 3487 com-

1452 3501 1533 3530 muni
1547 3507 1575 3530 et
1589 3499 1814 3537 uniuscuiusque
1828 3499 1988 3536 specierum
1999 3498 2090 3528 eius.-
2102 3508 2145 3527 11.
2157 3498 2321 3527 Universale
2335 3507 2430 3535 primo
2445 3507 2516 3526 con-

1451 3541 1528 3570 venit
1537 3540 1576 3569 illi
1587 3540 1725 3575 subiecto,
1734 3548 1794 3577 quo
1804 3539 1908 3576 posito,
1917 3538 2035 3576 ponitur
2043 3537 2211 3573 universale,
2220 3547 2279 3574 quo
2289 3543 2412 3582 remoto,
2420 3546 2516 3582 remo-

1451 3586 1541 3617 vetur3
1549 3586 1578 3608 et
1587 3580 1698 3609 ratione
1709 3578 1790 3608 cuius
1799 3578 1874 3607 inest
1881 3578 1943 3607 aliis
1954 3584 2013 3606 tam
2023 3576 2218 3614 superioribus
2226 3586 2314 3614 quam
2323 3576 2519 3606 inferioribus.

2546 2777 2557 2788 ⁸
2571 2775 2639 2799 Text.
2649 2782 2690 2804 ¹⁴—
