2548 4192
2365 270 2389 294 V

171 357 324 391 mana
345 335 681 405 intelligentia
702 346 794 404 est,
825 334 921 387 sed
952 334 1226 387 nonnullas
1257 334 1410 386 etiam
1442 334 1799 403 manifestavit,
1822 335 2003 387 rationi
2036 356 2141 388 non
2173 338 2386 390 omnino

171 407 467 478 impervias,
507 418 563 459 ut
600 406 810 475 scilicet,
851 406 1137 459 accedente
1175 405 1280 457 Dei
1320 405 1648 474 auctoritate,
1687 406 1857 458 statim
1888 418 1939 458 et
1967 406 2078 459 sine
2108 408 2280 476 aliqua
2310 429 2387 461 er-

172 480 303 533 roris
341 478 661 531 admixtione
701 477 947 530 omnibus
986 478 1382 530 innotescerent
1422 477 1507 529 Ex
1546 498 1652 546 quo
1682 477 1872 530 factum
1905 490 2003 546 est,
2037 489 2092 530 ut
2126 480 2386 547 quaedam

171 571 320 621 vera,
369 570 505 618 quae
545 550 628 602 vel
669 549 914 602 divinitus
957 549 1026 601 ad
1066 548 1391 601 credendum
1437 561 1828 618 proponuntur,
1869 549 1951 602 vel
1992 570 2110 602 cum
2151 550 2387 604 doctrina

171 622 296 676 fidei
344 621 497 674 arctis
546 621 864 690 quibusdam
912 621 1130 673 vinculis
1184 621 1515 690 colligantur,
1569 621 1667 690 ipsi
1716 621 2042 674 ethnicorum
2095 622 2383 691 sapientes,

172 693 387 747 naturali
436 704 633 746 tantum
691 693 890 746 ratione
934 693 1294 762 praelucente,
1344 692 1713 761 cognoverint,
1768 692 2008 762 aptisque
2065 694 2384 763 argumentis

172 765 645 818 demonstraverint
682 785 743 817 ac
791 764 1179 817 vindicaverint.
1228 764 1527 816 Invisibilia
1565 765 1701 816 enim
1748 766 1934 834 ipsius,
1984 776 2039 817 ut
2085 765 2385 834 Apostolus

171 837 351 905 inquit,
382 857 417 890 a
446 845 690 889 creatura
728 837 920 889 mundi
931 845 1034 905 per
1062 857 1137 905 ea,
1168 856 1303 904 quae
1324 835 1486 904 facta
1514 845 1654 904 sunt,
1685 835 1943 902 intellecta
1981 838 2385 906 conspiciuntur,

168 909 482 976 sempiterna
521 929 721 976 quoque
748 910 861 961 eius
889 910 1061 960 vz'rtus
1089 917 1140 960 et
1163 908 1420 960 divinitas
1458 906 1648 977 (Rom.
1670 907 1707 975 I,
1733 909 1849 977 20),
1889 917 1939 959 et
1952 917 2135 975 gentes
2165 929 2299 977 quae
2318 909 2386 961 le-

160 1000 283 1048 gem
321 1000 426 1032 non
461 979 701 1032 habent...
732 980 1016 1032 ostendunt
1050 978 1382 1031 nihilominus
1421 986 1548 1045 opus
1585 977 1715 1045 legis
1751 979 1999 1046 scriptum
2045 980 2101 1031 in
2146 980 2387 1033 cordibus

170 1052 285 1104 suis
323 1051 513 1121 (Ib.11‚
543 1054 737 1121 14-15).
779 1051 931 1103 Haec
969 1062 1143 1103 autem
1181 1069 1322 1117 vera,
1344 1049 1427 1101 vel
1450 1048 1574 1117 ipsis
1598 1048 1922 1101 ethnicorum
1955 1051 2277 1119 sapientibus
2299 1072 2385 1104 ex-

169 1123 396 1192 plorata,
444 1121 785 1174 vehementer
824 1134 902 1174 est
949 1132 1307 1190 opportunum
1347 1119 1398 1172 in
1438 1120 1695 1173 revelatae
1737 1120 2003 1173 doctrinae
2044 1123 2385 1175 commodum

169 1192 545 1260 utilitatemque
586 1204 910 1261 convertere,
951 1203 1006 1245 ut
1044 1192 1216 1261 reipsa
1255 1191 1575 1260 ostendatur,
1616 1192 1895 1244 humanam
1936 1212 2151 1261 quoque
2182 1195 2384 1263 sapien-

169 1263 308 1332 tiam,
347 1274 505 1332 atque
544 1263 717 1333 ipsum
755 1263 1177 1317 adversariorum
1217 1263 1569 1316 testimonium
1610 1263 1733 1316 fidei
1764 1263 2069 1316 christianae
2103 1265 2386 1335 suffragari.

172 1334 359 1406 Quam
375 1335 568 1405 agendi
591 1336 860 1404 rationem,
901 1356 1007 1388 non
1047 1355 1230 1388 recens
1256 1335 1620 1403 introductam,
1661 1335 1757 1388 sed
1778 1346 2010 1388 veterem
2033 1356 2147 1388 esse
2171 1348 2387 1407 constat,

173 1418 225 1460 et
262 1407 452 1470 sanctis
490 1407 762 1460 Ecclesiae
800 1407 1042 1460 Patribus
1082 1428 1241 1476 saepe
1282 1407 1530 1459 usitatam.
1573 1406 1721 1477 Quin
1763 1407 1915 1459 etiam
1942 1408 2269 1460 venerabiles
2309 1409 2387 1461 isti

172 1478 533 1548 religiosarum
572 1478 907 1532 traditionum
947 1490 1105 1532 testes
1145 1490 1196 1532 et
1235 1478 1482 1531 custodes
1520 1478 1740 1531 formam
1782 1478 2064 1547 quamdam
2105 1479 2214 1531 eius
2246 1480 2317 1532 rei
2340 1492 2390 1532 et

170 1570 343 1620 prope
382 1549 604 1620 figuram
643 1563 939 1620 agnoscunt
976 1551 1026 1603 in
1066 1551 1438 1603 Hebraeorum
1477 1550 1634 1618 fact0‚
1682 1550 1771 1619 qui
1810 1550 2070 1620 Aegypto
2111 1552 2388 1620 excessuri,

173 1621 377 1675 deferre
415 1642 597 1675 secum
645 1622 768 1675 iussi
808 1634 928 1675 sunt
965 1634 1214 1692 argentea
1260 1634 1416 1691 atque
1456 1643 1614 1674 aurea
1661 1622 2057 1692 Aegyptiorum
2097 1643 2222 1675 vasa
2271 1643 2388 1675 cum

171 1693 407 1747 vestibus
445 1694 704 1763 pretiosis,
746 1706 802 1747 ut
838 1694 1048 1762 scilicet,
1090 1705 1286 1747 mutato
1327 1705 1543 1763 repente
1584 1714 1696 1762 usu,
1738 1694 1975 1763 religioni
2015 1694 2123 1746 veri
2144 1694 2387 1747 Numinis

173 1785 237 1818 ea
273 1765 510 1834 supellex
549 1765 904 1834 dedicaretur,
955 1786 1089 1834 quae
1129 1765 1273 1835 prius
1313 1765 1674 1835 ignominiosis
1717 1765 1898 1818 ritibus
1948 1777 1998 1818 et
2036 1766 2388 1835 superstitioni

172 1835 487 1890 inservierat.
518 1836 812 1917 Gregorius
836 1837 1300 1890 Neocaesariensis
1335 1836 1511 1907 (Orat.
1534 1857 1722 1907 paneg.
1749 1837 1816 1890 ad
1844 1837 2023 1908 Orig.)
2055 1837 2230 1890 laudat
2265 1837 2389 1891 Ori-

170 1927 366 1978 genem
387 1907 489 1961 hoc
510 1929 739 1978 nomine,
780 1909 927 1978 quod
955 1909 1105 1978 plura
1144 1930 1207 1962 ex
1238 1909 1563 1962 ethnicorum
1585 1909 1784 1979 placitis
1822 1909 2093 1979 ingeniose
2125 1909 2389 1980 decerpta,

173 1979 321 2048 quasi
343 1991 524 2049 erepta
543 1980 782 2034 hostibus
804 1981 920 2050 tela,
943 1981 993 2033 in
1019 1981 1364 2050 patrocinium
1392 1981 1698 2033 christianae
1728 1981 2012 2050 sapientiae
2035 1993 2086 2033 et
2105 1981 2390 2050 perniciem

171 2051 551 2121 superstitionis
590 2052 838 2122 singulari
878 2053 1183 2105 dexteritate
1213 2053 1488 2106 retorserit.
1527 2053 1599 2105 Et
1631 2073 1813 2122 parem
1854 2052 2152 2122 disputandi
2188 2073 2389 2105 morem

172 2143 294 2176 curn
315 2122 609 2193 Gregorius
629 2124 990 2177 Nazianzenus
1011 2124 1375 2195 (Vit.Moys.),
1393 2136 1502 2177 tum
1525 2124 1818 2194 Gregorius
1836 2125 2111 2194 Nyssenus
2133 2124 2333 2195 (Carm.
2352 2125 2388 2193 I,

171 2194 332 2248 lamb.
358 2197 414 2266 3)
453 2195 505 2248 in
543 2195 735 2248 Basilio
775 2196 979 2266 Magno
1019 2207 1071 2249 et
1108 2196 1321 2249 laudant
1350 2208 1401 2249 et
1429 2196 1681 2266 probant,
1721 2196 2080 2265 Hieronymus
2114 2217 2242 2248 vero
2282 2217 2388 2249 ma-

247 2286 412 2336 opere
451 2268 790 2320 commendat
827 2268 877 2320 in
918 2268 1199 2338 Quadrato
1239 2268 1631 2338 Apostolorum
1667 2267 1940 2337 discipuIO,
1981 2268 2030 2320 in
2060 2267 2315 2337 Aristide,
2338 2268 2388 2320 in

169 2286 385 2407 filistim,
407 2338 457 2391 in
479 2338 713 2408 Irenaeo,
735 2339 953 2408 aliisque
983 2340 1253 2409 permultis
1274 2340 1470 2410 (Epist.
1491 2340 1559 2392 ad
1580 2339 1798 2409 Magn.)
1834 2339 2170 2409 Augustinus
2197 2351 2387 2409 autem,

169 2409 364 2463 Nonne
401 2411 699 2480 aspicimus,
739 2411 928 2479 inquit,
979 2421 1175 2479 quanto
1214 2432 1346 2464 auro
1394 2421 1444 2464 et
1478 2419 1694 2479 argento
1736 2420 1787 2462 et
1820 2419 1957 2463 veste
2002 2411 2389 2480 suffarcinatus

171 2481 362 2533 exierit
394 2482 459 2534 a'e
494 2482 724 2550 Aegypto
770 2482 1086 2551 Cyprianus,
1126 2483 1304 2535 doctor
1329 2483 1683 2535 suavissimus
1721 2491 1772 2534 et
1787 2491 1990 2551 martyr
2014 2483 2344 2536 beatissimus
2354 2487 2388 2536 Ρ

171 2561 370 2620 quanto
407 2552 770 2606 Lactantius?
808 2563 1005 2622 quanto
1057 2554 1373 2623 Victorinus,
1423 2554 1672 2623 Optatus,
1709 2553 2011 2607 Hilarius?
2058 2564 2119 2606 ut
2153 2555 2215 2607 de
2253 2556 2389 2608 vz'vis

171 2631 385 2693 taceam,
408 2634 605 2692 quanto
629 2625 1037 2678 innumerabiles
1065 2625 1297 2678 Graeci.)
1359 2626 1448 2678 De
1470 2626 1632 2679 doctr.
1653 2626 1821 2678 christ.
1844 2625 2003 2695 lib.II,
2026 2647 2066 2678 c.
2088 2628 2197 2697 40).
2218 2626 2389 2697 Quod

170 2694 214 2748 si
252 2715 381 2748 vero
421 2696 664 2749 naturalis
703 2696 832 2749 ratio
874 2697 1104 2766 opimam
1145 2698 1278 2750 hanc
1357 2698 1586 2751 octrinae
1615 2709 1851 2767 segetem
1881 2697 2024 2767 prius
2045 2698 2190 2767 fudit,
2231 2719 2388 2767 quam

171 2766 368 2821 Christi
390 2767 576 2820 virtute
597 2768 980 2838 fecundaretur,
1021 2769 1183 2821 multo
1206 2769 1505 2823 uberiorem
1535 2781 1674 2822 certe
1704 2770 2002 2839 progignet,
2042 2781 2388 2839 posteaquam

170 2837 457 2891 Salvatoris
495 2840 661 2909 gratia
699 2840 897 2893 nativas
937 2841 1195 2893 humanae
1226 2841 1411 2894 mentis
1441 2841 1707 2894 facultates
1746 2841 2047 2894 instauravit
2077 2853 2127 2894 et
2155 2842 2389 2894 auxit.—

170 2909 372 2978 Ecquis
410 2922 585 2964 autem
625 2932 730 2964 non
770 2912 971 2981 videat,
1011 2912 1105 2965 iter
1143 2913 1356 2982 planum
1397 2925 1448 2966 et
1484 2913 1630 2966 facile
1678 2933 1775 2982 per
1813 2913 2111 2965 huiusmodi
2155 2913 2388 2982 philoso-

171 2981 370 3048 phandi
408 3003 577 3052 genus
615 2983 684 3035 ad
724 2983 886 3036 fidem
924 2984 1148 3053 aperiri?

280 3053 406 3106 Non
445 3054 524 3117 his
563 3066 736 3107 tamen
776 3055 1022 3108 limitibus
1061 3056 1247 3108 utilitas
1288 3056 1741 3125 circumscribitur,
1774 3077 1909 3124 quae
1937 3077 2000 3108 ex
2039 3055 2124 3108 illo
2155 3056 2386 3126 philoso-

173 3121 371 3191 phandi
418 3125 646 3179 instituto
696 3126 937 3180 dimanat.
983 3127 1055 3180 Et
1101 3148 1285 3180 revera
1324 3128 1532 3180 divinae
1570 3127 1854 3197 sapientiae
1895 3127 2116 3196 eloquiis
2161 3128 2389 3198 graviter

174 3193 572 3262 reprehenditur
611 3218 795 3250 eorum
834 3199 1106 3251 hominum
1144 3199 1377 3268 stultitia,
1417 3200 1506 3268 qui
1546 3200 1608 3252 a'e
1643 3199 1730 3252 liis
1768 3199 1902 3267 quae
1938 3199 2189 3252 videntur
2231 3201 2385 3269 bona,

174 3285 278 3317 non
306 3273 596 3332 potuerunt
629 3269 915 3338 intelligere
932 3270 1078 3323 Eum
1108 3272 1206 3339 qui
1218 3280 1324 3338 est,·
1361 3292 1537 3340 neque,
1577 3271 1813 3339 operibus
1851 3271 2186 3340 attendentes,
2227 3292 2385 3339 agno-

173 3346 366 3388 verunt
400 3339 519 3405 quis
555 3349 690 3392 esset
723 3342 924 3409 artifex
962 3342 1117 3413 (Sap.
1139 3342 1282 3411 XIII,
1312 3345 1376 3413 1).
1416 3343 1578 3411 Igitur
1606 3343 1776 3411 primo
1816 3342 1935 3394 loco
1976 3363 2198 3412 magnus
2226 3343 2309 3395 hic
2335 3354 2387 3395 et

173 3408 472 3476 praeclarus
512 3429 576 3461 ex
614 3411 841 3464 humana
879 3413 1078 3465 ratione
1116 3413 1310 3466 fructus
1350 3414 1571 3483 capitur,
1613 3413 1759 3481 quod
1799 3413 1882 3465 illa
1918 3414 2099 3466 Deum
2139 3434 2254 3466 esse
2294 3414 2384 3466 de-

174 3490 448 3533 monstret:
489 3501 523 3533 a
560 3483 925 3549 magnitudine
961 3485 1098 3536 enim
1143 3485 1331 3551 speciei
1362 3493 1414 3536 et
1446 3493 1718 3537 creaturae
1755 3485 2163 3552 cognoscibiliter
2194 3487 2390 3553 poterit

182 3549 399 3603 Creator
431 3552 617 3604 horum
655 3553 828 3604 videri
860 3554 1022 3624 (Ibid.
1051 3557 1117 3624 5).
1139 3588 1209 3593 —
1228 3555 1444 3607 Deinde
1481 3555 1662 3607 Deum
1693 3555 1921 3608 ostendit
1953 3556 2187 3608 omnium
2215 3557 2384 3626 perfe-

174 3621 405 3675 ctionum
445 3624 653 3676 cumulo
693 3624 1020 3693 singulariter
1059 3626 1328 3695 excellere,
1368 3626 1564 3679 infinita
1602 3627 1652 3679 in
1691 3627 1869 3696 primis
1909 3627 2181 3697 sapientia,
2226 3649 2384 3697 quam
