2788 4204
58 524 71 535 ⁸
85 529 218 545 mutuno
228 530 233 544 ε

59 550 152 578 sufficit.

39 635 43 641 ¹
60 629 142 657 Bryso.

57 842 71 863 ἓ
91 847 244 867 nmooqns:

56 1054 72 1066 ⁴
79 1054 163 1077 codd.:
174 1053 274 1082 aliquod

61 1082 91 1108 lu,
102 1080 176 1106 aliua)
185 1083 273 1102 autm.

55 1107 71 1120 ⁸
81 1114 111 1130 x:
141 1107 189 1130 aad
202 1110 272 1129 extra

60 1149 180 1183 ter-ibitur:
186 1145 196 1151 ⁸
203 1140 272 1156 ΑΜΕ

53 1239 276 1302 Rimata

1131 275 1242 312 CAP.
1274 277 1343 323 1x,
1373 277 1525 315 LECT.
1555 278 1660 316 xvn

62 363 276 392 ·codd.-m‹1uod
302 359 338 390 et
364 353 603 399 immediatis,
625 353 692 390 sed
708 360 857 402 oportet
875 350 1029 390 ulterius
1049 353 1155 401 quod
1171 355 1190 375 ²¹²
1207 353 1365 391 demon-

61 392 160 413 ulterius
174 390 233 412 dem.

59 419 72 430 ⁸
86 417 191 445 Princip.
205 423 253 439 om.

60 445 139 472 codd„
155 450 204 466 exc.
215 450 237 465 n.

302 414 437 444 stretur
466 419 511 443 ex
537 406 728 455 principiis
748 406 768 428 ¹⁸
791 405 966 455 propriis.

357 472 392 497 2.
415 460 610 505 Secundo;
631 459 697 496 ibi:
716 460 786 497 Est
806 460 906 495 enim
929 459 983 495 sic
1005 458 1264 496 demonstrare
1283 467 1365 506 etc„

301 513 439 562 probat
456 513 708 562 propositum,
730 512 868 549 scilicet
885 511 991 560 quod
1010 523 1090 548 non
1108 512 1269 548 sufficiat
1283 513 1303 533 *
1323 525 1367 548 ex

302 566 404 604 veris
427 574 464 603 et
490 565 718 604 immediatis
746 565 888 613 aliquid
917 565 1190 611 demonstrare,
1211 565 1300 613 quia
1315 565 1367 602 sic

304 619 535 667 contingeret
557 618 698 666 aliquid
727 618 1006 664 demonstrare,
1031 618 1127 655 sicut
1153 619 1276 667 Bryso
1303 619 1366 655 de-

301 671 527 710 monstravit
549 671 874 719 tetragonismum,
895 671 991 708 idest
1009 671 1280 719 quadraturam
1301 671 1367 708 cir-

302 725 384 771 culi,
403 724 606 762 ostendens
621 725 776 773 aliquod
795 725 1023 773 quadratum
1043 737 1126 762 esse
1146 725 1286 762 circulo
1305 737 1367 761 ae-

301 779 412 827 quale
431 790 500 827 per
522 778 647 827 aliqua
665 778 849 827 principia
869 778 1100 825 communia,
1127 779 1202 815 hoc
1225 778 1365 816 modo:

303 833 346 869 In
360 844 590 880 quocunque
601 843 739 880 genere
755 839 810 868 est
822 831 992 868 invenire
1008 831 1148 880 aliquid
1163 832 1286 869 maius
1296 832 1316 853 *
1332 839 1368 868 et

301 885 427 924 minus
447 884 574 932 alicui,
595 885 634 922 in
655 885 793 922 eodem
810 893 865 922 est
878 884 1047 922 invenire
1068 893 1104 922 et
1123 885 1171 922 illi
1191 885 1366 933 aequa1e;

300 939 340 976 in
371 950 510 986 genere
544 946 672 976 autem
705 938 979 987 quadratorum
1015 946 1070 975 est
1101 938 1272 975 invenire
1305 938 1369 975 ali-

301 992 406 1041 quod
424 992 652 1040 quadratum
681 992 807 1029 minus
827 992 978 1037 circulo,
999 992 1104 1040 quod
1124 991 1263 1028 scilicet
1282 991 1368 1028 scri-

301 1045 514 1083 biturintra
529 1045 723 1091 circulum,
741 1053 776 1082 et
791 1045 946 1093 aliquod
962 1045 982 1066 *
1003 1045 1125 1081 maius
1146 1045 1297 1092 circulo,
1313 1044 1368 1081 in-

300 1106 356 1136 tra
384 1099 489 1147 quod
518 1098 676 1136 circulus
698 1099 718 1120 *
736 1098 977 1143 describitur3
999 1110 1088 1146 ergo
1118 1106 1172 1134 est
1199 1097 1368 1135 invenire

300 1152 454 1200 aliquod
482 1151 711 1200 quadratum
738 1151 876 1188 circulo
896 1152 1066 1199 aequale.
1087 1151 1194 1188 Haec
1213 1150 1369 1199 quidem

299 1205 474 1255 probatio
503 1212 559 1242 est
586 1204 799 1242 secundum
819 1216 1046 1241 commune:
1067 1205 1225 1252 aequale
1254 1203 1368 1249 enim,

300 1265 337 1296 et
354 1258 479 1296 maius
493 1258 526 1306 ⁸,
553 1265 589 1295 et
615 1258 758 1305 minus,
781 1258 967 1295 excedunt
985 1269 1103 1306 genus
1123 1256 1371 1306 quadranguli

352 1478 380 1513 γ)
398 1478 459 1504 Non
478 1478 530 1504 scit
542 1477 686 1504 secundum
701 1477 772 1510 quod
785 1477 852 1502 illud
865 1480 938 1502 est.-
948 1477 994 1502 Est
1008 1477 1083 1502 lectio
1102 1477 1176 1501 codd.
1190 1475 1366 1500 ABDEGILO

300 1514 404 1546 QRST;
424 1519 450 1539 et
462 1519 503 1539 est
516 1513 608 1538 melior
621 1513 650 1543 P,
665 1512 732 1538 iuxta
751 1512 816 1538 dicta
836 1513 894 1538 lect.
912 1520 946 1537 xi.
960 1526 980 1531 -
994 1513 1032 1537 H:
1051 1512 1195 1537 secundum
1211 1511 1282 1544 quod
1301 1511 1368 1536 illud

301 1550 374 1582 quod
397 1553 450 1579 est,·
473 1550 522 1574 ΜΝ
542 1554 568 1574 et
586 1549 607 1574 C
625 1549 708 1581 prima
726 1556 818 1573 manu:
837 1549 980 1573 secundum
1006 1548 1073 1573 illud
1090 1551 1143 1577 est;
1167 1548 1200 1572 P:
1224 1547 1366 1572 secundum

300 1586 368 1615 illud
386 1585 457 1619 quod
475 1588 522 1611 est.

353 1620 378 1655 δ)
393 1621 553 1647 mximum
568 1627 623 1646 esse
641 1620 784 1645 secundum
799 1627 883 1652 genus
896 1619 1139 1645 conclusioni.-A:
1154 1620 1297 1645 secundum
1312 1619 1368 1644 eius

299 1656 492 1683 conclusionem
499 1663 507 1685 ,-
530 1655 639 1681 BDGH:
658 1655 801 1681 secundum
821 1662 981 1687 consequens
999 1655 1203 1684 conclusionem,
1223 1657 1264 1681 vel
1288 1655 1366 1684 forte,

299 1692 462 1719 conclusioni
466 1699 475 1721 ‚·
494 1692 529 1716 K:
552 1691 696 1717 secundum
715 1698 799 1724 genus
817 1691 1026 1719 conclusionum,·
1045 1691 1083 1715 0:
1102 1691 1245 1716 secundum
1264 1694 1368 1716 antece-

301 1729 366 1754 dens
384 1727 465 1759 (alius
483 1727 562 1752 habet
579 1728 750 1758 consequens)
768 1726 1074 1757 conclusioni.—Verba,
1097 1726 1166 1751 alius
1183 1727 1262 1752 habet
1279 1733 1368 1752 conse·

300 1771 390 1797 quens,
410 1768 472 1788 sunt
490 1763 515 1788 in
534 1763 629 1793 codice,
649 1762 695 1787 sed
713 1762 779 1786 intra
796 1761 970 1794 parenthesim
989 1762 1143 1793 clausimus,
1168 1763 1227 1794 quia
1250 1763 1368 1787 videntur

300 1796 449 1832 marginalis
474 1798 583 1830 additio,
603 1805 697 1830 quam,
723 1795 822 1822 retenta
840 1797 918 1822 simul
936 1797 1014 1830 priori
1036 1798 1144 1822 lectione
1168 1798 1367 1829 (antecedens),

300 1834 498 1860 amanuensium
520 1833 647 1866 imperitia
668 1833 746 1857 textui
769 1838 861 1865 postea
883 1833 997 1858 inseruit.
1016 1833 1063 1857 Ed.
1082 1840 1113 1857 a:
1135 1833 1278 1858 secundum
1298 1833 1368 1866 quod

297 1870 385 1904 genus
398 1876 558 1901 consequens
571 1868 741 1894 conclusioni.
754 1869 804 1893 Sed
820 1872 881 1892 sunt
894 1868 1016 1893 lectiones
1032 1876 1083 1893 non
1097 1869 1232 1893 curandae.
1246 1869 1368 1893 -Thesis

301 1906 373 1939 qmd
392 1903 576 1930 demonstratio
586 1907 702 1936 propter·
715 1903 780 1936 quid
799 1903 842 1936 (de
862 1903 909 1928 hac
927 1904 1006 1934 enim,
1020 1909 1049 1928 ut
1063 1912 1142 1936 saepe
1156 1904 1314 1935 monuimus,
1329 1909 1369 1929 est

301 1948 390 1966 sermo
403 1940 429 1965 in
447 1939 495 1965 hac
514 1939 598 1973 prima
616 1943 689 1972 parte
708 1939 740 1963 de
755 1939 982 1964 demonstrationis
997 1940 1098 1972 natura)
1118 1939 1210 1964 debeat
1228 1941 1368 1973 procedere

299 1983 332 2002 ex
350 1975 480 2009 principiis
500 1983 553 2000 non
573 1974 756 1999 communibus
775 1975 821 1999 sed
841 1975 951 2008 propriis
971 1975 1007 2000 rei
1028 1975 1227 2006 demonstratae,
1247 1976 1322 2000 datur
1336 1976 1367 2000 ab

299 2011 439 2038 Aristotele
457 2011 531 2044 quasi
550 2010 714 2035 corollarium
733 2018 832 2042 eorum,
857 2018 923 2043 quae
942 2011 967 2035 in
980 2011 1192 2043 praecedentibus
1217 2011 1368 2036 lectionibus

301 2047 470 2072 detenninata
488 2051 562 2076 sunt,
581 2046 651 2079 quod
671 2053 766 2078 nempe
784 2046 968 2077 demonstratio
988 2046 1020 2070 sit
1036 2054 1067 2071 ex
1080 2046 1120 2071 his
1140 2052 1166 2071 et
1184 2047 1216 2071 de
1234 2047 1283 2078 his,
1302 2055 1369 2079 quae

301 2088 363 2108 sunt
382 2089 434 2115 per
457 2089 485 2107 se
503 2085 530 2107 et
547 2081 690 2107 secundum
717 2081 788 2113 quod
805 2081 890 2114 ipsum
917 2081 988 2114 (lect.
1007 2082 1062 2114 ιι),
1088 2086 1113 2106 et
1132 2083 1201 2114 quod
1225 2090 1276 2107 non
1296 2083 1370 2107 liceat

299 2118 410 2144 transire
429 2119 462 2143 de
479 2125 574 2150 genere
591 2117 617 2142 in
636 2124 733 2149 genua,
753 2117 799 2141 sed
819 2118 889 2150 quod
913 2117 937 2141 in
953 2117 1045 2142 eodem
1063 2125 1158 2149 genere
1182 2118 1291 2142 debeant
1310 2126 1368 2143 esse

301 2158 416 2179 extrerm
434 2159 459 2178 et
478 2153 592 2178 medium
612 2152 785 2177 conclusionis
805 2152 872 2185 (lect.
891 2160 931 2183 xv,
951 2161 976 2179 n.
992 2151 1008 2177 6
1023 2158 1048 2178 et
1065 2158 1120 2179 not.
1140 2153 1176 2187 μ).
1197 2153 1324 2184 Quocirca
1343 2154 1368 2178 in

302 2189 472 2222 expendendo
486 2195 611 2221 processu
624 2188 827 2220 argumentativo
840 2189 871 2212 ad
884 2188 1043 2221 probandam
1057 2188 1150 2213 thesim
1163 2188 1239 2213 huius
1254 2189 1368 2213 lectionis

301 2225 383 2250 lector
394 2232 458 2258 prae
476 2229 563 2249 mente
580 2223 674 2248 habeat
691 2231 722 2248 ea
739 2231 807 2256 quae
825 2224 851 2255 in
865 2224 1076 2256 praecedentibus
1095 2224 1247 2249 lectionibus
1266 2224 1370 2250 fuerunt

303 2261 438 2286 declarata.

356 2296 445 2321 Unum
464 2300 551 2320 tamen
571 2295 678 2319 dubium
697 2294 779 2319 oritur
797 2303 828 2319 ex
845 2295 892 2319 hac
912 2295 968 2328 ipsa
986 2295 1061 2327 thesi,
1081 2295 1152 2328 quod
1171 2295 1220 2320 hoc
1238 2296 1296 2320 loco
1316 2296 1368 2320 sol·

301 2331 417 2356 vendum
436 2336 483 2356 est.
503 2331 586 2363 Saepe
605 2330 674 2355 enim
694 2330 785 2354 dicitur
808 2335 862 2355 turn
882 2331 913 2355 ab
933 2330 1086 2360 Aristotele,
1105 2336 1160 2355 tum
1180 2339 1194 2355 a
1214 2339 1234 2356 s.
1249 2330 1366 2361 Thoma,

302 2371 360 2392 tum
379 2367 411 2391 ab
429 2366 552 2391 omnibus
571 2365 746 2398 philosophis,
766 2366 837 2398 quod
855 2366 978 2398 principia
997 2366 1100 2399 propria
1125 2366 1316 2399 metaphysicae
1336 2366 1369 2390 ita

296 2407 364 2427 'aunt
382 2401 488 2436 propria
505 2401 582 2426 huius
601 2401 730 2430 scientiae,
749 2405 778 2425 ut
792 2401 870 2426 etiam
889 2402 940 2426 sint
959 2402 1106 2426 communia
1120 2401 1175 2426 aliis
1191 2402 1303 2426 scientiis
1318 2401 1368 2433 (Cf.

303 2437 375 2467 infra,
390 2446 416 2463 n.
430 2437 467 2470 4).
482 2437 520 2462 Ex
535 2445 588 2469 quo
602 2436 677 2469 sequi
690 2436 792 2461 videtur
806 2437 837 2461 ad
853 2437 1085 2462 demonstrationes
1101 2445 1153 2461 non
1169 2437 1200 2461 de
1214 2438 1367 2462 necessitate

301 2473 398 2506 requiri
414 2473 485 2506 quod
504 2472 627 2506 principia
641 2477 775 2504 assumpta
790 2471 840 2496 sint
854 2472 958 2505 propria
976 2473 1011 2497 rei
1027 2473 1230 2497 demonstratae:
1246 2473 1368 2505 principia

301 2508 373 2534 'enim
390 2508 494 2542 propria
511 2508 645 2532 veritatem
665 2515 717 2532 non
741 2506 836 2532 habent
854 2507 902 2532 nisi
922 2515 953 2532 ex
975 2508 1106 2540 principiis
1125 2508 1367 2539 universalior-ibus,

303 2549 336 2576 et,
350 2547 466 2577 propter
484 2543 556 2576 quod
574 2542 778 2575 unumquodque
797 2544 857 2573 tale,
877 2543 945 2568 i11ud
963 2543 1050 2576 magis
1069 2543 1137 2575 (lect.
1151 2551 1190 2574 vr,
1210 2552 1235 2568 n.
1253 2543 1286 2576 3).

355 2580 397 2604 Ad
412 2579 566 2604 solvendum
581 2578 631 2604 hoc
646 2578 752 2603 dubium
766 2584 892 2610 praenoto
906 2581 937 2609 ι’,
943 2579 1079 2611 principia
1090 2579 1241 2604 communia
1251 2579 1367 2604 hocloco

302 2615 372 2641 sumi
386 2623 439 2640 non
449 2614 535 2647 prouti
548 2614 740 2646 distinguuntur
753 2620 768 2638 a
782 2615 955 2647 singularibus
966 2614 1162 2646 (demonstratio
1176 2615 1254 2644 enim,
1265 2619 1293 2638 ut
1307 2622 1368 2639 con-

265 2678 270 2686 ·
302 2655 354 2676 atat
367 2658 398 2676 ex
408 2650 480 2675 dictis
491 2651 549 2675 lect.
559 2650 687 2682 praeced„
696 2651 800 2675 nonnisi
815 2658 845 2675 ex
856 2650 1046 2680 communibus,
1057 2649 1106 2674 hoc
1119 2655 1158 2674 est
1170 2650 1368 2680 universalibus,

257 2710 267 2716 ,
302 2686 438 2720 procedit),
449 2686 496 2710 sed
508 2685 593 2718 prouti
604 2686 796 2718 distinguuntur
810 2694 824 2710 a
833 2686 962 2718 propriis,
972 2690 1001 2710 ut
1016 2690 1056 2710 est
1069 2685 1235 2710 manifestum
1251 2693 1281 2710 ex
1295 2685 1367 2710 dictis

301 2722 328 2747 in
346 2722 394 2747 hac
413 2721 530 2746 lectione.
545 2733 563 2740 ·
577 2721 704 2746 Praenoto
724 2722 762 2750 2⁶,
781 2721 903 2754 principia
922 2721 1069 2746 communia
1087 2720 1138 2745 hoc
1156 2721 1214 2745 loco
1233 2721 1300 2745 sumi
1316 2728 1367 2745 non

301 2757 329 2782 in
342 2765 420 2782 sensu
430 2757 558 2788 absoluto,
571 2762 690 2789 respectu
703 2766 797 2790 nempe
808 2757 934 2790 cuiusque
945 2756 1179 2786 demonstrationis,
1193 2756 1239 2781 sed
1249 2756 1274 2780 in
1287 2764 1367 2780 sensu

301 2792 416 2823 relativo,
435 2796 555 2825 respectu
574 2800 669 2825 nempe
683 2793 789 2818 subiecti
803 2792 880 2817 huius
894 2793 935 2817 vel
955 2791 1059 2817 alterius
1075 2791 1203 2817 scientiae.
1219 2792 1296 2822 Quod
1311 2792 1368 2816 ideo

303 2828 369 2859 dico,
384 2828 445 2860 quia
459 2835 497 2858 ea,
511 2835 578 2861 quae
592 2833 653 2852 sunt
666 2828 814 2854 communia
823 2833 942 2861 respectu
953 2827 1030 2852 unius
1046 2827 1175 2858 scientiae,
1185 2833 1295 2860 possunt
1309 2835 1368 2852 esse

300 2863 406 2897 propria
420 2863 536 2888 alterius:
551 2871 603 2896 quo
617 2863 643 2888 in
658 2871 719 2888 casu
733 2864 797 2890 haec
812 2864 924 2888 secunda
943 2863 1047 2888 scientia
1060 2863 1175 2895 procedit
1194 2870 1224 2887 ex
1238 2862 1368 2895 principiis

302 2898 494 2930 communibus,
508 2906 561 2923 non
572 2903 602 2923 ut
615 2901 763 2925 communia
782 2905 849 2930 sunt,
870 2899 916 2924 sed
934 2904 964 2923 ut
977 2904 1039 2923 sunt
1051 2898 1098 2922 sibi
1112 2898 1223 2931 propria.
1243 2899 1368 2931 Exemplo

304 2934 338 2959 sit
351 2934 535 2967 metaphysica,
555 2941 622 2966 quae
640 2935 783 2960 considerat
800 2940 830 2959 ut
843 2934 954 2967 propria,
970 2934 1092 2967 principia
1107 2934 1162 2958 aliis
1175 2933 1286 2958 scientiis
1306 2933 1369 2958 infe-

303 2969 414 2994 rioribus
429 2969 576 2994 communia
595 2969 645 3001 (Cf.
658 2970 731 3001 infra,
746 2979 771 2995 n.
785 2970 984 3002 4).—Praenoto
1005 2969 1037 3000 3¹¹,
1052 2969 1186 3001 dupliciter
1199 2969 1295 3002 aliquid
1310 2977 1369 2994 esse

304 3005 421 3035 alterum,
432 3009 458 3028 et
467 3005 530 3028 illud
540 3005 669 3029 conn'nere
678 3006 704 3030 in
714 3014 764 3031 suo
777 3010 911 3038 conceptu,
922 3012 1017 3037 nempe
1028 3004 1179 3029 virtualiter
1192 3005 1233 3029 vel
1242 3004 1368 3038 formali-

303 3043 353 3065 ter.
374 3039 459 3070 Quam
479 3039 667 3064 distinctionem
686 3046 715 3065 ut
732 3041 868 3074 perspicue
894 3041 1054 3065 declaremus
1075 3039 1117 3072 (ab
1137 3047 1167 3064 ea
1186 3040 1254 3064 enim
1274 3040 1369 3072 pendet

304 3080 373 3100 recta
386 3074 553 3106 intelligentia
566 3074 666 3106 thesis),
677 3076 798 3101 sistamus
813 3076 838 3100 in
854 3081 980 3108 conceptu
995 3075 1081 3108 aliquo
1096 3075 1225 3107 generico.
1240 3075 1367 3100 Substan-

303 3110 351 3139 tia,
366 3117 389 3135 e.
403 3117 437 3142 g„
452 3115 492 3134 est
510 3110 542 3134 de
556 3110 667 3135 essentia
681 3116 706 3135 et
720 3112 753 3136 de
767 3110 915 3136 definitione
933 3111 1058 3139 viventis,
1078 3115 1103 3135 et
1116 3111 1205 3135 vivens
1225 3116 1264 3135 est
1283 3111 1315 3135 de
1329 3118 1369 3134 ra-

302 3145 374 3171 tione
384 3149 410 3170 et
419 3144 566 3170 definitione
579 3145 711 3173 animalis.
723 3151 748 3171 et
762 3146 855 3171 animal
870 3151 909 3171 est
923 3146 955 3170 de
969 3146 1079 3170 essentia
1094 3150 1118 3170 et
1129 3145 1276 3170 definitione
1285 3145 1368 3170 homi-

305 3181 353 3206 nis.
368 3180 447 3213 Atqui
461 3180 482 3205 si
497 3186 642 3213 quaeratur,
656 3186 744 3205 utrum
759 3181 901 3206 substantia
915 3181 948 3206 sit
961 3181 1102 3206 formaliter
1115 3181 1213 3212 vivens,
1223 3181 1264 3205 vel
1278 3181 1368 3205 vivens

301 3215 445 3241 formaliter
463 3216 566 3246 animal,
584 3217 626 3240 vel
645 3216 739 3241 animal
758 3217 900 3241 formaliter
917 3216 1006 3247 homo,
1020 3217 1192 3248 respondetur
1210 3216 1327 3247 negative
1344 3221 1368 3240 et

301 3251 408 3276 merito:
428 3258 504 3276 secus
519 3251 588 3276 enim
600 3251 685 3276 omnis
700 3252 844 3276 substantia
856 3256 925 3276 esset
938 3252 1036 3282 vivens,
1056 3257 1081 3276 et
1094 3259 1173 3276 omne
1190 3251 1280 3275 vivens
1300 3256 1370 3275 esset

305 3287 412 3316 animal,
438 3291 463 3311 et
480 3293 559 3311 omne
578 3286 670 3311 animal
691 3292 760 3312 esset
777 3287 866 3312 homo.
885 3287 960 3311 Ratio
979 3292 1065 3311 autem
1084 3287 1226 3318 negationis
1251 3291 1290 3310 est
1308 3286 1373 3318 quia·

305 3321 424 3355 quamvis
443 3329 524 3354 genus
543 3321 576 3346 sit
595 3322 627 3346 de
645 3322 756 3347 essentia
775 3322 876 3355 speciei,
896 3322 955 3354 quia
974 3326 1014 3346 est
1032 3322 1087 3346 eius
1106 3329 1165 3354 pars
1185 3321 1368 3353 metaphysica,

304 3362 391 3383 tamen
406 3365 487 3389 genus
501 3356 664 3382 constituitur
678 3357 778 3390 species
789 3365 835 3390 per
845 3357 1011 3382 differentiam
1027 3357 1061 3389 (e.
1066 3365 1091 3389 g.
1099 3357 1191 3381 animal
1207 3356 1369 3380 constituitur

304 3392 384 3418 homo
403 3400 450 3426 per
463 3392 668 3424 rationalitatem)
688 3400 755 3426 quae
769 3397 810 3417 est
828 3398 897 3418 extra
911 3397 1064 3424 conceptum
1079 3397 1104 3416 et
1117 3397 1235 3416 naturam
1254 3391 1367 3422 generis;

302 3433 331 3453 et
348 3428 407 3452 ideo
426 3427 544 3460 quamvis
564 3435 646 3459 genus
665 3427 698 3452 sit
717 3435 776 3460 pars
796 3427 938 3453 essentialis
958 3427 1060 3460 speciei,
1076 3427 1135 3459 quia
1154 3432 1240 3451 tamen
1259 3434 1310 3451 non
1330 3431 1369 3451 est

305 3463 457 3497 differentia
477 3463 555 3496 (quae
573 3467 614 3487 est
632 3463 710 3488 altera
725 3471 793 3496 pars,
807 3468 832 3488 et
851 3463 956 3496 quidem
975 3462 1090 3486 formalis
1104 3462 1206 3494 speciei,
1225 3466 1254 3485 ut
1273 3462 1368 3486 dictum

305 3504 345 3524 est
359 3499 368 3523 1
383 3498 479 3527 Per-ih„
495 3499 552 3523 lect.
566 3505 625 3529 vm,
639 3506 663 3522 n.
679 3499 720 3532 9),
735 3506 787 3523 non
802 3502 888 3531 potest
902 3498 949 3522 dici
963 3497 1119 3531 formaliter
1138 3497 1246 3529 species.
1260 3497 1368 3521 —Nihil-

300 3534 407 3559 ominus
427 3542 509 3566 genus
529 3538 579 3564 est,
598 3538 626 3558 ut
645 3533 769 3563 diximus,
785 3534 817 3558 de
838 3533 949 3558 essentia
968 3540 1014 3557 seu
1034 3537 1160 3565 conceptu
1180 3531 1273 3564 speciei
1293 3532 1370 3563 (sicut

304 3570 398 3594 animal
418 3574 458 3594 est
475 3570 508 3594 de
526 3568 638 3594 essentia
657 3569 785 3601 hominis)
805 3574 833 3593 ut
853 3576 913 3602 pars
934 3567 1077 3592 essentialis
1097 3567 1190 3600 ipsius,
1210 3567 1369 3600 trahiturque

303 3605 336 3630 ad
355 3605 470 3638 speciem
488 3612 535 3637 per
554 3609 702 3636 susceptam
721 3604 903 3629 differentiam:
923 3604 957 3628 ita
978 3603 1074 3628 scilicet
1093 3607 1122 3627 ut
1139 3611 1222 3635 genus
1242 3603 1369 3635 concipia-

302 3645 346 3665 tur
362 3640 442 3666 veluti
462 3640 594 3674 quoddam
613 3640 752 3672 potentiale
771 3645 796 3665 et
814 3639 1048 3669 indeterminatum,
1070 3638 1142 3671 quod
1157 3643 1272 3663 actuatur
1286 3643 1311 3663 et
1325 3638 1369 3663 de-

2415 284 2489 324 205

1422 364 1457 392 et
1486 357 1623 394 circuli.
1659 357 1769 395 Unde
1798 365 1901 406 patet
1937 358 2043 407 quod
2076 359 2297 397 huiusmodi
2326 361 2489 399 rationes

1422 409 1716 447 demonstrant*
1732 412 1944 448 secundum
1972 412 2126 460 aliquod
2151 425 2369 461 commune,
2400 415 2488 463 quia

1421 462 1592 500 medium
1621 464 1723 500 alteri
1752 464 1858 510 inest,
1880 477 1996 513 quam
2024 465 2057 502 ei
2086 466 2133 502 de
2162 479 2239 515 quo
2259 467 2302 504 fit
2330 467 2488 505 demon-

1420 515 1568 561 stratio;
1599 524 1635 553 et
1662 517 1748 553 ideo
1777 517 1996 555 huiusmodi
2025 519 2188 556 rationes
2208 520 2229 541 *
2258 521 2489 558 conveniunt

1421 567 1512 614 aliis,
1535 576 1570 605 et
1598 581 1675 605 non
1705 571 1936 608 conveniunt
1963 572 2057 618 istis,
2089 572 2135 609 de
2164 573 2302 621 quibus
2331 574 2486 622 dantur,

1419 628 1602 668 tanquam
1622 622 1815 670 proximiS.
1837 624 1947 661 Unde
1966 633 2069 673 patet
2093 626 2198 674 quod
2213 626 2234 648 *³
2250 627 2314 676 qui
2329 627 2398 664 scit
2416 640 2485 676 per

1420 673 1639 711 huiusmodi
1660 675 1834 723 rationes,
1853 689 1931 714 non
1947 678 2015 715 scit
2029 679 2240 717 secundum
2256 680 2362 728 quod
2372 680 2487 718 illud⁷

1422 734 1487 772 est,
1508 726 1604 763 idest
1616 739 1689 774 per
1706 740 1762 774 se,
1783 729 1850 766 sed
1863 742 1936 777 per
1954 732 2125 769 accidens
2143 740 2302 770 tantum.
2325 734 2364 771 Si
2385 734 2487 771 enim

1421 779 1554 816 esset*
1570 780 1780 817 secundum
1800 794 1851 828 se,
1873 795 1951 820 non
1972 786 2191 822 conveniret
2216 786 2486 824 demonstratio
2512 797 2524 808 ⁸

1420 832 1459 868 in
1469 832 1489 853 *¹
1501 831 1603 869 aliud
1616 845 1745 880 genuS.
1763 835 2074 886 Unumquodque
2091 839 2192 876 enim
2204 839 2343 876 scimus
2355 853 2486 877 secun-

1422 885 1515 922 dum
1544 885 1731 933 accidens,
1754 900 1841 924 cum
1861 901 1938 925 non
1959 892 2223 937 cognoscimus
2243 892 2333 930 illud
2354 906 2486 930 secun-

1422 938 1515 975 dum
1545 938 1649 986 quod
1671 947 1725 976 est
1744 951 1789 976 ex
1816 941 2007 990 principiis
2027 943 2135 990 illius,
2156 945 2251 982 idest
2274 947 2486 983 secundum

1422 991 1526 1040 quod
1556 999 1612 1028 est
1640 1004 1684 1028 ex
1711 993 1902 1042 principiis
1930 1007 1999 1043 per
2026 1009 2077 1033 se.
2107 997 2211 1035 Sicut
2238 999 2378 1036 habere
2413 1008 2486 1037 tres

1422 1045 1581 1092 angulos
1610 1047 1786 1093 aequales
1807 1047 1956 1084 duobus
1977 1050 2085 1086 rectis
2104 1050 2199 1087 inest
2220 1064 2289 1100 per
2308 1065 2347 1089 se
2376 1053 2486 1090 trian-

1423 1099 1522 1145 gulo,
1543 1097 1674 1134 idest*
1689 1100 1900 1137 secundum
1917 1102 2020 1150 quod
2041 1111 2096 1139 est
2115 1116 2160 1140 ex
2174 1104 2364 1153 principiis
2379 1106 2485 1143 illius.
2513 1115 2525 1127 ⁸

1424 1151 1553 1197 Quare
1583 1151 1612 1188 si
1640 1164 1710 1200 per
1737 1165 1777 1189 se
1805 1153 1943 1191 inesset
1970 1156 2141 1192 medium
2171 1166 2368 1206 acceptum
2398 1171 2486 1196 con-

1424 1203 1593 1250 clusioni,
1614 1217 1768 1242 necesse
1789 1214 1886 1243 esset
1905 1207 1943 1244 in
1972 1208 2106 1245 eadem
2126 1210 2362 1257 proximitate
2393 1223 2486 1258 esse,

1423 1257 1520 1294 idest
1531 1258 1751 1306 proximum
1768 1271 1848 1296 esse
1860 1261 2072 1298 secundum
2087 1274 2205 1310 genus
2220 1264 2450 1301 conclusioni
2461 1263 2485 1302 δ.

1420 1476 1572 1502 terminatur
1592 1485 1638 1510 per
1650 1478 1826 1503 differentiam.
1840 1479 1905 1503 Aliis
1921 1479 2021 1510 verbis,
2042 1488 2125 1512 genus
2144 1485 2184 1505 est
2198 1489 2250 1505 non
2265 1481 2370 1514 quidem
2383 1482 2489 1515 forma-

1420 1511 1489 1540 liter,
1506 1518 1534 1536 ut
1549 1512 1643 1538 dictum
1659 1519 1706 1544 est,
1726 1515 1771 1538 sed
1787 1514 1937 1539 virtualiter
1956 1515 2011 1547 ipsa
2031 1516 2139 1547 species.
2152 1530 2170 1534 —-
2190 1516 2317 1541 Praenoto
2336 1519 2371 1549 4⁰,
2391 1526 2421 1542 ex
2440 1518 2489 1543 hoc

1421 1547 1496 1572 tertio
1521 1549 1714 1580 praenotamine
1743 1550 1817 1582 sequi
1838 1550 1984 1575 necessario
2004 1551 2074 1583 quod
2095 1551 2139 1583 qui
2165 1552 2298 1584 cognoscit
2322 1553 2488 1578 solummodo

1421 1591 1518 1615 genus,
1538 1585 1672 1615 cognoscit
1685 1585 1791 1617 quidem
1806 1586 1934 1618 speciem,
1951 1591 1976 1610 at
1990 1594 2041 1610 non
2057 1587 2200 1611 secundum
2220 1588 2291 1620 quod
2314 1593 2354 1612 est
2376 1589 2487 1620 species,

1421 1618 1470 1643 hoc
1494 1623 1534 1643 est
1550 1620 1718 1653 formaliter,
1743 1621 1789 1645 sed
1809 1621 1953 1645 secundum
1979 1622 2049 1654 quod
2074 1629 2156 1653 genus
2182 1628 2222 1647 est
2245 1623 2357 1656 species,
2381 1624 2430 1648 hoc
2449 1629 2488 1649 est

1421 1654 1587 1679 virtualiter:
1605 1655 1660 1679 aliis
1679 1656 1779 1686 verbis,
1800 1656 1843 1688 qui
1865 1657 1998 1688 cognoscit
2015 1658 2178 1686 communia,
2199 1666 2251 1682 non
2271 1659 2404 1690 cognoscit
2421 1667 2488 1691 pro-

1418 1690 1509 1722 prium
1529 1690 1632 1723 speciei,
1647 1692 1718 1723 quod
1731 1697 1771 1716 est
1784 1691 1840 1724 ipsa
1859 1691 1977 1724 specifica
1993 1692 2140 1723 differentia,
2159 1701 2209 1725 qua
2230 1694 2329 1726 species
2349 1699 2375 1719 et
2394 1692 2489 1719 consui

1421 1725 1499 1750 tuitur
1518 1725 1543 1750 in
1563 1733 1610 1750 sua
1629 1726 1752 1757 essentia,
1768 1732 1793 1751 et
1807 1727 1970 1759 distinguitur
1984 1736 1998 1752 a
2013 1728 2102 1752 ceteris
2122 1729 2199 1753 rebus
2219 1729 2309 1762 positis
2329 1730 2378 1754 sub
2393 1730 2486 1755 eodem

1421 1768 1552 1793 genere.—
1562 1761 1594 1786 Si
1608 1761 1787 1794 (intellectus),
1803 1762 1884 1795 inquit
1902 1764 2018 1795 apposite
2038 1771 2059 1788 s.
2069 1763 2194 1795 Thomas,
2208 1768 2378 1797 cognosceret
2396 1765 2487 1790 bovem

1418 1803 1469 1828 per
1486 1797 1596 1828 speciem
1612 1797 1689 1826 asini,
1709 1801 1878 1830 cognosceret
1891 1799 1946 1823 eius
1960 1799 2100 1823 essentiam
2115 1799 2273 1833 imperfecte,
2288 1800 2387 1825 scilicet
2403 1808 2487 1833 quan-

1422 1835 1477 1856 tum
1500 1833 1538 1857 ad
1559 1839 1644 1865 genus
1668 1836 1771 1858 tantum
1778 1840 1787 1862 ,⁴
1811 1834 1896 1866 magis
1919 1837 2006 1859 autem
2032 1834 2182 1867 imperfecte
2200 1835 2223 1859 si
2245 1838 2415 1868 cognosceret
2435 1843 2487 1867 per·

1421 1867 1544 1899 lapidem,
1559 1868 1622 1900 quia
1636 1872 1805 1901 cognosceret
1815 1876 1866 1900 per
1879 1876 1962 1902 genus
1978 1870 2063 1902 magis
2077 1873 2206 1895 remotum
2222 1870 2484 1902 (Compend.Theol.,

1422 1910 1477 1935 cap.
1488 1903 1604 1928 cv.—-Cf.
1619 1911 1645 1935 p.
1660 1904 1683 1934 1,
1699 1912 1743 1936 qu.
1756 1912 1841 1934 LxxxV,
1861 1905 1931 1929 artic.
1945 1912 1987 1935 ¹113
2008 1905 2059 1938 Qq.
2079 1905 2164 1938 dispp.
2179 1906 2220 1930 De
2239 1906 2357 1936 veritate,
2373 1914 2417 1939 qu.
2427 1914 2486 1938 vin,

1423 1938 1464 1963 De
1482 1939 1633 1972 cognitione
1651 1940 1815 1972 angelorum,
1836 1940 1905 1964 artic.
1924 1940 1954 1972 ι),

1476 1974 1522 1998 His
1541 1974 1714 2007 praenotatis,
1734 1975 1784 1999 iam
1803 1980 1873 2007 patet
1891 1975 1931 2000 via
1950 1975 1981 2000 ad
2001 1975 2158 2000 solutionem
2176 1976 2302 2009 propositi
2322 1976 2400 2001 dubii.
2420 1977 2486 2002 Nam

1422 2009 1447 2034 in
1472 2010 1690 2035 demonstratione
1714 2010 1837 2044 principia
1859 2016 1970 2044 possunt
1993 2011 2148 2036 considerari
2172 2017 2290 2044 respectu
2313 2012 2486 2037 conclusionis

1422 2046 1611 2070 demonstratae
1630 2046 1697 2070 sicut
1715 2054 1809 2078 genera
1827 2051 1852 2071 et
1871 2047 1983 2079 specieS,
2009 2051 2064 2071 tum
2084 2047 2144 2079 quia
2163 2045 2275 2072 definitio
2299 2048 2441 2072 assumitur
2459 2053 2487 2072 ut

1421 2081 1575 2114 principium
1591 2081 1817 2106 demonstrationis
1827 2085 1941 2113 propter
1961 2082 2039 2114 quid,
2061 2087 2088 2106 ut
2103 2082 2151 2106 iam
2168 2083 2263 2107 dictum
2282 2088 2322 2107 est
2342 2083 2486 2115 (lect.x111‚

1422 2125 1447 2141 n.
1464 2116 1492 2146 3,
1511 2122 1536 2141 et
1554 2124 1609 2147 xw,
1629 2125 1654 2141 n.
1669 2117 1694 2149 5)
1714 2122 1739 2142 et
1753 2116 1816 2141 infra
1836 2117 1938 2150 plenius
1957 2118 2109 2142 ostendetur
2128 2118 2187 2150 (lib.
2203 2118 2248 2150 ΙΙ),
2269 2117 2381 2142 definitio
2401 2123 2486 2143 autem

1422 2157 1461 2176 est
1480 2151 1536 2184 ipsa
1555 2158 1643 2177 natura
1662 2152 1763 2185 generis
1782 2153 1822 2177 vel
1843 2152 1936 2185 speciei
1951 2152 2066 2183 definita;
2081 2158 2135 2177 tum
2151 2153 2212 2185 quia
2226 2153 2284 2178 ideo
2299 2154 2486 2185 praedicatum

1422 2187 1448 2212 in
1468 2188 1687 2212 demonstratione
1707 2191 1822 2220 propter
1843 2188 1907 2220 quid
1930 2189 2091 2213 concluditur
2113 2196 2172 2213 esse
2191 2189 2223 2213 de
2241 2190 2339 2213 ratione
2363 2189 2485 2219 subiecti,

1423 2223 1482 2255 quia
1501 2223 1526 2247 in
1545 2224 1642 2248 maiori
1660 2229 1700 2248 est
1719 2224 1751 2248 de
1768 2223 1865 2247 ratione
1880 2224 1960 2248 medii
1975 2224 2023 2248 sub
2039 2232 2092 2256 quo
2111 2224 2135 2248 in
2149 2224 2247 2249 minori
2260 2223 2400 2249 affirmatur
2415 2232 2486 2249 com-

1422 2258 1581 2291 prehensum
1602 2259 1687 2291 ipsum
1706 2259 1850 2283 subiectum
1876 2259 2060 2289 conclusionis,
2081 2259 2148 2284 iuxta
2167 2267 2196 2284 ea
2215 2267 2282 2292 quae
2302 2260 2358 2284 lect.
2378 2268 2403 2284 ix
2422 2260 2487 2285 dicta

1423 2300 1484 2318 sunt
1503 2295 1588 2326 quoad
1607 2295 1759 2327 principium
1775 2294 1828 2318 dici
1846 2294 1879 2319 de
1891 2295 1963 2319 omni
1978 2295 2026 2326 (Cf.
2043 2295 2119 2319 etiam
2139 2296 2195 2319 lect.
2209 2303 2262 2325 xm,
2276 2303 2301 2320 n.
2314 2295 2356 2328 3);
2371 2300 2426 2319 tum
2441 2296 2486 2320 de-

1422 2330 1501 2362 nique
1520 2330 1581 2362 quia
1600 2330 1783 2362 principiorum
1807 2330 1901 2354 veritas
1926 2330 2089 2363 participatur
2108 2338 2122 2355 a
2141 2330 2312 2363 peculiaribus
2336 2331 2486 2355 veritatibus

1422 2366 1559 2395 conclusis,
1575 2373 1626 2389 non
1642 2373 1766 2390 secus>ac
1785 2370 1874 2389 namra
1892 2365 1993 2397 generis
2013 2366 2177 2398 participatur
2191 2374 2205 2390 a
2220 2366 2268 2390 sibi
2288 2366 2408 2391 subiectis
2427 2374 2486 2399 spe-

1422 2401 1519 2425 ciebus.
1539 2401 1607 2433 Ergo
1626 2403 1657 2431 1”,
1673 2401 1738 2425 sicut
1752 2408 1834 2432 genus
1853 2401 1994 2432 ingreditur
2009 2407 2125 2425 naturam
2140 2401 2242 2434 speciei,
2256 2406 2281 2426 et
2295 2406 2335 2426 est
2348 2402 2487 2426 virtualiter

1422 2437 1530 2469 species,
1550 2436 1583 2460 ita
1603 2436 1726 2469 principia
1745 2436 1893 2460 communia
1918 2436 2032 2468 (obiecta
2051 2437 2154 2469 propria
2173 2437 2378 2469 metaphysicae)
2402 2437 2486 2469 ingre-

1422 2472 1524 2496 diuntur
1538 2472 1661 2504 principia
1679 2471 1783 2504 propria
1801 2472 1958 2504 peculiarum
1974 2472 2145 2502 scientiarum,
2161 2477 2186 2496 et
2205 2478 2264 2497 sunt
2277 2472 2418 2497 virtualiter
2431 2472 2487 2505 ipsa

1421 2508 1526 2540 propria
1545 2507 1680 2540 principia;
1700 2507 1745 2532 sed
1762 2508 1795 2536 ι’,
1809 2507 1875 2531 sicut
1893 2515 1940 2540 per
1958 2507 2131 2539 cognitionem
2146 2508 2247 2539 generis
2260 2507 2367 2532 habetur
2381 2507 2487 2540 quidem

1421 2543 1545 2573 virtualis,
1563 2551 1614 2567 non
1634 2548 1720 2567 tamen
1733 2542 1861 2577 formalis
1879 2550 1926 2567 seu
1940 2543 2055 2574 propria
2073 2543 2184 2575 cognitio
2203 2543 2297 2576 speciei
2313 2543 2389 2576 (quia
2403 2551 2486 2575 genus

1422 2587 1473 2603 non
1493 2584 1533 2603 est
1551 2578 1690 2603 formaliter
1704 2579 1824 2611 species),
1840 2578 1872 2602 ita
1886 2586 1933 2611 per
1946 2578 2069 2611 principia
2084 2579 2231 2603 communia
2249 2578 2357 2603 habetur
2376 2579 2486 2610 cognitio

1421 2614 1535 2638 virtualis
1554 2614 1738 2647 principiorum
1757 2614 1924 2648 peculiarium
1944 2614 2115 2641 scientiarum,
2131 2622 2183 2638 non
2203 2619 2289 2638 autem
2308 2614 2424 2638 formalis
2439 2622 2486 2639 seu

1421 2649 1526 2682 propria
1545 2650 1706 2679 eorumdem,
1721 2655 1747 2674 et
1764 2654 1954 2682 consequenter
1972 2657 2057 2681 neque
2071 2650 2186 2681 propria
2205 2649 2314 2681 cognitio
2329 2649 2364 2673 rei
2380 2650 2486 2674 demon-

1423 2690 1529 2715 stratae,
1549 2685 1610 2717 quia
1629 2685 1750 2718 principia
1770 2685 1918 2710 communia
1937 2692 1989 2709 non
2009 2689 2069 2709 sunt
2087 2685 2227 2710 formaliter
2245 2684 2367 2717 principia
2385 2684 2427 2709 illa
2446 2692 2486 2709 se-

1422 2721 1542 2745 cundaria
1561 2720 1614 2752 (Cf.
1634 2721 1691 2745 lect.
1711 2721 1767 2753 111);
1787 2729 1849 2753 ergo
1870 2720 1902 2751 3⁰,
1926 2720 1991 2744 sicut
2010 2721 2042 2744 ad
2067 2721 2273 2751 cognoscendam
2298 2720 2411 2753 speciem
2435 2728 2487 2744 non

1421 2755 1515 2780 sufficit
1533 2756 1645 2788 cognitio
1658 2756 1772 2788 generis,
1792 2757 1838 2781 scd
1857 2755 1995 2788 requiritur
2013 2756 2125 2787 cognitio
2139 2756 2254 2788 proprii,
2271 2763 2316 2780 seu
2332 2755 2487 2780 differentiae

1422 2790 1564 2824 specificae,
1578 2796 1608 2815 ut
1621 2791 1715 2816 sciatur
1733 2800 1785 2816 non
1801 2792 1887 2816 solum
1906 2791 1968 2824 quid
1982 2798 2035 2823 per
2052 2799 2079 2816 se
2094 2791 2153 2815 insit
2171 2791 2206 2816 rei
2225 2797 2254 2815 ut
2272 2796 2311 2815 est
2329 2798 2420 2822 genus,
2440 2791 2486 2815 sed

1422 2827 1484 2860 quid
1500 2827 1604 2860 ipsimet
1622 2826 1683 2851 insit
1701 2835 1747 2860 per
1762 2835 1790 2851 se
1803 2832 1832 2851 ut
1847 2832 1887 2852 est
1901 2827 2013 2859 species;
2034 2827 2066 2851 ita
2081 2827 2111 2851 ad
2126 2827 2299 2856 cognitionem
2313 2826 2486 2850 conclusionis

1422 2863 1612 2887 demonstratae
1631 2870 1683 2887 non
1702 2861 1794 2887 sufficit
1817 2870 1974 2894 cognoscere
1993 2862 2115 2894 principia
2134 2861 2296 2892 communia,
2317 2861 2363 2886 sed
2383 2866 2423 2885 est
2441 2869 2486 2886 ne-

1422 2898 1534 2923 cessaria
1557 2898 1668 2929 cognitio
1688 2898 1883 2930 principiorum
1902 2905 1969 2930 quae
1988 2903 2047 2922 sunt
2066 2898 2168 2930 propria
2187 2897 2291 2921 subiecti
2318 2897 2350 2921 de
2369 2904 2422 2928 quo
2441 2897 2486 2921 de-

1422 2938 1581 2958 monstratur
1595 2933 1694 2966 passio:
1710 2941 1785 2958 secus
1796 2933 1957 2958 concluditur
1970 2933 2033 2957 illud
2043 2933 2113 2965 quod
2129 2938 2168 2957 est
2177 2940 2229 2965 per
2240 2940 2267 2957 se
2278 2932 2384 2956 subiecti
2399 2932 2486 2964 quoad

1422 2977 1512 3001 genus.
1533 2977 1585 2993 non
1604 2974 1690 2993 autem
1709 2970 1795 3001 quoad
1814 2969 1936 3001 speciem.

1482 3004 1580 3028 Exinde
1603 3009 1673 3036 patet
1697 3012 1742 3028 cur
1766 3005 1833 3028 male
1858 3004 2011 3036 processerit
2035 3004 2130 3036 Bryso,
2154 3003 2198 3035 qui
2224 3002 2354 3027 contendit
2378 3002 2486 3027 demon-

1423 3044 1503 3064 strare
1518 3040 1699 3072 quadraturam
1714 3039 1809 3064 circuli.
1828 3040 1904 3064 Ponit
1922 3039 1971 3063 hoc
1989 3039 2156 3071 principium:
2177 3039 2204 3062 In
2219 3045 2377 3070 quocunque
2391 3045 2485 3069 genere

1423 3080 1462 3099 est
1480 3075 1594 3099 invenire
1613 3075 1694 3106 magis
1714 3080 1739 3099 et
1757 3075 1842 3099 minus
1862 3080 1979 3106 respectu
1999 3075 2113 3104 alicuius,
2129 3074 2154 3098 in
2174 3074 2265 3098 eodem
2285 3080 2379 3104 genere
2393 3078 2433 3097 est
2446 3072 2485 3097 in-

1421 3110 1508 3135 venire
1527 3110 1604 3134 etiam
1623 3110 1658 3134 illi
1677 3111 1821 3142 aequale.—-
1833 3110 1930 3134 Deinde
1949 3110 2091 3134 subsumit:
2115 3109 2193 3141 Atqui
2214 3109 2239 3133 in
2258 3116 2351 3140 genere
2375 3108 2486 3140 quadra-

1422 3150 1507 3169 torum
1527 3150 1567 3170 est
1585 3145 1689 3178 aliquod
1708 3146 1861 3178 quadratum
1881 3145 1967 3169 minus
1993 3150 2017 3169 et
2040 3145 2143 3177 aliquod
2162 3145 2316 3176 quadratum
2335 3143 2417 3167 maius
2437 3143 2486 3167 cir-

1423 3181 1518 3205 culo.-
1531 3181 1607 3212 Ergo,
1628 3181 1763 3211 concludit,
1779 3185 1818 3205 est
1832 3180 1946 3204 invenire
1966 3180 2118 3212 quadratum
2138 3180 2233 3203 circulo
2246 3179 2390 3211 aequale.·-
2403 3179 2484 3203 Porro

1422 3216 1574 3248 principium
1594 3221 1758 3248 assumptum
1777 3221 1816 3240 est
1834 3215 2023 3247 ontologicum,
2043 3220 2069 3240 et
2087 3219 2287 3247 consequenter,
2314 3219 2342 3238 ut
2365 3213 2485 3246 probavi-

1423 3258 1490 3281 mus,
1510 3258 1562 3282 qon
1578 3251 1690 3275 continet
1713 3251 1761 3275 nisi
1779 3251 1919 3275 virtualiter
1933 3250 2126 3275 conclusionem
2145 3250 2340 3281 geometricam,
2360 3257 2426 3281 quae
2445 3254 2486 3273 est

1423 3286 1455 3310 de
1474 3286 1589 3310 subiecto
1609 3286 1786 3318 quantitativo.
1814 3287 1845 3310 Et
1868 3286 1927 3318 quia
1952 3293 1982 3310 ex
2001 3285 2049 3310 hoc
2068 3285 2209 3320 principio,
2229 3293 2281 3309 non
2301 3284 2404 3317 proprio
2423 3291 2485 3316 geo-

1423 3321 1529 3345 metriae
1548 3321 1594 3344 sed
1613 3321 1734 3345 omnibus
1754 3329 1838 3345 rerum
1859 3321 1995 3352 generibus
2015 3321 2159 3350 communi,
2179 3320 2294 3352 procedit
2312 3321 2409 3352 Bryso,
2431 3327 2485 3344 non

1422 3361 1509 3388 potest
1527 3356 1681 3380 concludere
1704 3356 1886 3387 geometricam
1904 3356 2046 3380 veritatem.
2072 3356 2104 3380 Ut
2123 3356 2286 3380 concluderet
2311 3362 2417 3379 necesse
2436 3354 2484 3387 ipsi

1422 3391 1514 3416 fuisset
1536 3398 1669 3415 assumere
1687 3391 1840 3423 principium
1864 3391 1926 3415 illud
1950 3391 2113 3423 geometrice,
2133 3398 2241 3423 nempe:
2264 3390 2290 3414 Si
2309 3395 2349 3415 est
2371 3390 2485 3414 invenire

1423 3427 1577 3459 quadratum
1596 3426 1679 3450 maius
1698 3431 1723 3450 et
1741 3426 1826 3450 minus
1845 3426 1953 3455 circulo,
1973 3430 2013 3450 est
2031 3426 2107 3450 etiam
2126 3426 2240 3450 invenire
2264 3426 2417 3458 quadratum
2437 3425 2484 3450 cir-

1423 3462 1481 3486 culo
1501 3462 1615 3493 aequale.
1634 3461 1713 3494 Atqui
1733 3466 1780 3485 etc.
1800 3461 1844 3492 (ut
1857 3461 1959 3493 supra).
1979 3461 2048 3492 Ergo
2067 3466 2115 3486 etc.
2135 3461 2180 3493 (ut
2199 3461 2330 3492 supra).·-
2343 3461 2484 3485 Processus

1423 3497 1471 3521 iste
1489 3502 1559 3521 esset
1577 3504 1666 3520 revera
1680 3504 1710 3520 ex
1724 3496 1834 3528 propriis
1848 3496 1992 3528 principiis;
2012 3501 2037 3520 at
2056 3496 2127 3520 labor
2150 3496 2310 3521 incumberet
2327 3496 2438 3529 Brysoni
2452 3496 2484 3520 ad

1423 3532 1580 3556 antecedens
1599 3531 1741 3564 syllogismi
1761 3531 1932 3564 probandum.

1477 3567 1527 3591 Sed
1547 3567 1630 3591 dices:
1650 3567 1728 3591 Recte
1747 3567 1862 3599 procedit
1880 3571 2011 3597 geometra
2030 3574 2090 3591 cum
2109 3567 2135 3591 in
2151 3566 2415 3591 demonstrationibus
2430 3566 2484 3591 suis

1424 3602 1533 3627 assumit
1551 3602 1600 3626 hoc
1619 3602 1786 3635 principium:
1807 3602 1837 3626 Si
1859 3602 1892 3626 ab
1915 3602 2068 3633 aequalibus
2086 3602 2208 3634 aequalia
2231 3602 2336 3631 demas,
2357 3609 2424 3634 quae
2443 3608 2484 3626 re-

1424 3641 1531 3663 manent
1553 3640 1616 3662 sunt
1638 3637 1774 3670 aequalia;
1792 3642 1818 3662 et
1836 3637 1885 3662 alia
1904 3637 2051 3662 huiusmodi
2073 3637 2210 3670 principia:
2236 3645 2302 3670 quae
2322 3642 2409 3662 tamen
2432 3645 2485 3661 non

2514 417 2658 446 ''unm-P:
2685 422 2729 446 de-

2514 452 2684 473 monstrantur.

2513 527 2523 539 ⁸
2538 533 2552 548 n
2560 535 2564 548 :
2580 528 2728 552 demonstra-

2515 554 2598 576 tiones.

2515 633 2524 641 '¹
2550 633 2620 664 Fatet
2645 636 2710 662 quod

2514 664 2601 682 omittit
2615 667 2638 682 x.

2539 804 2565 819 n:
2577 799 2727 824 conveniret,-

2514 830 2536 845 1:
2551 826 2616 845 esset
2633 824 2728 846 demon-

2514 852 2601 872 strare.

2513 877 2524 888 ⁶
2538 883 2565 898 x:
2580 877 2622 898 ad.

2547 1115 2613 1137 Ides!
2637 1116 2714 1138 omitt.

2514 1142 2583 1163 codd.

2611 1271 2625 1296 0!
