2548 4192
2262 284 2358 310 XLVII

153 354 348 408 Operum
383 358 507 400 certe,
543 365 655 406 quae
688 366 714 392 a
747 358 897 392 sancto
922 352 1096 393 Thoma
1117 353 1337 406 Aquinate
1362 353 1609 394 elucubrata
1642 358 1753 401 sunt,
1783 352 1995 401 editionis,
2019 367 2131 407 quae
2162 355 2356 396 omnium

151 414 471 455 accuratissima
491 413 725 468 aliquando
747 414 892 471 perfici
915 420 1056 468 queat,
1079 414 1298 468 specimen
1320 415 1471 455 saltem
1493 415 1679 461 exhibui.
1715 415 1872 458 Erecto
1895 415 2023 455 etiam
2044 415 2189 456 animo
2215 417 2358 470 coepit

151 490 267 517 anno
310 475 437 530 1745.
473 489 584 530 opus
619 475 773 530 exequi
808 476 1019 530 Iosephus
1054 476 1323 524 Bettinellus,
1358 477 1554 517 Venetus
1589 476 1851 531 Bibliopola,
1887 477 2248 518 subscribentium
2283 478 2356 532 qui

153 538 277 593 Opus
312 537 427 578 idem
462 544 663 586 emerent,
699 538 887 578 collectis
922 538 1170 578 nominibus
1205 538 1340 579 multo
1374 552 1478 579 sane
1512 539 1717 593 pluribus,
1753 552 1884 593 quam
1912 538 2151 593 optandum
2175 539 2356 580 videba-

152 607 230 641 tur.
266 599 437 641 Eodem
471 613 585 640 anno
619 599 805 654 primum
839 600 881 640 in
915 600 1055 640 lucem
1089 600 1247 654 prodiit
1279 601 1516 641 Volumen:
1552 601 1672 655 quod
1707 601 1849 641 statim
1882 614 1932 641 ac
1966 601 2217 655 comparuit,
2248 614 2356 655 que-

153 662 360 703 rimoniae
393 661 565 703 auditae
597 667 698 702 sunt
731 661 786 702 de
819 662 1005 702 inferiori
1040 662 1287 703 conditione
1322 662 1512 711 chartae,
1548 663 1690 717 deque
1724 662 1855 703 nimia
1896 669 2099 717 typorum
2137 663 2353 704 tenuitate.

153 725 274 765 Haec
308 723 363 764 ad
398 737 467 764 me
500 723 771 778 pertinebant
805 724 926 765 nihil:
961 724 1083 779 pretii
1118 738 1223 765 vero
1265 725 1531 773 modicitate,
1567 738 1656 779 quo
1691 725 1862 780 singula
1894 725 2131 766 Volumina
2164 731 2355 780 praesta-

152 786 319 834 bantur,
346 786 448 826 satis
483 786 763 840 querimoniis
787 786 878 827 fieri
907 800 1038 841 posse
1061 787 1333 827 existimabat
1357 787 1613 842 Bibliopola.
1649 787 1825 828 Utinam
1849 800 1955 828 vero
1990 787 2031 828 in
2057 787 2236 828 edendis
2260 787 2355 828 Vo-

152 848 386 889 luminibus
421 847 641 903 diligentia
674 862 752 903 pro
786 848 906 889 sactis
945 848 1324 903 pollicitationibus
1368 862 1456 889 non
1490 848 1706 889 defuisset.
1752 848 1853 900 Quo
1888 854 2031 889 tamen
2064 849 2151 890 fato
2186 849 2354 898 nescio,

151 910 331 951 nimium
364 910 481 951 lento
515 910 781 965 procedebat
815 910 945 951 editio
979 910 1138 966 gradu:
1174 924 1338 965 sexque
1372 924 1584 951 annorum
1624 910 1764 964 spatio
1799 911 1969 951 nonnisi
2003 911 2239 952 Volumina
2271 917 2355 952 tre-

152 971 293 1013 decim
327 972 528 1013 viderunt
560 973 711 1014 lucem.
748 973 839 1014 Aut
872 973 1075 1014 celeriore
1109 972 1386 1013 nihilominus
1421 986 1547 1012 cursu
1581 972 1875 1026 imposterum,
1910 979 1983 1013 aut
2017 973 2144 1014 etiam
2178 973 2357 1014 remissa

151 1047 265 1083 cura,
300 1035 448 1075 omnia
479 1034 654 1075 tandem
688 1034 922 1089 aliquando
956 1034 1192 1089 prodibunt
1224 1034 1317 1074 sine
1351 1033 1486 1074 dubio
1521 1033 1751 1088 Aquinatis
1786 1034 1948 1088 Opera:
1984 1034 2103 1089 quod
2129 1035 2220 1090 ipse
2254 1036 2355 1076 Bet-

152 1097 322 1138 tinellus
362 1096 613 1151 subscriptis
653 1102 695 1137 et
733 1096 1036 1151 subscripturis
1081 1102 1227 1136 sancte
1267 1096 1501 1150 pollicetur.
1547 1096 1608 1136 At
1646 1095 1767 1149 quod
1800 1095 1892 1136 Viri
1932 1095 2046 1137 docti
2081 1097 2356 1151 quamplures

154 1158 381 1200 consilium
416 1158 624 1210 dederant
657 1158 711 1199 de
745 1172 833 1199 uno
867 1158 980 1212 typis
1015 1157 1264 1213 evulgando
1299 1157 1545 1206 Volumine,
1581 1157 1623 1197 in
1658 1170 1747 1211 quo
1777 1157 1902 1198 simul
1925 1158 2092 1199 iunctae
2116 1165 2358 1213 prostarent

153 1219 428 1262 elucubratae
471 1217 654 1261 Criticae'
694 1227 736 1261 et
769 1219 1086 1275 Apologeticae
1120 1219 1480 1267 Admonitiones,
1523 1219 1637 1260 nulla
1675 1219 1924 1273 interposita
1957 1233 2079 1261 mora
2117 1226 2164 1261 ut
2202 1234 2357 1261 execu-

152 1282 260 1324 tioni
293 1281 578 1331 mandaretur,
613 1282 748 1323 suasit
771 1282 1025 1336 impulitque
1050 1281 1227 1322 rationis
1247 1281 1454 1336 aequitas.
1490 1281 1852 1322 Admonitionum
1875 1281 2018 1336 itaque
2042 1282 2164 1323 titulo
2187 1282 2356 1331 reiecto,

152 1344 326 1401 triginta
356 1345 401 1385 in
435 1344 577 1390 lucem⁴
608 1344 824 1399 prodeunt
857 1344 1212 1391 Dissertationes,
1249 1343 1291 1384 in
1326 1343 1479 1398 Capita
1518 1349 1560 1384 et
1594 1343 1795 1398 Capitum
1829 1343 2046 1385 sessiones
2085 1344 2355 1386 distributae:

152 1406 313 1462 quibus
346 1406 576 1462 praecipua
608 1420 658 1447 ac
692 1406 907 1448 nobiliora
939 1419 1140 1461 quaeque
1173 1412 1439 1462 argumenta,
1474 1405 1529 1446 ad
1564 1405 1794 1460 Aquinatis
1827 1412 1952 1461 gesta
1985 1412 2027 1447 et
2047 1419 2180 1461 opera
2208 1412 2250 1447 et
2278 1406 2358 1447 do-

153 1468 334 1510 ctrinam
354 1468 598 1519 attinentia,
634 1482 713 1524 pro
748 1483 845 1510 mea
877 1468 986 1510 virili
1020 1474 1326 1524 percensentur
1359 1474 1400 1509 et
1433 1468 1703 1509 illustrantur.
