2788 4204
1059 290 1170 326 CAP.
1200 291 1326 338 XXII,
1356 292 1506 329 LECT.
1537 293 1698 329 XXXIII

2394 307 2465 343 27¹

811 521 1029 576 LECT
1032 523 1114 576 10
1153 522 1938 583 TRIGESIMATERTIA

318 656 543 697 LOGICE
578 656 973 698 OSTENDITUR
1019 658 1624 704 DEMONSTRATIONES
1660 663 1789 704 NON
1829 665 2020 706 POSSE
2061 667 2429 709 PROCEDERE

372 727 434 767 IN
468 727 786 768 INFINITUM
825 728 886 767 IN
919 728 1324 771 PRAEDICATIS
1360 732 2384 784 QUIDDITATIVIS.-PRAENOTAMINA

462 797 772 850 QUAEDAM
794 799 880 838 AD
911 799 1294 841 SOLVENDAM
1322 802 1814 845 UNIVERSALITER
1844 805 2286 857 QUAESTIONEM

416 868 501 908 DE
539 867 855 909 PROCESSU
892 869 954 908 IN
990 870 1306 912 INFINITUM
1341 873 1403 912 IN
1445 873 1850 915 PRAEDICATIS
1890 876 2322 921 AFFIRMATIVIS

271 992 348 1027 Ὀτι
372 986 400 1022 δ’
429 991 482 1023 ἐπ’
511 991 657 1030 ἐκείνων,
675 992 817 1037 λογικῶς
835 992 893 1035 μὲν
915 990 1090 1036 θεωροῦσιν
1108 988 1171 1024 ὦδε
1188 993 1343 1037 φανερόν.

338 1036 416 1070 Ἐπὶ
442 1037 500 1081 μὲν
527 1032 583 1068 οὖν
609 1038 675 1069 τῶν
693 1036 726 1068 ἐν
744 1038 792 1078 τῷ
810 1040 844 1069 τί
863 1035 936 1069 ἑστι
957 1038 1260 1083 κατηγορουμένων
1285 1035 1345 1074 δῆ-

342 1085 414 1116 λον·
441 1082 469 1114 εἱ
492 1081 557 1126 γαῖρ
584 1081 675 1113 ἔστιν
702 1081 878 1125 ὁρίσασθαι
901 1079 922 1117 ἦ
948 1081 976 1111 εἰ
999 1083 1151 1126 γνωστὸν
1178 1083 1219 1115 τὸ
1245 1085 1278 1114 τί
1304 1081 1343 1120 ἦν

343 1125 442 1169 εἶναι,
460 1128 510 1159 τοὶ
531 1122 560 1158 δ’
592 1126 715 1168 ἄπειρα
740 1125 787 1170 μή
814 1126 886 1158 ’ἐστι
908 1120 1062 1167 διελθεῖν,
1084 1126 1215 1172 ἀνάγκη
1243 1140 1346 1159 πεπε-

364 1171 463 1206 σίνθαι
489 1171 537 1204 τοὶ
561 1171 593 1203 ἐν
619 1171 667 1212 τῷ
693 1172 725 1201 τί
752 1171 825 1202 ἐστι
848 1171 1148 1215 κατηγορούμενα.

275 1218 328 1251 Κα
354 1218 431 1250 όλου
455 1211 494 1248 δὲ
522 1211 588 1247 ὦδε
612 1214 768 1261 λέγομεν.
794 1216 892 1248 Ἔστι
917 1216 981 1259 γαρ
1012 1216 1116 1247 εἰπεῖν
1149 1214 1278 1253 ἀληθῶς
1305 1217 1346 1248 τὸ

341 1262 458 1294 λευκὸν
485 1256 634 1303 βαδίζειν
658 1262 716 1292 καὶ
743 1260 783 1292 τὸ
809 1259 898 1306 μέγα
920 1261 1026 1291 ἐκεῖνο
1045 1259 1143 1300 ξύλον
1169 1256 1266 1299 εἶναι,
1287 1264 1344 1293 καὶ

342 1306 445 1340 ποίλιν
471 1305 512 1339 τὸ
537 1304 636 1345 ξύλον
661 1304 752 1350 μέγα
777 1302 863 1336 εἶναι
887 1305 946 1336 καὶ
972 1305 1032 1335 τόν
1060 1302 1231 1348 ἄνθρωπον
1250 1300 1345 1346 βαδί-

341 1353 423 1397 ζειν.
441 1351 583 1395 ’Ἕτερον
602 1344 647 1386 δή
665 1351 737 1383 ἐστι
756 1350 796 1382 τὸ
815 1349 922 1387 οὕτως
944 1350 1048 1381 εἰπεῖν
1064 1350 1123 1380 καὶ
1142 1349 1182 1381 τὸ
1199 1350 1341 1388 ἐκείνως.

304 1408 316 1411 s
333 1393 444 1430 Ὅταν
470 1396 529 1441 μὲν
553 1394 618 1441 γάρ
644 1396 686 1428 τὸ
708 1395 825 1426 λευκὸν
844 1391 929 1427 εἶναι
953 1395 1001 1439 φῶ
1017 1393 1129 1435 ξύλον,
1157 1394 1239 1426 τότε
1255 1394 1344 1441 λέγω

342 1441 396 1475 ὅτι
421 1441 446 1483 ᾧ
470 1439 660 1484 συμβέβηκε
676 1441 783 1481 λευκῷ
809 1437 894 1471 εἶναι
920 1438 1018 1480 ξύλον
1044 1439 1150 1480 ἐστίν,
1180 1437 1251 1471 ἀλλ’
1281 1441 1341 1485 οὐχ

340 1487 382 1524 ὠς
400 1487 442 1518 τὸ
461 1487 679 1528 ὑποκείμενον
706 1487 753 1527 τῷ
779 1484 864 1526 ξύλῳ
883 1485 923 1518 τὸ
940 1483 1058 1516 λευκόν
1083 1484 1169 1516 ἐστι·
1195 1486 1254 1516 καὶ
1278 1480 1345 1532 γάρ’

341 1531 421 1563 οὔτε
445 1530 562 1562 λευκὰν
594 1529 628 1563 ὃν
655 1530 721 1562 οὔθ’
753 1529 832 1572 ὅπερ
857 1529 975 1563 λευκόν
1003 1540 1038 1561 τι
1064 1526 1198 1574 ἐγένετο
1228 1529 1341 1571 ξύλον,

339 1574 420 1608 ὥστ’
442 1574 510 1607 οὐκ
537 1575 627 1608 ἔστιν
655 1576 728 1608 ἀλλ’
760 1575 781 1611 ἧ
805 1576 902 1608 κατοὶ
925 1573 1148 1618 συμβεβηκός.
1174 1573 1282 1607 Ὅταν
1306 1570 1345 1608 δέ

341 1619 382 1654 ‘cti
407 1618 506 1661 ξύλον
530 1621 647 1653 λευκὸν
674 1617 759 1651 εἶναι
785 1621 852 1662 φῶ,
886 1621 949 1664 οὐχ
982 1619 1036 1652 ὅτι
1070 1617 1183 1661 ἕτερόν
1209 1623 1242 1652 τί
1269 1620 1343 1653 ἐστι

338 1665 479 1707 λευκόν,
506 1664 617 1706 ἐκείνῳ
642 1660 680 1697 δὲ
701 1665 891 1709 συμβέβηκε
918 1664 1004 1707 ξύλῳ
1029 1660 1134 1704 εἶναι,
1163 1664 1230 1696 οἷον
1257 1664 1342 1697 ὅταν

341 1710 400 1744 τὸν
419 1710 577 1753 μουσικόν
600 1710 718 1742 λευκᾶν
741 1706 827 1741 εἶναι
845 1711 905 1754 φῶ·
927 1710 1010 1742 τότε
1027 1708 1092 1755 γοὶρ
1111 1708 1164 1741 ὅτι
1184 1710 1199 1741 ὁ
1220 1708 1342 1752 ἄνθρω-

340 1767 402 1792 πος
418 1755 534 1794 λευκός
557 1756 662 1795 ἐστιν,
681 1754 704 1795 ᾦ
724 1753 932 1797 συμβέβηκεν
950 1751 1035 1787 εἶναι
1052 1754 1212 1798 μουσικῷ,
1238 1755 1341 1801 λέγω·

343 1799 435 1832 ἄλλα
459 1801 500 1832 τὸ
526 1799 624 1842 ξύλον
651 1800 725 1832 ἐστὶ
751 1799 793 1831 το“
818 1800 1055 1842 ὑποκείμενον,
1084 1798 1163 1842 ὅπερ
1187 1801 1245 1830 καὶ
1271 1800 1342 1846 ἐγέ-

339 1855 431 1884 νετο,
458 1843 522 1891 οὐχ
547 1842 661 1888 ἕτερόν
686 1856 721 1877 τι
746 1842 781 1875 ὃν
800 1843 820 1880 ἦ
840 1843 920 1887 ὅπερ
943 1843 1041 1884 ξύλον
1067 1843 1088 1880 ἦ
1113 1843 1212 1884 ξύλον
1231 1855 1277 1877 τι.
1305 1846 1342 1877 Εἰ

339 1884 384 1925 δή
401 1884 454 1921 δεῖ
469 1888 711 1933 νομοθετῆσαι,
729 1888 815 1920 ἔστω
834 1888 875 1921 το
892 1886 981 1921 οὕτω
995 1888 1104 1934 λέγειν
1121 1894 1340 1934 κατηγορεῖν,

338 1933 381 1966 τὸ
404 1928 436 1964 δ’
467 1932 597 1971 ἐκείνως
624 1933 704 1970 ἦτοι
728 1928 909 1977 μηδαμῶς,
937 1932 958 1969 ἦ
981 1937 1186 1979 κατηγορεῖν
1210 1933 1269 1976 μὲν
1295 1935 1342 1979 μη

340 1978 468 2020 οἱπλῶς,
487 1978 584 2012 κατ-οὶ
607 1978 818 2022 συμβεβηκὸς
834 1973 872 2009 δὲ
891 1982 1105 2024 κατηγορεῖν.
1126 1977 1224 2009 Ἔστι
1249 1974 1281 2010 δ’
1300 1981 1342 2018 ὠς

337 2021 397 2066 μὲν
423 2024 464 2055 τᾶ
487 2023 605 2055 λευκὸν
631 2023 672 2055 τὸ
703 2021 1019 2069 κατηγορούμενον,
1045 2024 1086 2061 ὠς
1111 2016 1148 2054 δέ
1174 2022 1215 2053 τὸ
1240 2023 1339 2064 ξύλον

339 2066 380 2099 τὸ
402 2067 440 2099 οὗ
457 2072 718 2114 κατηγορεῖται.
738 2066 944 2100 ’Υποκείσθω
966 2062 1010 2103 δη
1029 2068 1070 2099 vd
1086 2067 1341 2111 κατηγορούμε-

337 2122 392 2142 νον
409 2112 676 2158 κατηγορεῖσθαι
692 2110 759 2154 ἀεί,
776 2112 814 2144 οὖ
830 2115 1092 2158 κατηγορεῖται,
1107 2113 1234 2152 ἁπλῶς,
1252 2111 1342 2146 ἄλλα

363 2156 386 2192 ’ti
409 2157 506 2211 κατα
522 2156 745 2202 συμβεβηκός·
772 2156 862 2190 οὕτω
886 2158 951 2204 γάρ
977 2159 1012 2189 αἱ
1040 2152 1228 2198 ἀποδείξεις
1256 2155 1339 2190 ἀπο-

360 2212 555 2234 εικνυουσιν.

260 2291 367 2324 ’Ὦστε
392 2287 413 2326 ἦ
440 2286 472 2320 ἐν
499 2288 547 2330 τῷ
573 2291 606 2320 τί
632 2286 725 2320 ἐστιν
751 2288 772 2325 ἦ
800 2287 853 2320 ὅτι
880 2287 976 2319 ποιὸν
1001 2286 1022 2324 ἦ
1043 2287 1146 2319 ποσὸν
1166 2287 1186 2324 ἢ
1205 2288 1286 2330 πρός
1305 2301 1339 2321 τι

338 2333 359 2372 ἦ
385 2333 502 2365 ποιοῦν
528 2331 549 2369 ἦ
575 2333 710 2378 πάσχον
729 2332 749 2370 ἦ
771 2333 837 2365 ποῦ
855 2330 876 2368 ἦ
895 2331 996 2373 ποτέ,
1017 2330 1101 2364 ὅταν
1121 2333 1153 2364 ἓν
1170 2332 1245 2364 καθ’
1267 2334 1338 2371 ἑνός

335 2375 570 2424 κατηγορηθῆ-

260 2423 340 2457 Ἔτι
356 2423 405 2456 τοὶ
420 2422 480 2466 μὲν
500 2420 616 2454 οὐσίαν
635 2423 849 2465 σημαίνοντα
871 2418 950 2462 ὅπερ
970 2418 1074 2452 ἐκεῖνο
1092 2419 1113 2457 ἢ
1133 2419 1212 2464 ὅπερ
1231 2420 1339 2453 ἐκεῖνό

336 2479 370 2501 τι
388 2469 557 2510 σημαίνει,
576 2464 654 2498 καθ’
680 2465 718 2498 οὗ
735 2469 996 2511 κατηγορεῖται·
1019 2464 1082 2496 ὅσα
1099 2461 1136 2496 δὲ
1153 2466 1200 2509 μη
1219 2463 1336 2497 οὐσίαν

336 2514 513 2554 σημαίνει,
541 2509 632 2543 ἀλλα
654 2509 734 2543 κατ’
766 2510 869 2541 ἄλλου
896 2508 1117 2552 ὑποκειμένου
1136 2511 1293 2556 λέγεται,
1322 2510 1337 2542 ὃ

337 2557 384 2601 μή
410 2554 484 2588 ἐστι
508 2556 598 2599 μήτε
623 2554 704 2598 ὅπερ
729 2552 835 2586 ἐκεῖνο
860 2553 951 2598 μήτε
969 2552 1050 2598 ὅπερ
1069 2552 1173 2586 ἐκεῖνό
1191 2567 1238 2596 τι,
1258 2567 1339 2599 συμ-

336 2599 524 2641 βεβηκότα,

267 2690 337 2722 οἷον
353 2688 450 2721 κατα
475 2689 537 2720 τοῦ
565 2685 738 2731 ἀνθρώπου
763 2686 804 2719 τὸ
824 2685 954 2718 λευκόν.
982 2686 1028 2719 Ού
1045 2685 1110 2732 γάρ
1136 2683 1227 2718 ἐστιν
1246 2687 1262 2718 ὁ
1282 2686 1338 2719 ἄν-

334 2731 463 2778 θρωπος
490 2732 570 2765 οὔτε
591 2731 670 2774 ὅπερ
694 2731 813 2764 λευκὸν
838 2731 916 2763 οὔτε
940 2730 1019 2776 ὅπερ
1035 2730 1153 2762 λευκόν
1179 2742 1226 2764 τι·
1247 2729 1338 2764 ἀλλα

334 2777 418 2854 ξῷον
442 2780 534 2815 ἴσως·
562 2776 641 2821 ὅπερ
665 2777 730 2823 γάρ
754 2775 838 2818 ζῷόν
871 2774 962 2809 ἐστιν
989 2778 1005 2808 ὁ
1036 2774 1220 2818 ἄνθρωπος.
1248 2776 1336 2808 ’Ὀσα

358 2823 372 2854 ε’
398 2822 444 2866 μὴ
471 2820 587 2854 οὐσίαν
613 2823 775 2865 σεμαίνει,
801 2815 854 2851 δεῖ
876 2820 971 2853 κατοί
995 2832 1083 2857 τινος
1114 2820 1335 2864 ὑποκειμένου

333 2865 612 2912 κατηγορεῖσθαι,
630 2867 688 2897 καὶ
713 2865 761 2910 μή
785 2861 870 2896 εἶναί
896 2877 929 2898 τι
953 2865 1083 2906 λευκόν,
1105 2865 1121 2897 ὃ
1140 2865 1204 2911 οὐχ
1222 2864 1335 2909 ἕτερόν

335 2922 371 2944 τι
395 2910 430 2942 ὃν
454 2911 572 2942 λευκόν
599 2911 705 2943 ἐστιν.

269 2954 322 2987 Τὰ
345 2955 410 3001 γάρ
434 2949 506 2991 εἴδη
530 2953 694 2999 χαιρέτω·
713 2952 948 2996 τερετίσματσί
972 2966 1010 2986 τε
1035 2953 1100 2999 γάρ
1126 2954 1213 2994 ἐστι,
1231 2955 1288 2985 καὶ
1307 2954 1335 2985 εἱ

336 3000 441 3040 ἔστιν,
468 2994 565 3030 οὐδέν
590 2998 671 3043 πρὸς
695 2998 755 3031 τὸν
779 2997 882 3042 λόγον
915 2996 1020 3030 ἐστίν·
1049 3000 1082 3029 αἰ
1107 2998 1171 3044 γάρ
1199 2993 1336 3030 ἀποδεί-

335 3043 400 3085 ξεις
425 3045 498 3087 περὶ
523 3043 590 3075 τῶν
616 3041 782 3075 τοιούτων
807 3043 902 3074 εἰσίν.

328 3149 479 3176 ΞΥΝοΡειε.
496 3164 531 3168 -
553 3157 576 3175 1.
595 3148 808 3184 Argumentum
836 3153 865 3175 et
891 3147 993 3175 divisio
1022 3153 1123 3175 textus.
1145 3164 1165 3169 -
1186 3154 1213 3175 2.
1235 3147 1338 3175 Thesis

266 3187 377 3226 prima:
399 3187 569 3216 ostenditur
589 3187 620 3215 in
641 3186 935 3215 demonstrationibus
956 3184 1136 3215 affirmativis
1163 3197 1224 3215 non
1251 3196 1337 3223 posse

267 3227 387 3265 procedi
397 3227 427 3255 in
438 3227 583 3255 infinitum
594 3226 623 3255 in
634 3226 812 3263 praedicatis,
824 3235 857 3254 ex
873 3226 980 3263 quibus
996 3226 1179 3255 constituitur
1193 3227 1337 3264 definitio:

267 3267 337 3305 quia
357 3276 439 3295 secus
460 3267 532 3295 nihil
553 3273 652 3303 posset
672 3265 800 3294 definiri:
823 3265 953 3294 definitio
975 3266 1053 3294 enirn
1074 3266 1174 3294 omnia
1188 3266 1337 3302 superiora

268 3315 297 3336 et
318 3307 453 3335 inferiora
473 3306 638 3343 praedicata
664 3305 855 3342 quidditativa
874 3305 916 3333 rei
936 3305 1070 3333 definitae
1092 3305 1301 3341 complectitur.
1318 3322 1336 3327 -

270 3348 296 3376 3.
311 3346 414 3374 Thesis
435 3346 539 3374 alterat
559 3347 638 3373 Idem
658 3345 857 3373 universaliter
877 3351 920 3372 est
940 3345 1096 3373 dicendum
1117 3346 1215 3381 quoad
1237 3344 1336 3372 omnia

267 3387 433 3424 praedicata
447 3383 620 3414 affirmativa
633 3384 692 3413 sive
703 3384 900 3412 substantialia
914 3384 972 3412 sive
986 3384 1202 3416 accidentalia.—
1210 3393 1238 3418 4.
1250 3385 1336 3411 Prae-

267 3433 407 3455 notamen
422 3426 581 3462 quoddam.
597 3426 640 3452 De
659 3424 749 3452 tribus
767 3423 861 3452 modis
875 3432 958 3452 verae
973 3423 1194 3460 praedicationis
1209 3423 1238 3450 in
1252 3432 1334 3459 prae-

267 3466 369 3495 dicatis
386 3475 445 3503 per
458 3465 601 3498 accidens,
617 3473 668 3492 seu
688 3463 927 3492 accidentalibus:
949 3463 994 3491 vel
1009 3463 1141 3491 accidens
1155 3462 1335 3499 praedicatur

267 3507 305 3534 de
326 3505 488 3540 accidente;
510 3504 555 3533 vel
577 3503 737 3532 subiectum
752 3504 788 3531 de
802 3503 964 3536 accidente;
982 3503 1026 3530 vel
1040 3502 1172 3531 accidens
1187 3501 1334 3538 praedica-

267 3553 315 3574 tur
335 3546 371 3574 de
393 3545 531 3573 subiecto.
554 3545 636 3579 Quae
657 3542 884 3580 praedicationes
898 3543 935 3570 ad
949 3541 1072 3570 invicem
1094 3541 1243 3569 differunt:
1266 3541 1335 3578 quia

267 3595 335 3615 cum
356 3585 537 3622 praedicatur
557 3583 689 3612 accidens
710 3583 747 3611 de
769 3582 907 3616 subiecto,
929 3591 990 3610 non
1011 3581 1191 3618 praedicatur
1211 3590 1262 3617 per
1283 3581 1333 3609 ali-

267 3626 349 3662 quod
369 3625 448 3653 aliud
469 3624 645 3659 subiectum;
667 3629 696 3651 at
717 3621 892 3659 praedicatio
914 3621 1033 3649 subiecti
1054 3622 1090 3649 de
1110 3621 1266 3656 accidente,
1288 3620 1332 3649 vel

1399 994 1416 1012 *
1433 995 1531 1044 Quod
1547 1003 1653 1026 autem
1671 996 1704 1025 in
1720 996 1791 1034 illis,
1803 996 1829 1026 si
1843 997 1944 1036 logice
1963 998 2093 1038 quidem
2109 1003 2319 1043 speculemur,
2337 1007 2380 1037 sic
2399 1018 2464 1038 ma·
2492 1016 2502 1025 '
2517 1015 2574 1042 Cap.
2588 1021 2644 1037 xxn.

1466 1039 1617 1070 mfestum
1633 1039 1680 1070 sit.
1698 1041 1733 1069 In
1750 1040 1798 1070 his
1815 1042 1945 1081 quidem
1961 1042 2064 1083 igitur,
2085 1055 2166 1085 quae
2181 1047 2213 1076 in
2230 1057 2268 1078 eo
2283 1052 2372 1089 quod
2388 1052 2466 1092 quid
2492 1041 2560 1063 Text.
2575 1047 2607 1070 35·

1467 1090 1513 1113 est
1531 1084 1759 1124 praedicantur,
1776 1093 1885 1125 patens
1909 1093 1971 1116 est:
1996 1088 2021 1117 si
2043 1089 2128 1119 enirn
2145 1098 2190 1121 est
2206 1092 2344 1132 definire,
2362 1104 2416 1127 aut
2439 1096 2465 1127 si

1466 1134 1582 1157 notum
1590 1135 1636 1158 est
1644 1130 1733 1168 quod
1747 1130 1823 1170 quid
1835 1138 1899 1161 erat
1913 1140 1989 1168 esse,
2000 1132 2121 1164 infinita
2132 1143 2238 1166 autem
2253 1147 2318 1168 non
2327 1147 2372 1170 est
2382 1148 2464 1171 tran-

1467 1170 1536 1209 sire,
1556 1182 1681 1203 necesse
1701 1180 1747 1203 est
1765 1173 1846 1204 finiri
1864 1175 1896 1204 in
1916 1185 1955 1205 eo
1975 1178 2063 1216 quod
2082 1178 2159 1218 quid
2178 1187 2224 1211 est
2246 1183 2463 1220 praedicantia.

1400 1215 1620 1247 Universaliter
1643 1224 1750 1248 autem
1777 1219 1821 1248 sic
1844 1219 1988 1251 dicimus.
2017 1221 2073 1252 Est
2096 1223 2180 1253 enim
2203 1235 2274 1256 vere
2298 1227 2398 1258 dicere
2422 1229 2464 1259 al-

1466 1260 1544 1290 bum
1568 1261 1746 1301 ambulare,
1771 1270 1802 1294 et
1824 1273 1977 1303 magnum
1999 1264 2079 1295 illud
2101 1267 2225 1306 lignum
2248 1278 2333 1309 esse;
2358 1279 2388 1302 et
2410 1273 2464 1303 ite-

1465 1314 1538 1335 rum
1560 1305 1683 1346 lignum
1707 1317 1860 1348 magnum
1883 1318 1960 1347 esse,
1977 1316 2007 1340 et
2026 1311 2190 1342 hominem
2213 1314 2382 1346 ambulare.
2410 1317 2464 1347 Al-

1466 1356 1569 1379 terum
1592 1350 1687 1390 igitur
1709 1358 1755 1382 est
1779 1352 1821 1382 sic
1845 1352 1945 1384 dicere
1969 1361 2023 1385 aut
2045 1355 2101 1385 illo
2125 1357 2235 1387 mod0.
2265 1358 2350 1389 Cum
2380 1360 2465 1391 enim

1465 1394 1596 1434 quidem
1620 1396 1729 1426 album
1752 1406 1818 1427 esse
1843 1398 1914 1427 dico
1937 1398 2078 1438 lignum,
2106 1407 2182 1430 tunc
2205 1395 2280 1432 dico'
2293 1404 2396 1443 quod,
2414 1405 2465 1435 cui

1465 1439 1577 1470 accidit
1590 1440 1699 1470 album
1716 1451 1792 1480 esse,
1808 1441 1931 1481 lignum
1948 1450 2008 1473 est:
2028 1444 2083 1474 sed
2099 1454 2165 1475 non
2181 1446 2270 1486 quod
2289 1447 2466 1478 subiectum

1463 1483 1552 1523 ligno
1576 1485 1684 1515 album
1707 1486 1765 1524 sit;
1796 1494 1826 1516 et
1853 1497 1992 1528 namque
2015 1498 2118 1529 neque
2148 1490 2237 1530 quod
2267 1492 2376 1521 album
2400 1499 2464 1531 est,

1465 1537 1568 1568 neque
1598 1530 1688 1570 quod
1717 1540 1788 1560 vere
1812 1531 1921 1561 album
1944 1532 2079 1573 aliquid,
2110 1533 2229 1564 factum
2257 1542 2303 1566 est
2325 1536 2462 1576 lignum:

1465 1582 1561 1613 quare
1589 1579 1655 1604 non
1686 1581 1731 1605 est
1758 1575 1820 1606 hoc
1849 1577 2024 1607 secundum
2055 1587 2107 1616 se,
2138 1578 2192 1608 sed
2216 1580 2392 1610 secundum
2416 1591 2464 1611 ac-

1464 1617 1580 1648 cidens.
1604 1618 1690 1649 Cum
1714 1628 1789 1649 vero
1809 1619 1994 1651 huiusmodi
2017 1622 2142 1662 lignum
2165 1623 2274 1653 album
2296 1634 2363 1654 esse
2381 1625 2463 1663 dico,

1464 1671 1530 1691 non
1546 1663 1635 1703 quod
1650 1663 1784 1694 alterum
1799 1664 1930 1705 aliquod
1953 1666 1992 1696 sit
2013 1667 2133 1705 album,
2156 1667 2202 1697 illi
2225 1675 2332 1698 autem
2354 1669 2465 1700 accidit

1462 1706 1587 1746 lignum
1610 1717 1687 1746 esse,
1705 1714 1741 1738 ut
1759 1718 1834 1738 cum
1857 1709 2017 1741 musicum
2045 1722 2112 1742 esse
2135 1713 2244 1743 album
2268 1714 2357 1744 dico:
2386 1722 2462 1746 tunc

1464 1751 1549 1781 enim
1572 1752 1726 1792 quoniam
1753 1753 1853 1784 homo
1884 1762 1930 1785 est
1952 1756 2061 1795 albus,
2091 1757 2141 1787 cui
2169 1758 2280 1788 accidit
2303 1759 2462 1789 musicum

1463 1805 1541 1834 esse,
1558 1796 1647 1835 dico;
1672 1797 1726 1827 sed
1740 1797 1864 1838 lignum
1880 1806 1926 1830 est
1941 1801 2128 1840 subiectum,
2150 1803 2239 1842 quod
2254 1812 2324 1833 vere
2343 1803 2462 1834 factum

1463 1847 1509 1872 est
1531 1841 1658 1880 album,
1682 1852 1749 1872 non
1771 1843 1861 1883 quod
1876 1844 2009 1875 alterurn
2026 1846 2155 1886 aliquod
2179 1847 2236 1885 sit,
2260 1857 2358 1887 quam
2374 1848 2462 1888 quod

1462 1895 1534 1916 vere
1557 1886 1680 1927 lignum
1696 1894 1752 1926 est,
1777 1895 1831 1919 aut
1854 1888 1976 1931 lignum
2000 1890 2139 1932 aliquod.
2164 1892 2196 1922 Si
2219 1892 2313 1932 igitur
2336 1901 2462 1933 oportet

1463 1930 1595 1961 nomina
1610 1941 1740 1970 ponere,
1759 1931 1798 1963 sit
1821 1933 1865 1964 sic
1882 1934 1983 1964 dicere
1998 1935 2184 1974 praedicari:
2210 1937 2264 1967 sed
2285 1937 2340 1968 illo
2360 1938 2460 1968 modo

1462 1982 1517 2006 aut
1532 1986 1736 2017 nequaquam
1750 1983 1796 2008 est
1809 1978 1989 2017 praedicari,
2001 1985 2055 2010 aut
2070 1980 2239 2020 praedicari
2255 1981 2384 2021 quidem
2395 1992 2461 2012 non

1458 2019 1650 2060 simpliciter,
1665 2022 1720 2051 sed
1733 2023 1910 2053 secundum
1925 2023 2068 2054 accidens
2084 2025 2263 2063 praedicari.
2283 2026 2340 2056 Est
2355 2033 2462 2056 autem

1462 2071 1615 2105 tanquam
1637 2067 1747 2096 album
1770 2067 1920 2107 quidem,
1949 2068 2038 2108 quod
2061 2069 2275 2108 praedicatur;
2304 2071 2358 2100 sed
2382 2070 2463 2101 sicut

1461 2109 1586 2150 lignum
1602 2117 1658 2149 est,
1683 2111 1721 2141 de
1737 2121 1803 2151 quo
1827 2112 2030 2152 praedicatur.
2056 2113 2244 2144 Subiiciatur
2261 2114 2356 2154 igitur
2374 2125 2461 2154 prae-

1462 2155 1602 2185 dicatum
1624 2155 1795 2194 praedicari
1818 2166 1952 2196 semper,
1973 2157 2011 2187 de
2027 2167 2093 2198 quo
2111 2158 2317 2197 praedicatur,
2341 2159 2448 2199 simpli

1462 2199 1554 2237 citer,
1585 2200 1639 2230 sed
1663 2210 1729 2230 non
1753 2201 1929 2231 secundum
1958 2201 2115 2232 accidens:
2147 2202 2191 2233 sic
2219 2202 2303 2232 enim
2328 2203 2459 2234 demon-

1461 2243 1625 2275 strationes
1650 2245 1875 2276 demonstrant.

1394 2288 1501 2324 Quare
1524 2295 1631 2318 autem
1654 2288 1687 2318 in
1710 2290 1798 2329 quod
1821 2289 1899 2330 quid
1923 2296 1987 2328 est,
2014 2297 2069 2320 aut
2091 2290 2245 2331 quoniam
2269 2292 2381 2331 quale,
2405 2299 2460 2323 aut

1460 2339 1628 2374 quantum,
1653 2339 1707 2363 aut
1729 2333 1769 2363 ad
1792 2333 1922 2374 aliquid,
1939 2341 1993 2364 aut
2016 2334 2143 2372 faciens,
2159 2341 2215 2365 aut
2238 2335 2376 2375 patiens,
2405 2343 2460 2368 aut

1460 2378 1526 2416 ubi,
1546 2384 1601 2408 aut
1619 2377 1759 2418 quando,
1780 2388 1855 2408 cum
1874 2388 1976 2409 unum
1995 2379 2034 2408 de
2053 2389 2119 2409 uno
2138 2379 2376 2419 praedicabitur.

1392 2421 1541 2462 Amplius
1565 2421 1772 2452 substantiam
1791 2422 1921 2462 quidem
1939 2422 2154 2462 significantia,
2179 2424 2267 2463 quod
2290 2434 2362 2454 vere
2379 2424 2460 2455 illud

1461 2473 1516 2504 est,
1541 2473 1596 2496 aut
1614 2466 1703 2506 quod
1721 2476 1793 2496 vere
1811 2466 1891 2497 illud
1914 2466 2033 2507 aliquid
2052 2474 2108 2505 est,
2125 2467 2310 2507 significant,
2335 2469 2373 2498 de
2392 2479 2458 2509 quo

1459 2510 1692 2550 praedicantur:
1718 2520 1926 2551 quaecunque
1949 2521 2023 2541 vero
2048 2521 2114 2541 non
2137 2512 2343 2542 substantiam
2366 2513 2459 2553 signi-

1459 2554 1563 2594 ficant,
1580 2555 1634 2585 sed
1651 2555 1689 2585 de
1708 2555 1816 2596 aliquo
1832 2555 1973 2585 subiecto
1989 2554 2147 2594 dicuntur,
2164 2557 2253 2596 quod
2269 2566 2372 2597 neque
2386 2567 2457 2588 vere

1459 2600 1539 2630 illud
1562 2606 1625 2638 est,
1649 2609 1752 2640 neque
1777 2600 1866 2640 quod
1887 2609 1959 2629 vere
1982 2597 2062 2630 illud
2090 2600 2208 2640 aliquid
2232 2607 2292 2639 est,
2316 2600 2458 2631 acciden-

1458 2644 1501 2675 tia
1524 2650 1608 2682 sunt,

1393 2696 1429 2720 ut
1451 2689 1489 2719 de
1504 2688 1636 2718 homine
1657 2694 1703 2718 est
1717 2687 1836 2718 album.
1859 2688 1934 2718 Non
1950 2687 2036 2718 enim
2061 2694 2108 2718 est
2122 2687 2222 2718 homo
2246 2698 2349 2729 neque
2369 2690 2458 2729 quod

1458 2743 1530 2763 vere
1554 2733 1663 2763 album
1687 2739 1749 2771 est,
1778 2742 1882 2773 neque
1905 2733 1994 2772 quod
2016 2742 2088 2762 vere
2114 2732 2222 2762 album
2249 2732 2369 2773 aliquid
2392 2740 2456 2773 est3

1458 2778 1514 2807 sed
1531 2776 1647 2807 animal
1663 2776 1813 2807 forsitan:
1837 2777 1926 2817 quod
1949 2786 2020 2806 vere
2044 2776 2128 2806 enim
2152 2776 2268 2806 animal
2284 2783 2339 2815 est,
2356 2777 2456 2808 homo

1459 2829 1515 2852 est.
1533 2822 1752 2861 Quaecunque
1767 2831 1842 2851 vero
1858 2830 1923 2850 non
1940 2820 2145 2850 substantiam
2161 2820 2344 2860 significant,
2362 2831 2456 2860 opor-

1459 2872 1503 2896 tet
1519 2866 1556 2896 de
1573 2865 1715 2906 quodam
1739 2865 1880 2895 subiecto
1903 2864 2083 2904 praedicari,
2101 2870 2131 2894 et
2146 2874 2212 2894 non
2236 2874 2302 2894 esse
2325 2864 2455 2905 aliquod

1458 2910 1578 2947 album,
1598 2910 1687 2950 quod
1706 2919 1783 2947 non,
1803 2919 1877 2940 cum
1904 2909 2023 2949 aliquid
2042 2908 2174 2938 alterum
2193 2908 2242 2946 sit,
2262 2909 2371 2938 album
2399 2915 2454 2939 est.

1391 2954 1517 2995 Species
1537 2954 1622 2984 enim
1639 2954 1807 2993 gaudeant,
1827 2959 1968 2983 monstra
1986 2952 2071 2982 enim
2087 2959 2175 2990 sunt;
2194 2959 2225 2982 et
2240 2952 2265 2981 si
2286 2952 2357 2990 sint,
2377 2952 2456 2983 nihil

1458 2999 1498 3028 ad
1521 2998 1676 3028 rationem
1699 3005 1790 3029 sunt:
1822 2996 2139 3038 praemonstrationes
2168 2996 2253 3026 enirn
2280 2996 2319 3025 de
2346 2996 2454 3026 huius-

1458 3043 1547 3073 modi
1570 3049 1653 3073 sunt.

1392 3146 1546 3175 accidentis
1567 3147 1603 3174 de
1624 3146 1779 3181 accidente,
1795 3152 1837 3174 est
1853 3144 1964 3173 ratione
1985 3144 2046 3172 eius
2067 3144 2147 3180 quod
2161 3143 2308 3172 subiicitur
2327 3143 2452 3172 termino

1391 3186 1487 3222 posito
1509 3186 1539 3214 in
1560 3185 1698 3213 subiecto.
1714 3203 1733 3206 -
1749 3185 1774 3213 5.
1795 3185 1884 3213 Aliud
1909 3190 2123 3221 praenotamen.
2150 3184 2181 3211 In
2202 3184 2352 3219 probanda
2379 3183 2452 3211 thesi

1392 3226 1489 3262 quoad
1514 3225 1677 3261 praedicata
1701 3222 1873 3252 affirmativa
1899 3223 2110 3258 universaliter,
2132 3223 2303 3251 assumenda
2327 3229 2370 3251 est
2390 3223 2453 3251 sola

1391 3264 1566 3301 praedicatio
1592 3265 1622 3292 in
1642 3263 1726 3292 tertio
1754 3264 1861 3298 mod03
1882 3272 1987 3299 nempe
2012 3262 2186 3299 praedicatio
2214 3271 2288 3299 quae
2316 3269 2358 3290 est
2379 3262 2453 3290 sicut

1391 3304 1545 3332 accidentis
1564 3304 1599 3331 de
1614 3303 1751 3338 subiecto,
1773 3309 1801 3330 et
1822 3312 1896 3339 quae
1917 3303 1979 3330 sola
2000 3302 2175 3338 praedicatio
2190 3301 2361 3339 simpliciter
2381 3301 2452 3330 dici-

1390 3350 1475 3371 tur.-
1490 3345 1517 3371 6.
1537 3344 1747 3371 Praenotamen
1768 3342 1892 3370 tertium.
1914 3343 1957 3369 De
1979 3341 2138 3369 differentia
2157 3341 2187 3369 in
2207 3341 2376 3377 praedicatis
2393 3350 2452 3379 per

1390 3392 1438 3417 se,
1460 3392 1511 3410 seu
1531 3382 1702 3419 simpliciter
1709 3392 1719 3415 ,·
1739 3388 1767 3409 et
1787 3381 1881 3417 primo
1903 3382 1939 3408 de
1960 3380 2141 3408 distinctione
2161 3380 2393 3416 praedicatorum
2413 3381 2451 3409 ad

1389 3422 1509 3450 invicem
1533 3422 1691 3449 secundum
1712 3421 1823 3449 diversa
1843 3429 1956 3457 genera,
1978 3429 2029 3447 seu
2050 3419 2289 3456 praedicamenta.
2307 3437 2327 3441 -
2344 3429 2370 3456 7.
2393 3421 2450 3448 De-

1389 3462 1455 3489 inde
1477 3462 1513 3489 de
1533 3460 1692 3489 differentia
1712 3460 1786 3488 inter
1805 3459 1968 3496 praedicata
1989 3459 2185 3487 substantialia
2206 3466 2234 3487 et
2254 3459 2449 3488 accidentalia.

1388 3501 1437 3529 Illa
1458 3501 1534 3529 enim
1557 3506 1623 3528 sunt
1644 3499 1757 3537 quoties
1778 3499 1937 3527 subiectum
1958 3505 2008 3527 aut
2028 3508 2094 3527 curn
2115 3498 2184 3535 ipsis
2205 3498 2394 3534 convertitur,
2418 3505 2450 3527 ut

1388 3541 1418 3568 in
1439 3539 1664 3574 definitionibus,
1686 3546 1735 3567 aut
1750 3546 1792 3567 est
1805 3548 1871 3575 pars
1892 3537 2048 3566 subiectiva
2067 3537 2231 3574 praedicati.
2259 3538 2360 3574 Aliter,
2382 3545 2450 3567 sunt

1387 3579 1548 3616 praedicata
1567 3579 1759 3607 accidentalia.
1770 3595 1789 3600 -
1799 3579 1826 3606 8.
1842 3579 1921 3606 Haec
1941 3577 2100 3605 differentia
2114 3577 2274 3605 ostenditur
2287 3587 2338 3614 per
2352 3587 2449 3606 exem-

1386 3620 1443 3657 pla.
1454 3636 1474 3641 -
1483 3629 1510 3656 9.
1526 3619 1652 3647 Solvitur
1666 3618 1789 3647 obiectio
1811 3618 1899 3655 petita
1918 3627 1952 3646 ex
1973 3617 2044 3645 ideis
2058 3626 2109 3645 seu
2123 3617 2272 3654 speciebus
2285 3617 2446 3654 platonicis.
