2788 4204
58 730 72 740 ⁸
82 728 159 751 Codd.
173 740 182 744 -
193 735 218 750 r:
229 730 273 750 est.

61 942 71 951 ·
85 946 207 971 aeneo-ay.
217 951 228 956 —
245 947 272 962 ιη

57 967 186 1020 fflasslu
202 967 273 1020 codd.

56 1097 275 1122 ‘maxx-nomeu,-

55 1128 159 1173 3021ss
170 1150 227 1175 (exc.
237 1151 271 1175 al:

57 1255 120 1276 ἐι-ε
139 1256 237 1280 autentu
257 1259 272 1275 o

57 1307 68 1318 ⁶
75 1296 108 1330 m.
117 1312 165 1329 m
178 1307 271 1329 melu-

54 1333 131 1356 ὢν.

53 1412 270 1447 ‘Fit-vuum.

1115 267 1226 303 CAP.
1256 266 1344 314 XV,
1375 267 1525 304 LECT.
1555 267 1679 303 XXVI

304 344 408 381 nullo
442 343 683 392 praedicatur
711 356 864 392 eorum,
899 357 997 393 quae
1030 352 1117 381 sunt
1149 345 1187 382 in
1221 345 1368 382 coordi-

303 396 457 434 natione
472 397 502 432 B
519 397 551 432 E
568 397 616 442 F3
637 399 672 433 A
692 405 820 433 autem
841 397 886 434 sit
905 397 943 434 in
957 399 1000 445 P,
1018 398 1125 446 quasi
1139 398 1178 434 in
1198 398 1367 447 quodam

61 465 276 519 gggqffmg:
302 449 598 498 generalissimo,
616 450 722 498 quod
741 450 787 486 sit
804 450 1033 499 principium
1048 450 1069 470 ¹²
1089 451 1202 488 totius
1220 451 1368 500 primae

62 519 72 529 ⁶
81 517 156 540 Codd.
165 529 175 534 -
183 523 219 539 rx:
230 519 274 539 est.

304 502 616 548 coordinationis3
646 502 890 540 manifestum
919 510 975 540 est
994 503 1100 552 quod
1119 505 1149 540 B
1170 517 1248 540 non
1268 504 1336 540 erit
1349 505 1369 525 ’⁸

302 555 341 592 in
359 556 402 603 P,
419 555 509 604 quia
523 555 576 591 sic
592 555 910 603 coordinationes,
931 556 1028 593 idest
1045 557 1365 604 praedicamenta,

303 608 640 645 commutarentur.
676 608 854 646 Similiter
886 616 1014 646 autem
1044 617 1101 646 est
1133 610 1163 647 si
1191 611 1222 646 B
1256 610 1302 646 sit
1328 610 1366 647 in

302 661 472 710 quodam
491 668 585 708 tom,
604 668 647 698 ut
663 669 756 710 puta
774 661 813 699 in
832 663 884 708 E;
909 662 1153 700 manifestum
1183 670 1238 700 est
1261 663 1367 712 quod

301 716 336 750 A
364 726 444 750 non
472 714 541 751 erit
561 715 581 735 *
599 713 638 751 in
666 715 711 751 E.

356 768 391 804 8.
421 766 571 804 Deinde
605 779 693 804 cum
723 767 836 805 dicit:
869 769 913 805 Si
942 780 1031 805 vero
1065 774 1238 806 neutrum
1273 775 1363 815 etc.,

301 819 466 857 ostendit
493 821 692 869 quomodo
722 821 931 870 propositio
960 821 1136 869 negativa
1160 822 1207 859 sit
1230 822 1365 859 imme-

302 873 402 910 diata
431 873 560 911 dicens
589 874 711 922 quod,
739 875 774 911 si
797 880 970 911 neutrum
997 875 1045 911 sit
1071 875 1108 911 in
1129 880 1202 912 toto
1222 875 1364 923 aliquo,

301 926 458 973 scilicet,
487 939 613 976 neque
632 929 667 964 A
687 939 812 976 neque
836 928 884 972 133
915 935 951 964 et
974 934 1103 964 tamen
1121 929 1142 949 ’¹³
1160 930 1195 964 A
1218 940 1297 964 non
1321 926 1367 964 sit

301 978 340 1016 in
367 978 411 1026 B,
441 991 597 1017 necesse
627 987 683 1017 est
710 980 816 1029 quod
843 980 940 1017 haec
965 980 1011 1017 sit
1029 979 1262 1027 immediata,
1283 979 1364 1017 nul-

301 1031 379 1069 lum
406 1033 442 1069 Β
472 1038 528 1069 est
551 1033 598 1070 A.
635 1033 736 1080 Quia
769 1033 799 1070 si
832 1033 1065 1081 acciperetur
1097 1033 1252 1081 aliquod
1284 1045 1365 1069 me-

302 1084 408 1122 dium
442 1085 491 1122 ad
523 1086 825 1134 syllogizandum
859 1097 945 1123 eam
968 1086 1008 1133 *,
1036 1093 1228 1134 oporteret
1259 1085 1365 1134 quod

300 1138 494 1174 alterum*
511 1138 684 1187 ipsorum
718 1146 817 1175 esset
835 1139 873 1176 in
892 1138 1019 1187 aliquo
1043 1145 1144 1184 toto;
1174 1145 1366 1186 oporteret

301 1189 403 1226 enim
431 1191 694 1239 syllogismum
727 1191 810 1228 fieri
831 1197 864 1239 ’‘,
894 1198 959 1227 aut
986 1191 1024 1227 in
1051 1191 1182 1238 prima
1203 1192 1364 1240 figura,

299 1249 364 1279 aut
381 1242 420 1279 in
438 1243 614 1280 secunda.
641 1245 683 1289 In
711 1244 819 1281 tertia
847 1243 950 1281 enim
964 1243 985 1264 *¹
1002 1243 1126 1290 figura
1143 1255 1223 1280 non
1240 1250 1366 1292 potest

299 1295 476 1333 concludi
495 1298 515 1316 ⁴⁵
543 1295 768 1334 universalis
800 1296 996 1344 negativa,
1027 1296 1180 1344 qualem
1215 1303 1366 1345 oportet

299 1349 700 1399 essepropositionem
719 1349 994 1387 immediatam.
1017 1348 1057 1385 Si
1077 1349 1233 1397 quidem
1253 1349 1364 1397 syllo-

297 1401 441 1449 gismus
465 1402 508 1439 fit
535 1402 573 1439 in
595 1403 725 1451 prima
753 1403 876 1450 figura
889 1403 920 1449 *,
947 1409 1097 1450 oportet
1126 1402 1231 1450 quod
1259 1403 1289 1438 B
1319 1402 1365 1438 sit

295 1454 336 1491 in
355 1455 527 1504 quodam
555 1462 649 1503 toto,
677 1455 766 1504 quia
789 1456 820 1492 B
850 1462 907 1492 est
929 1455 1055 1492 minor
1077 1455 1306 1502 extremitas,
1328 1462 1365 1491 et

294 1635 391 1666 dotus,
410 1631 533 1659 nonnulla
550 1634 707 1659 omittendo:
733 1641 800 1666 quae
818 1639 905 1658 tamen
924 1633 1020 1664 aliena,
1040 1633 1087 1657 sed
1107 1633 1186 1658 veteri
1204 1640 1284 1657 manu
1302 1640 1365 1665 sup-

295 1669 400 1704 plentur
417 1670 512 1702 partim
529 1669 556 1694 in
573 1674 652 1700 textu,
671 1669 764 1702 partim
782 1669 808 1693 in
827 1674 888 1694 nota
909 1668 1051 1701 marginali.

349 1705 374 1738 κ)
390 1704 533 1738 Oporteret
545 1705 615 1730 enim
630 1710 678 1730 etc.
687 1717 706 1724 ·-
715 1704 797 1729 Codd.
807 1719 827 1724 -
836 1704 871 1729 P:
887 1704 912 1729 in
927 1704 1018 1736 aliquo
1033 1707 1097 1732 toto,
1108 1703 1182 1728 etsie
1195 1703 1275 1728 etiam
1285 1710 1364 1736 opor-

295 1742 365 1766 teret
375 1740 442 1773 fleri
459 1740 557 1773 ffllog.
571 1740 759 1773 Adoptavimus
778 1740 916 1764 lectionem
935 1739 1009 1764 codd.
1015 1747 1023 1770 ;
1043 1739 1188 1771 assignatur
1203 1739 1271 1763 enim
1290 1739 1363 1768 ratio,

294 1775 330 1801 ob
349 1783 430 1809 quam
447 1776 558 1800 alterum
581 1780 757 1800 extremorum
781 1780 913 1807 oporteret
937 1781 996 1799 esse
1015 1775 1041 1799 in
1059 1774 1146 1806 aliquo
1164 1778 1234 1804 toto,
1260 1774 1282 1798 si
1301 1773 1364 1798 haec

295 1811 438 1844 propositio
457 1811 586 1843 negativa,
605 1811 707 1835 nullum
722 1810 747 1835 B
759 1813 798 1835 est
816 1811 855 1839 A,
875 1814 946 1835 esset
964 1809 1219 1834 mediata.—AG1N:
1244 1812 1349 1841 oportet
1355 1817 1365 1839 ‚-

294 1846 330 1872 u<
347 1854 402 1871 om.
421 1847 535 1879 primum
553 1849 610 1871 aut.

347 1880 376 1914 λ)
392 1882 495 1915 Figura
508 1888 547 1906 ex
560 1881 658 1906 maiori
670 1880 835 1914 affirmativa
849 1881 965 1905 etc.—-B:
973 1880 1068 1913 figura
1082 1879 1180 1904 maiori
1192 1879 1365 1904 extremitate

294 1917 459 1951 affirmativa
473 1918 499 1941 et
513 1915 612 1941 minori
625 1915 750 1949 negativa
755 1923 764 1946 ,·
779 1915 850 1940 GIN:
859 1915 962 1949 figura,
976 1915 1001 1940 si
1015 1915 1103 1940 minor
1117 1915 1152 1939 sit
1171 1914 1305 1948 negativa.
1320 1915 1364 1939 Di-

293 1952 395 1978 mhum
411 1956 452 1976 est
469 1950 534 1976 haec
550 1951 642 1976 ultima
659 1951 749 1980 lectio,
769 1951 816 1975 sed
835 1958 887 1975 non
906 1950 983 1975 falsa:
1007 1950 1154 1983 syllogismi
1173 1950 1242 1974 enim
1266 1950 1364 1982 primae

293 1985 392 2020 figurae
410 1987 543 2020 postulant
560 1987 689 2012 minorem
709 1985 888 2011 affirmativam
903 1985 959 2018 (Cf.
974 1986 1033 2010 lect.
1047 1993 1102 2016 vm,
1117 1990 1172 2010 not.
1186 1985 1226 2018 ρ).
1244 1985 1272 2010 1n
1286 1986 1363 2010 cod.1

294 2023 354 2049 add.
372 2029 463 2055 marg„
481 2025 508 2047 et
526 2022 614 2047 maior
632 2022 772 2055 negativa5
792 2029 859 2054 quae
878 2021 974 2046 additio
987 2021 1013 2045 in
1032 2028 1061 2046 se
1080 2021 1145 2045 falsa
1166 2025 1218 2045 est:
1237 2021 1263 2045 in
1281 2021 1364 2053 prima

293 2059 364 2083 enim
377 2056 461 2090 figura
472 2062 542 2082 recte
560 2057 721 2082 concluditur
740 2065 771 2082 ex
790 2057 888 2082 maiori
906 2057 1037 2089 negativa,
1057 2056 1200 2081 dummodo
1214 2057 1247 2081 sit
1261 2057 1363 2081 univer-

293 2093 370 2124 salis,
389 2098 415 2118 et
435 2093 523 2118 minor
541 2093 575 2117 sit
593 2091 744 2118 affirmativa
762 2092 816 2125 (Cf.
835 2092 860 2117 ib
867 2092 914 2125 ).-
927 2092 966 2116 De
984 2091 1024 2116 his
1044 2099 1111 2124 quae
1134 2091 1160 2115 in
1179 2091 1230 2116 hoc
1253 2099 1363 2116 numero

292 2128 457 2154 disseruntur
475 2128 562 2161 quoad
579 2127 675 2161 figuras
694 2127 725 2153 cf.
740 2133 794 2152 not.
814 2128 847 2152 cit
864 2128 924 2152 lect.
941 2134 997 2152 vm.

367 2164 377 2196 )
398 2164 444 2189 Sic
462 2164 547 2197 igitur
560 2166 638 2195 patet
656 2164 779 2188 etc.--Ex
798 2163 838 2188 his
863 2170 930 2195 quae
953 2163 979 2187 in
1003 2162 1054 2187 hoc
1078 2169 1188 2187 numero
1211 2167 1238 2186 et
1262 2162 1288 2186 in
1312 2161 1363 2186 fine

294 2207 320 2224 n.
340 2172 367 2223 ἕ
376 2199 452 2224 docet
469 2207 492 2224 s.
506 2199 623 2224 Thomas
646 2199 771 2230 discimus
795 2198 1000 2231 propositionem
1023 2198 1168 2231 negativam
1188 2198 1363 2222 immediatam

294 2242 326 2260 ex
344 2234 438 2267 duplici
459 2235 541 2267 capite
560 2235 708 2267 contingere
726 2241 821 2266 posse,
842 2234 883 2258 vel
904 2234 1001 2258 scilicet
1015 2233 1120 2266 quando
1140 2237 1262 2258 neutrum
1281 2238 1363 2257 extre·

2412 269 2485 314 245

1423 345 1461 382 in
1474 345 1603 393 prima
1613 347 1751 395 figura
1771 353 1921 393 oportet
1940 358 2093 394 semper
2112 346 2296 382 minorem
2311 346 2484 394 proposi-

1422 398 1566 435 tionem
1587 398 1607 419 *
1636 411 1719 435 esse
1743 398 2024 435 affirmativam.
2056 399 2148 435 Non
2177 398 2279 434 enim
2303 399 2346 435 fit
2373 399 2484 446 syllo-

1421 450 1565 498 gismus
1592 450 1631 487 in
1659 450 1783 499 prima
1811 451 1932 499 figura
1961 464 2006 488 ex
2034 451 2169 487 maiori
2202 451 2430 488 affirmativa
2450 459 2486 488 et

1422 503 1561 540 minori
1580 504 1755 552 negativa
1769 502 1793 541 λ.
1816 504 1894 541 Sed
1917 504 1947 541 si
1976 503 2216 552 syllogismus
2241 504 2310 540 erit
2336 504 2375 540 in
2403 517 2482 540 me-

1423 556 1484 592 dia
1511 557 1653 604 figura,
1687 557 1870 606 contingit
1899 558 2164 606 quodcunque,
2194 556 2292 594 idest
2310 558 2330 576 ⁴⁵
2358 558 2420 593 vel
2449 559 2483 593 A

1420 610 1483 645 vel
1507 610 1550 655 B,
1568 621 1650 646 esse
1669 609 1708 646 in
1726 617 1806 646 toto
1827 610 2014 658 quodam3
2045 610 2134 658 quia
2154 609 2192 646 in
2211 610 2335 647 media
2362 609 2484 657 figura

1419 669 1546 710 potest
1577 674 1661 698 esse
1693 662 1869 710 negativa
1906 670 1983 700 tam
2011 663 2136 711 prima
2163 675 2280 711 quam
2315 663 2483 699 secunda

1409 714 1642 763 propositio.
1664 715 1875 764 Nunquam
1894 723 2023 752 tamen
2041 723 2167 764 potest
2186 728 2281 762 esse,
2298 727 2424 764 neque
2443 715 2482 752 in

1419 767 1544 815 prima
1563 780 1688 816 neque
1707 768 1746 804 in
1765 769 1944 814 secunda,
1962 776 2122 817 utraque
2141 768 2350 817 propositio
2370 780 2483 815 nega-

1419 820 1508 856 tiva.
1539 821 1588 857 Et
1614 820 1702 857 ideo
1732 828 1882 869 oportet
1909 823 2025 869 quod,
2042 822 2158 858 altera
2183 822 2364 858 existente
2384 821 2482 858 affir-

1420 873 1573 919 mativa,
1594 874 1755 909 alterum
1781 881 2039 910 extremorum
2068 874 2113 910 sit
2136 874 2175 910 in
2194 875 2363 923 quodam
2389 882 2480 911 toto,

1421 925 1484 962 Sic
1507 925 1617 973 igitur
1642 933 1746 974 patet
1769 926 1874 974 quod
1893 926 2104 974 propositio
2133 927 2309 974 negativa
2337 934 2393 964 est
2411 927 2481 964 im-

1420 978 1596 1024 mediata,
1614 978 1769 1027 quando
1786 985 1964 1015 neutrum
1984 979 2235 1016 terminorum
2255 987 2311 1016 est
2328 979 2367 1016 in
2387 992 2480 1028 quo-

1421 1030 1510 1067 dam
1529 1037 1609 1067 toto
1620 1037 1650 1067 μ.
1662 1051 1686 1058 -
1698 1031 1790 1068 Non
1805 1038 1934 1067 autem
1952 1039 2078 1079 potest
2092 1032 2165 1068 dici
2185 1033 2290 1081 quod
2305 1033 2481 1081 quamvis

1419 1090 1597 1120 neutrum
1626 1083 1672 1120 sit
1698 1083 1737 1119 in
1766 1084 1936 1131 quodam
1955 1091 2047 1130 toto,
2067 1092 2192 1132 potest
2210 1092 2339 1122 tamen
2363 1086 2481 1134 accipi

1418 1135 1592 1172 medium
1621 1135 1677 1172 ad'
1697 1136 1820 1184 ipsam
1850 1136 2171 1183 concludendam',
2202 1138 2340 1174 scilicet
2367 1138 2400 1175 si
2420 1151 2479 1174 ac-

1419 1188 1578 1236 cipiatur
1611 1188 1784 1225 medium
1815 1189 2080 1226 convertibile:
2110 1190 2198 1238 quia
2232 1198 2381 1239 oportet
2409 1192 2480 1228 tale

1418 1241 1591 1278 medium
1612 1253 1695 1278 esse
1715 1242 1820 1290 quod
1840 1242 1885 1278 sit
1912 1242 2016 1290 prius
2041 1250 2078 1279 et
2100 1243 2246 1289 notius;
2277 1251 2314 1280 et
2331 1244 2406 1280 hoc
2426 1250 2483 1280 est

1418 1294 1480 1331 vel
1500 1306 1619 1342 genus
1637 1295 1699 1331 vel
1721 1294 1901 1341 definitio,
1923 1308 2021 1344 quae
2041 1308 2119 1332 non
2139 1304 2195 1333 est
2213 1296 2293 1332 sine
2312 1308 2461 1344 genere.

1471 1347 1621 1384 Deinde
1651 1360 1739 1384 cum
1767 1347 1872 1384 dicit:
1905 1349 2145 1397 mang'festum
2174 1349 2291 1398 igitur
2317 1355 2372 1385 est
2398 1357 2479 1395 etc.,

1419 1400 1684 1437 concludendo
1719 1401 1882 1449 epilogat
1911 1402 2016 1450 quod
2041 1401 2183 1438 dictum
2208 1409 2273 1438 est.
2305 1402 2353 1438 Et
2377 1401 2481 1438 litera

1417 1454 1531 1502 plana
1559 1461 1615 1490 est
1644 1465 1690 1490 ex
1719 1453 1825 1491 dictis
1844 1459 1867 1490 ⁹.
2118 1458 2121 1460 ’

1418 1640 1523 1658 morum
1541 1638 1582 1658 est
1599 1633 1625 1657 in
1639 1633 1754 1665 quodam
1772 1638 1835 1664 toto,
1854 1632 1903 1658 hoc
1922 1638 1962 1657 est
1980 1634 2005 1657 in
2024 1633 2111 1666 aliquo
2129 1633 2267 1658 universali
2281 1641 2383 1666 genere,
2398 1639 2426 1658 ut
2445 1634 2482 1658 di-

1418 1668 1484 1693 citur
1496 1669 1522 1693 in
1540 1669 1669 1701 praesenti
1687 1676 1805 1699 numero,
1818 1669 1860 1693 vel
1875 1669 1979 1700 quando
1993 1674 2133 1701 utrumque
2147 1674 2320 1693 extremorum
2340 1674 2380 1693 est
2397 1669 2423 1693 in
2438 1676 2482 1693 eo-

1418 1704 1479 1728 dem
1497 1709 1561 1734 toto,
1577 1709 1605 1728 ut
1623 1704 1714 1728 dicitur
1732 1704 1758 1728 in
1776 1702 1827 1728 fine
1841 1711 1912 1728 num.
1927 1702 1951 1734 6,
1969 1705 2058 1736 positis
2078 1704 2216 1736 exemplis:
2232 1704 2333 1728 nullum
2348 1704 2482 1728 rationale

1417 1741 1457 1764 est
1477 1739 1649 1769 irrationa1e;
1673 1739 1774 1763 »tullum
1794 1739 1864 1770 bipes
1887 1742 1926 1763 est
1945 1739 2105 1771 quadrupes.
2128 1739 2198 1764 Tum
2222 1739 2291 1764 enim
2313 1739 2437 1763 rationale
2456 1745 2481 1763 et

1417 1774 1571 1804 irrationale,
1585 1779 1642 1798 tum
1655 1774 1729 1806 bipes
1744 1779 1769 1798 et
1787 1775 1935 1806 quadrupes
1950 1780 2011 1799 sunt
2025 1775 2051 1799 in
2070 1774 2163 1798 eodem
2177 1782 2279 1806 genere,
2297 1774 2367 1806 quod
2387 1775 2480 1799 animal

1418 1814 1458 1834 est
1478 1806 1528 1847 (Cf.
1542 1809 1654 1834 Caietan.
1674 1810 1699 1833 in
1718 1809 1727 1833 1
1746 1809 1857 1837 Foster„
1877 1817 1931 1841 cap.
1945 1817 1999 1839 x1V,
2015 1809 2031 1842 ἓ
2053 1810 2131 1834 Circa
2150 1810 2257 1834 tentiam
2278 1809 2480 1838 conclusionem,

1417 1844 1462 1869 fol.
1477 1846 1520 1875 oo,
1535 1845 1584 1869 col.
1598 1852 1623 1876 4.
1637 1845 1685 1869 Ed.
1701 1844 1947 1877 city-immediate
1962 1845 2026 1869 infra
2040 1844 2116 1877 (Non
2136 1847 2224 1869 autem
2239 1841 2307 1878 etc.),
2325 1845 2399 1869 codd.
2414 1844 2481 1868 ΑΒΕ

1417 1879 1587 1905 DHKLNOT
1601 1885 1627 1904 et
1641 1887 1708 1904 s.m.
1723 1880 1754 1904 S:
1773 1880 1844 1912 quod
1862 1880 1913 1904 etsi
1931 1883 2053 1904 neutrum
2073 1885 2134 1911 etc.;
2154 1879 2237 1909 EIQR
2257 1885 2283 1904 et
2302 1887 2327 1912 p.
2338 1887 2374 1904 m.
2384 1880 2410 1910 S,
2429 1887 2482 1904 non

1417 1920 1499 1940 recte:
1519 1915 1591 1947 quod
1607 1915 1632 1940 si
1655 1918 1776 1940 neutrum
1782 1923 1791 1945 ,·
1810 1915 1834 1939 G
1853 1923 1905 1939 non
1923 1915 2003 1939 bene:
2023 1915 2077 1940 dici
2095 1915 2166 1947 quod
2184 1918 2224 1940 est
2248 1918 2371 1940 neutrum
2397 1915 2435 1940 sic
2454 1915 2479 1939 in

1417 1950 1532 1982 quodam
1557 1955 1619 1981 etc.;
1643 1951 1669 1974 Μ
1687 1950 1721 1975 ob
1746 1957 1881 1975 recursum
1906 1950 2058 1975 eorumdem
2080 1950 2268 1975 vocabulorum
2290 1950 2395 1980 omittit,
2419 1950 2479 1974 Non

1417 1988 1505 2010 autem
1525 1990 1582 2016 etc.,
1595 1993 1681 2018 usque
1699 1986 1731 2010 ad
1745 1986 1771 2010 in
1786 1985 1900 2018 quodam
1915 1988 1971 2010 toto
1985 1986 2117 2010 inclusive.
2126 2000 2145 2004 -
2155 1986 2252 2010 Deinde
2265 1986 2381 2010 codices:
2393 1988 2482 2017 potest

1416 2021 1503 2052 accipi
1518 2019 1588 2057 (om.
1603 2017 1707 2055 tamen)
1725 2021 1762 2045 ad
1781 2021 1864 2052 ipsam
1879 2021 2095 2050 concludendam,
2111 2021 2206 2045 scilicet
2219 2021 2421 2053 propositionem
2436 2028 2480 2044 ne-

1417 2057 1528 2088 gativam
1546 2056 1730 2086 immediatam,
1750 2056 1782 2080 de
1795 2064 1847 2088 qua
1860 2061 1901 2080 est
1915 2064 2010 2080 sermo.
2031 2056 2089 2086 Qua
2102 2056 2134 2080 de
2148 2063 2226 2080 causa
2244 2056 2396 2088 adoptamus
2415 2055 2481 2080 hanc

1417 2092 1562 2121 lectionem,
1579 2092 1640 2124 quia
1657 2092 1724 2116 tollit
1742 2092 1980 2124 aequivocationem
1994 2091 2108 2116 lectionis
2122 2091 2158 2115 P:
2173 2091 2210 2116 ad
2224 2091 2309 2123 ipsum
2324 2091 2481 2116 concluden-

1417 2126 1496 2151 dum:
1516 2127 1601 2158 ipsum
1621 2127 1689 2151 enim
1708 2132 1798 2159 posset
1816 2126 1904 2151 referri
1924 2127 1955 2151 ad
1975 2126 2103 2156 medium,
2128 2131 2217 2151 contra
2234 2131 2349 2151 mentem
2372 2134 2394 2151 s.
2409 2126 2480 2150 Tho-

1417 2170 1484 2187 mae.
1504 2163 1656 2186 Retinemus
1676 2165 1763 2187 tamen
1784 2162 1812 2187 P.

1470 2198 1494 2229 ν)
1513 2198 1551 2222 Et
1569 2198 1647 2222 litera
1666 2198 1784 2222 etc.—B:
1809 2198 1844 2221 Et
1858 2197 1937 2222 litera
1951 2200 2029 2229 patet
2053 2204 2090 2222 ex
2108 2197 2200 2227 dictis5
2219 2197 2267 2221 GI:
2286 2197 2358 2229 quod
2380 2197 2479 2222 dictum

1417 2236 1457 2258 est
1475 2240 1512 2258 ex
1530 2233 1623 2262 dictis5
1641 2233 1686 2257 EN
1705 2240 1758 2258 om.
1771 2236 1823 2262 est5
1842 2233 1865 2257 H
1881 2240 1934 2257 om.
1953 2239 1990 2257 ex
2009 2232 2095 2257 dictis.

2514 406 2630 434 ‘Pr0pos.
2649 413 2696 429 om.
2712 413 2728 429 ι,

2511 568 2522 578 ⁸
2530 567 2593 589 Ides!
2603 575 2630 590 cx
2640 569 2709 591 codd.
