2548 4192
247 287 352 314 CCVIII

300 505 315 520 «
339 492 391 522 Ad
417 492 453 522 3:
474 490 645 521 dicendum
675 489 763 529 quod

250 536 333 567 ratio
368 535 427 566 ista
463 545 529 565 non
560 541 606 564 est
638 532 762 570 efficax,

253 580 398 622 quamvis
422 589 477 619 per
500 588 570 609 eam
593 577 764 607 Anselmus

253 632 361 655 motus
384 623 479 653 fuisse
502 622 654 659 videatur,
675 627 710 651 ut
726 630 762 650 ex

255 669 321 700 eius
331 667 432 698 verbis
442 672 580 707 apparet.
591 666 666 695 Non
677 664 762 694 enim

255 713 298 743 sic
321 722 376 752 per
399 717 563 751 peccatum
586 708 680 749 primi
704 709 762 738 ho-

253 756 347 787 minis
371 755 437 785 eius
461 753 578 794 posteri
599 753 763 784 necessita-

252 808 319 831 tem
342 799 491 840 peccandi
522 798 706 837 incurrunt,
730 804 766 828 ut

254 845 293 875 ad
316 843 468 874 iustitiam
486 842 585 873 redire
603 852 670 872 non
689 852 764 882 pos-

254 889 331 919 sint:
351 888 439 928 quod
459 893 505 918 est
521 893 646 917 tantum
659 887 693 917 in
712 887 764 917 da-

253 932 378 963 mnatis.
404 932 496 963 Unde
519 941 577 962 nec
600 931 643 962 ita
659 941 764 962 neces-

253 977 376 1008 sitatem
399 986 466 1007 non
490 976 649 1017 peccandi·
665 983 765 1007 trans-

253 1021 388 1052 misisset
416 1021 456 1051 ad
487 1027 651 1061 posteros,
676 1021 765 1062 quod

253 1065 387 1096 omnino
425 1075 553 1106 peccare
591 1075 657 1095 non
691 1076 765 1106 pos-

253 1117 341 1141 sent:
373 1110 463 1151 quod
491 1116 538 1141 est
575 1116 700 1140 tanturn
733 1110 765 1140 in

253 1154 393 1186 Beatis.»

301 1879 315 1894 «
335 1866 387 1897 Ad
409 1874 450 1906 4:
479 1865 650 1898 dicendum
677 1865 766 1907 quod

253 1921 319 1942 non
344 1917 390 1942 est
413 1911 514 1942 simile
533 1911 572 1941 de
588 1910 720 1941 homine
736 1917 766 1941 et

253 1955 388 1996 Angelo.
421 1957 505 1987 Nam
537 1955 638 1986 homo
672 1955 767 1986 habet

253 2001 388 2031 liberum
401 2000 564 2031 arbitrium
573 2000 725 2038 vertibile,
735 2006 766 2030 et

254 2052 326 2076 ante
349 2045 537 2076 electionem
551 2052 582 2076 et
595 2051 682 2085 post:
698 2055 765 2075 non

253 2097 361 2120 autem
384 2089 526 2130 Angelus
534 2112 542 2127 ‚
567 2089 648 2120 sicut
659 2092 766 2130 'supra

253 2134 374 2165 dictum
397 2141 444 2165 est
462 2132 531 2177 (qu.
550 2144 631 2172 Lxxv,
654 2140 710 2164 art.
728 2133 763 2177 ιι)

254 2188 328 2209 cum
352 2178 390 2208 de
409 2178 539 2219 Angelis
563 2184 714 2219 ageretur.
726 2192 740 2207 »

977 271 1435 312 DISSERTATIONES
1466 273 1713 310 CRlTICAE

809 355 1023 404 possibilitate.
1039 353 1207 394 peccandi,
1231 351 1321 392 quod

808 401 932 430 videtur
946 398 1058 429 sentire
1070 398 1168 436 Hugo
1184 397 1222 426 de
1239 407 1263 426 s.
1267 395 1320 427 Vi-

811 451 905 475 ctore.
917 456 932 470 »

853 487 950 527 Apud
965 486 1152 516 Halensem:
1180 498 1194 512 «
1208 484 1322 515 Dicen-

811 532 899 569 dum,
911 530 1000 571 quod
1018 529 1236 560 necessitatem
1250 539 1322 569 pec-

810 575 900 606 candi
918 574 1085 614 dupliciter
1104 580 1208 614 potest
1231 573 1322 604 intel-

808 620 862 660 ligi
887 619 999 660 aliquis
1020 619 1151 657 habere,
1177 625 1231 648 aut
1248 618 1323 659 quia

808 673 933 694 necesse
953 663 1047 693 habet
1066 663 1243 694 secundum
1263 669 1322 692 sta-

809 715 889 746 tum,
914 708 947 738 in
971 718 1037 748 quo
1062 714 1119 746 est,
1139 707 1172 737 in
1191 706 1324 747 aliquod

809 759 976 793 peccatum
998 752 1150 790 incidere;
1175 757 1230 782 aut
1248 751 1324 792 quia

811 807 937 828 necesse
953 797 1047 827 habet
1061 796 1093 826 in
1109 802 1238 837 peccato
1254 805 1322 836 per-

810 852 948 872 manere.
963 841 1070 872 Primo
1082 841 1213 882 quidem
1223 840 1323 870 modo

811 886 964 927 reperitur
994 886 1160 916 necessitas
1183 885 1217 915 in
1241 891 1323 915 statu

811 938 940 962 naturae
978 931 1136 961 humanae
1175 936 1249 970 post
1280 929 1323 959 la-

811 983 924 1016 psum:
957 976 1012 1006 sed
1031 975 1171 1006 secundo
1204 974 1323 1011 modo,

810 1021 843 1051 in
868 1027 949 1051 statu
969 1020 1078 1050 ruinae
1094 1019 1273 1059 Angelicae.
1290 1017 1323 1049 Si

812 1065 882 1106 quis
894 1075 968 1105 ergo
984 1071 1068 1095 recto
1079 1064 1239 1095 intellectu
1250 1063 1325 1093 velit

812 1120 952 1150 arguere,
969 1120 1006 1139 ex
1024 1109 1086 1139 hoc
1101 1119 1167 1139 non
1182 1107 1323 1146 habebit,

812 1155 902 1196 quod
927 1154 1032 1184 Adam
1062 1153 1087 1183 si
1116 1153 1323 1190 obedivisset,

812 1198 1030 1230 necessitatem
1064 1197 1224 1228 habuisset
1256 1206 1324 1237 per-

812 1243 961 1274 manendi
980 1243 1013 1273 in
1032 1242 1160 1280 iustitia,
1177 1242 1258 1272 sicut
1272 1241 1325 1271 ha-

812 1289 888 1319 bent
902 1287 1016 1328 Angeli
1032 1287 1088 1328 qui
1105 1297 1171 1317 non
1191 1292 1326 1327 possunt

812 1332 889 1363 labi:
906 1333 960 1362 sed
979 1332 1068 1372 quod
1088 1338 1170 1362 statu
1186 1331 1242 1361 illo
1259 1340 1324 1360 ma-

812 1383 922 1415 nente,
946 1386 1072 1407 necesse
1096 1382 1193 1414 esset,
1218 1384 1323 1415 ipsum

812 1421 843 1451 in
868 1421 999 1462 aliquod
1032 1430 1115 1460 opus
1145 1420 1270 1450 bonum
1295 1425 1326 1449 et

812 1465 969 1496 laudabile
998 1464 1090 1495 exire.
1116 1465 1157 1495 Et
1179 1464 1241 1494 hoc
1264 1463 1324 1494 uti-

811 1520 874 1551 que
896 1519 1009 1540 verum
1040 1515 1105 1547 est,
1136 1508 1211 1549 quia
1244 1508 1325 1538 sicut

812 1561 910 1585 status
933 1560 1062 1584 naturae
1083 1559 1249 1593 corruptae
1265 1562 1324 1592 po-

811 1599 857 1629 nit
880 1598 1019 1629 defectus
1051 1604 1082 1628 et
1112 1596 1325 1628 deordinatio-

810 1650 880 1674 nes:
905 1643 949 1674 sic
969 1649 1067 1674 status
1086 1642 1138 1672 ille
1155 1641 1326 1683 requireret

812 1694 910 1719 rectas
934 1694 965 1719 et
986 1687 1145 1718 ordinatas
1169 1685 1325 1727 operatio-

813 1743 868 1764 nes
908 1739 938 1763 et
975 1731 1205 1772 cogitationes;
1243 1740 1324 1761 nun-

813 1787 911 1819 quam
945 1777 1031 1807 enim
1060 1776 1161 1806 homo
1185 1775 1218 1806 in
1242 1782 1324 1806 statu

813 1821 1012 1853 innocentiae
1036 1821 1158 1852 otiosus
1182 1820 1322 1851 fuisset.»

856 1867 954 1907 Apud
992 1866 1185 1896 Halensem:
1232 1877 1247 1892 α
1274 1864 1326 1895 Ad

811 1911 901 1950 illud,
921 1911 1011 1952 quod
1034 1910 1181 1940 obiicitur
1204 1909 1242 1939 de
1259 1911 1324 1939 An-

811 1956 889 1997 gelis
929 1962 986 1986 etc.
1023 1955 1194 1985 dicendum
1235 1954 1325 1994 quod

811 2011 877 2031 non
904 2007 950 2031 est
969 1999 1085 2030 simile:
1111 2006 1142 2030 et
1157 1998 1219 2029 hoc
1234 1997 1324 2028 diffu-

812 2046 876 2076 sius
891 2045 985 2075 habet
1007 2043 1163 2084 explicari,
1175 2053 1249 2074 cum
1260 2043 1323 2083 agi-

811 2097 863 2121 tur
881 2090 920 2120 de
944 2088 1229 2119 irremediabilitate
1252 2097 1323 2128 pec-

811 2134 870 2166 cati
894 2133 1049 2174 Angelici.
1074 2133 1136 2164 Sed
1158 2142 1243 2163 nunc
1260 2131 1323 2163 suf-

812 2178 877 2209 ficit
909 2185 1034 2209 tantum
1068 2177 1204 2215 dixisse,
1236 2177 1325 2218 quod

812 2223 932 2254 ratione
956 2222 1139 2260 nobilitatis,
1157 2228 1187 2252 et
1203 2221 1324 2262 simpli-

812 2267 932 2305 citatis,
962 2274 993 2297 et
1015 2266 1266 2307 incorporeitatis
1290 2276 1325 2296 ac

813 2311 1033 2342 deiformitatis
1052 2318 1181 2342 naturae
1198 2310 1325 2351 Angeli-

814 2366 885 2395 cae,
918 2365 999 2397 quae
1032 2355 1160 2386 nullum
1191 2355 1327 2386 habebat

813 2401 989 2439 retardans,
1022 2407 1053 2431 et
1075 2400 1197 2431 ratione
1227 2406 1326 2431 status

812 2445 953 2476 merendi
978 2451 1052 2476 sunt
1075 2444 1221 2486 praefixi,
1245 2445 1327 2475 sicut

811 2490 927 2521 volunt
940 2490 1156 2520 Damascenus
1175 2495 1206 2520 et
1214 2491 1325 2530 Augu-

813 2534 935 2565 stinus:
974 2534 1115 2574 Angelus
1148 2534 1254 2565 statim
1292 2534 1325 2564 in

814 2579 918 2619 primo
950 2578 1099 2609 conflictu
1128 2578 1189 2609 fuit
1211 2578 1324 2609 confir-

814 2629 919 2653 matus
942 2622 975 2653 in
998 2623 1086 2653 bono
1112 2623 1162 2653 vel
1186 2622 1324 2653 obstina—

813 2674 865 2698 tus
897 2667 930 2697 in
963 2667 1059 2698 malo.
1094 2668 1205 2698 Homo
1227 2676 1324 2705 vero,

813 2711 889 2753 quia
921 2718 986 2742 erat
1015 2711 1141 2742 alterius
1170 2711 1325 2742 conditio-

813 2756 872 2794 nis,
888 2755 968 2787 sicut
982 2765 1038 2796 per
1054 2755 1245 2786 demeritum
1259 2765 1325 2786 non

813 2800 874 2832 fuit
881 2800 913 2831 in
921 2800 1008 2830 malo
1018 2799 1205 2838 obstinatus,
1214 2809 1325 2830 secun-

815 2845 894 2876 dum
917 2844 1007 2886 quod
1030 2851 1125 2885 patet,
1149 2844 1255 2875 necin
1280 2854 1324 2883 se,

812 2899 870 2920 nec
889 2889 921 2919 in
945 2889 1094 2930 posteris:
1119 2888 1164 2920 sic
1179 2898 1246 2919 non
1265 2888 1326 2919 fuit

813 2934 845 2964 in
878 2934 966 2964 bono
1000 2932 1215 2964 confirmatus.
1249 2933 1325 2964 Ideo

815 2988 881 3009 non
915 2977 1058 3019 oportuit
1095 2978 1202 3018 ipsum
1236 2977 1324 3008 iusti-

813 3023 891 3054 tiam
901 3021 1120 3054 confirmatam
1131 3022 1164 3053 in
1180 3028 1324 3063 posteros

810 3067 1024 3099 transfudisse.
1039 3079 1054 3094 »

322 3155 371 3186 En
396 3155 560 3197 utriusque
584 3156 704 3188 articuli
721 3156 905 3197 diligentem
919 3155 1134 3194 collationem,
1154 3165 1253 3197 quam
1268 3155 1325 3186 tibi

255 3199 344 3238 sisto,
367 3200 466 3231 lector
489 3200 727 3232 humanissime.
751 3201 933 3232 Articulum
960 3200 1108 3231 Thomae
1131 3210 1168 3231 ex
1191 3199 1324 3231 articulo

255 3244 424 3276 Alexandri
448 3245 632 3285 decerptum
656 3246 819 3277 contendit
842 3246 977 3276 Ioannes
1000 3245 1039 3275 de
1058 3245 1087 3275 la
1102 3245 1204 3286 Haye,
1219 3245 1326 3286 quoad

255 3298 395 3327 sensum,
419 3289 526 3330 quoad
547 3289 758 3321 substantiam
777 3295 807 3321 et
821 3290 1007 3331 aliqualiter
1021 3289 1128 3331 quoad
1143 3289 1251 3327 verba,
1266 3294 1325 3320 aut

256 3343 319 3364 non
344 3333 438 3364 valde
459 3334 638 3365 dissimilia.
662 3334 750 3365 Nihil
773 3334 859 3365 aliud
874 3334 978 3375 colligi
994 3343 1088 3375 posse
1107 3334 1158 3365 aio
1174 3343 1246 3374 ego,
1263 3333 1323 3364 nisi

256 3378 401 3408 eamdem
424 3378 463 3408 ab
487 3384 635 3419 utroque,
659 3379 789 3410 Halensi
804 3385 836 3410 et
849 3379 1019 3421 Aquinate,
1035 3378 1149 3409 versari
1165 3378 1323 3420 quaestio-

256 3429 346 3453 nem:
371 3422 460 3464 quod
484 3422 535 3453 alii
560 3422 660 3454 fecere
684 3423 750 3454 eius
774 3423 842 3454 aevi
865 3423 1016 3464 theologi.
1040 3423 1115 3454 Non
1139 3423 1251 3454 eadem
1271 3432 1324 3453 oc-

256 3473 386 3497 currunt
408 3467 522 3506 verba,
546 3477 603 3498 nec
627 3468 830 3509 aliqualiter,
856 3477 913 3499 nec
937 3478 1000 3499 non
1025 3467 1119 3499 valde
1141 3467 1321 3499 dissimilia.

256 3510 399 3541 Primum
422 3511 590 3542 adversum
613 3519 837 3552 argumentum
861 3523 936 3544 cum
966 3512 1173 3553 responsione
1203 3511 1324 3542 deside-

257 3560 343 3584 ratur
365 3555 522 3595 integrum
546 3555 579 3586 in
598 3557 739 3588 Halensi.
763 3557 886 3588 Desunt
902 3557 997 3588 etiam
1016 3556 1095 3595 eius,
1110 3566 1191 3598 quae
1208 3565 1325 3597 corpus

257 3598 362 3628 vocari
386 3599 476 3637 solet,
501 3600 608 3638 verba,
632 3609 756 3639 sensus,
771 3601 960 3632 substantia.
985 3601 1065 3631 Tres
1081 3601 1157 3631 alias
1173 3600 1324 3632 obiectio-

257 3650 313 3671 nes
336 3641 445 3681 fateor,
470 3643 494 3673 si
519 3653 585 3674 rem
608 3643 711 3684 ipsam
735 3651 924 3685 spectemus,
948 3645 1074 3675 easdem
1097 3645 1158 3685 legi
1181 3645 1214 3675 in
1237 3651 1324 3676 utro-

1376 359 1454 392 que:
1479 358 1511 383 at
1533 362 1600 382 non
1619 352 1705 383 idem
1722 360 1852 393 apparet
1870 353 1903 384 in
1923 360 2060 395 utroque
2079 354 2361 394 argumentationis
2379 365 2450 385 mo-

1376 403 1533 434 mentum,
1558 407 1661 438 neque
1686 397 1773 428 solus
1797 404 1869 428 ante
1887 398 2051 429 Thomam
2076 400 2202 429 easdem
2217 398 2360 429 adhibuit
2377 400 2451 430 Ale-

1375 441 1502 471 xander.
1519 441 1598 472 Suas
1615 448 1748 482 uterque
1764 442 1940 473 solutiones
1951 443 2051 474 affert:
2067 454 2149 484 quae
2165 443 2301 474 invicem
2317 443 2450 474 collatae

1376 486 1471 525 longe
1496 485 1643 516 differunt
1667 493 1697 517 et
1719 487 1833 525 verbis,
1850 494 1880 518 et
1903 497 2008 525 sensu,
2033 495 2064 519 et
2087 488 2270 519 substantia.
2297 488 2375 528 Styli
2395 489 2449 518 de-

1377 530 1474 571 nique
1497 530 1582 560 nitor
1605 530 1724 572 ubique
1748 530 1847 571 fulget
1870 531 1902 561 in
1926 532 2058 563 articulo
2087 543 2111 563 s.
2127 533 2289 563 Thomae:
2315 533 2451 563 obscura

1378 581 1452 605 sunt
1481 582 1511 605 et
1541 575 1678 615 implexa
1709 575 1818 605 omnia
1841 576 1874 606 in
1898 576 2031 606 articulo
2055 577 2234 608 Alexandri.
2268 577 2451 617 Augustino

1379 619 1473 657 duce,
1498 619 1719 660 quaestionem
1743 620 1838 651 solvit
1861 630 1897 651 ac
1921 620 2040 651 dirimit
2062 621 2130 652 ille:
2155 621 2374 662 Augustinum
2398 622 2451 652 de-

1378 663 1451 694 serit
1474 663 1532 694 iste
1555 674 1591 694 ac
1614 664 1840 704 problematice
1857 665 1988 695 disserit.
2005 665 2114 695 Animi
2131 667 2302 697 candorem
2321 666 2452 706 postulo

1379 714 1409 738 et
1432 708 1555 747 oculos,
1581 715 1616 739 ut
1631 708 1767 749 quisque
1786 709 1914 747 iudicet,
1935 710 2103 740 articulum
2121 711 2289 751 Aquinatis
2309 710 2370 741 dici
2385 721 2451 741 non

1378 761 1473 792 posse
1497 762 1534 783 ex
1557 753 1687 783 Halensi
1712 753 1844 784 articulo
1869 754 2053 794 decerptum
2076 755 2323 796 expilatumque.

1446 797 1498 827 111.
1524 796 1681 827 Iudicium
1705 805 1887 837 opponunt,
1913 798 2002 839 quod
2025 798 2175 839 inquiunt
2198 810 2216 830 a
2240 800 2358 830 Ioanne
2375 798 2451 830 Ger-

1379 841 1471 871 sonio
1495 841 1615 879 latum,
1639 841 1779 872 Doctore
1807 842 1959 882 theologo
1990 849 2020 873 et
2044 843 2241 875 Cancellario
2265 843 2450 883 Parisiensi,

1378 885 1481 916 iudice
1505 885 1708 926 aequissimo.
1733 885 1878 926 Epistola
1892 887 1930 916 ab
1946 896 1984 916 eo
2000 886 2097 917 missa
2110 888 2308 928 Lugdunum
2324 889 2451 920 cuidam

1379 929 1464 960 fratri
1479 929 1597 960 Minori
1611 940 1696 960 anno
1717 931 1811 970 1426,
1826 930 1860 960 in
1878 930 2007 960 laudem
2022 931 2182 962 doctrinae
2206 943 2230 963 s.
2247 933 2450 964 Bonaventu-

1379 984 1447 1013 rae,
1473 981 1594 1015 prostat
1625 981 1717 1005 tomo
1742 974 1753 1004 1
1779 974 1926 1005 editionis
1955 975 2225 1015 Antwerpiensis,
2255 983 2291 1007 ut
2318 976 2450 1017 legitur,

1379 1029 1463 1050 anno
1494 1019 1574 1061 1706
1596 1026 1720 1050 curatae
1737 1018 1759 1050 f.
1776 1019 1835 1050 col.
1857 1030 1928 1061 117,
1943 1019 1977 1050 in
1996 1030 2060 1060 qua
2074 1020 2152 1051 haec
2166 1020 2342 1052 habentur:
2370 1034 2384 1049 ‹
2401 1022 2451 1052 De

1382 1077 1396 1091 x»
1419 1074 1483 1105 qua
1511 1062 1682 1104 (doctrina
1704 1063 1831 1105 fratris
1853 1064 2036 1095 Alexandri
2063 1065 2103 1095 de
2130 1063 2254 1106 Hales)
2279 1065 2377 1096 fertur
2404 1076 2451 1096 re-

1381 1121 1396 1135 »
1419 1108 1585 1149 spondisse
1603 1113 1735 1139 sanctus
1761 1109 1908 1146 Thomas,
1927 1109 2005 1139 dum
2028 1109 2238 1150 inquireretur
2257 1110 2295 1140 ab
2312 1120 2362 1149 eo,
2380 1110 2453 1151 quis

1382 1166 1396 1180 a>
1420 1160 1500 1184 esset
1530 1153 1672 1193 optimus
1702 1154 1819 1183 modus
1848 1153 1995 1184 studendi
2028 1154 2240 1194 theologiam:
2273 1155 2452 1195 respondit,

1382 1211 1396 1225 »
1420 1207 1559 1228 exercere
1583 1208 1615 1228 se
1639 1198 1671 1227 in
1695 1208 1761 1228 uno
1786 1198 1925 1228 Doctore
1949 1198 2128 1239 praecipue.
2154 1199 2242 1229 Dum
2261 1199 2343 1230 ultra
2365 1206 2453 1240 pete-

1382 1255 1396 1270 »
1420 1249 1514 1280 retur,
1526 1242 1597 1283 quis
1617 1249 1697 1273 esset
1713 1242 1782 1273 talis
1799 1243 1936 1273 Doctor:
1951 1243 2141 1274 Alexander
2154 1243 2194 1273 de
2209 1243 2325 1281 Hales,
2337 1243 2451 1285 inquit.

1383 1299 1396 1314 ι»
1419 1287 1549 1325 Testor,
1574 1297 1626 1317 me
1655 1287 1698 1317 ita
1727 1287 1838 1327 legisse
1869 1287 1993 1327 pridem
2015 1287 2049 1318 in
2080 1294 2212 1318 tractatu
2236 1288 2379 1329 quodam
2401 1289 2454 1320 De

1382 1344 1396 1359 »
1420 1332 1541 1362 visione
1569 1331 1661 1362 beata
1691 1339 1799 1362 contra
1828 1332 1981 1362 Ioannem
2011 1332 2109 1363 XXII.
2138 1332 2310 1363 Testantur
2338 1332 2453 1374 scripta

1382 1389 1396 1404 »
1420 1373 1562 1406 eiusdem
1578 1375 1676 1406 sancti
1686 1376 1844 1414 Thomae,
1856 1377 1992 1407 maxime
2003 1377 2152 1408 Secunda
2165 1377 2344 1415 Secundae,
2354 1387 2454 1418 quam

1382 1433 1397 1448 »
1419 1420 1570 1451 intimum
1593 1420 1651 1451 sibi
1676 1420 1790 1452 fecerat
1809 1428 1840 1452 et
1855 1421 2042 1451 familiarem
2057 1421 2160 1460 illum,
2178 1431 2276 1462 quem
2292 1421 2452 1461 laudabat,

1382 1477 1397 1492 »
1419 1465 1594 1495 Doctorem
1610 1465 1836 1496 Alexandrum.
1849 1478 1863 1493 »
1883 1465 2030 1496 Gersonii
2046 1466 2167 1504 locum,
2186 1475 2285 1507 quern
2300 1466 2452 1507 opponis,

1379 1509 1467 1549 lego,
1492 1509 1636 1549 perlego,
1661 1510 1821 1549 pondero:
1846 1510 1942 1551 idque
1966 1520 2070 1542 unum
2098 1511 2227 1541 extundi
2254 1521 2351 1551 posse
2375 1520 2453 1542 con-

1379 1553 1493 1592 sentio,
1510 1553 1656 1584 Halensis
1676 1564 1771 1594 opera
1786 1554 1932 1585 habuisse
1951 1554 1984 1585 in
2004 1555 2106 1595 pretio
2125 1555 2335 1596 Aquinatem:
2355 1565 2453 1597 seque

1379 1598 1486 1639 ipsum
1510 1598 1549 1628 ad
1573 1598 1724 1629 Summae
1747 1598 1962 1638 Theologicae
1985 1609 2069 1639 opus
2093 1599 2346 1630 elucubrandum
2363 1610 2454 1631 com-

1379 1649 1554 1683 parantem,
1571 1642 1663 1673 sicuti
1678 1643 1834 1683 plurimos
1855 1642 1994 1674 aliorum
2009 1643 2118 1682 libros,
2134 1644 2177 1674 ita
2191 1644 2454 1685 quadripartitam

1379 1687 1547 1719 Alexandri
1571 1687 1739 1718 Summam
1755 1687 1925 1718 evolvisse:
1950 1687 2135 1729 relectisque
2154 1688 2379 1720 subtilitatibus
2394 1689 2454 1720 mi-

1380 1733 1466 1763 nime
1488 1732 1641 1772 theologo
1664 1732 1777 1772 dignis,
1797 1732 1975 1763 doctrinam
1994 1731 2141 1771 solidam,
2158 1742 2257 1774 quam
2272 1733 2306 1764 in
2322 1733 2455 1765 Halensi

1380 1777 1613 1817 deprehendere
1637 1776 1695 1807 sibi
1713 1777 1877 1807 videbatur
1894 1776 2080 1816 Gersonius,
2096 1777 2215 1819 ubique
2232 1777 2265 1808 in
2281 1787 2339 1809 sua
2359 1777 2454 1810 Sum—

1381 1832 1444 1860 ma,
1469 1821 1669 1862 maximeque
1689 1821 1721 1851 in
1741 1827 1828 1861 parte
1843 1821 1992 1852 Secunda
2009 1821 2177 1853 Secundae
2191 1822 2298 1863 partis,
2315 1829 2352 1854 ut
2368 1823 2455 1854 idem

1380 1873 1470 1897 notat
1488 1872 1609 1904 auctor,
1629 1872 1847 1896 consectatum
1867 1875 1943 1896 esse.
1969 1866 2018 1896 Eo
2038 1876 2177 1907 namque
2191 1867 2253 1898 loci
2272 1867 2456 1899 Parisiensis

1381 1910 1567 1942 Cancellarii
1591 1920 1708 1951 scopus
1732 1917 1788 1948 est,
1813 1916 1849 1941 ut
1867 1910 2118 1950 Lugdunensem
2139 1911 2323 1942 Minoritam
2346 1912 2385 1943 ab
2401 1922 2454 1943 ve-

1379 1955 1577 1986 hementiore
1600 1955 1632 1985 in
1653 1954 1801 1985 subtilem
1815 1954 1949 1985 Scotum
1968 1955 2074 1986 studio
2093 1955 2271 1995 retraheret,
2282 1956 2455 1998 ipsumque

1380 2000 1543 2031 induceret
1565 2000 1605 2030 ad
1629 2010 1652 2030 s.
1664 1999 1906 2030 Bonaventurae
1929 2006 1960 2030 et
1982 1999 2151 2030 Alexandri
2175 2000 2322 2031 Halensis
2344 2001 2453 2032 lectio-

1380 2055 1466 2083 nem,
1490 2054 1573 2085 quos
1598 2044 1783 2075 eruditiores
1806 2043 2029 2085 gravioresque
2052 2044 2222 2086 theologos
2246 2045 2453 2078 existimabat.

1381 2090 1486 2130 Ipsam
1510 2088 1678 2129 epistolam
1702 2088 1843 2119 consule.

1447 2133 1479 2164 Si
1503 2133 1581 2174 quid
1611 2132 1749 2173 amplius
1773 2143 1791 2163 a
1814 2132 1972 2163 Gersonio
1996 2132 2169 2173 scriptum,
2193 2133 2454 2177 imputatumque

1380 2178 1531 2220 Aquinati
1556 2177 1699 2218 plagium
1721 2177 1830 2215 velint,
1854 2177 1887 2207 id
1910 2177 2033 2218 oppido
2057 2184 2114 2216 est,
2137 2178 2227 2219 quod
2246 2188 2265 2208 a
2282 2187 2359 2210 vero
2381 2179 2454 2210 lon·
2505 2175 2509 2179 ⁷

1380 2223 1508 2264 gissime
1532 2223 1666 2253 aberrat·
1687 2222 1776 2264 quod
1792 2231 1896 2263 neque
1911 2221 2094 2253 historiolae
2109 2223 2147 2253 ab
2164 2223 2279 2254 eodem
2295 2223 2454 2255 Gersonio

1381 2268 1491 2299 allatae
1514 2267 1593 2306 fide,
1625 2277 1729 2308 neque
1759 2266 1859 2307 ipsius
1888 2266 2068 2297 Parisiensis
2092 2266 2240 2298 Doctoris
2268 2268 2455 2300 auctoritate

1381 2313 1454 2343 satis
1478 2311 1581 2343 fulciri
1604 2318 1718 2352 potest.
1743 2311 1847 2343 Verba
1870 2311 1933 2350 illa,
1958 2311 1998 2342 de
2020 2321 2082 2352 quo
2099 2309 2258 2355 (Halensi)
2271 2311 2391 2354 fertur
2404 2323 2454 2344 re-

1380 2357 1545 2398 spondisse
1567 2366 1593 2387 s.
1610 2357 1762 2393 Thomas,
1787 2356 1935 2386 historiae
1959 2356 2123 2387 veritatem
2146 2356 2287 2388 multum
2310 2357 2454 2389 elevant:

1381 2408 1494 2442 utpote
1509 2411 1591 2443 quae
1614 2410 1682 2431 rem
1704 2400 1791 2441 vulgi
1809 2410 1937 2431 rumore
1954 2400 2111 2439 iactatam,
2129 2411 2194 2432 non
2211 2408 2328 2432 certam
2345 2402 2454 2443 explo-

1381 2453 1556 2488 ratamque,
1577 2445 1766 2488 plerumque
1791 2444 1976 2486 significent.
2002 2445 2083 2483 Quis
2103 2445 2215 2477 deinde
2235 2445 2329 2478 fuerit
2342 2453 2456 2478 auctor

1380 2491 1434 2522 ille
1457 2497 1605 2522 tractatus
1629 2490 1795 2521 cuiusdam
1818 2490 1870 2521 De
1894 2491 2015 2521 visione
2042 2490 2152 2528 beata,
2185 2490 2240 2532 qui
2260 2491 2455 2531 praedictam

1380 2535 1546 2567 historiam
1561 2544 1685 2566 narrare
1695 2532 1826 2566 dicitur?
1843 2534 1954 2575 Ignota
1969 2534 2037 2565 eius
2054 2534 2221 2575 professio,
2232 2542 2316 2566 aetas
2331 2535 2452 2576 ignota,

1381 2590 1416 2611 ac
1439 2580 1547 2620 ignota
1570 2580 1703 2610 demum
1722 2579 1847 2610 occasio
1871 2580 1914 2610 ob
1938 2589 2036 2620 quam
2059 2579 2092 2609 in
2116 2579 2299 2620 theologico
2319 2587 2452 2612 tractatu

1380 2634 1447 2655 rem
1467 2625 1547 2655 hanc
1561 2623 1736 2662 inseruerit,
1751 2623 1848 2654 fidem
1865 2623 2025 2654 detrahere
2039 2623 2209 2654 narrationi
2223 2624 2339 2656 valent.
2356 2624 2453 2656 Gesta

1380 2675 1539 2709 praeterea
1562 2668 1708 2709 dictaque
1730 2668 1889 2706 Thomae,
1914 2667 2094 2708 diligentius
2113 2668 2295 2708 perquisita,
2316 2668 2452 2708 college-

1380 2719 1464 2751 runt,
1484 2712 1665 2753 scriptoque
1689 2711 1838 2742 mandata
1860 2711 2013 2742 tradidere
2036 2711 2170 2752 posteris
2190 2712 2396 2743 Ptolomaeus
2411 2713 2452 2744 de

1380 2757 1478 2795 Luca,
1503 2755 1694 2787 Guillelmus
1718 2756 1756 2786 de
1780 2755 1902 2793 Tocco,
1928 2755 2078 2786 Nicolaus
2097 2755 2256 2794 Trivetus,
2272 2756 2450 2788 Bernardus

1380 2801 1553 2839 Guidonis,
1583 2800 1688 2840 plures
1718 2799 1790 2830 alii:
1814 2799 2021 2841 eiusdemque
2050 2799 2232 2831 historiolae
2261 2801 2334 2832 vola
2363 2801 2451 2833 nulla

1380 2845 1466 2886 apud
1489 2855 1556 2883 eos,
1580 2844 1707 2875 nullum
1729 2843 1907 2884 vestigium.

1447 2889 1546 2927 Quod
1568 2889 1636 2930 ipse
1659 2889 1804 2920 Thomas
1827 2889 1867 2920 de
1889 2890 2006 2929 optimo
2029 2888 2179 2920 studendi
2201 2889 2294 2921 modo
2317 2899 2450 2931 percon-

1380 2941 1474 2973 tatus,
1499 2943 1688 2974 responsum
1712 2933 1946 2974 consiliumque
1970 2933 2091 2964 dedisse
2115 2933 2222 2972 fertur,
2237 2943 2395 2966 exercere
2416 2944 2454 2966 se

1380 2980 1413 3009 in
1437 2988 1502 3010 uno
1523 2979 1664 3009 Doctore
1681 2978 1868 3018 praecipue,
1894 2977 1992 3008 refelli
2010 2977 2203 3009 validissime
2221 2985 2327 3019 potest
2350 2978 2452 3020 ipsius

1379 3023 1526 3054 Thomae
1550 3022 1716 3063 exemplo:
1741 3032 1838 3063 quem
1868 3022 2095 3063 peritissimum
2124 3023 2325 3065 maximeque
2347 3032 2450 3055 vena-

1379 3074 1450 3099 tum
1472 3067 1505 3098 in
1528 3066 1694 3108 multiplici
1717 3067 1873 3098 librorum
1898 3067 2047 3106 lectione,
2071 3067 2301 3108 quotquot-illi
2324 3074 2450 3109 praeno

1379 3122 1446 3143 esse
1470 3118 1625 3153 poterant,
1650 3111 1718 3142 eius
1741 3111 1848 3152 Opera
1871 3111 2035 3152 perspicue
2058 3112 2217 3143 evincunt.
2241 3112 2290 3143 De
2305 3112 2451 3144 lectionis

1379 3156 1472 3198 copia
1499 3156 1532 3187 in
1556 3156 1715 3198 Aquinate
1748 3162 1779 3187 et
1806 3156 1990 3187 inexhausta
2021 3156 2193 3194 industria,
2224 3166 2323 3198 quam
2352 3156 2449 3188 etiam

1379 3201 1583 3232 commendat
1606 3200 1738 3231 lacobus
1761 3200 1948 3239 Bruckerus,
1964 3201 2036 3232 licet
2054 3207 2162 3232 sancto
2179 3201 2310 3233 Doctori
2333 3208 2449 3243 parum

1379 3245 1511 3282 amicus,
1534 3245 1567 3275 in
1591 3245 1721 3276 historia
1745 3245 1849 3276 critica
1872 3245 2111 3286 philosophiae,
2135 3246 2168 3276 in
2191 3245 2252 3276 alia
2274 3244 2353 3277 mihi
2376 3244 2450 3276 dili-·

1378 3290 1503 3331 gentius
1527 3290 1686 3330 agendum
1709 3289 1945 3321 Dissertatione.

1445 3334 1533 3372 Quid
1557 3340 1604 3365 est
1625 3343 1712 3373 vero,
1730 3334 1819 3375 quod
1833 3334 1937 3365 adhuc
1951 3331 2155 3365 haereamus?
2178 3333 2211 3365 Si
2225 3333 2303 3375 quid
2318 3333 2357 3364 ab
2373 3332 2446 3364 Ale-

1378 3379 1498 3410 xandro
1529 3378 1648 3420 accepit
1671 3378 1886 3420 surripuitque
1909 3378 2064 3417 Thomas,
2088 3379 2159 3409 loca
2187 3378 2319 3418 expilata
2347 3377 2448 3418 digito

1379 3430 1609 3455 monstrentur:
1634 3423 1869 3465 impositusque
1897 3423 1943 3454 liti
1968 3429 1998 3454 et
2021 3422 2250 3454 controversiae
2278 3420 2350 3452 finis
2378 3421 2445 3453 erit.

1378 3468 1558 3499 Articulum
1573 3467 1701 3499 tertium
1718 3467 1851 3498 membri
1868 3467 1973 3508 primi,
1989 3466 2183 3509 quaestionis
2198 3475 2268 3503 ιον,
2284 3465 2447 3498 Secundae

1379 3513 1474 3554 partis
1498 3512 1650 3554 proponit
1673 3512 1828 3543 Lahaius:
1853 3521 1890 3543 ex
1913 3521 1980 3563 quo
2003 3521 2099 3542 suum
2113 3509 2255 3552 Aquinas
2278 3509 2449 3542 confecerit

1379 3557 1547 3588 articulum
1558 3557 1745 3608 secundum,
1752 3556 1946 3607 quaestionis
1955 3566 1985 3594 o,
1995 3555 2118 3586 Primae
2132 3553 2237 3595 partis.
2248 3554 2314 3584 Iam
2323 3561 2446 3586 utrum-

1379 3611 1442 3643 que
1466 3611 1599 3632 numero
1624 3601 1785 3641 superiore
1808 3610 1825 3631 e
1849 3600 1977 3641 regione
2000 3598 2182 3630 articulum
2190 3598 2233 3628 ob
2253 3598 2365 3629 oculos
2388 3609 2447 3640 po-

1379 3646 1514 3685 suimus,
1537 3652 1574 3676 ut
1591 3645 1724 3685 diligens
1743 3651 1774 3676 et
1789 3651 1932 3676 accurata
1946 3643 2066 3674 institui
2082 3642 2210 3674 collatio
2224 3649 2341 3683 posset.
2357 3643 2448 3681 Quid
