2788 4204
48 402 58 412 ⁸
73 406 145 425 nnio:
161 398 259 426 aliquid.

48 455 58 465 '⁴
82 460 127 475 ΛΝο
156 453 250 474 melius:

50 481 117 501 enim.

49 508 59 518 ⁸
78 511 260 530 ‘incoant-noos:

11 551 13 553 ,
49 533 146 560 aliquid.

51 562 58 568 ·
75 566 103 580 o:
119 562 149 580 el.

51 588 69 595 ””
80 586 115 607 Cf.
126 587 260 611 lecrxxvni,

55 618 106 634 n.2.

54 774 61 781 ·
79 778 93 792 N
110 779 114 792 z
130 770 235 798 aliquod.

53 1042 62 1051 ⁸
77 1046 90 1060 1:
110 1039 153 1059 hoc
167 1043 261 1062 comm,

52 1066 84 1093 qd
97 1066 172 1086 hahet.
180 1065 262 1091 quant.

54 1095 97 1113 aut
110 1092 218 1112 colorem.

52 1120 73 1130 '⁸
88 1125 108 1140 m
125 1124 172 1139 om.
187 1115 262 1138 aliud.

150 1154 164 1176 ⁷1

55 1365 61 1371 ·
81 1361 156 1383 Codd.
172 1372 182 1376 -
198 1359 266 1381 9:111

57 1394 152 1412 comm.,·
166 1393 193 1408 c:
209 1387 268 1407 illud

54 1414 153 1435 medium
168 1419 248 1434 comm.

52 1442 63 1452 ¹·
78 1448 99 1462 1:
115 1443 140 1462 ut
152 1439 265 1465 medium,

53 1468 93 1489 sit.

54 1526 63 1534 '
74 1523 206 1546 Codd.-i>x
214 1525 267 1549 etp.

54 1557 86 1571 m.
96 1556 116 1571 1:
128 1555 234 1575 sumere;
244 1555 266 1570 o:

55 1577 170 1603 accipere.

54 1604 64 1614 ⁵
79 1604 142 1624 Lect.
157 1608 195 1623 xv.

54 1789 64 1799 '
79 1794 93 1809 ο
100 1796 104 1809 :
122 1787 209 1809 venire.

56 1839 62 1845 ⁸
79 1843 106 1858 0:
122 1842 159 1858 ex.

56 1954 63 1960 '
78 1951 149 1973 Num.
164 1957 213 1978 seq.

154 2000 167 2024 Ο

56 2169 63 2176 ·
84 2171 221 2197 ευΕρΗΚΙ-κΝ
225 2171 257 2190 Qr

59 2199 105 2215 om.
121 2199 153 2213 m.

58 2440 66 2446 '
83 2437 119 2459 Cf.
135 2438 188 2459 lect.
202 2445 223 2459 v.

63 2550 70 2557 ‘
84 2549 153 2576 Dupl.
174 2555 222 2571 om.
236 2556 262 2575 A:

61 2581 86 2597 c:
97 2576 263 2604 multipliciter.

61 2661 70 2670 ·
96 2660 164 2688 Quae
189 2661 276 2683 scilicet

64 2688 95 2708 iia
106 2691 143 2717 est⁴
150 2688 241 2715 species
251 2691 276 2709 ut

63 2719 110 2735 non
126 2717 154 2735 sit
165 2720 236 2741 genus
247 2716 275 2739 (e.

62 2746 85 2767 g.
98 2740 184 2767 homo),
196 2745 217 2762 et
232 2742 274 2762 sub

66 2773 91 2788 se
110 2767 178 2789 habet
199 2769 275 2789 solum

64 2793 189 2815 individua.

63 2820 75 2831 ⁴
88 2827 118 2842 A:
144 2820 208 2842 Unde
227 2821 251 2842 si

63 2847 129 2868 haec.

70 2930 77 2937 ¹
93 2927 128 2949 Cf.
144 2928 195 2948 lect.
206 2933 243 2948 xvi
255 2931 276 2948 et

66 2958 99 2979 ib.
115 2962 163 2980 not.
173 2965 199 2990 y.

65 2991 86 3002 ⁸·
96 2996 130 3011 AB:
138 2986 212 3011 ideo‘.-
221 2989 277 3010 Pro·

62 3023 117 3044 pos.
142 3023 169 3037 ex
191 3016 275 3041 codd..

68 3049 117 3064 cxc.
132 3049 138 3064 ι
155 3047 175 3064 ct
191 3049 220 3069 κ,
238 3043 278 3071 qui

68 3070 148 3091 habeat
164 3070 205 3091 lac.

287 253 361 291 286

873 246 1258 287 POSTERIORUM
1285 243 1715 280 ANALYTICORUM
1743 244 1837 280 LIB.
1869 245 1883 280 I

286 330 388 378 insit,
408 336 501 378 puta
527 328 557 365 si
582 327 717 365 vivum
747 326 832 363 insit
856 324 1002 362 homini
1029 331 1064 359 et
1089 322 1194 359 asino
1216 331 1348 356 secun·
1399 321 1532 364 parte:
1556 316 1659 352 unde
1692 316 1915 354 huiusmodi
1949 325 2036 354 sunt
2069 317 2287 367 simpliciter
2316 317 2475 354 demon-

289 385 381 421 dum
397 383 551 431 aliquod
562 384 581 401 ⁴*
591 381 708 430 prius,
721 380 859 417 scilicet
874 377 1086 414 secundum
1102 372 1349 419 anima13ani-

287 437 377 474 mali
406 444 532 473 autem
550 436 620 471 *et
646 436 795 483 plantae
824 444 903 469 non
922 431 1018 466 inest
1046 427 1258 465 secundum
1287 426 1350 462 ali-

289 490 393 540 quod
410 492 427 508 *
442 490 563 538 prius,
591 489 678 536 quia
706 488 800 522 haec
820 492 906 522 sunt
923 483 1070 532 primae
1100 481 1245 530 species
1270 492 1350 516 cor-

288 544 391 593 poris
419 543 510 590 vivi,
537 542 617 578 sive
638 543 657 559 ᾖ
677 538 831 576 animati
852 538 904 574 ²¹⁰⁸.

344 598 379 634 6.
400 595 547 633 Deinde
578 606 664 629 cum
695 592 801 629 dicit:
828 592 874 627 In
903 589 1033 626 eodem
1063 588 1211 636 quidem
1239 597 1352 636 gene-

290 663 332 687 re
365 658 455 696 etc.‚
487 646 648 684 excludit
677 644 885 694 quamdam
920 642 1192 679 obviationem.
1219 641 1354 676 Posset

291 704 391 740 enim
411 701 542 749 aliquis
563 700 686 736 dicere
716 698 820 746 quod
844 709 996 745 semper
1016 695 1196 753 accipitur
1219 705 1352 753 secun-

291 758 383 794 dum
412 754 552 802 aliquid
571 753 591 773 '¹‘
612 764 836 798 commune,
858 751 946 799 quia
964 757 1090 798 potest
1109 760 1228 796 accipi
1249 758 1352 783 com-

290 821 405 847 mune
426 807 575 844 alterius
595 805 758 853 generis:
778 813 871 854 puta
891 804 920 841 si
941 804 1112 840 dicamus
1142 801 1247 850 quod
1271 811 1353 836 esse

290 864 456 912 seipsum
478 872 641 897 movens
660 859 756 895 inest
784 858 930 895 homini
951 865 986 893 et
1014 857 1119 893 asino
1141 854 1354 892 secundum

289 919 364 953 hoc
393 925 619 961 commune,
650 913 756 961 quod
791 919 846 948 est
878 911 1039 958 animal,
1071 917 1106 946 et
1140 908 1354 946 secundum

289 969 390 1007 aliud
410 979 629 1014 commune,
651 966 757 1015 quod
778 973 833 1002 est
852 966 998 1002 habens
1018 963 1277 1013 quantitatem,
1292 962 1355 999 vel

289 1025 434 1061 habens
450 1022 619 1058 colorem
635 1022 667 1068 ἦ,
693 1027 758 1056 aut
781 1019 923 1068 aliquid
946 1019 1048 1055 aliud
1063 1016 1354 1062 ³⁶*huiusmodi3

291 1090 387 1126 quae
403 1082 564 1125 possunt
584 1073 703 1123 accipi
722 1074 760 1110 in
775 1073 977 1110 infinitum.
999 1073 1048 1108 Et
1068 1071 1116 1108 ad
1136 1072 1211 1107 hoc
1233 1071 1356 1107 exclu—

291 1131 461 1168 dendum
491 1129 593 1175 dicit,
624 1127 730 1176 quod
759 1138 915 1164 necesse
941 1133 996 1162 est
1021 1130 1036 1149 η
1064 1125 1247 1162 terminos
1277 1137 1356 1161 me-

292 1185 395 1231 dios,
421 1183 485 1232 qui
512 1181 757 1230 accipiuntur,
778 1181 898 1229 accipi
922 1192 967 1216 ex
993 1179 1132 1216 eodem
1158 1191 1296 1227 genere
1321 1186 1358 1215 et

290 1251 340 1275 ex
358 1238 496 1274 eisdem
516 1235 667 1282 atomis,
688 1235 785 1271 idest
803 1233 1104 1271 indivisibilibus.
1126 1234 1175 1269 Et
1195 1233 1359 1282 appellat

293 1300 454 1337 atomos,
471 1290 574 1339 ipsos
593 1289 777 1325 terminos
793 1296 999 1325 extremos:
1016 1287 1112 1323 inter
1127 1299 1224 1336 quos
1244 1298 1357 1335 opor-

291 1353 343 1382 tet
362 1344 481 1393 accipi
496 1343 685 1390 medium,
702 1343 732 1378 si
751 1342 843 1379 illud
865 1353 1070 1378 commune
1090 1341 1120 1388 *,
1137 1340 1243 1389 quod
1262 1339 1358 1376 acci-

291 1399 392 1448 pitur
409 1405 451 1435 ut
470 1397 619 1434 medius
642 1396 826 1433 terminus
843 1397 872 1443 ss,
894 1395 940 1432 sit
959 1395 1005 1431 de
1016 1396 1188 1431 'numero
1210 1405 1357 1440 eorum,

294 1465 392 1503 quae
415 1451 683 1500 praedicantur
699 1461 774 1498 per
794 1461 844 1486 se.
877 1449 1006 1495 Quare
1031 1455 1160 1484 autem
1185 1454 1360 1497 oporteat

295 1520 340 1544 ex
374 1506 512 1543 eodem
539 1515 677 1552 genere
710 1514 906 1539 assumere
930 1503 950 1522 ⁴⁹
978 1502 1162 1538 terminos
1190 1502 1357 1547 medios,

295 1559 458 1597 ostendit
479 1571 548 1607 per
567 1559 658 1605 hoc,
684 1556 788 1605 quod
813 1556 908 1593 sicut
927 1568 1042 1604 supra
1061 1556 1234 1593 habiturn
1255 1563 1311 1592 est
1326 1557 1358 1602 ⁴⁶,

294 1627 373 1651 non
407 1611 586 1659 contingit
618 1610 985 1647 demonstrationem
1013 1610 1170 1647 transire
1200 1609 1247 1646 de
1280 1621 1359 1646 uno

294 1679 432 1716 genere
461 1666 499 1702 in
528 1664 640 1701 aliud.

347 1733 383 1769 7.
405 1718 554 1757 Deinde
571 1730 659 1755 cum
676 1715 781 1753 dicit:
801 1716 1052 1764 Manifestum
1067 1723 1192 1754 autem
1209 1721 1264 1753 est
1276 1723 1359 1764 etc.‚

295 1774 458 1811 ostendit
486 1772 590 1821 quod
618 1782 774 1809 necesse
804 1778 859 1807 est
887 1770 1067 1807 devenire
1089 1772 1108 1792 *
1128 1771 1177 1807 ad
1205 1770 1360 1819 aliquod

292 1840 415 1865 unum
443 1827 482 1863 in
508 1824 841 1874 praedicabilibus,
871 1824 1096 1872 in*quibus
1122 1824 1363 1874 praedicatur

293 1894 415 1919 unum
436 1881 482 1917 de
501 1892 592 1917 uno.
615 1881 663 1916 Et
682 1878 820 1927 primO,
840 1877 879 1914 in
903 1878 1158 1925 affirmativis;
1179 1879 1361 1926 secundo,

294 1937 332 1973 in
361 1934 561 1982 negativis;
582 1933 651 1970 ibi:
674 1932 852 1969 Similiter
878 1937 1004 1968 autem
1023 1938 1061 1968 et
1075 1932 1110 1968 si
1125 1933 1162 1969 Α
1176 1933 1196 1954 *
1207 1939 1275 1969 etc.
1297 1932 1364 1969 Di-

295 1990 342 2027 cit
371 2001 459 2036 ergo
488 1988 627 2036 primo,
657 1986 902 2023 manifestum
937 1998 1018 2023 esse
1037 1983 1050 2006 ⁰
1079 1986 1185 2034 quod
1213 1998 1302 2023 cum
1330 1987 1365 2022 A

294 2043 533 2093 praedicatur
562 2042 608 2078 de
638 2042 680 2088 B,
702 2040 733 2077 si
760 2040 901 2076 horum
927 2039 973 2076 sit
1001 2039 1156 2088 aliquod
1179 2039 1365 2088 medium,

296 2097 402 2147 quod
429 2096 492 2132 illo
526 2094 655 2132 medio
692 2094 746 2131 uti
779 2105 987 2142 possumus
1021 2095 1071 2130 ad
1105 2093 1367 2131 demonstran-

297 2152 390 2189 dum
419 2149 524 2199 quod
542 2151 577 2185 A
597 2148 643 2185 sit
661 2148 699 2185 in
715 2149 734 2168 ⁴*
750 2150 798 2185 B:
820 2155 856 2184 et
874 2148 970 2184 haec
989 2154 1076 2184 sunt
1093 2148 1278 2197 principia
1297 2149 1366 2184 hu-

296 2204 462 2242 iusmodi
483 2202 748 2240 conclusionis.
775 2202 825 2239 Et
852 2213 1104 2251 quaecunque
1133 2202 1368 2251 accipiuntur

296 2266 338 2296 ut
366 2258 504 2306 media,
525 2264 612 2294 sunt
642 2256 828 2305 principia
865 2255 1156 2293 conclusionum
1185 2257 1367 2294 mediata-

297 2325 396 2360 rum,
417 2324 514 2360 quae
533 2323 603 2360 per
632 2323 677 2347 ea
697 2310 986 2347 concluduntur.
1009 2310 1112 2346 Nihil
1133 2311 1235 2347 enim
1265 2311 1367 2348 aliud

299 2374 385 2403 sunt
417 2366 618 2411 elementa,
648 2364 728 2401 sive
756 2364 941 2413 principia
974 2364 1365 2413 demonstrationum,

298 2432 415 2469 quam
434 2418 714 2468 propositiones
733 2418 976 2455 immediatae
987 2418 1019 2455 ²¹⁸.
1042 2419 1091 2455 Et
1109 2419 1184 2456 hoc
1203 2419 1289 2456 dico
1308 2420 1368 2456 vel

300 2485 440 2519 omnes,
459 2472 520 2509 vel
547 2472 797 2509 universales:
826 2472 931 2520 quod
960 2471 1116 2521 quidem
1144 2481 1270 2522 potest
1299 2473 1367 2511 du-

300 2525 647 2577 pliciter*intelligi.
669 2527 756 2563 Uno
777 2525 909 2572 modo,
925 2533 967 2562 ut
984 2527 1196 2575 propositio
1215 2527 1367 2564 univer-

301 2580 387 2618 salis
416 2579 621 2629 accipiatur
648 2579 860 2616 secundum
890 2579 995 2628 quod
1030 2580 1209 2618 dividitur
1237 2589 1369 2618 contra

302 2634 541 2682 singularem.
559 2634 662 2670 Nam
683 2633 828 2683 species
847 2632 1117 2681 specialissima
1132 2635 1152 2656 *
1167 2647 1246 2671 non
1259 2647 1368 2683 prae-

302 2688 447 2725 dicatur
480 2687 526 2724 de
556 2687 732 2735 singulari
759 2700 829 2736 per
857 2686 1011 2735 aliquod
1039 2687 1223 2725 medium.
1258 2688 1368 2726 Unde

302 2742 397 2778 haec
408 2741 647 2790 *propositio
665 2749 719 2778 est
737 2740 973 2777 immediata:
990 2741 1163 2778 Socrates
1177 2747 1231 2778 est
1243 2742 1369 2789 homo,

302 2807 381 2832 non
408 2802 537 2831 tamen
566 2802 622 2832 est
647 2794 876 2843 principium
906 2794 1252 2843 demonstrationis,
1282 2796 1371 2846 quia

304 2848 646 2886 demonstrationes
661 2861 739 2886 non
754 2856 841 2885 sunt
861 2847 907 2884 de
923 2848 1183 2896 singularibus,
1204 2862 1292 2887 cum
1308 2862 1371 2886 eo-

304 2915 388 2939 rum
405 2915 483 2938 non
498 2902 543 2939 sit
558 2902 712 2939 scientia
722 2903 757 2939 *z
771 2902 866 2939 etita
876 2902 917 2923 ³¹³*
925 2914 1004 2939 non
1020 2902 1145 2940 omnis
1159 2903 1370 2952 propositio

303 2955 523 2992 immediata
544 2964 599 2993 est
618 2955 951 2993 demonstrationis
970 2955 1211 3006 principium,
1229 2957 1296 2994 sed
1312 2970 1371 2994 so-

303 3011 383 3047 lum
402 3009 636 3047 universalis.
661 3009 747 3046 Alio
771 3009 891 3046 modo
916 3017 1041 3058 potest
1063 3010 1214 3058 intelligi
1238 3023 1372 3048 secun-

305 3063 397 3100 dum
418 3063 522 3112 quod
540 3063 822 3112 propositiones
840 3063 1074 3100 universales
1095 3064 1270 3101 dicuntur
1282 3077 1375 3114 pro-

303 3116 511 3166 positiones
532 3129 758 3154 communes
786 3117 825 3154 in
849 3116 1029 3154 omnibus
1048 3117 1373 3167 propositionibus

305 3169 461 3207 alicuius
480 3170 668 3218 scientiae,
690 3171 796 3218 sicut,
823 3171 942 3208 Omne
961 3177 1076 3208 totum
1097 3177 1152 3208 est
1167 3172 1291 3208 maius
1303 3184 1373 3209 sua

359 3322 385 3355 η)
404 3323 515 3348 Necesse
532 3325 573 3348 est
591 3327 639 3348 etc.
651 3336 670 3342 ·-
685 3323 796 3348 Codd.-
811 3324 845 3348 P:
865 3331 967 3349 necesse
989 3327 1029 3349 est
1046 3331 1102 3350 esse
1121 3325 1248 3351 terminos
1271 3325 1371 3351 medios

1406 370 1631 406 strationum
1658 370 1862 419 principia,
1894 378 1929 407 et
1958 371 2137 408 omnibus
2164 372 2184 392 ’¹‘
2211 383 2281 420 per
2309 383 2349 407 se
2370 378 2472 408 nota.

1407 423 1514 459 Haec
1533 431 1662 459 autem
1680 424 1904 472 propositio,
1930 426 2042 461 homo
2063 431 2117 461 est
2134 425 2288 470 animal,
2309 425 2384 473 vel,
2405 425 2475 460 iso-

1405 479 1518 512 sceles
1546 482 1601 513 est
1625 478 1850 527 triangulus,
1870 490 1950 514 non
1977 485 2031 515 est
2056 478 2287 527 principium
2317 477 2476 514 demon-

1407 530 1595 566 strationis
1623 531 1662 567 in
1695 538 1775 567 tota
1807 532 1979 580 scientia,
2004 536 2072 569 sed
2105 533 2230 569 solum
2263 531 2477 580 aliquarum

1406 584 1691 631 particularium
1712 584 2100 632 demonstrationum;
2125 598 2250 635 neque
2276 585 2389 621 etiam
2408 585 2477 621 hu-

1407 637 1574 673 1usmodi
1592 638 1875 686 propositiones
1895 647 1982 676 sunt
1996 640 2176 676 omnibus
2189 651 2259 689 per
2270 651 2309 675 se
2325 645 2438 675 notae
2445 638 2476 674 *.

1410 690 1473 726 Sic
1509 690 1620 737 igitur
1653 703 1683 727 st
1721 693 1767 729 sit
1792 693 1959 741 »aliquod
1995 693 2169 730 medium
2205 690 2478 742 propositionis

1410 744 1531 791 datae,
1549 745 1617 780 erit
1636 745 1897 782 demonstrare
1916 758 1986 795 per
2005 747 2160 795 aliquod
2179 747 2364 794 medium,
2386 757 2479 794 quo-

1408 809 1530 845 usque
1547 798 1856 836 deveniatur*ad
1870 800 2024 848 aliquod
2038 800 2316 837 immediatum.
2335 799 2375 837 Si
2384 810 2478 838 vero

1409 862 1489 887 non
1517 851 1563 887 sit
1582 851 1739 901 aliquod
1765 853 1939 890 medium
1957 853 2229 903 propositionis
2259 853 2381 900 datae,
2401 864 2481 888 non

1409 905 1548 953 poterit
1568 905 1831 943 demonstrari.
1853 908 1930 944 Sed
1949 909 2045 944 haec
2061 915 2116 944 est
2138 907 2202 944 via
2217 907 2266 944 ad
2285 906 2481 944 invenien-

1411 962 1505 995 dum
1529 958 1655 1007 prima
1677 960 1863 1009 principia
1883 961 2272 1008 demonstrationum,
2302 960 2442 998 scilicet
2462 961 2481 981 '¹‘

1410 1013 1619 1060 procedere
1649 1025 1672 1049 a
1699 1015 1874 1051 mediatis
1903 1015 1952 1052 ad
1984 1015 2207 1052 immediata
2238 1014 2480 1052 resolvendo.

1468 1067 1502 1102 8.
1523 1066 1673 1103 Deinde
1704 1080 1793 1104 cum
1822 1068 1928 1105 dicit:
1949 1069 2128 1107 Similiter
2146 1074 2272 1106 autem
2300 1068 2372 1105 erit
2399 1076 2481 1117 etc.‚

1413 1120 1578 1157 ostendit
1605 1122 1711 1169 quod
1739 1122 1785 1158 sit
1813 1122 1984 1171 accipere
2011 1123 2183 1172 primum
2210 1123 2249 1160 in
2276 1121 2482 1170 negativis;

1414 1181 1450 1210 et
1479 1174 1567 1211 dicit
1595 1176 1700 1223 quod
1727 1175 1759 1212 si
1786 1178 1821 1213 A
1849 1184 2008 1224 negetur
2037 1178 2084 1215 de
2112 1178 2156 1225 B,
2177 1177 2208 1214 si
2236 1177 2283 1213 sit
2310 1175 2483 1225 accipere

1414 1227 1569 1276 aliquod
1597 1229 1781 1277 medium,
1803 1243 1826 1267 a
1853 1242 1930 1279 quo
1960 1231 2101 1268 scilicet
2126 1243 2197 1280 per
2222 1231 2328 1280 prius
2356 1242 2484 1267 remo-

1413 1289 1548 1318 veatur
1566 1285 1602 1319 A
1621 1295 1739 1331 quam
1759 1296 1782 1320 a
1795 1285 1866 1332 B*‚
1887 1292 1977 1322 tunc
1995 1286 2092 1322 haec
2108 1285 2334 1335 propositio,
2353 1286 2390 1321 B
2407 1295 2483 1321 non

1414 1340 1469 1371 est
1492 1338 1541 1382 A,
1563 1335 1631 1373 erit
1660 1338 1976 1376 demonstrabilis.
2008 1341 2048 1377 Si
2077 1348 2206 1378 autem
2238 1351 2319 1376 non
2346 1339 2393 1376 sit
2420 1338 2484 1375 ali-

1415 1390 1521 1438 quod
1547 1387 1620 1426 tale
1649 1391 1822 1428 medium
1851 1393 2035 1442 accipere,
2065 1407 2145 1431 non
2174 1394 2243 1431 erit
2274 1394 2370 1430 haec
2396 1405 2486 1442 pro-

1413 1443 1552 1491 positio
1570 1444 1892 1492 demonstrabilis,
1909 1449 2226 1498 sedprincipium
2247 1447 2485 1484 demonstra-

1415 1497 1538 1534 tionis.
1560 1498 1610 1534 Et
1636 1505 1692 1535 tot
1720 1507 1830 1537 erunt
1858 1502 2057 1551 elementa,
2083 1503 2182 1541 idest
2207 1502 2394 1551 principia
2422 1502 2486 1539 de·-

1415 1551 1712 1600 monstrationis,
1734 1561 1829 1602 quot
1848 1562 1958 1592 erunt
1976 1557 2144 1603 termini,·
2163 1560 2212 1595 ad
2228 1568 2326 1605 quos
2346 1557 2488 1594 scilicet

1416 1613 1544 1653 statur,
1565 1613 1608 1642 ut
1634 1607 1732 1643 ultra
1758 1619 1839 1645 non
1867 1608 1913 1645 sit
1934 1608 2106 1647 invenire
2135 1613 2321 1649 medium.
2341 1611 2488 1660 Propo-

1416 1659 1570 1697 sitiones
1600 1660 1702 1697 enim
1721 1673 1819 1710 quae
1839 1662 1937 1699 fiunt
1965 1676 2011 1701 ex
2033 1665 2291 1703 huiusmodi*
2304 1665 2487 1714 terminis,
2514 1681 2527 1710 ⁸.
2560 1688 2566 1704 ε

1417 1721 1504 1751 sunt
1530 1713 1722 1764 principia*
1739 1715 2084 1756 demonstrationis.
2110 1720 2208 1756 Puta
2233 1720 2263 1757 si
2293 1718 2324 1756 C
2352 1719 2489 1757 imme—

1417 1768 1516 1805 diate
1534 1769 1775 1816 praedicetur
1794 1770 1841 1807 de
1861 1771 1904 1819 Β,
1931 1779 1968 1809 et
1986 1774 2021 1809 A
2046 1773 2267 1811 immediate
2288 1785 2489 1811 removea-

1416 1830 1477 1859 tur
1495 1834 1519 1858 a
1537 1824 1581 1870 B,
1601 1831 1667 1869 aut
1683 1825 1924 1873 praedicetur
1943 1827 1990 1863 de
2017 1838 2062 1863 eo
2082 1827 2316 1877 immediate,
2337 1829 2368 1865 B
2390 1828 2492 1865 erit*

2504 377 2513 386 ·
2525 375 2614 397 Codd.—
2623 381 2683 400 req:
2694 377 2719 397 et

2504 403 2528 423 in
2534 401 2714 424 omn.-cf.infra.

2507 641 2515 651 ¹
2532 640 2568 662 Cf.
2578 641 2630 662 lect.
2642 647 2664 666 v,
2678 645 2718 662 nn.

2507 667 2529 694 6,
2545 673 2567 694 7.

2507 806 2515 814 ·
2525 804 2600 827 Codd.
2612 806 2669 830 (exc.
2679 810 2722 830 om

2509 835 2530 852 et
2545 838 2564 852 s.
2579 837 2611 853 m.
2625 834 2659 857 Al:
2682 837 2722 853 ve-

2508 858 2597 889 niatur.
2607 869 2617 874 -
2627 864 2642 879 Α
2650 864 2673 885 p.
2688 864 2722 880 m.

2508 890 2586 906 mven.

2510 970 2518 979 ·
2526 967 2614 991 Codd.-
2623 973 2644 989 γε
2652 967 2725 991 idest.

2511 1349 2522 1360 “
2536 1354 2660 1374 missoqu-
2670 1351 2692 1370 et
2719 1363 2731 1370 .

2512 1381 2544 1397 m.
2559 1379 2603 1398 uk:
2618 1380 2688 1404 quan

2516 1839 2529 1851 '⁶
2541 1838 2672 1862 ceddae:
2687 1840 2737 1861 efl—

1417 1876 1602 1913 terminus
1631 1877 1680 1914 ad
1709 1890 1825 1927 quem
1847 1879 1867 1900 '¹‘
1885 1879 2020 1917 ultimo
2047 1882 2270 1930 pervenitur
2296 1883 2335 1920 in
2354 1883 2491 1921 mediis
2516 1898 2527 1908 ·
2548 1893 2551 1896 ⁴
2603 1904 2610 1911 ·

1419 1930 1633 1967 sumendis:
1654 1933 1758 1969 unde
1781 1940 1942 1982 utraque
1969 1936 2181 1984 propositio
2203 1937 2272 1974 erit
2289 1937 2490 1976 immedia-

1419 1991 1468 2032 ta,
1485 1992 1523 2021 et
1537 1985 1871 2024 demonstrationis
1884 1988 2125 2038 principium.
2143 1992 2193 2028 Et
2204 1998 2310 2040 patet
2323 2004 2369 2029 ex
2381 2004 2492 2042 prae-

1422 2038 1546 2076 missis
1565 2040 1586 2061 *
1602 2041 1707 2088 quod
1736 2041 1832 2078 sicut
1859 2050 1946 2080 sunt
1973 2043 2165 2092 quaedam
2182 2045 2368 2096 principia
2386 2046 2491 2084 inde-

1423 2094 1682 2131 monstrabilia
1710 2095 1950 2144 affirmativa,
1970 2097 2009 2134 in
2037 2098 2176 2146 quibus
2199 2111 2322 2138 unum
2351 2100 2398 2137 de
2418 2101 2492 2139 alio

1420 2149 1681 2197 praedicatur,
1715 2149 1964 2198 significando
2002 2152 2109 2201 quod
2141 2154 2214 2190 hoc
2250 2154 2495 2193 essentialiter

1422 2208 1477 2239 est
1493 2203 1599 2250 illud,
1621 2203 1716 2240 sicut
1736 2216 1825 2242 cum
1844 2217 1965 2253 genus
1991 2206 2233 2254 praedicatur
2251 2208 2298 2245 de
2316 2210 2495 2258 proxima

1423 2257 1565 2306 specie,
1584 2258 1647 2294 vel
1674 2258 1746 2294 hoc
1763 2259 1812 2295 sit
1837 2260 1875 2296 in
1895 2258 1970 2305 illo,
1992 2259 2088 2296 sicut
2115 2273 2205 2298 cum
2227 2263 2356 2312 passio
2383 2276 2493 2314 prae-

1423 2311 1568 2349 dicatur
1597 2311 1645 2348 de
1671 2312 1828 2360 proprio
1854 2313 1875 2334 *
1903 2319 1940 2349 et
1972 2313 2196 2352 immediato
2225 2316 2414 2365 subiecto;
2443 2318 2495 2356 ita

1423 2365 1537 2402 etiam
1561 2373 1648 2402 sunt
1665 2365 1850 2415 principia
1869 2366 2220 2407 indemonstrabilia
2239 2370 2278 2408 in
2297 2372 2493 2420 negativis,

1422 2419 1598 2468 negando
1627 2420 1691 2457 vel
1721 2420 1741 2441 *
1765 2420 1961 2458 essentiale
1984 2421 2264 2472 praedicatum,
2289 2426 2351 2462 vel
2380 2425 2494 2464 etiam

1421 2473 1618 2523 propriam
1636 2473 1868 2523 passionem.
1890 2475 1948 2511 Ex
1969 2487 2046 2524 quo
2059 2484 2164 2526 patet
2179 2477 2284 2527 quod
2303 2479 2495 2528 quaedam

1422 2535 1510 2564 sunt
1523 2527 1708 2576 principia
1727 2527 2060 2567 demonstrationis
2085 2530 2133 2567 ad
2153 2531 2495 2570 demonstrandum

1424 2581 1711 2618 conclusionem
1731 2582 2019 2630 affirmativam,
2031 2595 2148 2633 quam
2173 2591 2324 2634 oportet
2343 2587 2495 2623 conclu-

1425 2635 1513 2673 dere
1544 2647 1588 2672 ex
1617 2635 1798 2672 omnibus
1831 2635 2084 2684 affirmativis;
2116 2644 2152 2674 et
2180 2639 2372 2687 quaedam
2407 2647 2495 2678 sunt

1423 2688 1608 2738 principia
1632 2689 1966 2727 demonstrationis
1994 2690 2043 2727 ad
2069 2691 2315 2740 probandum
2345 2694 2496 2730 conclu-

1425 2743 1575 2780 sionem
1603 2742 1836 2790 negativam,
1865 2743 1915 2780 ad
1948 2743 2055 2780 cuius
2079 2744 2286 2783 illationem
2305 2746 2327 2768 '²
2346 2754 2498 2796 oportet

1427 2808 1620 2834 assumere
1650 2796 1817 2845 aliquam
1846 2796 2074 2844 negativam.

1480 2862 1516 2898 9.
1538 2849 1686 2887 Deinde
1716 2862 1804 2886 cum
1826 2849 1930 2886 dicit:
1957 2851 2052 2888 Cum
2072 2857 2198 2888 autem
2218 2858 2391 2901 oporteat
2412 2860 2495 2902 etc.‚

1427 2903 1591 2941 ostendit
1609 2903 1808 2953 quomodo
1829 2904 2015 2941 utendum
2035 2905 2082 2941 sit
2094 2911 2102 2925 ‘
2116 2905 2249 2954 primis
2267 2907 2496 2956 propositio-

1427 2957 1538 2994 nibus
1567 2957 1605 2994 in
1635 2957 1945 2995 demonstrando.
1967 2959 2016 2995 Et
2033 2958 2173 3008 prime,
2198 2960 2237 2997 in
2259 2959 2495 2998 demonstra-

1427 3011 1593 3048 tionibus
1612 3011 1632 3032 *
1650 3011 1903 3058 affirmativi83
1925 3013 2107 3060 secundo,
2128 3012 2167 3050 in
2195 3013 2396 3062 negativis;
2426 3013 2494 3052 ibi:

1426 3067 1473 3103 In
1487 3065 1687 3114 privativis
1705 3071 1830 3103 autem
1845 3066 1866 3087 ’²
1882 3073 1950 3103 etc.
1981 3066 2092 3104 Circa
2109 3067 2281 3116 primum
2301 3067 2371 3105 tria
2390 3067 2494 3106 facit:

1427 3118 1565 3169 primo,
1588 3119 1752 3156 ostendit
1781 3119 1939 3168 qualiter
1957 3127 2131 3170 oporteat
2150 3133 2302 3158 sumere
2321 3120 2495 3171 proposi·

1427 3172 1550 3210 tiones
1573 3171 1717 3222 primas
1746 3179 1783 3210 et
1811 3172 2051 3211 immediatas
2069 3179 2083 3196 ⁸
2101 3173 2140 3212 in
2166 3174 2496 3213 demonstrationi-

1425 3325 1466 3351 his
1484 3326 1713 3358 propositionibus
1731 3331 1792 3358 etc.;
1816 3327 1840 3352 1:
1861 3326 1961 3359 primis
1979 3327 2123 3360 principiis
2146 3327 2172 3353 in
2193 3332 2241 3353 etc.
2247 3335 2255 3359 ;
2279 3327 2302 3353 N
2320 3335 2374 3352 om.
2393 3333 2495 3360 propo-

307 3356 426 3390 (CELT,
441 3358 541 3383 medios
560 3359 687 3383 terminos
694 3366 703 3389 ;
722 3359 760 3389 H,
779 3359 847 3384 med.
867 3363 943 3384 term.
962 3359 1048 3394 esse),
1064 3361 1111 3393 qui
1132 3361 1314 3393 accipiuntur,
1334 3368 1372 3386 ex

306 3394 396 3418 eodem
415 3401 512 3426 genere
531 3393 582 3426 (N,
601 3401 638 3419 ex
656 3394 746 3419 eodem
762 3396 896 3420 communi
910 3402 1006 3428 genere
1012 3402 1021 3425 ;
1040 3396 1079 3426 Η,
1103 3396 1129 3421 in
1149 3397 1240 3421 eodem
1258 3397 1370 3430 genere)

307 3431 333 3452 et
347 3429 433 3460 (etiam
449 3429 471 3453 G
486 3437 538 3454 om.
558 3429 604 3462 ex)
620 3430 717 3454 eisdem
730 3430 835 3455 atomis.
854 3431 947 3456 Pinnae
966 3431 1117 3456 suffecimus
1136 3432 1273 3457 lectionem
1288 3432 1373 3463 codd„

308 3471 374 3496 quae
393 3465 474 3496 magis
494 3465 609 3496 expedita
626 3465 734 3490 videtur.

361 3497 384 3531 θ)
405 3499 507 3529 Primo,
534 3500 702 3533 manifestum
726 3507 782 3525 esse
804 3506 852 3526 etc.
868 3514 887 3520 —-
906 3501 943 3525 D:
965 3501 1085 3533 primum
1110 3502 1278 3536 manifestum
1302 3509 1373 3532 esse,-

308 3533 378 3558 ACO
386 3569 407 3592 Α
423 3534 513 3566 primo
542 3535 710 3568 manifestum
735 3539 775 3560 est
785 3543 794 3565 ‚·
819 3536 859 3561 G:
888 3536 980 3568 primo
1009 3537 1088 3562 modo
1118 3537 1287 3571 manifestum
1317 3545 1373 3564 esse

308 3575 367 3593 cum
411 3586 417 3593 .

364 3604 381 3636 ι)
401 3604 530 3629 Utendum
545 3605 579 3629 sit
589 3606 686 3637 primis
700 3611 747 3630 etc.
757 3606 806 3631 -A
821 3614 846 3638 p.
857 3614 904 3631 m.:
921 3607 1046 3632 utendum
1061 3607 1098 3640 (s.
1109 3615 1144 3632 m.
1158 3608 1216 3633 add.
1227 3607 1277 3641 sit)
1293 3609 1372 3641 prius

1424 3361 1572 3387 sitionibus.

1479 3397 1505 3429 κ)
1526 3397 1648 3427 Qualiter
1660 3400 1784 3430 oporteat
1802 3405 1905 3423 sumere
1918 3398 2118 3431 propositiones
2131 3398 2239 3431 primas
2251 3401 2279 3424 et
2292 3396 2496 3424 immediatas.-

1424 3432 1520 3457 AGIL:
1540 3433 1672 3466 quomodo
1691 3435 1814 3466 oporteat
1837 3441 1942 3459 sumere
1964 3433 2015 3466 (L,
2033 3441 2181 3463 assumere:
2199 3434 2222 3464 Ι,
2241 3433 2415 3466 accipere).—
2428 3432 2495 3458 Cum

1426 3468 1556 3493 codicibus
1582 3468 1704 3502 legimus:
1725 3469 1924 3501 propositiones
1943 3469 2050 3501 primas
2072 3471 2099 3494 et
2117 3469 2299 3498 immediatas;
2318 3468 2351 3493 P:
2370 3467 2495 3500 proposi-

1426 3503 1510 3528 tiones
1530 3503 1706 3530 immediatas.
1726 3504 1781 3529 Dixi
1794 3512 1854 3530 cum
1868 3504 2009 3534 codicibus.
2029 3512 2090 3530 mm
2109 3512 2125 3530 a
2138 3504 2249 3530 lectione
2267 3502 2399 3530 communi
2418 3502 2494 3528 codd.

1426 3546 1477 3563 non
1489 3539 1631 3572 excipimus
1642 3540 1694 3570 AB,
1705 3539 1766 3572 quia
1779 3545 1805 3564 et
1817 3540 1865 3573 ipsi
1879 3539 1991 3565 indicant
2004 3540 2141 3565 lectionem
2154 3539 2264 3564 aliorum
2278 3533 2417 3564 codd.-A⁸:
2427 3545 2495 3570 pro-

1421 3574 1569 3606 positiones
1589 3574 1720 3607 proprias
1740 3575 1847 3607 primas
1872 3575 2054 3606 immediatas,
2080 3575 2127 3600 sed
2141 3575 2272 3608 proprias
2290 3573 2444 3607 expungitur
2462 3574 2496 3599 ab

1426 3617 1519 3641 aman-3
1538 3610 1573 3634 B:
1592 3609 1790 3642 propositiones
1804 3610 1934 3643 proprias
1952 3613 1978 3635 et
1997 3609 2173 3635 immediatas.

2518 2058 2530 2070 ⁶
2545 2057 2582 2080 Cf.
2596 2057 2649 2080 leet.
2663 2062 2738 2086 nvn..

2520 2091 2544 2107 n.
2553 2091 2574 2113 5,
2590 2089 2656 2113 seqq.

2521 2333 2531 2343 ·
2546 2331 2623 2354 codd.
2639 2332 2742 2358 {excae

2521 2360 2570 2407 323.
2581 2357 2741 2413 imm?

2521 2438 2534 2451 ⁸
2546 2437 2587 2460 Vel
2599 2443 2628 2460 ex
2639 2436 2732 2460 codd.-

2522 2465 2603 2488 Euam
2617 2470 2666 2487 om.
2675 2469 2716 2486 ιο.

2524 2761 2534 2770 '
2553 2766 2583 2782 o:
2607 2759 2742 2783 concludo-

2523 2793 2585 2809 nem.

2524 3030 2534 3038 ”
2545 3029 2621 3052 Codd.
2629 3041 2640 3047 -
2646 3035 2672 3052 r:
2677 3034 2742 3058 pro-

2518 3056 2688 3085 position-au.

2522 3088 2534 3100 ³
2542 3088 2613 3110 Num.
2628 3093 2659 3116 ¹3-
