2548 4192
919 329 974 365 IN
1005 329 1042 366 S.
1065 330 1306 369 THOMAM
1333 333 1655 380 AQUINATEM

194 406 241 436 cia
263 406 434 446 pluresque
457 406 623 445 dignitates
655 407 791 438 maiores
820 407 1035 449 minoresque.
1070 409 1170 439 Porro
1195 421 1264 440 sen-

193 450 290 481 tentia
313 461 337 480 s.
354 450 502 480 Thomae
525 457 582 488 est,
607 461 705 491 quam
729 452 870 492 plerique
894 453 1121 492 theologorum
1146 455 1263 494 ample-

193 501 330 530 ctuntur,
341 493 477 524 Ordines
493 494 609 534 quibus
620 495 803 526 Hierarchia
819 496 1024 527 ecclesiastica
1041 505 1172 535 constat,
1184 498 1263 529 alios

191 547 259 568 esse
291 537 395 568 officia
418 548 453 568 ac
477 538 643 578 dignitates
667 546 698 570 et
726 540 927 571 Sacramenta
959 541 1075 579 simul,
1101 542 1263 583 aliumque

190 583 317 612 altioris
339 582 505 612 cuiusdam
530 584 704 623 ministerii>
722 584 877 615 Ordinem
901 595 973 625 erga
999 596 1114 626 corpus
1146 586 1262 617 Christi

190 626 373 667 mysticum,
393 626 509 657 scilicet
527 627 769 668 Episcopatum,
794 629 832 659 de
856 639 922 670 quo
947 640 1026 660 num
1047 631 1087 660 sit
1106 630 1262 661 Ecclesiae

190 670 441 708 Sacramentum,
462 671 635 711 disceptare
658 672 692 702 in
716 680 884 714 utramque
908 681 1030 714 partem
1052 675 1134 705 licet.

256 715 318 745 Pro
338 715 439 745 aiente
456 716 609 746 sententia
625 717 764 747 adhiberi
781 718 917 748 maxime
941 719 1044 749 solent
1059 719 1153 749 verba
1172 722 1260 759 Apo-

190 759 283 797 stoli,
307 769 389 799 quae
422 759 571 800 Synodus
595 760 781 791 Tridentina
812 762 920 792 laudat
944 763 1045 803 capite
1068 774 1102 793 111
1126 773 1163 793 ex
1186 764 1260 804 Epi-

190 803 271 833 stola
281 803 307 833 11
318 803 359 833 ad
374 803 597 842 Timotheum,
615 805 715 845 capite
729 816 750 844 1,
767 816 846 837 vers.
866 808 884 837 6
902 807 1079 847 desumpta:
1096 808 1261 838 Admoneo

190 852 230 884 te,
257 853 292 878 ut
312 849 483 879 resuscites
504 850 648 889 gratiam
665 850 738 887 Dei,
758 860 842 891 quae
857 857 903 882 est
919 853 950 881 in
968 857 998 882 te
1011 862 1074 892 per
1090 853 1260 892 impositio-

189 901 260 922 nem
277 902 431 922 manuum
449 903 605 924 mearum.
622 894 682 924 His
697 895 783 935 paria
799 902 873 926 sunt
887 906 969 936 quae
984 896 1069 926 idem
1084 896 1261 937 Apostolus

188 935 283 967 habet
305 936 449 977 Epistola
465 938 488 976 l,
501 948 568 978 cap.
580 948 622 976 tv,
632 944 661 968 v.
677 946 724 978 14:
734 940 811 969 Noli
827 941 996 981 negligere
1010 942 1166 981 gratiam,
1178 951 1261 982 quae

189 981 222 1010 in
247 986 277 1011 te
295 986 352 1018 est,
371 991 454 1022 quae
476 982 553 1012 data
570 983 687 1013 esttibi
699 993 763 1023 per
779 985 982 1024 prophetiam
1000 983 1176 1026 (declarato
1201 987 1260 1016 sci-

188 1024 260 1055 licet
283 1035 339 1065 per
361 1026 588 1057 revelationem
611 1026 719 1057 divino
751 1027 941 1070 suffragio),
965 1039 1037 1059 cum
1062 1030 1261 1070 impositione

189 1079 343 1099 manuum
362 1071 571 1111 presbyterii.
592 1072 639 1101 De
663 1072 862 1103 ordinatione
886 1073 934 1103 his
958 1072 1036 1103 locis
1062 1074 1180 1113 agitur,
1205 1085 1261 1114 per

188 1123 287 1154 quam
310 1114 408 1153 gratia
431 1115 491 1144 Dei
515 1115 694 1154 confertur,
719 1117 759 1146 ad
783 1126 901 1147 munus
934 1127 1031 1148 suum
1055 1118 1148 1157 digne
1171 1128 1259 1158 pera-

187 1158 330 1196 gendum
353 1158 541 1189 necessaria:
574 1160 739 1201 agiturque
768 1167 927 1201 praeterea
957 1162 996 1191 de
1026 1162 1202 1192 Timotheo
1226 1163 1259 1193 in

187 1201 386 1242 Episcopum
402 1202 559 1233 ordinato.
572 1204 680 1244 Itaque
700 1205 857 1235 ordinatio
872 1205 926 1235 illa
940 1205 1150 1246 Episcopalis‚
1168 1205 1259 1237 sicuti

187 1255 244 1285 per
266 1256 337 1276 eam
359 1246 458 1286 gratia
480 1247 539 1278 Dei
564 1249 677 1279 collata
701 1256 757 1285 est,
773 1249 816 1279 ita
838 1249 903 1279 veri
920 1250 1059 1280 nominis
1084 1250 1143 1280 dici
1168 1250 1260 1282 debet

186 1290 436 1321 Sacramentum.
453 1292 618 1323 Accedunt
632 1293 789 1324 Ecclesiae
811 1293 928 1332 Patres,
946 1304 1087 1335 quorum
1110 1294 1191 1325 infra
1214 1302 1259 1325 te-

187 1334 339 1373 stimonia
358 1335 545 1366 adducenda
569 1345 652 1368 sunt.

150 1382 153 1384 ’
193 1378 199 1381 ”
252 1379 395 1410 Prudens
428 1387 458 1410 et
490 1381 635 1421 apposita
660 1387 725 1419 est,
749 1391 848 1422 quam
881 1382 1014 1413 Ioannes
1039 1394 1056 1414 a
1080 1393 1104 1413 s.
1131 1383 1259 1414 Thorna

185 1423 259 1454 loco
292 1424 438 1464 superius
471 1424 565 1456 citato
598 1425 840 1466 responsionem
871 1426 968 1457 affert.
999 1440 1013 1455 α
1036 1428 1259 1468 Respondetur

187 1479 203 1495 »
226 1468 431 1499 concedendo
461 1467 588 1511 (inquit
615 1468 692 1512 ille)
721 1471 810 1512 quod
838 1470 871 1500 in
894 1471 949 1501 illo
980 1471 1054 1502 loco
1083 1473 1259 1512 Apostolus

187 1522 203 1539 ²
224 1512 368 1553 loquitur
384 1513 423 1543 de
439 1514 638 1545 ordinatione
652 1515 816 1545 Timothei
832 1515 865 1545 in
881 1516 1090 1556 Episcopum,
1101 1523 1138 1547 ut
1153 1517 1259 1557 plures

187 1568 203 1584 »
225 1557 331 1587 Patres
354 1557 553 1598 intelligunt:
579 1559 634 1589 sed
658 1569 723 1590 non
748 1560 786 1589 de
810 1560 888 1598 sola,
913 1561 968 1590 sed
992 1561 1087 1591 etiam
1111 1561 1150 1591 de
1174 1563 1258 1592 ordi-

187 1611 204 1629 »
225 1601 355 1632 natione
378 1602 411 1632 in
439 1604 677 1644 presbyterum;
701 1611 875 1645 utrumque
908 1605 993 1635 enirn
1023 1605 1148 1635 videtur
1171 1617 1258 1637 com-

187 1656 203 1672 »
225 1645 427 1686 prehendisse
451 1647 568 1678 Paulus
592 1648 653 1678 illis
675 1648 795 1685 verbis;
820 1649 909 1689 quod
942 1659 1008 1679 non
1042 1650 1174 1680 obscure
1205 1651 1257 1681 alii

186 1701 203 1716 ι
224 1690 330 1720 Patres
353 1690 502 1722 indicant.
529 1692 728 1732 Augustinus
753 1692 820 1734 (vel
836 1695 947 1733 potius
962 1694 1049 1724 alius
1071 1694 1200 1735 auctor)
1225 1696 1257 1725 in

186 1745 201 1760 ι
224 1733 305 1764 libro
329 1736 555 1775 quaestionum
579 1746 616 1767 ex
638 1737 734 1767 veteri
751 1744 782 1767 et
805 1747 890 1768 novo
906 1738 1114 1768 Testamento
1136 1749 1166 1779 q.
1183 1749 1258 1769 xcni

186 1790 202 1805 »
224 1778 360 1819 loquens
383 1779 423 1810 de
447 1781 680 1822 insufflatione,
698 1791 763 1822 qua
786 1781 878 1812 datur
894 1783 1096 1823 preshyteris
1119 1790 1257 1823 potestas

186 1832 201 1850 »
223 1823 407 1854 absolvendi
431 1835 449 1854 a
472 1825 606 1865 peccatis
630 1823 733 1867 (quod
750 1832 873 1856 constat
886 1825 953 1856 fieri
976 1827 1009 1857 in
1029 1827 1255 1868 presbyteratu,

185 1878 202 1894 ι
219 1877 290 1905 ‚non
314 1867 347 1897 in
371 1868 593 1911 Episcopatu),
609 1869 728 1910 inquit:
745 1869 921 1910 Inspiratio
937 1880 1017 1912 ergo
1040 1871 1129 1909 haec,
1144 1873 1256 1912 gratia

186 1921 202 1937 ι
223 1911 381 1952 quaedam
406 1918 473 1950 est,
497 1923 581 1954 quae
598 1923 661 1954 per
685 1915 888 1944 traditionem
913 1915 1100 1956 infunditur
1124 1916 1254 1947 ordina-

185 1966 201 1981 »
223 1956 276 1993 tis,
294 1965 358 1996 per
380 1967 476 1998 quam
497 1959 783 1990 commendatiores
800 1959 991 1990 habeantur.
1013 1960 1105 1990 Unde
1122 1961 1256 2000 Aposto-

185 2009 200 2025 »
223 2000 276 2030 lus
298 2000 375 2031 dicit
393 2001 437 2032 ad
456 2002 672 2034 Timotheum:
687 2004 774 2041 Noli,
792 2003 906 2044 inquit,
925 2005 1094 2045 negligere
1110 2007 1254 2045 gratiam

185 2054 201 2070 ι
223 2054 307 2085 quae
325 2047 427 2076 estin
453 2051 493 2083 te,
511 2056 594 2087 quae
616 2048 694 2078 data
718 2053 765 2078 est
788 2049 843 2079 tibi
860 2058 924 2088 per
940 2050 1170 2089 impositionem
1188 2060 1255 2080 ma-

185 2098 200 2114 »
223 2098 323 2119 nuum
337 2090 546 2131 presbyterii.
566 2092 720 2123 intellexit
742 2103 850 2133 ergo...
868 2093 953 2123 hunc
973 2093 1083 2124 locum
1107 2094 1255 2134 Apostoli

185 2145 200 2161 ι»
223 2133 318 2164 etiam
334 2135 488 2174 pertinere
505 2136 545 2166 ad
561 2136 648 2168 illam
667 2137 811 2176 gratiam,
827 2147 909 2178 quae
925 2137 964 2167 ad
981 2138 1167 2169 remittenda
1183 2149 1254 2179 pec-

185 2190 200 2206 »
223 2185 292 2210 cata
314 2179 406 2210 datur
429 2180 660 2211 sacerdotibus:
679 2188 710 2211 et
725 2182 768 2213 sic
784 2182 901 2212 Paulus
920 2191 987 2212 non
1004 2183 1043 2212 de
1062 2182 1129 2213 sola
1145 2193 1255 2214 conse-

185 2234 201 2250 »
224 2223 362 2254 eratione
377 2223 411 2254 in
421 2224 630 2265 Episcopum,
647 2226 702 2256 sed
713 2226 751 2257 de
767 2226 966 2257 ordinatione
977 2227 1147 2268 presbyteri
1159 2228 1255 2258 etiam

183 2279 199 2294 »
221 2267 373 2309 loquitur.
398 2269 449 2298 Ad
465 2269 541 2300 haec
564 2270 753 2301 Ambrosius
778 2270 842 2300 sive
866 2278 977 2301 auctor
995 2271 1251 2303 Commentario-

184 2324 200 2340 »
221 2322 295 2342 rum
324 2313 357 2343 in
386 2312 546 2353 Epistolas
570 2314 659 2344 Pauli
683 2314 798 2356 (quem
822 2315 907 2346 docti
930 2316 1080 2356 plerique
1109 2317 1253 2347 eumdem

183 2368 198 2383 ι
218 2358 403 2388 existimant
426 2367 497 2388 cum
522 2364 655 2389 auctore
678 2359 810 2390 laudato
838 2361 1060 2400 quaestionum
1085 2371 1127 2391 ex
1155 2363 1255 2392 veteri

182 2413 198 2429 ι
217 2406 248 2432 et
262 2412 344 2432 novo
364 2402 602 2444 Testamenta),
615 2413 710 2443 super
726 2404 737 2434 I
753 2404 792 2434 ad
809 2404 965 2441 Timoth.,
983 2414 1008 2434 c.
1021 2412 1061 2434 iv:
1079 2406 1252 2443 Manuum,

183 2458 198 2473 ›
220 2446 334 2487 inquit,
359 2448 584 2486 impositiones,
610 2448 706 2478 verba
728 2453 805 2479 sunt
827 2450 976 2488 mystica,
1001 2449 1116 2488 quibus
1138 2450 1253 2488 confir-

183 2503 199 2518 »
221 2496 332 2521 matur
354 2491 398 2522 ad
419 2501 500 2531 opus
523 2492 651 2528 electus,
677 2497 713 2522 ut
738 2492 858 2522 audeat
889 2494 956 2523 vice
976 2493 1110 2523 Domini
1133 2493 1254 2534 offerre

183 2548 199 2563 ι»
221 2535 426 2574 sacrificium.
453 2538 552 2566 Actus
585 2543 692 2566 autem
715 2536 866 2567 offerendi
890 2536 1078 2567 sacrificium
1104 2545 1150 2568 est
1180 2549 1253 2578 pro-

184 2593 199 2608 »
222 2580 309 2621 prius
332 2580 509 2618 sacerdotii,
533 2591 600 2610 non
616 2580 844 2621 Episcopatus:
870 2591 944 2621 ergo
968 2582 1099 2612 nomine
1120 2582 1253 2623 imposi-

184 2637 200 2653 ι
222 2625 318 2656 tionis
341 2635 498 2655 manuum
521 2624 666 2664 intelligit
680 2625 856 2665 Apostolus
875 2636 942 2655 non
965 2626 1068 2656 solam
1092 2637 1253 2658 consecra-

184 2682 200 2698 »
221 2670 344 2701 tionem
367 2669 602 2710 Episcopalem‚
620 2670 674 2699 sed
698 2669 793 2699 etiam
813 2670 1047 2700 ordinationem
1077 2672 1253 2702 sacerdota-

184 2726 201 2745 ».
221 2714 316 2745 lem.»
334 2714 386 2744 Ad
400 2713 432 2744 id
447 2714 583 2744 maxime
600 2713 674 2744 facit
689 2713 858 2745 Christiani
875 2714 957 2754 Lupi
974 2715 1204 2745 animadversio
1220 2716 1252 2746 in

183 2759 357 2799 appendice
368 2758 407 2788 ad
418 2758 571 2789 Scholion
581 2759 613 2788 in
625 2768 780 2788 canonem
790 2769 821 2788 tv
833 2758 958 2789 Concili
967 2759 1107 2790 Nicaeni:
1120 2760 1249 2800 Episco-

175 2808 304 2843 patum,
321 2803 504 2844 inquientis,
521 2808 552 2833 et
565 2803 828 2843 presbyteratum
849 2813 917 2833 esse
933 2804 1004 2834 iure
1019 2804 1128 2835 divino
1142 2805 1252 2835 distin-

182 2852 249 2878 ctos
263 2849 393 2878 omnino
412 2847 569 2878 Ordines:
587 2847 705 2888 primis
721 2855 827 2878 tamen
851 2848 916 2878 illis
931 2848 1096 2879 Ecclesiae
1111 2849 1254 2880 exordiis

181 2893 339 2923 neminem
349 2892 521 2923 dumtaxat
531 2893 563 2922 in
573 2892 812 2932 preshyterum,
823 2892 881 2922 sed
889 2902 1014 2923 omnem
1024 2894 1251 2936 presbyterum

182 2937 336 2976 complete
349 2938 381 2966 in
396 2937 588 2976 Episcopum
603 2937 752 2967 ordinari
766 2937 966 2967 consuevisse
986 2943 1016 2968 et
1030 2939 1116 2969 hunc
1131 2948 1251 2969 morem

181 2980 303 3011 dudum
315 2989 540 3020 perseverasse
550 2982 582 3010 in
593 2981 781 3020 quibusdam
792 2981 956 3019 Ecclesiis,
968 2984 1163 3022 praesertim
1178 2984 1252 3013 Ale-

179 3024 357 3055 xandrina.
374 3024 472 3055 Favet
485 3025 640 3054 Batonius
656 3025 830 3055 Annalium
846 3035 958 3065 parens
973 3026 1013 3056 ad
1030 3036 1080 3057 an.
1091 3038 1133 3064 LI,
1149 3038 1180 3057 n.
1193 3028 1250 3058 62:

185 3082 202 3097 α
224 3069 322 3106 Quod
344 3078 419 3098 vero
449 3078 525 3098 mox
547 3069 633 3098 idem
655 3069 831 3109 Apostolus
856 3070 976 3100 subdit:
1000 3071 1136 3111 Propter
1155 3082 1251 3112 quam

186 3125 200 3140 »
224 3122 355 3144 causam
372 3112 527 3143 admoneo
551 3118 591 3149 te,
618 3118 653 3143 ut
668 3114 837 3144 resuscites
852 3116 995 3155 gratiam
1011 3116 1084 3152 Dei,
1105 3125 1188 3156 quae
1207 3122 1253 3147 est

185 3169 201 3184 ι
225 3158 256 3187 ἰη
274 3162 304 3187 te
315 3166 378 3196 per
395 3157 624 3196 impositionem
641 3167 796 3188 manuum
813 3168 974 3196 mearum,
999 3159 1106 3199 ipsum
1123 3170 1140 3190 a
1156 3170 1188 3190 se
1205 3171 1252 3190 sa-

185 3215 200 3230 »
224 3201 282 3232 cris
297 3201 457 3231 initiatum
480 3200 576 3231 fuisse
596 3201 782 3240 significat...
802 3203 852 3233 Ad
871 3203 978 3242 ipsum
993 3203 1056 3234 iarn
1074 3211 1164 3234 antea
1179 3205 1252 3235 scri-

187 3259 201 3273 »
225 3252 328 3286 pserat
343 3245 448 3275 dicens
468 3243 495 3286 (1
510 3245 654 3279 Timoth.
671 3256 739 3286 cap.
755 3245 816 3288 xv):
833 3247 910 3277 Noli
925 3248 1094 3288 negligere
1107 3250 1250 3288 gratiam

186 3303 201 3319 x
224 3300 307 3331 quae
330 3290 362 3319 in
378 3294 408 3319 te
424 3294 481 3326 est,
507 3299 591 3329 quae
614 3290 692 3320 data
717 3295 764 3321 est
787 3291 842 3322 tibi
858 3301 923 3331 per
938 3292 1153 3331 prophetiam,
1179 3303 1250 3323 cum

184 3347 201 3363 ιι
224 3335 422 3374 impositione
437 3343 590 3363 manuum
603 3334 800 3374 presbyterii
810 3357 817 3365 .
830 3358 838 3366 .
851 3358 859 3366 .
876 3336 1053 3372 Quomodo
1073 3343 1180 3366 autem
1195 3347 1251 3376 po-

185 3392 200 3407 »
224 3386 289 3409 stea
312 3379 351 3408 ab
375 3378 489 3408 eodem
512 3378 613 3408 Paulo
637 3378 812 3418 praefectus
835 3379 875 3410 sit
889 3379 1125 3418 Ephesinorum
1143 3380 1251 3410 Eccle-

186 3436 202 3451 ι
224 3423 298 3461 siae,
323 3432 383 3452 suo
406 3422 479 3452 loco
504 3421 684 3453 dicemus.»
703 3423 753 3452 Ad
777 3423 971 3463 Aquinatem
994 3430 1139 3453 nostrum
1162 3425 1251 3464 quod

182 3467 311 3504 attinet,
345 3467 377 3496 in
407 3466 648 3496 Commentario
680 3467 719 3496 ad
748 3476 784 3496 ea
807 3466 954 3507 Apostoli
978 3466 1047 3497 loca
1079 3467 1250 3498 ordinatio—

184 3521 260 3542 nem
282 3510 446 3542 Timothei
470 3510 502 3540 in
518 3510 717 3551 Episcopum
739 3511 897 3551 intelligit:
914 3511 985 3540 loca
1003 3511 1114 3541 eadem
1138 3512 1177 3541 ad
1200 3521 1251 3542 or—

183 3556 381 3586 dinationem
413 3556 643 3596 presbyteratus
675 3554 768 3585 refert
790 3562 876 3595 parte
908 3556 949 3585 111
980 3555 1131 3586 Summae
1163 3556 1252 3586 theo-

185 3599 315 3639 logicae,
327 3610 381 3641 qu.
392 3610 513 3636 Lxxxiv,
523 3606 577 3630 art.
589 3610 631 3629 iv.
643 3599 727 3629 Hinc
746 3613 760 3627 ι
771 3600 916 3640 probatio
928 3599 1064 3630 Concilii
1075 3599 1252 3630 Tridentini

187 3655 204 3671 w
227 3642 343 3686 (verba
371 3651 446 3674 sunt
469 3644 595 3674 Ioannis
619 3654 637 3673 a
660 3654 684 3674 s.
700 3642 852 3686 Thoma)
883 3650 943 3674 stat
974 3643 1081 3674 firma:
1107 3654 1143 3674 ex
1175 3644 1253 3674 locis

185 3699 202 3714 a»
225 3688 322 3727 enim,
342 3689 397 3719 ubi
420 3689 538 3719 Paulus
561 3688 705 3729 loquitur
720 3688 758 3718 de
781 3688 879 3729 gratia
903 3689 974 3719 data
997 3688 1030 3718 in
1053 3688 1251 3719 ordinatione

2274 351 2394 377 CCXCV

1322 424 1336 439 2>
1360 413 1479 453 colligit
1489 413 1643 445 Ordinem
1658 425 1724 445 esse
1735 415 1992 446 Sacramentum:
2010 427 2076 447 non
2093 417 2167 457 quia
2182 417 2224 447 ibi
2239 419 2392 459 loquatur

1322 468 1336 483 »
1359 458 1534 496 Apostolus
1552 459 1590 489 de
1606 459 1674 489 sola
1690 460 1925 490 consecratione
1944 460 1977 489 in
1995 461 2226 501 Episcopum...
2242 463 2296 492 sed
2312 463 2389 503 quia

1321 511 1335 526 >
1357 500 1401 531 ibi
1433 502 1623 542 loquebatur
1655 503 1772 533 Paulus
1801 504 1896 534 etiam
1927 504 1965 533 de
1998 505 2195 535 ordinatione
2226 506 2390 537 Timothei

1321 556 1336 570 »
1358 545 1390 575 in
1415 547 1667 587 presbyterum...
1687 548 1728 578 Et
1744 547 1787 578 sic
1804 548 2029 588 consequentia
2045 556 2076 579 et
2090 549 2235 579 collectio
2251 549 2388 581 Concilii

1321 600 1335 614 ³
1359 589 1468 620 efficax
1491 598 1551 621 est:
1577 592 1754 632 probatque
1771 591 1926 622 Ordinem
1949 602 2016 622 esse
2040 593 2290 630 Sacramentum,
2315 594 2391 634 quia

1320 645 1333 658 »
1357 633 1390 663 in
1414 634 1519 675 aliqua
1535 635 1732 666 ordinatione
1756 636 1848 666 datur
1871 636 1979 676 gratia,
2004 643 2040 667 ut
2063 644 2185 667 constat
2208 647 2245 667 ex
2268 638 2387 669 Paulo:

1320 689 1334 703 »
1357 687 1431 717 ergo
1456 679 1560 719 aliqua
1584 680 1740 710 ordinatio
1758 687 1804 710 est
1819 680 2068 711 Sacramentum.
2091 682 2189 718 Quod
2212 691 2287 712 vero
2311 682 2388 713 haec

1318 733 1333 748 a·
1357 722 1529 760 ordinatio,
1542 723 1580 753 de
1596 734 1659 764 qua
1677 724 1821 764 loquitur
1836 725 1964 762 Paulus,
1982 725 2021 755 sit
2035 725 2246 765 Episcopatus
2263 732 2388 757 tantum

1320 776 1334 791 »
1357 766 1407 795 vel
1430 768 1661 807 presbyteratus
1685 768 1800 806 simul,
1829 768 1872 798 ibi
1896 768 2080 800 Concilium
2108 780 2175 800 non
2199 770 2349 809 explicat:
2368 783 2383 798 ι·

1316 809 1371 838 sed
1394 811 1616 850 explicandum
1638 812 1787 852 relinquit
1810 812 1978 852 theologis.

1382 854 1444 884 Sed
1467 862 1594 895 accepta
1617 856 1749 886 demum
1773 856 1839 886 sola
1858 857 2069 896 Episcopatus
2093 857 2303 896 ordinatione,
2320 869 2384 899 qua

1316 899 1498 938 presbytero
1532 899 1599 929 iure
1623 899 1731 930 divino
1755 900 1916 930 confertur
1939 902 2103 941 completio
2131 904 2317 942 potestatis,
2349 909 2386 933 ut

1316 942 1359 972 ait
1381 953 1405 972 s.
1423 943 1578 980 Thomas,
1604 953 1676 982 erga
1700 953 1816 983 corpus
1849 944 1966 974 Christi
1989 946 2171 986 mysticum,
2195 946 2328 985 gratiam
2350 946 2384 977 in

1316 996 1351 1015 ea
1375 986 1440 1016 dari
1465 996 1507 1017 ex
1528 997 1624 1027 opere
1647 989 1820 1027 operantis,
1846 995 1882 1018 ut
1904 988 2071 1029 inquiunt,
2095 989 2252 1020 inficiatur
2274 1001 2382 1021 nemo.

1315 1030 1443 1060 Praesto
1460 1038 1535 1061 sunt
1551 1031 1712 1071 aptissima
1727 1031 1789 1061 divi
1806 1032 1952 1062 Thomae
1969 1033 2169 1064 documenta.
2195 1034 2249 1064 Ait
2264 1035 2384 1075 quippe

1314 1074 1348 1103 in
1364 1074 1417 1111 IV,
1435 1074 1504 1105 dist.
1522 1085 1558 1112 11,
1575 1086 1605 1115 q.
1623 1085 1645 1113 1,
1663 1082 1718 1105 art.
1734 1086 1756 1105 11
1771 1076 1810 1105 ad
1828 1083 1857 1115 9:
1882 1089 1895 1103 «
1910 1076 1960 1106 Ad
1983 1078 2158 1117 quamlibet
2179 1078 2384 1109 eminentiam

1318 1130 1332 1144 »
1355 1124 1453 1148 status
1478 1119 1570 1149 datur
1593 1119 1699 1159 aliqua
1723 1119 1937 1158 sanctificatio,
1955 1131 2029 1151 cum
2052 1121 2092 1152 sit
2115 1122 2157 1152 ibi
2173 1123 2384 1153 necessarium

1318 1174 1332 1188 »
1355 1162 1488 1201 speciale
1512 1163 1666 1193 auxilium
1689 1163 1822 1202 gratiae,
1852 1164 1932 1194 sicut
1955 1164 1988 1194 in
2011 1166 2245 1196 consecratione
2266 1177 2382 1207 regum

1318 1218 1332 1232 >⁹
1355 1211 1386 1236 et
1409 1207 1638 1237 monachorum
1659 1212 1689 1237 et
1704 1208 1891 1237 monialium
1898 1215 1911 1244 ;
1926 1215 1956 1238 et
1970 1208 2042 1239 ideo
2067 1217 2141 1240 sunt
2163 1210 2302 1240 actiones
2318 1211 2383 1241 hie-

1317 1261 1331 1276 »
1354 1250 1510 1280 rarchicae
1534 1258 1565 1281 et
1587 1258 1717 1291 propter
1748 1251 1810 1281 hoc
1842 1252 2015 1292 Dionysius
2049 1254 2087 1283 de
2118 1253 2161 1284 eis
2186 1254 2382 1285 determinat.

1317 1305 1331 1320 »
1355 1294 1430 1324 Non
1462 1302 1569 1325 tamen
1606 1295 1723 1325 habent
1754 1295 1910 1325 rationem
1942 1297 2151 1335 sacramenti,
2190 1299 2245 1327 sed
2277 1299 2384 1329 solum

1317 1350 1332 1365 ι»
1355 1338 1442 1368 illam
1466 1339 1690 1377 eminentiam,
1722 1349 1778 1379 per
1800 1350 1899 1380 quam
1928 1340 2028 1371 homo
2061 1341 2193 1372 efficitur
2221 1353 2383 1373 sacrorum

1317 1395 1331 1410 xv
1355 1383 1554 1423 dispensator
1570 1396 1598 1414 ».
1626 1383 1680 1414 Ait
1704 1384 1797 1413 etiam
1821 1384 1891 1415 dist.
1907 1395 2041 1423 xxxvm,
2066 1396 2097 1426 q.
2122 1396 2149 1423 1,
2169 1392 2223 1416 art.
2239 1397 2259 1416 v
2279 1387 2318 1416 ad
2343 1394 2381 1417 2:

1318 1439 1332 1454 «
1352 1427 1388 1457 In
1412 1428 1646 1458 consecratione
1666 1429 1841 1469 virginum,
1860 1428 1940 1459 sicut
1956 1436 1986 1459 et
2001 1429 2033 1459 in
2050 1429 2200 1460 unctione
2221 1440 2335 1471 regum
2354 1437 2384 1461 et

1317 1484 1332 1498 »
1354 1471 1387 1501 in
1411 1472 1478 1502 aliis
1502 1472 1688 1502 huiusmodi
1712 1472 1984 1503 benedictionibus
2007 1474 2105 1513 gratia
2128 1474 2238 1512 datur,
2262 1474 2322 1504 nisi
2345 1474 2385 1505 sit

1316 1527 1330 1542 ›
1353 1515 1620 1556 impedimentum
1645 1526 1681 1546 ex
1704 1523 1791 1556 parte
1815 1517 2023 1557 suscipientis.
2048 1518 2110 1548 Sed
2139 1525 2246 1548 tamen
2274 1518 2384 1548 huius-

1316 1571 1330 1586 »
1354 1560 1443 1590 modi
1467 1561 1668 1591 Sacramenta
1686 1571 1752 1591 non
1777 1561 1934 1599 dicuntur,
1959 1562 2034 1602 quia
2057 1572 2123 1592 non
2147 1569 2222 1593 sunt
2244 1562 2385 1593 instituta

1316 1616 1331 1631 ν
1354 1605 1394 1634 ad
1417 1605 1615 1636 curationem
1647 1605 1751 1635 morbi
1774 1605 1913 1645 peccati,
1938 1606 2018 1637 sicut
2048 1606 2108 1636 alia
2137 1607 2346 1637 Sacramenta.
2366 1620 2381 1634 »

1314 1649 1410 1679 Hunc
1433 1659 1508 1679 vero
1533 1650 1684 1680 morbum
1707 1650 1836 1689 peccati,
1857 1660 1955 1690 quem
1979 1650 2179 1681 Sacramenta
2198 1658 2308 1682 curant
2327 1661 2383 1691 per

1313 1693 1446 1732 gratiam
1470 1703 1512 1724 ex
1536 1704 1632 1734 opere
1653 1699 1785 1734 operato
1805 1694 1963 1732 collatam,
1979 1695 2203 1725 consistentem
2227 1695 2382 1735 positum-

1314 1746 1377 1777 que
1394 1737 1529 1768 declarat
1545 1738 1689 1768 Thomas
1705 1738 1737 1768 in
1758 1738 1810 1776 lV,
1827 1738 1896 1768 dist.
1914 1749 1947 1775 11,
1964 1749 1994 1779 q.
2010 1750 2031 1777 1,
2048 1745 2103 1770 art.
2115 1750 2136 1777 1,
2152 1750 2202 1780 q.1
2217 1740 2257 1769 ad
2283 1749 2312 1778 2,
2328 1740 2379 1770 vel

1313 1781 1347 1811 in
1364 1787 1509 1821 peccato,
1535 1782 1587 1812 vel
1611 1783 1643 1812 in
1672 1783 1833 1813 debilitate
1862 1784 1995 1823 spiritus
2023 1783 2067 1814 ad
2096 1784 2281 1824 exequenda
2318 1785 2382 1824 spi-

1313 1827 1457 1857 ritualia.
1472 1827 1624 1857 Morbum
1634 1826 1775 1866 primum
1794 1827 1911 1857 tollunt
1925 1827 2106 1867 Baptismus
2121 1834 2152 1858 et
2166 1828 2379 1858 Poenitentia:

1313 1877 1423 1900 contra
1445 1872 1596 1901 morbum
1612 1871 1762 1901 eumdem
1779 1871 1964 1901 ordinantur
1980 1871 2190 1902 Confirmatio
2211 1879 2241 1903 et
2255 1873 2380 1902 Eucha-

1311 1914 1396 1944 ristia
1429 1925 1470 1945 ex
1502 1915 1611 1956 officio
1639 1916 1707 1945 sive
1742 1925 1784 1945 ex
1812 1916 1905 1946 modo
1934 1916 2178 1956 sanctificandi:
2208 1917 2248 1947 ad
2280 1917 2378 1947 deter-

1310 1959 1428 1998 gendas
1451 1967 1656 1999 peccatorum
1675 1959 1821 2000 reliquias
1845 1960 1936 1990 datur
1959 1967 2096 1990 extrema
2119 1960 2252 1991 Unctio:
2277 1961 2317 1990 ad
2332 1970 2378 1991 re-

1310 2003 1510 2043 primendam
1533 2003 1822 2044 concupiscentiam
1846 2004 2103 2034 Matrimonium:
2125 2005 2164 2034 ad
2180 2005 2380 2035 Sacramenta

1311 2047 1404 2087 digne
1419 2048 1629 2088 dispensanda
1644 2048 1780 2089 denique
1795 2048 1894 2079 Ordo.
1920 2048 1973 2079 Sat
1989 2055 2035 2079 est
2052 2058 2127 2079 vero
2146 2049 2379 2079 ordinationem

1310 2092 1522 2133 Episcopatus
1546 2102 1588 2123 ex
1610 2102 1706 2132 opere
1724 2094 1887 2132 operantis
1901 2093 2033 2132 gratiam
2057 2092 2197 2123 conferre
2221 2093 2379 2131 ordinato,

1310 2143 1346 2167 ut
1369 2147 1405 2167 ea
1428 2147 1492 2178 qua
1512 2147 1569 2177 par
1587 2143 1634 2167 est
1657 2137 1806 2177 dignitate
1823 2147 1858 2167 ac
1882 2137 2023 2167 decentia
2042 2137 2203 2168 ministros
2222 2138 2379 2168 Ecclesiae

1309 2181 1461 2212 instituat.

1377 2227 1507 2256 Patrum
1530 2225 1701 2256 sententiae
1725 2223 1945 2265 opponuntur,
1960 2225 2077 2265 quibus
2093 2225 2304 2265 Episcopatus
2324 2236 2378 2266 ap-

1310 2270 1445 2309 pellatur
1468 2270 1716 2300 Sacramentum.
1741 2269 1956 2299 Tertullianus
1975 2269 2022 2299 De
2042 2269 2286 2309 praescriptione
2304 2270 2378 2300 hae-

1309 2314 1480 2345 reticorum
1504 2314 1604 2354 capite
1620 2324 1670 2351 xc,
1685 2313 1896 2344 Sacramenta
1915 2313 2035 2344 Christi
2057 2320 2150 2344 vocat
2164 2314 2375 2354 Baptismum,

1309 2359 1550 2398 Expositionem
1574 2358 1772 2395 delictorum,
1797 2357 2081 2397 Consignationem
2104 2357 2136 2387 in
2154 2357 2268 2396 fronte,
2287 2359 2378 2398 panis

1309 2403 1531 2440 Oblationem,
1555 2412 1722 2432 summum
1744 2401 1988 2440 Pontificatum,
2012 2412 2094 2442 quae
2123 2401 2268 2432 diabolus
2292 2403 2378 2442 apud

1309 2447 1450 2477 ethnicos
1474 2447 1650 2477 aemulatus
1667 2453 1722 2477 est.
1740 2448 1783 2477 At
1799 2456 1895 2476 nemo
1915 2456 1982 2476 non
1999 2445 2101 2484 videt,
2120 2456 2279 2477 summum
2294 2448 2376 2477 Pon-

1308 2492 1462 2532 tificatum
1487 2491 1549 2522 hoc
1572 2492 1645 2521 loco
1669 2490 1768 2530 accipi
1797 2490 1892 2521 etiam
1922 2500 1980 2530 pro
2013 2490 2206 2521 sacerdotio:
2231 2501 2266 2521 ac
2289 2501 2377 2531 prae-

1308 2543 1391 2566 terea
1413 2545 1491 2566 voce
1514 2534 1567 2567 illa
1590 2535 1794 2566 Sacramenti
1815 2535 1917 2565 divini
1939 2541 1994 2565 aut
2024 2534 2226 2565 Sacramenti
2258 2535 2379 2566 Christi

1309 2590 1345 2610 ea
1367 2580 1525 2620 insigniri,
1550 2588 1632 2620 quae
1655 2579 1719 2610 veri
1743 2579 1883 2609 nominis
1906 2589 1972 2609 non
1991 2585 2065 2609 sunt
2088 2579 2296 2610 Sacramenta.
2322 2579 2377 2610 Ait

1309 2624 1428 2665 quippe
1458 2624 1693 2655 Tertullianus:
1718 2623 1872 2654 Diabolus
1904 2623 1963 2654 sub
1989 2623 2100 2663 gladio
2134 2623 2263 2654 redimit
2285 2634 2374 2654 coro-

1309 2679 1384 2698 nam
1409 2667 1478 2710 (seu
1503 2668 1690 2709 martyrium
1707 2665 1930 2710 aemulatur)...
1950 2668 2043 2698 habet
2066 2673 2095 2697 et
2111 2668 2265 2708 virgines,
2285 2668 2379 2698 habet

1309 2718 1339 2743 et
1363 2714 1569 2744 continentes.
1597 2713 1629 2743 S.
1653 2713 1720 2742 Leo
1743 2713 1878 2752 Magnus
1902 2712 2035 2751 epistola
2061 2721 2093 2741 x1
2121 2712 2161 2741 ad
2184 2712 2377 2742 Dioscorum

1308 2757 1569 2795 Alexandrinum,
1587 2757 1626 2788 al.
1642 2767 1743 2794 Lxxxr,
1761 2756 1861 2796 capite
1876 2766 1887 2786 1
1903 2756 2136 2786 ordinationem
2152 2756 2241 2786 Pauli
2258 2763 2287 2786 et
2302 2756 2376 2786 Bar-

1309 2803 1408 2832 nabae
1432 2802 1570 2842 appellat
1598 2801 1824 2832 benedictionis
1846 2801 2100 2830 Sacramentum.
2127 2800 2187 2830 Par
2209 2807 2256 2830 est
2279 2800 2376 2830 conii-

1310 2856 1378 2876 cere
1402 2846 1499 2876 simul
1518 2856 1572 2876 eos
1590 2846 1623 2876 in
1642 2846 1840 2886 presbyteros
1860 2851 1890 2875 et
1908 2844 2086 2884 Episcopos
2112 2844 2273 2874 ordinatos
2292 2851 2374 2874 esse:

1310 2900 1412 2931 eoque
1435 2890 1498 2920 loci
1522 2890 1585 2930 agit
1608 2891 1674 2920 Leo
1699 2890 1737 2919 de
1761 2889 1831 2927 die,
1862 2899 1928 2929 quo
1952 2888 2150 2918 sacerdotalis
2178 2888 2227 2918 vel
2249 2888 2374 2918 levitica

1309 2935 1486 2965 benedictio
1512 2934 1658 2965 celebrari
1682 2934 1802 2964 debeat.
1832 2933 1920 2963 ldem
1943 2932 2156 2962 sanctissimus
2175 2932 2319 2962 Pontifex
2342 2932 2375 2961 in

1310 2989 1456 3010 sermone
1472 2977 1533 3021 (u),
1551 2988 1648 3019 quem
1663 2977 1773 3008 habuit
1787 2977 1821 3007 in
1835 2976 2057 3007 Anniversario
2072 2976 2296 3015 assumptionis
2313 2976 2374 3014 die,

1309 3024 1353 3054 sic
1376 3024 1436 3054 ait:
1463 3023 1544 3053 Cum
1567 3024 1664 3053 huius
1691 3023 1792 3052 divini
1813 3021 1983 3051 sacerdotii
2006 3021 2249 3050 Sacramentum
2279 3022 2373 3050 etiam

1308 3068 1352 3098 ad
1375 3068 1534 3098 humanas
1551 3068 1702 3107 pervenit
1715 3066 1915 3106 functiones.
1939 3065 2059 3095 Verum
2091 3064 2159 3104 ipsa
2183 3064 2375 3104 patefaciunt

1309 3113 1403 3142 verba
1435 3122 1502 3142 non
1532 3111 1631 3151 accipi
1663 3111 1893 3150 Episcopatum
1926 3119 1944 3138 a
1971 3108 2146 3139 sacerdotio
2178 3109 2371 3139 distinctum.

1308 3156 1431 3186 Deinde
1454 3166 1528 3186 cum
1552 3156 1705 3185 diaconus
1729 3160 1808 3184 esset
1831 3154 1918 3191 Leo,
1944 3153 1984 3182 ad
2015 3162 2180 3183 summum
2207 3152 2374 3183 Pontifica-

1308 3208 1389 3238 tum,
1401 3199 1571 3239 praemissa
1592 3199 1791 3229 ordinatione
1807 3197 1988 3238 presbyteri,
2005 3198 2044 3227 ad
2059 3197 2289 3237 Episcopatum
2305 3207 2374 3226 eve-

1309 3252 1377 3275 ctus
1401 3251 1464 3274 est:
1495 3244 1580 3274 unde
1611 3243 1731 3282 integra
1763 3243 1839 3273 haec
1871 3241 2028 3271 ordinatio
2062 3241 2174 3271 dicitur
2204 3241 2375 3271 sacerdotii

1308 3289 1564 3318 Sacramentum.
1590 3290 1637 3317 Ac
1653 3288 1784 3317 demum
1803 3287 2006 3317 Sacramenti
2027 3296 2089 3315 vox
2107 3285 2204 3324 accipi
2228 3285 2373 3325 frequen-

1307 3332 1427 3362 tissime
1446 3332 1526 3361 solet
1545 3341 1564 3361 a
1586 3331 1789 3371 scriptoribus
1804 3329 2015 3361 ecclesiasticis
2030 3340 2087 3369 pro
2108 3339 2195 3359 sacro
2215 3338 2372 3368 quocum-

1307 3386 1370 3416 que
1402 3376 1482 3405 ritu:
1507 3385 1573 3415 quo
1607 3385 1700 3405 sensu
1733 3375 1771 3404 ab
1804 3381 1932 3405 auctore
1963 3373 2259 3413 Areopagiticorum
2287 3373 2374 3412 apud

1307 3420 1504 3450 s-Thomam
1520 3419 1553 3448 in
1570 3419 1623 3456 IV,
1641 3419 1711 3449 dist.
1728 3429 1761 3456 11,
1776 3428 1830 3458 qu.
1846 3429 1867 3456 1,
1892 3424 1947 3447 art.
1963 3428 1995 3454 11,
2013 3418 2124 3447 obiect.
2143 3427 2173 3456 9,
2190 3417 2373 3447 Monastica

1307 3464 1503 3494 consecratio
1526 3469 1657 3493 vocatur
1679 3463 1927 3492 Sacramentum.

1368 3506 1600 3537 Ambrosiaster
1613 3507 1660 3536 De
1675 3506 1823 3545 dignitate
1840 3505 2023 3536 sacerdotali
2038 3504 2138 3545 capite
2148 3515 2167 3534 v
2178 3504 2253 3535 haec
2268 3504 2372 3535 habet:

1311 3565 1326 3579 ι(
1344 3552 1394 3581 Ab
1414 3550 1661 3590 Archiepiscopo
1686 3560 1758 3580 sum
1781 3560 1884 3590 nuper
1905 3549 2084 3589 Episcopus
2108 3548 2282 3586 ordinatus,
2302 3559 2373 3579 cen-

1311 3608 1326 3623 »
1348 3603 1482 3635 tumque
1499 3594 1527 3624 ei
1542 3594 1662 3625 solidos
1673 3594 1755 3632 dedi,
1772 3601 1807 3624 ut
1823 3594 2042 3634 Episcopalem
2057 3594 2199 3634 gratiam
2220 3593 2373 3633 consequi

1312 3653 1326 3667 »
1349 3639 1568 3669 meruissem..
1582 3661 1589 3669 .
1614 3638 1673 3669 Dic
1697 3648 1771 3678 ergo
1795 3638 1872 3668 mihi
1893 3638 2063 3678 paulisper,
2088 3637 2180 3668 frater
2202 3637 2374 3677 Episcope,

1312 3697 1327 3712 »
1350 3693 1425 3714 cum
1448 3684 1535 3713 dares
1559 3683 1738 3724 pecuniam,
1755 3683 1833 3724 quid
1848 3680 2015 3722 accepisti?
2036 3682 2182 3713 Gratiam
2197 3682 2372 3722 Episcopa-
