2788 4204
75 1779 178 1802 ‘Codd.-
187 1785 206 1799 r:
216 1783 292 1805 quom.

78 1809 101 1828 et
111 1806 168 1834 quid
176 1807 218 1827 est.
228 1816 237 1821 -
248 1810 291 1825 ux:

77 1835 102 1855 et
111 1839 152 1861 pp.
166 1831 222 1860 quid
236 1833 279 1852 est.

76 1940 136 1964 *At-<Q
143 1946 148 1960 ε
156 1936 291 1965 pp.qd.est

78 1993 87 2002 ‘
103 1991 166 2013 Lect.
177 1996 226 2012 xut.

78 2215 87 2224 ·
102 2219 144 2234 ru:
160 2212 217 2249 quid
230 2213 273 2233 est.

78 2322 87 2330 ·
102 2320 163 2341 Lect.
174 2325 206 2340 tx.

78 2477 89 2488 '⁵
103 2475 175 2498 Num.
185 2480 234 2502 seq.

78 2642 140 2664 Cf.
155 2642 207 2664 lect.
226 2647 293 2669 prae-

328 227 403 263 332

392 304 456 357 γοὶρ
485 302 522 335 ἂν
549 303 596 336 τοὶ
618 304 720 335 ύποκε
709 305 776 345 είμε
764 314 822 334 <vot
842 303 960 344 ὁμοίως
989 313 1014 332 ει
1006 298 1057 345 ἷχε
1044 312 1089 333 ν.
1109 301 1232 332 Ταῦτα
1250 311 1309 343 μεν
1337 311 1394 331 ουν

393 361 490 394 μεχρι
515 347 642 381 τούτου
667 329 895 391 διηπορτ’σθω.

385 524 534 550 SvNopsts.
554 538 588 542 —
612 530 634 549 1.
650 522 756 548 'sextus
782 525 985 555 argumentum
1012 524 1039 545 et
1061 517 1225 545 divisiones
1243 534 1263 539 -
1280 525 1306 545 2.
1329 517 1399 546 Tria

325 561 503 600 quaerenda:
519 564 547 596 α)
564 562 668 589 modus
684 569 743 596 quo
759 559 834 596 quod
856 559 924 595 quid
939 564 982 586 est
997 558 1081 585 nobis
1097 557 1272 593 ostenditur:
1289 558 1316 594 h)
1333 567 1398 586 mo-

325 604 379 631 dus
401 601 555 630 reducendi
583 610 656 637 quae
679 605 818 635 apparent
839 599 874 626 de
897 607 927 626 re
949 599 986 626 ad
1008 598 1084 634 quod
1107 598 1177 635 quid
1198 603 1256 631 est,·
1278 599 1303 633 c)
1327 597 1397 635 quid

324 643 360 671 sit
381 642 510 670 definitio
532 647 559 668 et
581 650 655 676 quae
677 640 732 666 sint
754 638 919 666 definibilia.
937 655 955 659 -
973 638 997 665 3.
1014 637 1186 674 Disputatur
1207 638 1243 665 de
1265 637 1327 674 ipsa
1347 639 1398 666 de-

323 682 462 716 finitione,
479 690 553 718 quae
575 679 715 717 significat
736 679 816 715 quod
838 678 907 714 quid
930 684 981 713 est,
995 684 1023 705 et
1046 684 1103 706 tres
1124 677 1309 715 quaestiones
1333 688 1398 706 mo-

323 729 442 751 ventur:
465 723 493 755 a)
515 727 611 748 utrum
634 729 766 747 omnium
789 728 916 755 quorum
946 725 988 746 est
1014 718 1244 753 demonstratio,
1268 718 1303 746 sit
1325 718 1397 746 defi-

323 762 409 796 nitio:
432 762 459 796 b)
475 767 572 788 utrum
594 759 727 787 omniurn
750 768 877 796 quorum
893 765 935 786 est
957 758 1097 793 definitio,
1113 758 1149 786 sit
1168 758 1395 793 demonstrati0;

323 804 349 837 c)
364 808 460 829 utrum
483 799 601 828 alicuius
624 799 754 827 eiusdem
776 798 812 826 sit
833 797 964 826 definitio
987 804 1014 826 et
1036 798 1256 826 demonstratio.
1274 815 1292 820 -
1306 808 1334 834 4.
1346 798 1396 826 Di-

322 841 447 878 sputatio
475 840 577 877 prima.
606 840 709 867 Utrum
738 839 872 867 omnium
900 848 1026 876 quorum
1056 845 1099 866 est
1122 838 1332 867 demonstratio
1361 838 1397 867 sit

322 881 470 909 definitio?
488 881 629 908 Probatur
644 880 724 916 quod
739 888 809 907 non.
833 879 916 907 Ratio
938 878 1041 915 prima.
1058 878 1213 913 Definitio,
1235 885 1337 915 utpote
1351 878 1395 907 in-

322 920 443 949 dicativa
456 921 507 947 τοῦ
532 920 608 957 quod
627 919 695 956 quid
717 924 774 953 est,
795 926 838 947 est
853 919 948 947 solum
971 929 1072 947 eorum
1096 928 1171 956 quae
1192 919 1396 955 praedicantur

320 960 488 989 affirmative
510 966 538 988 et
559 959 772 994 universaliter;
795 968 829 987 ex
849 959 987 996 opposito
1009 959 1220 987 demonstratio
1243 965 1286 987 est
1307 959 1394 987 etiam

321 1000 542 1029 conclusionum
571 999 769 1037 negativarum
798 1006 826 1028 et
853 999 1079 1036 particularium.
1093 1016 1113 1020 -
1136 1000 1161 1028 5.
1184 999 1268 1027 Ratio
1296 999 1394 1028 altera.

321 1042 378 1069 Sed
399 1049 494 1077 neque
516 1040 650 1068 omniurn
677 1049 780 1068 eorum
809 1049 884 1076 quae
912 1040 1149 1072 demonstrantur
1176 1039 1345 1068 affirmative
1367 1046 1395 1068 et

319 1081 525 1116 universaliter,
541 1087 636 1117 potest
652 1089 714 1108 esse
729 1079 869 1108 definitio.
894 1081 1053 1108 Probatur:
1076 1089 1143 1108 nam
1160 1089 1194 1108 ea
1209 1089 1284 1117 quae
1299 1079 1395 1108 sciun-

319 1128 366 1149 tur
387 1120 627 1155 demonstrative,
656 1120 800 1148 habentur
827 1129 879 1156 per
907 1120 1207 1155 demonstrationem:
1235 1129 1270 1148 ea
1297 1126 1394 1148 autem

320 1170 396 1198 quae
417 1160 602 1196 definiuntur,
619 1167 836 1197 cognoscuntur
857 1160 1036 1188 definitione.
1059 1162 1136 1197 Ergo
1155 1160 1178 1188 si
1200 1159 1299 1188 omnia
1321 1170 1395 1197 quae

319 1200 546 1229 demonstrative
562 1201 777 1229 concluduntur
795 1200 979 1235 affirmative,
1002 1200 1067 1228 sciri
1082 1206 1202 1237 possent
1216 1200 1394 1235 definitione,

319 1247 418 1278 posset
447 1241 551 1278 aliquis
579 1241 650 1269 scire
673 1241 917 1275 demonstranda,
940 1246 1097 1277 antequam
1120 1249 1154 1268 ea
1175 1241 1364 1268 demonstret.
1376 1258 1395 1262 -

320 1282 347 1309 6
362 1281 462 1309 Tertia
482 1281 566 1309 ratio.
589 1280 808 1309 Demonstratio
830 1287 872 1308 est
894 1289 997 1308 eorum
1018 1289 1092 1317 quae
1118 1289 1170 1316 per
1196 1290 1227 1308 se
1247 1280 1346 1308 insunt
1365 1280 1394 1308 in

319 1322 448 1349 secundo
471 1329 499 1349 et
520 1328 624 1358 quarto
647 1322 738 1349 modo
767 1320 881 1349 dicendi
903 1329 954 1357 per
978 1330 1022 1354 se;
1044 1321 1095 1348 sed
1117 1320 1248 1348 definitio
1269 1329 1330 1348 non
1353 1326 1395 1348 est

320 1362 356 1389 de
378 1362 559 1397 huiusmodi;
589 1370 658 1398 ergo
680 1368 732 1389 etc.
749 1378 767 1382 —
784 1370 810 1397 7.
827 1362 939 1396 Quarta
967 1360 1051 1388 ratio.
1074 1360 1212 1388 Definitio
1234 1366 1278 1388 est
1298 1357 1395 1388 notifi-

455 1455 523 1488 ...T-¹
553 1451 763 1493 'ostquam
800 1444 1057 1493 Philosophus
1091 1443 1255 1481 ostendit
1288 1443 1393 1492 quod

386 1493 415 1541 ²2¹¹
441 1500 502 1547 lt.
459 1479 513 1528 ἱ)
541 1497 572 1528 <³¹
588 1499 712 1535 omnis
723 1498 895 1546 quaestio
908 1506 963 1534 est
974 1497 1268 1546 quodammodo
1279 1510 1394 1546 quae-

531 1551 540 1567 ’“
559 1588 569 1599 s
588 1552 657 1589 stio
683 1552 818 1598 medii,
845 1551 951 1600 quod
980 1551 1137 1600 quidem
1169 1559 1225 1588 est
1249 1557 1266 1572 α
1295 1551 1397 1600 quod

521 1604 536 1643 μ’
558 1600 568 1611 ’
587 1606 677 1654 quid
704 1611 758 1642 est
788 1614 824 1642 et
844 1611 1004 1654 propter
1036 1605 1136 1654 quid,
1167 1605 1230 1642 hic
1263 1604 1394 1654 incipit

321 1658 562 1696 manifestare
583 1659 750 1719 qualiter
786 1659 960 1696 medium
990 1659 1101 1696 nobis
1121 1659 1332 1696 innotescat
1359 1657 1393 1705 Ρ,

321 1720 357 1749 et
376 1712 555 1749 dividitur
582 1713 621 1750 in
648 1721 774 1762 partes
794 1714 906 1750 duas:
928 1713 966 1750 in
986 1712 1110 1762 prima
1133 1720 1241 1762 parte
1270 1720 1394 1750 osten-

320 1766 373 1804 dit
392 1766 592 1814 quomodo
612 1767 714 1815 quod
730 1768 750 1788 ³¹²
764 1767 855 1816 quid
867 1772 922 1803 est
939 1774 976 1803 et
984 1772 1143 1816 propter
1161 1767 1252 1816 quid
1269 1779 1309 1804 se
1329 1767 1395 1803 ha-

321 1821 410 1856 bent
430 1819 478 1857 ad
495 1820 878 1866 demonstrationem3
901 1821 938 1857 in
959 1820 1127 1858 secunda
1142 1828 1248 1870 parte
1270 1828 1394 1857 osten-

321 1873 374 1911 dit
401 1873 601 1922 quomodo
632 1882 806 1924 oporteat
843 1874 1068 1922 investigare
1098 1874 1200 1923 quod
1227 1875 1318 1923 quid
1343 1880 1399 1911 est

321 1934 356 1964 et
384 1933 542 1988 propter
575 1928 666 1976 quid
690 1930 725 1949 ’¹²
739 1928 829 1965 ibi:
869 1928 1065 1971 Quomodo
1094 1934 1220 1965 autem
1252 1934 1398 1988 oportet

319 1982 454 2018 venari
473 1983 492 2003 '¹‘
518 1989 587 2018 etc.
614 1982 743 2019 Prima
768 1983 896 2019 autem
916 1995 1004 2031 pars
1025 1986 1040 2008 ⁷
1059 1982 1261 2019 dividitur
1254 1995 1290 2018 1n
1310 1994 1395 2031 par-

319 2042 375 2072 tes
395 2035 507 2072 duas:
528 2035 566 2072 in
582 2035 716 2085 prima,
738 2036 955 2073 manifestat
974 2036 1176 2095 quomodo
1197 2048 1236 2072 se
1256 2035 1397 2073 habeat

320 2089 369 2126 ad
399 2089 765 2127 demonstrationem
787 2090 824 2138 ly
849 2090 940 2138 quid
956 2095 1027 2133 est:
1047 2089 1085 2126 in
1111 2089 1292 2137 secunda,
1313 2101 1394 2126 ma-

319 2142 468 2180 nifestat
486 2143 687 2191 quomodo
717 2156 756 2180 se
781 2144 921 2180 habeat
949 2143 997 2180 ad
1028 2142 1395 2180 demonstrationem

320 2197 358 2244 ly
371 2202 528 2245 propter
556 2197 647 2246 quid
666 2199 703 2243 ⁵⁸,
734 2197 839 2246 quod
875 2196 1061 2245 significat
1085 2209 1242 2234 causam
1263 2194 1294 2243 δ;
1324 2197 1394 2234 ibi:

323 2251 511 2292 Quoniam
535 2257 661 2288 autem
679 2251 777 2288 scire
800 2251 1004 2300 opinamur
1022 2262 1109 2287 cum
1123 2252 1288 2288 sciamus
1306 2262 1396 2288 cau-

318 2316 400 2340 sam
431 2306 451 2326 ²¹⁴
482 2312 550 2341 etc.

375 2369 411 2394 2.
434 2357 543 2395 Circa
562 2358 731 2407 primum
752 2357 830 2395 duo
851 2357 952 2395 facit:
974 2357 1112 2407 primo,
1135 2357 1224 2395 dicit
1249 2358 1296 2395 de
1316 2370 1394 2407 quo

321 2418 376 2447 est
395 2411 571 2458 intentio;
593 2411 775 2457 secundo,
791 2411 1036 2461 prosequitur
1050 2412 1310 2461 propositum;
1331 2411 1394 2449 ibi:

319 2464 553 2514 Principium
574 2471 699 2502 autem
727 2466 775 2502 sit
789 2466 1019 2514 futurorum
1036 2467 1056 2488 *
1077 2474 1146 2503 etc.
1177 2465 1277 2503 Dicit
1305 2477 1395 2514 ergo

320 2518 446 2567 primo
467 2519 572 2566 quod
601 2519 690 2567 quia
710 2519 835 2555 omnis
864 2518 1048 2567 quaestio,
1070 2520 1118 2557 ad
1140 2519 1246 2556 cuius
1275 2519 1396 2556 deter-

322 2572 572 2609 minationem
601 2572 873 2609 demonstratio
903 2573 1106 2619 inducitur,
1137 2580 1193 2610 est
1224 2573 1396 2623 quaestio

323 2625 439 2662 medii
466 2627 498 2672 '‚
528 2626 633 2675 quod
661 2634 715 2662 est
743 2626 862 2675 quid‘
882 2633 918 2662 et
939 2632 1098 2675 propter
1122 2627 1226 2676 quid,
1248 2634 1399 2676 oportet

321 2679 447 2728 primo
473 2679 598 2717 dicere
626 2692 695 2729 per
722 2692 840 2728 quem
861 2679 1024 2717 modurn
1044 2681 1119 2717 hoc
1144 2679 1268 2729 ipsum
1299 2680 1401 2729 quod

323 2733 413 2781 quid
434 2739 488 2770 est
514 2733 625 2770 nobis
646 2733 887 2781 ostendatur
916 2741 1045 2770 utrum
1070 2733 1210 2770 scilicet
1236 2746 1306 2782 per
1334 2734 1398 2771 de-

376 2843 403 2874 α)
426 2843 504 2873 Quod
522 2843 627 2875 quidem
647 2845 688 2868 est
703 2847 780 2867 etc.·-
789 2842 822 2867 F:
844 2845 884 2868 est
898 2843 1096 2875 quodammodo
1111 2850 1180 2876 quae
1198 2846 1262 2867 sunt
1276 2843 1358 2868 medii
1370 2846 1397 2868 et

322 2878 466 2908 dividam-,-
481 2884 565 2903 cetera
584 2886 630 2910 per
645 2879 806 2903 oscitantiam
831 2878 993 2903 omittuntur.
1011 2879 1112 2904 AGMO
1131 2886 1184 2903 om.
1199 2879 1272 2911 quod
1290 2878 1395 2911 quidem

321 2917 373 2944 est5
388 2914 424 2939 N:
439 2897 527 2943 niedii,
542 2914 614 2947 quod
627 2914 736 2947 quidam
757 2914 876 2946 (quidam
894 2922 1013 2947 expung.
1034 2922 1115 2948 marg.
1136 2915 1219 2939 interl.
1234 2915 1292 2939 add.
1314 2914 1394 2947 idem)

320 2953 372 2979 est;
389 2950 425 2980 Q.
440 2950 528 2979 medii,
543 2953 569 2974 et
582 2950 654 2983 quod
668 2950 799 2982 quaedam
814 2953 853 2975 est
867 2950 947 2982 quid,·
962 2955 986 2975 et
1005 2950 1077 2982 quod
1096 2955 1154 2975 ante
1173 2950 1239 2982 quid
1250 2958 1304 2975 om.
1319 2949 1395 2974 etiam

321 2985 575 3016 BCDEHIKLNST;
594 2987 615 3010 L
635 2993 688 3010 om.
704 2986 781 3010 etiam
804 2988 830 3010 et
848 2989 964 3018 propter
989 2985 1068 3018 quid,-
1088 2985 1124 3016 Q:
1140 2986 1210 3017 (om.
1224 2986 1265 3018 et)
1281 2988 1397 3018 propter

321 3021 387 3053 quid
405 3024 453 3046 est.

376 3055 401 3089 β)
424 3057 546 3087 Qualiter
565 3057 680 3082 medium
701 3057 775 3081 nobis
795 3056 978 3082 innotescan-
986 3057 1034 3081 Est
1048 3057 1127 3082 altera
1146 3064 1206 3089 pars
1225 3061 1348 3082 tractatus
1364 3057 1396 3081 de

321 3092 408 3117 medio
419 3093 647 3117 demonstrationis
658 3093 727 3117 iuxta
737 3093 890 3117 divisionem
904 3093 1008 3117 datam'
1003 3101 1027 3117 tn
1041 3093 1202 3125 praecedenti
1213 3092 1323 3118 lectione
1334 3101 1358 3117 n.
1374 3100 1395 3117 1.

322 3129 392 3153 Haec
411 3134 498 3153 autem
518 3135 577 3160 pars
591 3128 762 3153 subdividitur
782 3128 806 3152 in
820 3128 885 3152 duas
905 3129 976 3159 alias,
991 3133 1019 3152 ut
1039 3128 1130 3153 dicitur
1149 3129 1174 3153 in
1193 3133 1262 3153 textu
1282 3136 1304 3153 5.
1323 3128 1396 3152 Tho-

322 3171 394 3188 mae:
410 3165 492 3196 prima
511 3171 579 3196 pars,
595 3172 662 3197 quae
677 3169 717 3188 est
736 3164 768 3188 de
787 3163 867 3188 modo
886 3171 939 3196 quo
955 3163 1069 3189 medium
1085 3163 1142 3195 (seu
1157 3163 1223 3196 quid
1236 3166 1276 3189 est
1294 3169 1320 3188 et
1328 3171 1395 3196 pro-

318 3203 382 3231 pter
400 3200 465 3232 quid
483 3199 534 3231 est)
550 3207 578 3224 se
598 3200 675 3224 habet
694 3199 725 3224 ad
745 3200 1002 3229 demonstrationem,
1017 3200 1198 3232 complectitur
1216 3199 1337 3224 undecim
1358 3200 1395 3224 le-

322 3236 428 3265 ctiones,
444 3243 458 3260 a
478 3236 586 3260 lectione
606 3243 700 3267 nempe
718 3235 766 3259 hac
781 3235 895 3260 secunda
914 3236 946 3260 ad
966 3235 1146 3260 duodecimam
1166 3235 1302 3267 inclusive3
1317 3235 1395 3260 alters

321 3278 385 3295 vero
404 3278 472 3304 pars,
492 3278 560 3303 quae
579 3276 619 3295 est
638 3271 670 3295 de
689 3270 768 3295 modo
788 3278 841 3303 quo
859 3276 962 3303 oportet
986 3271 1141 3303 investigare
1160 3270 1289 3300 medium,
1310 3271 1396 3303 incipit

323 3306 431 3330 lectione
450 3312 557 3336 x111,et
576 3307 742 3339 prosequitur
761 3313 846 3338 usque
870 3307 901 3331 ad
926 3307 1063 3331 lectionem
1082 3314 1122 3332 xix
1141 3306 1280 3336 inclusive,
1300 3306 1325 3331 in
1344 3314 1396 3339 qua

323 3342 422 3373 explicit
435 3347 556 3366 tractatus
571 3342 603 3367 de
618 3342 705 3367 medio
725 3342 918 3366 demonstrativi
936 3342 1090 3375 syllogismi.
1105 3341 1294 3375 Unaquaelibet
1309 3347 1395 3367 autem

323 3384 383 3408 pars
402 3377 478 3402 huius
498 3378 680 3403 subdivisionis
699 3378 794 3402 iterum
812 3378 838 3402 in
858 3379 921 3402 alias
941 3378 1121 3408 subdividitur,
1135 3382 1164 3402 ut
1177 3385 1208 3402 ex
1221 3378 1335 3403 dicendis
1349 3378 1396 3403 erit

324 3413 498 3437 manifestum.

376 3448 402 3481 γ)
422 3448 514 3473 Prima
533 3452 621 3473 autem
638 3455 705 3480 pars
725 3454 772 3473 etc.
789 3449 886 3473 -:BF1
901 3449 995 3480 prima
1015 3449 1041 3474 in
1061 3449 1143 3479 duas,
1164 3449 1256 3474 ceteris
1275 3448 1395 3480 omissis;

326 3482 373 3513 LQ
391 3491 443 3508 om.
458 3487 561 3511 autem:
582 3484 630 3513 GQ
650 3492 703 3508 om.
714 3487 816 3516 partes.

378 3517 402 3550 ὃ)
416 3519 494 3548 Quod
513 3519 646 3553 significat
664 3527 807 3545 causamoe
788 3520 918 3544 -Horum
942 3520 1082 3545 verborum
1102 3520 1160 3545 loco
1179 3519 1281 3545 codices
1300 3519 1396 3545 habent

324 3553 379 3578 sive
397 3561 493 3584 causa5
512 3555 549 3579 Μ·
569 3555 623 3579 sive
641 3562 722 3580 causa
741 3555 806 3580 eius.

378 3589 400 3622 ι)
422 3589 500 3619 Quod
518 3593 557 3615 est
580 3590 645 3623 quid
664 3595 739 3615 etc.—-
749 3591 802 3615 EFI
821 3598 875 3616 om.
890 3594 946 3621 est,·
967 3595 992 3615 et
1010 3590 1069 3615 hinc
1094 3590 1212 3616 fortassis
1231 3590 1342 3616 innuunt
1359 3590 1396 3616 le-

910 223 1296 261 POSTERIORUM
1323 221 1758 259 ANALYTICORUM
1786 223 1880 259 LIB.
1912 224 1944 259 11

1519 300 1638 331 festum
1660 301 1756 341 igitur
1779 308 1826 333 est
1849 302 1939 343 quod
1962 312 2067 343 neque
2090 302 2232 334 definitio
2254 311 2285 335 et
2303 304 2532 337 demonstratio

1520 355 1625 386 neque
1650 346 1737 376 idem
1762 353 1869 385 erunt,
1895 357 1999 388 neque
2023 348 2158 378 alterum
2181 348 2214 378 in
2240 348 2348 379 altero.
2375 349 2417 380 Et
2441 359 2530 379 narn-v

1521 400 1583 431 que
1608 391 1748 422 subiecta
1772 391 1914 422 similiter
1937 402 1970 422 se
1993 392 2154 423 haberent.
2171 393 2258 423 Haec
2282 393 2413 434 quidem
2436 393 2532 434 igitur

1522 443 1626 476 usque
1649 436 1689 466 ad
1711 435 1774 466 hoc
1797 436 1956 491 opposita.

1455 517 1531 546 catio
1546 518 1737 554 substantiae;
1760 529 1794 548 ea
1808 526 1906 548 autem
1921 520 1957 548 de
1979 519 2085 557 quibus
2100 526 2167 548 sunt
2182 519 2454 556 demonstrationes,
2469 530 2531 549 non

1454 565 1521 586 sunt
1536 558 1722 594 substantiae,
1737 560 1789 587 sed
1803 566 1870 587 sunt
1885 569 1918 588 ex
1933 559 1978 588 his
1993 569 2068 605 quae
2083 559 2182 588 insunt
2200 560 2347 595 subiecto:
2363 569 2432 597 ergo
2447 567 2500 589 etc.
2512 578 2531 582 -

1455 598 1481 626 8.
1505 597 1670 634 Disputatio
1692 599 1789 627 altera.
1820 600 1924 627 Utrum
1946 599 2043 628 omnis
2069 599 2131 628 eius
2153 600 2235 628 cuius
2256 607 2299 628 est
2326 600 2472 636 definitio,
2496 600 2532 628 sit

1453 638 1713 667 demonstratio?-
1724 639 1887 667 ostenditur
1901 641 1981 676 quod
1997 649 2066 668 non.
2090 639 2187 668 Prima
2208 640 2282 668 ratio
2304 640 2441 668 convenit
2462 649 2530 668 cum

1453 679 1581 706 secunda
1602 678 1698 714 posita
1717 678 1747 707 in
1761 679 1856 715 prima
1877 679 2084 716 disputatione.
2100 680 2224 716 Unius,
2217 690 2247 708 in
2269 687 2411 717 quantum
2426 690 2528 716 unum,

1451 717 1565 746 videtur
1586 727 1648 746 esse
1669 728 1728 747 una
1757 718 1892 754 scientia,
1919 729 1971 747 seu
1992 729 2068 748 unus
2090 721 2196 748 modus
2225 720 2437 757 cognoscendi;
2459 729 2529 757 ergo

1452 758 1475 786 si
1500 758 1597 786 omnis
1611 758 1693 786 cuius
1709 765 1751 786 est
1773 758 1913 794 definitio,
1936 766 1980 787 est
2001 759 2229 796 demonstratio,
2251 761 2362 788 habens
2384 760 2531 789 definitio·

1452 807 1520 826 nem
1542 798 1627 826 sciret
1656 798 1885 827 demonstrabile
1907 798 1969 827 sine
1997 799 2263 835 demonstratione:
2286 800 2367 836 quod
2388 806 2531 838 repugnat

1451 838 1481 866 in
1502 837 1674 866 terminis·
1653 848 1711 875 9.
1727 838 1812 867 Ratio
1836 839 1934 867 altera.
1957 838 2149 867 Definitiones
2164 846 2231 868 sunt
2245 839 2388 876 principia
2405 841 2530 868 demon-

1451 878 1639 913 strationum;
1662 879 1713 906 sed
1740 878 1883 915 principia
1903 888 1965 907 non
1987 885 2055 907 sunt
2075 879 2331 914 demonstrabilia:
2353 888 2423 917 ergo
2445 885 2498 908 etc.
2510 882 2536 902 -'

1456 927 1499 946 10.
1522 918 1687 955 Disputatio
1709 918 1801 947 tertia
1825 919 1931 947 Utrum
1952 918 1989 947 sit
2009 919 2149 956 possibile
2171 921 2261 956 quod,
2276 919 2329 948 etsi
2350 929 2412 948 non
2433 919 2531 949 omnis

1451 958 1598 994 eiusdem,
1620 958 1742 987 alicuius
1763 958 1893 987 eiusdem
1916 958 1952 987 sit
1975 959 2106 987 definitio
2128 966 2157 988 et
2178 959 2409 988 demonstratio?
2430 961 2468 988 Et
2487 959 2530 988 vi·

1450 999 1536 1027 detur
1553 999 1634 1035 quod
1655 1008 1726 1027 non.
1750 998 1835 1027 Ratio
1856 998 1960 1035 prima.
1982 999 2121 1028 Definitio
2143 1006 2187 1028 est
2207 999 2419 1028 manifestativa
2432 1009 2529 1028 essen-

1450 1039 1507 1067 tiae
1529 1038 1681 1067 cuiuslibet
1702 1038 1757 1074 rei;
1779 1039 1831 1067 sed
1852 1039 2065 1068 demonstratio
2086 1049 2149 1068 non
2170 1039 2344 1076 manifestat,
2367 1041 2418 1068 sed
2433 1039 2528 1068 mani-

1450 1079 1553 1107 festam
1575 1078 1716 1116 supponit
1743 1078 1898 1107 essentiam
1920 1079 1975 1115 rei;
1998 1089 2067 1117 ergo
2090 1086 2241 1108 etc.-1x.
2264 1079 2348 1109 Ratio
2376 1081 2475 1109 altera.
2497 1081 2531 1108 In

1450 1129 1486 1147 eo
1502 1120 1590 1164 quod.
1598 1129 1650 1156 per
1663 1118 1946 1147 demonstrationem
1961 1120 2154 1155 cuncluditur,
2170 1120 2354 1157 praedicatur
2368 1120 2479 1158 aliquid
2493 1121 2530 1148 de

1450 1159 1564 1196 aliquo3
1583 1159 1613 1187 in
1635 1159 1804 1188 definitione
1825 1165 1923 1188 autem
1945 1169 2007 1188 non
2027 1160 2211 1196 praedicatur
2232 1160 2342 1198 aliquid
2364 1161 2400 1189 de
2415 1160 2529 1198 aliquo;

1450 1209 1519 1237 ergo
1542 1206 1595 1228 etc.
1610 1215 1631 1221 -
1652 1207 1695 1227 12.
1717 1199 1817 1228 Tertia
1844 1199 1930 1228 ratio.
1955 1199 2094 1228 Definitio
2123 1200 2250 1229 ostendit
2270 1201 2307 1229 de
2328 1200 2427 1238 aliquo
2453 1201 2530 1238 quod

1451 1240 1520 1277 quid
1534 1245 1590 1274 est:
1606 1239 1818 1268 demonstratio
1834 1239 1961 1268 ostendit
1976 1240 2043 1277 quia
2058 1246 2110 1274 est,
2123 1241 2203 1277 quod
2218 1250 2281 1269 non
2295 1247 2338 1269 est
2352 1250 2419 1278 pars
2433 1241 2523 1269 subie·

1451 1280 1525 1308 ctiva
1545 1280 1598 1307 τοῦ
1620 1280 1697 1317 quod
1718 1280 1787 1317 quid
1809 1285 1865 1315 est3
1888 1289 1957 1317 ergo
1978 1286 2032 1308 etc.
2050 1297 2070 1302 -
2088 1281 2132 1309 13.
2155 1281 2360 1309 Corollariutn.
2383 1282 2461 1318 Ergo
2480 1281 2530 1309 de-

1451 1319 1545 1348 finitio
1567 1326 1595 1348 et
1616 1320 1828 1348 demonstratio
1849 1329 1945 1357 neque
1960 1327 2027 1348 sunt
2048 1320 2135 1357 idem,
2151 1329 2248 1358 neque
2261 1330 2355 1349 unum
2368 1327 2412 1349 est
2425 1320 2457 1349 in
2471 1319 2530 1349 alio

1451 1360 1525 1388 sicut
1545 1369 1613 1397 pars
1634 1359 1793 1389 subiectiva
1813 1360 1845 1388 in
1866 1370 1920 1388 suo
1941 1366 2016 1389 toto.

1449 1443 1766 1480 monstrationem
1789 1444 1821 1491 *,
1850 1444 1912 1481 vel
1939 1456 2010 1493 per
2037 1444 2279 1493 divisionem,
2303 1445 2367 1482 vel
2390 1444 2566 1504 quovis·

1449 1496 1522 1533 alio
1543 1497 1676 1534 modo.
1707 1497 1756 1533 Et
1775 1497 1912 1534 iterum
1933 1505 2084 1546 oportet
2098 1498 2112 1524 t
2131 1498 2257 1535 dicere
2277 1498 2366 1547 quis
2377 1498 2424 1535 sit
2442 1510 2527 1536 mo-

1450 1550 1521 1587 dus
1550 1550 1758 1588 reducendi
1787 1562 1832 1587 ea
1855 1562 1955 1599 quae
1983 1558 2169 1600 apparent
2196 1551 2244 1589 de
2277 1563 2330 1599 re,
2360 1551 2411 1589 ad
2429 1552 2532 1601 quod

1449 1604 1541 1652 quid
1566 1610 1629 1641 est.
1666 1605 1716 1641 Et
1743 1603 1833 1652 quia
1862 1603 2033 1641 definitio
2063 1611 2120 1642 est
2153 1604 2274 1642 oratio
2309 1604 2527 1654 significans

1449 1658 1552 1718 quod
1577 1658 1669 1707 quid
1694 1663 1764 1705 est,
1799 1665 1951 1707 oportet
1974 1658 2088 1695 etiam
2116 1657 2212 1696 scire
2240 1657 2334 1707 quid
2361 1658 2408 1696 sit
2434 1658 2529 1697 defi-

1450 1711 1541 1749 nitio
1572 1719 1609 1748 et
1633 1723 1732 1760 quae
1762 1710 1835 1748 sint
1863 1711 2082 1749 definibilia.
2098 1732 2124 1740 -
2140 1713 2184 1749 In
2211 1711 2270 1749 his
2298 1718 2429 1749 autem
2453 1712 2530 1750 hoc

1450 1765 1584 1803 ordine
1603 1765 1861 1814 procedemus
1881 1766 1918 1802 *z
1945 1765 2072 1814 primo
2092 1765 2250 1814 quidem
2271 1766 2526 1815 opponendo;
2553 1773 2566 1785 '

1450 1819 1622 1857 secundo
1649 1826 1778 1856 autem
1807 1819 1828 1840 *
1855 1818 2056 1856 veritatem
2086 1819 2390 1857 determinando.

1506 1874 1541 1910 3.
1558 1872 1708 1910 Deinde
1729 1885 1818 1910 cum
1838 1871 1942 1910 dicit:
1962 1873 2210 1949 Prindpium*
2217 1878 2344 1911 autem
2362 1874 2412 1911 stt
2414 1874 2528 1924 futu-

1450 1939 1583 1964 rorum
1600 1935 1669 1964 etc.
1675 1926 1900 1975 ,exequitur
1926 1926 2210 1987 propositum*
2225 1927 2357 1965 ordine
2378 1926 2528 1977 praedi-

1451 1988 1524 2018 ct0.
1545 1980 1658 2018 Unde
1682 1980 1821 2029 primo,
1841 1980 2016 2030 procedit
2043 1980 2142 2018 circa
2164 1980 2376 2030 praemissa
2401 1981 2529 2031 dispu-

1449 2034 1565 2072 tative
1595 2034 1881 2083 opponendo,
1849 2039 1880 2058 ³·
1902 2034 2090 2083 secundo,
2118 2034 2319 2072 veritatem
2349 2034 2528 2072 determi-

1450 2088 1596 2135 nando;
1626 2087 1698 2125 ibi:
1737 2089 1881 2125 Iterum
1909 2093 2036 2124 autem
2067 2063 2339 2137 speculandum
2363 2093 2419 2125 est
2440 2088 2532 2137 quid

1449 2142 1624 2180 horum*
1644 2149 1713 2179 etc.
1736 2141 1848 2179 Circa
1865 2140 2036 2191 primum
2057 2141 2136 2180 duo
2156 2141 2260 2180 facit:
2280 2141 2420 2191 primo,
2439 2154 2530 2192 pro-

1452 2195 1550 2233 cedit
1574 2195 1805 2244 disputando
1831 2195 1877 2232 de
1902 2195 1985 2244 ipsa
2009 2194 2242 2243 definitione,
2263 2207 2363 2244 quae
2388 2195 2529 2244 signifi-

1452 2257 1511 2287 cat
1529 2250 1632 2298 quod
1644 2249 1736 2298 quid
1753 2254 1825 2294 est,·
1844 2248 2028 2297 secunde,
2047 2248 2123 2286 de
2114 2262 2198 2299 ipso
2219 2250 2352 2298 quod*
2367 2249 2459 2298 quid
2476 2254 2533 2287 est

1449 2315 1520 2353 per
1538 2302 1802 2341 definitionem
1818 2302 2047 2350 significato;
2068 2301 2136 2340 ibi:
2156 2303 2280 2352 Ipsius
2293 2308 2420 2348 autem
2440 2303 2532 2352 quid

1450 2362 1504 2394 est
1541 2362 1666 2394 utrum
1694 2356 1939 2406 syllogismus
1967 2356 1988 2378 ¹¹⁸
2017 2363 2087 2394 etc.
2120 2356 2231 2394 Circa
2263 2356 2432 2407 primum
2459 2356 2530 2394 tria

1450 2410 1553 2448 facit:
1583 2410 1722 2460 primo,
1757 2409 1909 2458 inquirit
1937 2409 2166 2470 disputative
2193 2417 2323 2448 utrum
2352 2409 2529 2448 omnium

1450 2476 1617 2513 quorum
1647 2471 1702 2501 est
1730 2463 2017 2538 demonstratio,
2047 2463 2094 2501 sit
2121 2463 2310 2512 definitio;
2339 2463 2528 2512 secundo,

1451 2526 1580 2555 utrum
1600 2530 1622 2555 e
1642 2515 1863 2555 converso⁰
1883 2517 2058 2555 omniurn
2078 2530 2245 2566 quorum
2271 2525 2328 2555 est
2345 2517 2529 2566 definitio,

1452 2571 1498 2609 sit
1525 2571 1818 2617 demonstrati03
1839 2570 1906 2608 ibi.
1936 2571 2037 2613 Quid
2057 2577 2182 2608 autem
2203 2571 2310 2608 cuius
2327 2576 2384 2608 est
2399 2571 2529 2620 defini-

1452 2626 1535 2662 tio*
1551 2633 1635 2672 etc.;
1655 2624 1776 2672 tertio,
1787 2631 1916 2662 utrum
1932 2624 2088 2662 alicuius
2109 2623 2282 2662 eiusdem
2297 2623 2343 2661 sit
2357 2623 2567 2662 definitio·

1455 2687 1490 2716 et
1509 2677 1803 2724 demonstrati03
1823 2677 1892 2715 ibi:
1913 2678 1988 2715 Sed
2001 2683 2127 2715 utrum
2141 2677 2176 2716 si
2187 2689 2263 2715 non
2283 2677 2442 2715 omnis*
2458 2685 2527 2716 etc.

1455 2732 1566 2769 Circa
1585 2731 1754 2781 primum
1774 2707 1852 2768 d’uo
1873 2731 1975 2768 facit:
2004 2731 2144 2780 primo,
2173 2730 2262 2769 dicit
2290 2731 2338 2768 de
2367 2743 2445 2780 quo
2474 2739 2533 2771 est

1451 2843 1563 2867 ctionem
1583 2843 1640 2867 cod.
1655 2843 1697 2867 H:
1712 2842 1784 2875 quod
1801 2845 1842 2868 est
1859 2841 1946 2875 quod
1950 2842 2016 2876 quid
2033 2846 2087 2868 est:
2101 2850 2161 2868 nam
2181 2847 2207 2868 et
2219 2843 2285 2876 quid
2303 2845 2344 2868 est
2361 2842 2459 2868 habent
2475 2851 2530 2869 non

1451 2879 1538 2903 solum
1557 2878 1620 2909 EFI,
1635 2878 1682 2903 sed
1697 2878 1774 2903 etiam
1789 2878 1830 2903 alii
1846 2878 1957 2909 codices,
1970 2886 2024 2903 exc.
2039 2878 2151 2904 Deo.—
2160 2879 2220 2909 EQ:
2235 2881 2262 2904 et
2270 2881 2388 2912 propter
2400 2879 2467 2912 quid
2479 2882 2529 2905 est.

1503 2913 1529 2948 ζ)
1552 2914 1589 2939 Et
1607 2914 1703 2939 iterum
1718 2917 1825 2946 oportet
1839 2919 1888 2939 etc.
1897 2914 2028 2939 —DGIKS
2047 2919 2073 2939 et
2091 2922 2117 2948 p.
2132 2922 2168 2940 m.
2181 2914 2216 2940 C:
2233 2914 2269 2940 H
2281 2914 2341 2940 ideo
2355 2917 2477 2947 opor-ten·
2491 2915 2528 2940 L·

1451 2949 1488 2974 Et
1506 2953 1611 2982 oportet
1630 2950 1735 2975 iterum.
1751 2949 1770 2974 F
1790 2957 1913 2975 erronee.
1928 2949 1992 2982 (om.
2007 2949 2053 2983 Et)
2068 2957 2120 2975 non
2132 2953 2248 2991 oportet
2266 2950 2325 2984 quis
2344 2955 2393 2975 etc.

1503 2984 1531 3018 η)
1555 2985 1631 3010 Unde
1645 2985 1751 3018 primo,
1766 2985 1894 3018 procedit
1912 2990 1988 3010 etc.-
1997 2986 2020 3010 A
2038 2993 2093 3011 om.
2113 2985 2201 3017 circa;
2221 2985 2259 3010 F·
2274 2985 2471 3018 praemisum,-
2490 2985 2528 3017 Q·

1446 3021 1590 3053 praedicta
1601 3020 1681 3054 (2).-
1661 3021 1808 3046 -Novitius
1827 3021 1893 3046 hanc
1912 3021 2164 3047 animadversionem
2183 3020 2335 3046 &Thomae
2354 3021 2448 3055 iugiter
2465 3028 2529 3054 prae

1450 3061 1537 3082 mente
1556 3056 1649 3081 habeat
1671 3057 1696 3081 in
1715 3057 1895 3090 percurrendis
1914 3062 1971 3082 tum
1989 3056 2038 3082 hac
2059 3062 2116 3082 tum
2129 3056 2300 3090 sequentibus
2319 3057 2482 3089 lectionibus,
2495 3063 2529 3083 ne

1450 3100 1517 3125 quae
1536 3092 1700 3124 disputative
1718 3092 1887 3123 disseruntur,
1901 3093 1976 3125 quasi
1997 3093 2138 3126 approbata
2160 3092 2262 3118 habeat.
2280 3092 2348 3118 Tres
2367 3097 2428 3118 sunt
2446 3100 2528 3126 quae·

1450 3128 1556 3158 stiones,
1569 3135 1681 3161 quarum
1701 3127 1797 3152 solutio
1816 3128 1994 3162 investiganda
2013 3133 2065 3160 est,
2084 3133 2114 3154 ut
2132 3129 2157 3154 in
2176 3127 2285 3162 synopsi
2305 3128 2390 3161 (num.
2405 3128 2432 3161 2)
2451 3133 2526 3154 nota-

1449 3164 1550 3188 vimus:
1603 3171 1676 3196 ‚per
1694 3170 1773 3196 quem
1793 3163 1902 3188 modum
1926 3164 2001 3189 nobis
2020 3164 2165 3189 innotescat
2185 3163 2258 3197 quod
2275 3163 2342 3197 quid
2359 3166 2411 3194 est,
2431 3170 2527 3197 nempe

1450 3198 1564 3224 definitio
1583 3206 1631 3224 seu
1649 3204 1741 3224 natura
1759 3199 1795 3224 rei
1815 3200 1906 3230 scitae;
1920 3214 1941 3220 -
1957 3202 1983 3224 2·
1987 3200 2066 3234 ,quis
2085 3200 2119 3225 sit
2137 3200 2232 3225 modus
2250 3198 2391 3225 reducendi
2409 3206 2442 3225 ea
2458 3206 2528 3233 quae

1450 3239 1574 3268 apparent
1593 3235 1625 3260 ad
1643 3235 1716 3276 quod
1733 3234 1799 3267 quid
1817 3238 1872 3265 est,·
1884 3249 1902 3254 -
1920 3235 1953 3266 3·‚
1973 3235 2036 3268 quid
2055 3235 2089 3260 sit
2107 3233 2237 3267 definitio,
2257 3240 2283 3260 et
2307 3242 2375 3268 quae
2394 3235 2445 3260 sint
2463 3233 2527 3260 defi·

1450 3270 1576 3295 nibilia.-
1586 3270 1668 3295 Porro
1687 3271 1712 3295 in
1731 3270 1780 3295 hac
1799 3271 1907 3295 lectione
1927 3275 1952 3295 et
1971 3271 1995 3295 in
2015 3271 2052 3296 eis
2071 3278 2139 3304 quae
2157 3270 2307 3296 immediate
2320 3275 2474 3304 sequuntur,
2494 3269 2527 3295 nd

1450 3311 1549 3331 sextam
1567 3313 1653 3339 usque
1671 3306 1805 3337 inclusive,
1819 3306 1905 3332 variae
1918 3307 2092 3331 resolutiones
2111 3306 2258 3336 recitantur,
2273 3306 2335 3339 quin
2351 3305 2526 3339 approbentur

1449 3342 1491 3366 vel
1506 3341 1698 3374 improbentur,
1712 3341 1738 3366 in
1757 3341 1867 3375 septima
1887 3347 1911 3366 et
1930 3347 2021 3367 octava
2039 3341 2169 3375 praefatae
2183 3342 2357 3367 resolutiones
2376 3341 2476 3374 expend
2477 3348 2525 3366 ua-

1449 3382 1505 3408 tur‚
1525 3382 1551 3402 et
1570 3377 1633 3411 quid
1651 3378 1705 3402 veri
1723 3377 1786 3410 quid
1805 3377 1862 3402 falsi
1882 3377 1995 3403 habeant
2013 3377 2174 3409 decernitur,
2195 3382 2274 3411 atque
2293 3377 2330 3410 (in
2345 3376 2396 3402 fine
2409 3376 2525 3402 lectionis

1450 3413 1577 3454 septimae
1596 3418 1621 3438 et
1639 3413 1749 3438 lectione
1766 3413 1867 3446 octava)
1888 3413 2034 3446 assignatur
2052 3412 2177 3438 resolutio
2195 3411 2317 3438 finalis.-
2326 3413 2381 3438 Hac
2400 3411 2524 3438 methodo

1450 3449 1486 3473 uti
1507 3449 1574 3473 solet
1593 3449 1759 3479 Aristoteles,
1779 3454 1809 3473 ut
1826 3456 1919 3473 omnes
1939 3454 2043 3474 norunt.

1503 3482 1528 3518 0)
1547 3484 1671 3510 Secundo
1686 3487 1775 3509 utrum
1790 3491 1804 3509 e
1816 3491 1944 3510 converso
1957 3489 2004 3509 etc.
2011 3484 2102 3516 —OQz
2116 3483 2231 3510 secundo
2244 3490 2258 3509 e
2271 3489 2407 3513 converso,
2419 3485 2524 3511 utrum,-

1451 3519 1488 3544 H.
1499 3519 1621 3549 seeundo.
1635 3523 1725 3545 utrum
1740 3526 1901 3550 econverso,
1916 3520 2018 3546 scilicet
2033 3522 2123 3544 utrum
2142 3519 2276 3548 omnium:
2287 3519 2308 3544 B
2322 3525 2376 3544 om.
2390 3517 2524 3547 omnium:

1451 3555 1481 3580 Fl
1501 3555 1639 3580 oscitanter
1651 3556 1774 3581 omittunt
1791 3556 1872 3581 verbs
1883 3555 2001 3581 omnium
2015 3562 2130 3588 quorum
2143 3557 2184 3581 est
2197 3554 2331 3589 definitim·
2342 3553 2364 3579 F
2377 3560 2431 3579 om.
2445 3553 2523 3578 etism

1451 3590 1487 3616 sit
1505 3590 1707 3616 demonstratio.

2581 1464 2597 1480 Ι
2621 1463 2669 1480 non
2693 1460 2762 1480 reete:

2555 1484 2728 1539 fflffffqffi'.
2734 1484 2772 1507 cr.

2554 1939 2654 1963 *eodm
2659 1952 2670 1957 -
2677 1946 2691 1962 l*
2699 1947 2704 1962 :
2711 1946 2772 1969 pro-

2550 1967 2634 1996 posita
2639 1975 2650 1995 ‚-
2663 1974 2693 1990 ιι
2703 1973 2771 1989 cum

2549 2000 2624 2023 ΡΙὌΡ·

2556 2152 2701 2176 ·Ι,οα.νιι.

2554 2259 2646 2289 ‘Quod
2654 2266 2683 2283 ex
2691 2259 2769 2289 eodd„

2556 2293 2607 2310 exc-
2621 2293 2645 2310 B·

2555 2371 2568 2383 ⁸
2581 2369 2647 2393 Leet.
2657 2375 2707 2399 seq·

2581 2636 2653 2659 Nun.
2667 2637 2691 2659 8.

2554 2689 2653 2712 ‘Num
2667 2687 2702 2713 io.
