2788 4204
1063 291 1175 328 CAP.
1206 291 1306 338 XIV,
1338 291 1489 328 LECT.
1520 292 1643 329 XVIII

14 382 182 409 'add-¹²¹0·
197 388 229 404 »ο
256 371 346 418 folii,
368 378 405 408 et
424 371 606 420 accipitur
623 383 831 421 pro-causa
851 370 888 407 in
909 370 1182 419 consequendo
1203 369 1293 406 folio
1310 373 1329 390 ·“

14 415 59 436 ια.
73 415 116 431 -Ρε
122 408 200 438 solia.

255 425 388 462 fluere.

311 479 347 515 6.
365 477 514 515 Deinde
531 490 620 514 cum
637 476 740 514 dicit:
757 477 800 513 Si
812 482 939 513 autem
955 489 1030 513 non
1046 476 1230 526 contingit
1244 484 1327 524 etc.,

257 531 421 568 excludit
448 531 660 581 quemdam
690 541 877 576 errorem,
899 530 963 578 qui
983 537 1114 578 posset
1146 530 1253 579 sequi
1283 543 1328 567 ex

254 585 486 634 praemissis,
506 592 549 621 ut
567 583 707 621 scilicet
735 584 872 621 eadem
894 583 1039 620 ratione
1067 596 1190 620 unum
1218 596 1327 633 prae-

256 639 446 676 dictorum
475 639 759 688 demonstretur
796 649 842 673 ex
870 636 956 674 alio.
979 638 1056 675 Sed
1085 637 1166 686 ipse
1202 639 1327 674 exclu-

256 692 350 730 dens
378 693 454 729 hoc
486 691 575 729 dicit
613 690 718 739 quod
747 690 777 727 si
806 703 886 728 non
915 691 1096 739 contingit
1129 691 1235 740 quod
1263 691 1326 728 ali-

253 757 332 795 qua
360 745 438 782 duo
467 745 540 782 sint
568 744 639 781 sibi
659 743 826 781 invicem
857 757 1006 792 causae,
1037 744 1177 782 scilicet
1195 745 1233 782 in
1263 758 1326 781 eo-

254 799 345 837 dem
373 811 512 847 genere
542 800 609 845 (eo
639 798 745 847 quod
775 811 889 835 causa
919 806 974 835 est
1001 799 1106 847 prior
1137 811 1182 835 eo
1219 799 1326 836 cuius

254 859 310 889 est
338 865 468 898 causa;
490 864 570 889 non
598 859 728 888 autern
758 852 939 900 contingit
973 852 1076 890 idem
1106 864 1189 889 esse
1220 852 1325 901 prius

254 913 291 943 et
316 906 506 955 posterius
535 905 676 942 eodem
705 906 859 952 modo);
890 918 979 943 cum
1013 918 1128 944 causa
1157 906 1326 944 defectus

252 960 366 996 lunae
394 959 441 997 sit
467 967 608 996 terram
629 971 711 996 esse
740 960 779 996 in
807 959 950 1006 medio,
971 973 1050 997 non
1071 968 1126 1003 est
1144 960 1324 1009 possibile

253 1013 359 1063 quod
389 1013 557 1050 defectus
586 1014 697 1050 lunae
718 1013 765 1061 sit
784 1025 899 1051 causa
919 1014 999 1050 eius
1029 1014 1134 1063 quod
1162 1021 1261 1051 terra
1281 1014 1327 1051 sit

252 1066 291 1104 in
319 1066 462 1104 medio.
491 1067 531 1104 Si
560 1066 670 1115 igitur
699 1066 973 1104 demonstratio
1000 1080 1099 1116 quae
1129 1075 1185 1105 est
1209 1070 1228 1087 '⁵
1256 1081 1326 1116 per

253 1133 430 1167 causam,
475 1128 532 1158 est
570 1120 844 1158 demonstratio
882 1127 1059 1170 propter,
1077 1122 1186 1170 quid,
1226 1134 1324 1170 quae

252 1181 382 1211 autem
409 1186 490 1211 non
519 1182 575 1211 est
603 1186 673 1223 per
706 1186 879 1224 causam,
915 1181 971 1211 est
997 1174 1116 1223 ipsius
1148 1174 1255 1223 quia,
1285 1182 1326 1211 ut

251 1227 291 1265 in
317 1227 445 1277 primo
474 1228 648 1265 habitum
678 1235 735 1265 est
759 1230 795 1274 *;
826 1227 996 1277 sequitur
1031 1228 1137 1276 quod
1170 1228 1229 1264 ille
1258 1228 1324 1276 qui

250 1290 322 1331 per
358 1281 551 1331 defectum
587 1282 699 1319 lunae
739 1281 976 1318 demonstrat
1008 1282 1114 1330 quod
1147 1288 1246 1318 terra
1281 1281 1327 1318 sit

250 1334 290 1372 in
318 1335 467 1382 medio,
493 1335 728 1387 cognoscit*
748 1334 905 1384 quidem
934 1334 1036 1383 quia,
1066 1347 1145 1372 non
1167 1341 1326 1383 propter

250 1400 342 1491 4⁸⁸7.
362 1441 513 1478 Deinde
551 1453 641 1478 cum
679 1440 785 1478 dicit:
821 1441 932 1482 Quod
957 1446 1083 1478 autem
1122 1453 1196 1478 non
1234 1442 1323 1489 defi-

250 1506 336 1532 cere
364 1502 448 1540 etc.,
469 1494 608 1543 probat
635 1494 742 1543 quod
768 1502 1033 1543 supposuerat,
1060 1494 1200 1531 scilicet
1219 1496 1324 1544 quod

249 1547 487 1598 interpositio
506 1555 629 1585 terrae
645 1547 692 1585 sit
707 1560 822 1585 causa
837 1548 1019 1591 defectus,
1037 1556 1074 1585 et
1092 1561 1171 1585 non
1192 1561 1213 1585 e
1234 1561 1323 1586 con-

248 1614 382 1649 verso;
407 1609 444 1638 et
473 1601 562 1639 dicit
589 1602 835 1639 manifestum
865 1614 947 1638 esse
972 1602 1079 1651 quod
1098 1603 1229 1639 lunam
1259 1603 1323 1640 de-

249 1655 366 1695 ficere
396 1668 476 1693 non
505 1663 562 1693 est
589 1668 705 1693 causa
734 1655 815 1692 eius
844 1655 950 1705 quod
980 1663 1035 1692 est
1067 1664 1208 1694 terram
1238 1669 1322 1694 esse

249 1709 289 1747 in
309 1708 451 1756 medio,
473 1708 542 1746 sed
561 1721 583 1746 e
603 1721 805 1755 converso;
835 1709 925 1759 quia
945 1708 983 1746 in
1009 1709 1154 1747 ratione
1175 1710 1323 1759 eclipsis

248 1763 405 1813 ponitur
423 1762 530 1812 quod
557 1770 657 1800 terra
676 1763 723 1800 sit
741 1763 780 1800 in
808 1762 952 1809 medio,
972 1770 1015 1800 ut
1034 1776 1149 1813 supra
1179 1763 1322 1801 dictum

194 1839 222 1849 -·
251 1823 318 1854 est.
334 1816 355 1838 ⁸
372 1817 473 1854 Cum
489 1816 600 1865 igitur
613 1816 706 1866 quid
723 1823 759 1853 et
771 1823 930 1865 propter
949 1817 1041 1865 quid
1057 1817 1131 1854 sint
1149 1817 1252 1854 idem
1266 1818 1320 1865 *ἡ

140 1871 165 1909 ,’
193 1871 226 1910 ἰιι
249 1869 495 1918 manifestum
516 1877 573 1907 est
592 1869 698 1918 quod
724 1869 894 1907 defectus
919 1870 1032 1907 lunae
1047 1871 1068 1892 *
1083 1871 1324 1918 cognoscitur

214 1925 220 1930 ”
248 1936 319 1974 per
350 1922 680 1973 interpositionem
713 1930 856 1970 terrae,
887 1922 984 1960 sicut
1011 1936 1082 1972 per
1109 1925 1283 1962 medium
1305 1926 1325 1947 *

247 1985 407 2028 propter
434 1976 527 2026 quid
547 1978 580 2024 ¹³,
611 1984 648 2014 et
675 1988 754 2013 non
783 1989 805 2013 e
825 1989 1026 2014 converSO.

304 2031 340 2068 8.
361 2030 511 2069 Deinde
532 2043 622 2068 curn
647 2030 752 2067 dicit:
772 2031 852 2066 Aut
869 2031 1054 2080 contingit
1071 2031 1181 2068 unius
1193 2031 1325 2080 plures

197 2111 203 2113 <
249 2095 385 2123 causas
400 2093 483 2131 etc.,
496 2084 610 2122 solvit
623 2083 876 2133 praemissam
897 2084 1163 2134 quaestionem
1173 2091 1185 2106 ⁶
1200 2093 1325 2122 osten-

250 2137 345 2176 dens
364 2138 403 2176 in
423 2138 562 2189 quibus
579 2150 719 2175 verum
739 2137 786 2174 sit
805 2138 912 2186 quod
932 2151 1047 2177 causa
1069 2146 1106 2175 et
1125 2146 1323 2176 causatum

203 2215 222 2227 .-
250 2204 405 2242 semper
425 2193 444 2213 ’²‘
465 2205 506 2229 se
535 2199 836 2241 consequantur,
859 2199 895 2229 et
922 2192 961 2229 in
990 2192 1129 2242 quibus
1157 2205 1247 2230 non.
1276 2194 1324 2230 Et

200 2265 222 2280 .=
250 2245 350 2283 eirca
385 2246 462 2283 hoc
499 2245 577 2283 duo
606 2245 710 2283 facit:
739 2244 888 2295 prim0,
919 2246 1084 2283 ostendit
1111 2246 1150 2283 in
1185 2247 1323 2296 quibus

137 2327 145 2334 .
180 2292 191 2311 ''
215 2292 221 2307 ²
249 2311 328 2337 non
343 2299 390 2336 sit
402 2311 558 2345 verum3
575 2300 758 2345 secundo,
779 2299 818 2336 in
847 2299 987 2348 quibus
1007 2300 1054 2337 sit
1071 2312 1228 2347 verum;
1250 2300 1322 2337 ibi:

247 2353 329 2391 Aut
351 2353 388 2390 si
411 2365 560 2402 semper
580 2354 600 2375 *
619 2360 688 2390 etc.
710 2353 811 2390 Dicit
835 2365 925 2401 ergo
950 2353 1077 2402 primo
1107 2354 1213 2403 quod
1234 2366 1323 2391 con-

249 2405 355 2455 tingit
387 2406 530 2456 aliquid
556 2407 577 2428 ³¹²
609 2419 731 2444 unum
770 2419 980 2444 commune
1014 2407 1158 2444 habere
1194 2408 1323 2456 plures

250 2472 384 2497 causas
413 2459 628 2498 secundum
663 2460 769 2509 quod
798 2460 980 2498 convenit
1017 2460 1198 2509 diversis,
1228 2461 1324 2498 sicut

249 2526 334 2552 esse
367 2513 619 2563 vituperabile
644 2514 825 2551 convenit
848 2514 983 2551 audaci
1008 2522 1164 2563 propter
1197 2527 1323 2552 exces-

213 2565 220 2606 ἶ
249 2580 348 2614 sum,
369 2567 505 2605 timido
535 2575 664 2605 autem
692 2575 850 2617 propter
879 2567 1084 2606 defectum.
1106 2568 1325 2618 Accipiatur

248 2633 339 2670 ergo
353 2622 375 2643 '⁸
389 2621 496 2670 quod
511 2621 553 2643 *⁸*
572 2621 729 2670 aliquod
747 2634 870 2659 unum
891 2622 1131 2671 praedicetur
1146 2623 1193 2660 de
1208 2622 1323 2672 pluri-

183 2680 190 2687 ·
246 2675 320 2713 bus
338 2674 465 2724 primo
486 2681 524 2711 et
543 2674 777 2723 immediate,
806 2683 843 2713 et
861 2676 882 2695 ⁴*
901 2676 1143 2724 praedicetur
1167 2678 1202 2713 A
1224 2676 1272 2714 de
1292 2677 1323 2713 B

246 2808 304 2839 ΡΜ,
317 2813 343 2834 et
357 2808 392 2833 ita
406 2807 548 2840 legendum
563 2815 623 2832 esse
637 2807 702 2832 ratio
717 2807 817 2832 suadet.
832 2808 1008 2841 Syllogismus
1024 2809 1102 2839 enim,
1117 2810 1161 2842 qui
1174 2810 1215 2834 hic
1229 2818 1326 2843 propo-

247 2844 324 2874 nitur,
343 2848 392 2874 est,
412 2843 499 2876 quoad
518 2843 627 2868 modum
651 2843 822 2876 procedendi,
841 2844 979 2876 oppositus
1003 2844 1095 2876 priori:
1115 2853 1176 2870 nam
1202 2846 1227 2870 in
1247 2846 1325 2878 priori

246 2880 435 2914 procedebatur
453 2887 468 2904 a
486 2886 565 2904 causa
583 2879 616 2904 ad
635 2883 784 2908 causatum;
804 2878 844 2904 hic
859 2885 947 2904 autern
965 2887 980 2904 e
997 2887 1125 2905 converso
1144 2888 1159 2905 a
1174 2887 1279 2906 causato
1294 2883 1325 2906 ad

248 2923 363 2946 causam,
379 2922 476 2947 nempe
494 2922 525 2939 ex
536 2914 608 2948 folio
620 2915 709 2948 fluere
726 2914 758 2939 ad
773 2915 830 2939 lata
841 2915 948 2948 solia.—-
958 2915 992 2940 P:
1005 2916 1077 2948 quod
1086 2916 1153 2950 fluit
1166 2920 1193 2941 et
1206 2918 1262 2942 lata
1277 2917 1324 2942 ha-

248 2951 292 2977 ber
302 2951 390 2985 solia,
409 2950 481 2984 solio
499 2949 580 2984 fluit;
592 2957 630 2975 ex
648 2950 697 2975 hoc
716 2955 772 2979 etc.,
793 2958 847 2975 om.
861 2953 888 2975 et
908 2951 983 2975 codd.
990 2959 998 2982 ;
1018 2951 1059 2976 M:
1079 2952 1151 2984 quod
1161 2953 1236 2986 fluit,
1250 2953 1324 2987 solia

248 2987 328 3013 habet
346 2987 418 3016 laten
436 2989 463 3011 et
482 2992 519 3010 ex
537 2985 587 3010 hoc
606 2989 668 3015 etc.;
683 2985 703 3009 F
722 2985 748 3010 h.
763 2986 811 3010 lac.

302 3021 326 3056 ε)
338 3021 425 3047 Solvit
431 3021 609 3053 praemissam
624 3020 833 3053 quaestIonem.-
842 3020 945 3045 Codd.—
954 3021 988 3045 P:
998 3021 1078 3046 solvit
1083 3022 1202 3053 primam
1213 3026 1325 3055 quaest.,·

247 3059 273 3083 A
285 3063 310 3083 et
324 3066 350 3090 p.
363 3065 398 3082 m.
411 3057 446 3081 B:
461 3056 631 3088 praedictam
651 3059 751 3088 quaest.
761 3070 780 3075 -
793 3057 832 3080 De
846 3056 917 3081 hisce
930 3057 1126 3089 quaestionibus
1139 3058 1190 3082 iarn
1205 3059 1256 3091 egit
1266 3059 1323 3083 Ari-

249 3094 358 3119 stoteles
372 3092 399 3116 in
417 3091 639 3124 praecedentibus,
654 3096 683 3116 ut
696 3092 784 3116 videre
799 3097 839 3116 est
848 3092 916 3116 lectt.
930 3100 946 3116 x
960 3097 986 3116 et
998 3100 1023 3116 xi
1036 3092 1114 3117 huius
1128 3094 1235 3118 secundi
1256 3094 1323 3119 libri.

249 3129 324 3154 Unde
339 3136 354 3152 a
368 3127 526 3160 quibusdam
541 3127 685 3151 dubitatum
700 3126 747 3151 fuit
767 3135 814 3151 cur
834 3127 988 3152 Aristoteles
1005 3133 1090 3152 actum
1108 3134 1175 3160 agat.
1189 3130 1323 3154 Zabarella

249 3164 275 3188 in
285 3164 306 3188 11
317 3163 428 3191 Postera,
439 3170 494 3195 cap.
503 3168 554 3193 xrv,
564 3162 610 3186 fol.
629 3161 685 3192 160,
696 3163 746 3187 col.
758 3169 781 3192 2,
792 3162 913 3194 opinatur
926 3163 1094 3188 Aristotelem
1109 3164 1135 3188 in
1148 3165 1324 3196 praecedenti—

247 3199 299 3224 bus
315 3198 495 3223 considerasse
508 3198 629 3227 breviter,
641 3203 667 3222 et
680 3198 782 3230 absque
795 3198 849 3223 ulla
863 3198 1024 3231 probatione,
1038 3206 1144 3223 causam
1159 3205 1185 3224 et
1203 3199 1323 3224 effectum

247 3240 368 3267 tempore
380 3234 459 3258 simul
472 3241 545 3263 esse;
559 3232 600 3257 hic
613 3241 676 3258 vero
690 3234 833 3258 accuratius
852 3239 878 3258 et
890 3234 1043 3266 profundius
1062 3242 1118 3259 rem
1140 3235 1267 3267 speculari
1277 3253 1283 3265 ‚
1298 3240 1324 3259 et

248 3275 306 3295 turn
322 3269 399 3294 dubia
411 3268 499 3293 omnia
509 3269 644 3299 solvendo,
658 3273 714 3293 tum
724 3269 858 3293 veritatem
874 3268 955 3294 firmis
968 3270 1127 3302 argumentis
1143 3270 1323 3294 demonstran-

250 3306 293 3336 do,
304 3305 418 3330 funditus
428 3311 484 3329 rem
495 3304 632 3329 declarare.
643 3304 769 3329 Eamdem
781 3305 856 3335 igitur
865 3312 921 3329 rem
931 3309 1021 3329 tractat
1031 3305 1184 3330 Aristoteles
1194 3305 1234 3330 hic
1246 3311 1272 3330 et
1282 3306 1323 3335 ibi,

251 3349 305 3366 non
319 3345 407 3364 tamen
422 3340 514 3364 eodem
534 3340 627 3370 modo;
647 3347 734 3372 neque
753 3340 844 3364 eadem
863 3340 904 3365 hic
923 3340 990 3370 dicit,
1006 3341 1053 3365 sed
1067 3341 1124 3371 alia,
1144 3348 1211 3373 quae
1224 3341 1256 3365 ad
1270 3342 1324 3373 ple-

250 3384 312 3401 nam
330 3375 408 3400 huius
427 3374 594 3400 theorematis
609 3375 790 3400 excussionem
809 3375 955 3400 necessaria
973 3380 1055 3400 erant.
1075 3376 1153 3406 Quod
1173 3376 1194 3400 si
1214 3384 1324 3408 quaeras

249 3420 297 3437 cur
315 3411 391 3443 igitur
408 3411 562 3435 Aristoteles
581 3418 633 3435 non
650 3418 703 3435 uno
717 3416 743 3435 et
757 3411 906 3436 continuato
925 3419 1047 3436 sermone
1066 3416 1146 3436 totam
1161 3412 1239 3436 simul
1259 3412 1325 3436 hanc

251 3447 429 3472 tractationem
449 3446 589 3471 absolverit
613 3446 639 3470 in
657 3446 884 3478 praecedentibus,
905 3447 952 3471 sed
971 3454 1028 3471 eam
1048 3447 1256 3479 interrumpens,
1275 3452 1326 3472 tra-

252 3488 348 3508 ctatum
368 3481 552 3515 interposuerit
571 3482 603 3506 de
615 3482 752 3506 venatione
771 3481 939 3512 definitionis,
959 3487 985 3506 et
1004 3482 1036 3506 de
1049 3482 1106 3506 aliis
1119 3490 1186 3515 quae
1200 3483 1325 3507 hactenus

249 3519 343 3544 tradita
362 3523 437 3548 sunt;
461 3517 604 3549 respondet
628 3517 697 3542 idem
721 3522 810 3542 auctor
828 3518 899 3550 quod
925 3525 978 3542 non
1001 3517 1057 3542 sine
1080 3517 1179 3542 ratione
1204 3526 1251 3543 nec
1270 3518 1327 3543 sine

250 3553 358 3579 artificio
372 3553 441 3578 hunc
459 3552 579 3577 ordinem
593 3552 716 3577 servavit:
736 3561 796 3577 nam
815 3560 939 3585 praesens
958 3553 1073 3578 tractatio
1090 3553 1201 3578 maxime
1215 3554 1326 3586 pertinet

250 3595 278 3615 et
297 3589 396 3615 confert
414 3589 447 3614 ad
466 3588 641 3614 inventionem
660 3588 747 3619 medii,
766 3594 792 3614 et
810 3589 843 3613 ad
861 3588 1045 3613 abundantiam
1064 3589 1325 3620 demonstrationum,

2379 294 2449 341 391

1384 370 1510 419 primo
1538 373 1573 418 ⁴⁵,
1601 379 1638 409 et
1666 371 1836 408 similiter
1864 371 1913 408 de
1942 371 1991 418 C,
2018 371 2114 408 sicut
2142 383 2225 408 esse
2263 371 2454 421 vitupera-

1386 424 1459 460 bile
1489 424 1537 461 de
1566 425 1915 474 superabundantia
1944 431 1981 461 et
2009 424 2175 471 defectu;
2200 432 2237 461 et
2264 425 2333 462 ista
2362 426 2452 474 duo,

1384 477 1525 515 scilicet
1554 479 1584 515 C
1615 486 1651 515 et
1678 479 1721 526 B,
1750 478 2018 528 praedicentur
2046 478 2094 515 de
2119 479 2153 515 D
2180 485 2217 514 et
2245 479 2277 514 E
2299 478 2327 525 ζ,
2358 480 2454 516 sicut

1383 532 1733 579 superabundantia
1762 532 1942 569 convenit
1960 531 2108 578 audaci,
2130 531 2298 568 defectus
2323 540 2452 570 autem

1382 584 1529 622 timido.
1561 586 1845 623 Praedicabitur
1879 585 2004 635 itaque
2031 587 2066 621 A
2093 585 2140 622 de
2165 585 2199 621 D
2226 593 2263 622 et
2282 586 2331 632 E,
2362 586 2451 635 quia

1381 644 1459 674 tam
1484 638 1609 675 audax
1638 651 1753 688 quam
1779 639 1934 676 timidus
1957 646 2014 675 est
2031 638 2303 687 vituperabilis.
2325 639 2452 676 Causa

1382 699 1511 728 autem
1541 692 1646 741 quod
1675 695 1709 729 A
1738 693 1784 729 sit
1810 693 1849 729 in
1878 694 1913 730 D
1944 699 2000 729 est
2026 692 2154 741 ipsum
2182 693 2232 728 B:
2263 699 2319 728 est
2347 693 2450 730 enim

1382 746 1507 782 audax
1543 746 1803 795 vituperabilis
1842 753 1998 795 propter
2044 745 2447 794 superabundantiam.

1382 799 1500 845 Quod
1520 807 1649 836 autem
1670 802 1704 836 A
1724 800 1810 836 insit
1827 799 1936 847 *4psi
1957 801 2006 846 E,
2029 811 2143 836 causa
2168 807 2224 836 est
2251 799 2378 847 ipsum
2400 800 2447 836 C:

1381 853 1536 890 timidus
1566 853 1668 890 enim
1692 853 1953 902 vituperabilis
1983 860 2038 889 est
2064 860 2221 902 propter
2241 853 2446 890 defectum.

1381 907 1489 943 Patet
1512 919 1602 954 ergo
1633 907 1737 955 quod
1767 919 1855 943 cum
1886 918 2000 942 causa
2019 906 2076 953 sit⁷
2097 919 2253 943 necesse
2282 914 2338 943 est
2357 919 2448 947 ,rem

1381 972 1483 1006 esse,
1504 960 1594 1008 quia
1622 961 1702 996 sive
1723 961 1757 996 A
1777 960 1823 996 sit
1851 960 2211 1008 superabundantia,
2232 959 2312 996 sive
2343 960 2445 997 defe-

1381 1021 1483 1060 ctus,
1513 1026 1670 1050 necesse
1709 1020 1764 1049 est
1797 1012 1938 1061 aliquid
1967 1025 2050 1049 esse
2077 1013 2340 1062 vituperabile.
2371 1013 2449 1050 Sed

1381 1066 1562 1103 existente
1584 1079 1636 1114 re,
1657 1079 1813 1103 necesse
1838 1074 1894 1102 est
1913 1066 2068 1115 quidem
2089 1067 2195 1116 quod
2214 1066 2339 1115 aliqua
2359 1079 2446 1103 cau-

1380 1132 1510 1156 sarum
1540 1120 1597 1167 sit,
1618 1132 1696 1157 non
1716 1127 1846 1156 tamen
1874 1132 2029 1156 necesse
2050 1128 2106 1156 est
2125 1120 2333 1168 quamlibet
2361 1132 2447 1156 cau-

1380 1186 1463 1209 sam
1481 1174 1502 1194 *
1517 1186 1611 1210 esse.
1634 1174 1739 1210 Sicut
1757 1173 1882 1221 posito
1907 1173 2012 1221 quod
2032 1173 2174 1222 aliquid
2193 1173 2239 1209 sit
2257 1173 2447 1222 vitupera-

1380 1227 1467 1274 bile,
1489 1239 1568 1263 non
1597 1234 1652 1263 est
1680 1239 1836 1263 necesse
1865 1226 1971 1275 quod
1999 1226 2046 1262 sit
2072 1226 2110 1263 in
2134 1227 2446 1275 superabundan-

1379 1280 1441 1327 tia,
1463 1281 1532 1318 sed
1560 1292 1717 1317 necesse
1747 1287 1803 1316 est
1840 1279 1946 1328 quod
1974 1279 2020 1316 sit
2054 1281 2117 1316 vel
2146 1280 2184 1316 in
2213 1281 2447 1329 superabun-

1380 1334 1508 1371 dantia
1540 1335 1602 1371 vel
1631 1334 1670 1371 in
1697 1334 1717 1355 *
1746 1333 1907 1384 defectu.

1433 1400 1470 1436 9.
1492 1387 1641 1425 Deinde
1671 1399 1760 1424 cum
1795 1387 1900 1424 dicit:
1926 1387 2006 1423 Aut
2034 1386 2068 1423 si
2101 1398 2249 1435 semper
2281 1392 2336 1423 est
2368 1386 2448 1423 uni-

1377 1442 1524 1479 versale
1543 1449 1626 1488 etc.,
1654 1440 1819 1478 ostendit
1841 1441 1880 1477 in
1900 1440 2038 1489 quibus
2058 1452 2214 1476 necesse
2234 1439 2279 1476 sit
2299 1440 2319 1461 *
2338 1439 2450 1476 simul

1379 1508 1420 1532 se
1449 1495 1632 1544 consequi
1662 1507 1817 1531 causam
1852 1502 1889 1531 et
1918 1501 2132 1539 causatum;
2163 1500 2199 1530 et
2228 1493 2316 1530 dicit
2344 1494 2450 1543 quod

1378 1550 1410 1586 si
1429 1549 1571 1598 aliquid
1587 1556 1790 1598 quaeratur
1809 1548 1846 1584 in
1866 1547 2083 1595 universali,
2101 1554 2137 1584 et
2151 1546 2356 1596 accipiatur
2370 1555 2449 1584 tam

1379 1615 1494 1640 causa
1523 1615 1640 1652 quam
1670 1602 1709 1639 id
1738 1602 1844 1639 cuius
1874 1613 1989 1638 causa
2015 1606 2030 1623 '²
2059 1601 2270 1650 quaeritur,
2300 1601 2338 1638 in
2366 1601 2448 1638 uni-

1378 1657 1537 1703 versali3
1573 1664 1664 1693 tunc
1699 1662 1850 1704 oportet
1884 1655 1990 1704 quod
2023 1654 2072 1691 ad
2106 1666 2261 1691 causam
2295 1667 2450 1703 semper

1379 1718 1560 1760 sequatur
1580 1710 1749 1756 effectus,
1772 1716 1808 1745 et
1828 1708 1875 1746 ad
1896 1708 2075 1745 effectum
2101 1720 2226 1744 causa.
2249 1707 2354 1744 Sicut
2371 1709 2447 1745 hoc

1379 1765 1485 1814 quod
1514 1771 1570 1800 est
1598 1764 1718 1800 fluere
1748 1762 1855 1808 folio,
1876 1775 1955 1799 non
1975 1761 2155 1798 convenit
2182 1761 2307 1810 primo
2333 1761 2448 1810 pluri-

1379 1819 1463 1866 bus,
1483 1825 1526 1855 ut
1546 1825 1625 1854 erat
1653 1817 1690 1853 in
1718 1816 1930 1865 praemisso
1960 1816 2149 1864 exempIO,
2175 1815 2243 1852 sed
2272 1815 2447 1852 determi-

1380 1880 1466 1909 nate
1486 1871 1552 1908 uni
1571 1871 1697 1919 primo
1725 1869 1934 1916 communi,
1955 1868 2132 1918 quamvis
2151 1868 2247 1905 illius
2273 1881 2447 1905 commu-

1379 1926 1437 1963 nis
1457 1925 1530 1963 sint
1557 1925 1700 1961 multae
1719 1924 1877 1973 species,
1907 1923 2045 1972 quibus
2073 1922 2334 1959 universaliter
2358 1934 2447 1959 con-

1378 1979 1485 2016 venit
1513 1978 1618 2028 quod
1638 1978 1762 2014 fluunt
1790 1977 1897 2022 folio;
1918 1984 2010 2025 puta
2034 1976 2063 2013 si
2088 1976 2320 2024 accipiamus
2342 1977 2405 2012 vel
2428 1976 2448 1997 *

1379 2034 1527 2082 plantas
1536 2033 1599 2069 vel
1615 2032 1706 2069 tales
1722 2032 1879 2080 plantas,
1897 2030 2036 2066 scilicet
2055 2030 2128 2066 lata
2148 2030 2236 2066 folia
2250 2030 2445 2066 habentes.

1380 2086 1493 2124 Unde
1521 2086 1560 2123 in
1589 2085 1769 2122 omnibus
1788 2084 1866 2121 istis
1886 2085 1905 2103 ⁴*
1926 2091 2076 2132 oportet
2096 2083 2267 2132 accipere
2288 2083 2446 2132 aequale

1380 2140 1565 2186 medium,
1587 2139 1637 2176 ita
1656 2138 1762 2188 quod
1791 2145 2033 2174 convertatur
2057 2149 2171 2173 causa
2191 2144 2227 2173 et
2245 2136 2284 2173 id
2302 2139 2322 2159 '³‘
2342 2136 2447 2173 cuius

1381 2202 1436 2231 est
1451 2206 1577 2231 causa.
1596 2193 1701 2230 Sicut
1715 2192 1746 2229 si
1761 2203 1992 2241 quaeramus
2012 2203 2130 2240 quare
2149 2191 2305 2228 arbores
2325 2191 2447 2227 fiuant

1380 2247 1492 2293 folio;
1514 2247 1544 2284 si
1573 2246 1778 2294 accipiatur
1807 2257 1920 2282 causa
1948 2245 2060 2281 huius
2090 2256 2172 2281 esse
2196 2251 2352 2293 propter
2371 2244 2447 2280 hoc

1380 2301 1486 2350 quod
1519 2300 1723 2337 humidum
1757 2306 1813 2335 est
1846 2297 2123 2335 condensatum
2153 2304 2190 2333 et
2222 2297 2275 2334 sic
2303 2297 2446 2334 facilius

1380 2362 1436 2392 est
1455 2355 1476 2375 *
1499 2353 1743 2399 desiccabile,
1765 2359 1944 2401 sequetur
1972 2351 2077 2400 quod
2106 2351 2135 2388 si
2156 2359 2352 2388 causatum
2382 2351 2444 2395 sit,

1380 2408 1486 2457 quod
1506 2408 1621 2445 etiarn
1642 2419 1757 2443 causa
1776 2405 1838 2451 sit3
1859 2412 1952 2454 puta
1971 2406 2000 2441 si
2021 2404 2103 2442 fluit
2121 2405 2246 2451 arbor,
2268 2404 2445 2453 oportet*

1380 2462 1485 2510 quod
1519 2461 1566 2498 sit
1598 2459 1845 2497 condensatio
1879 2458 2064 2495 humoris.
2100 2459 2149 2494 Et
2184 2471 2204 2495 e
2239 2470 2443 2505 converso,

1380 2522 1532 2565 oportet
1551 2514 1656 2563 quod
1676 2513 1799 2562 posita
1819 2525 1934 2549 causa
1952 2512 1991 2548 in
2011 2511 2072 2548 tali
2092 2511 2263 2548 subiecto
2282 2518 2447 2561 ponatur

1380 2569 1551 2614 effectus;
1571 2575 1614 2604 ut
1631 2575 1724 2616 puta
1752 2567 1782 2603 si
1803 2565 2050 2603 condensatio
2070 2565 2243 2602 humoris
2273 2573 2339 2612 est,
2369 2577 2447 2602 non

1379 2623 1418 2660 in
1448 2633 1677 2672 quacunque
1711 2633 1751 2657 re
1780 2619 1849 2657 sed
1883 2619 1921 2656 in
1958 2620 2115 2666 arbore,
2146 2619 2314 2668 sequitur
2342 2618 2447 2668 quod

1379 2677 1470 2714 folio
1499 2676 1594 2713 fluat
1619 2672 1644 2712 ⁰.

1379 2811 1411 2835 de
1430 2818 1482 2843 qua
1500 2809 1653 2834 Aristoteles
1673 2807 1721 2832 sibi
1741 2807 1878 2832 dicendum
1897 2806 2033 2840 proposuit
2046 2806 2072 2830 in
2087 2805 2168 2838 capite
2186 2806 2369 2838 praecedente;
2389 2806 2447 2831 ideo

1378 2847 1404 2871 in
1423 2846 1478 2870 aliis
1498 2844 1649 2870 memoratis
1668 2843 1731 2868 locis
1751 2843 1816 2867 hanc
1835 2850 1928 2867 causae
1947 2847 1972 2866 et
1991 2841 2098 2866 effectus
2113 2841 2340 2874 reciprocationem
2359 2842 2449 2866 leviter

1378 2876 1468 2914 tetigit,
1487 2886 1513 2906 at
1532 2881 1641 2913 diligens
1661 2879 1768 2903 huiusce
1786 2878 1822 2903 rei
1842 2885 1949 2902 examen
1969 2878 2000 2901 ad
2017 2878 2100 2901 locum
2116 2877 2191 2905 hunc,
2208 2882 2330 2909 tanquam
2350 2885 2447 2910 oppor-

1377 2918 1516 2946 tuniorem,
1536 2915 1643 2941 remisit.
1663 2916 1806 2946 Hucusque
1830 2912 2075 2938 Zabarella.-Huic
2095 2920 2147 2937 non
2167 2913 2315 2937 contradicit
2338 2913 2446 2944 Niphus,

1378 2953 1425 2978 sed
1444 2957 1470 2977 et
1494 2952 1570 2977 aliam
1597 2950 1792 2983 explicationem
1818 2949 1946 2982 proponit,
1971 2948 2105 2980 inquiens:
2128 2957 2141 2971 a
2165 2948 2323 2980 Philoponus
2348 2948 2447 2973 dicebat

1380 2998 1394 3011 i>
1410 2988 1476 3012 hanc
1495 2987 1673 3020 quaestionem
1693 2985 1812 3018 superius
1827 2984 1907 3009 fuisse
1926 2989 2022 3008 motam
2037 2989 2062 3008 et
2081 2983 2241 3008 dissolutam.
2258 2983 2379 3008 Dicemus
2399 2984 2447 3009 alia

1381 3035 1394 3046 »
1410 3024 1495 3048 forma
1513 3023 1594 3047 fuisse
1613 3022 1733 3053 superius
1753 3021 1897 3053 quaesitam
1916 3025 1942 3044 et
1960 3019 2008 3044 alia
2034 3019 2115 3043 forma
2140 3018 2179 3043 hic
2199 3019 2303 3051 quaeri:
2326 3019 2446 3052 superius

1381 3070 1393 3082 2
1410 3060 1478 3083 enim
1494 3058 1668 3090 quaerebatur
1687 3057 1719 3081 de
1734 3061 1824 3080 mutua
1842 3055 2007 3080 coexistentia
2019 3054 2124 3079 effectus
2143 3060 2169 3079 et
2189 3062 2282 3079 causae
2301 3055 2446 3079 secundum

1381 3105 1394 3117 ι
1410 3102 1480 3124 rem;
1495 3093 1536 3118 hic
1554 3101 1617 3118 vero
1637 3092 1779 3117 secundum
1805 3091 1991 3124 syllogisticam
2017 3090 2222 3114 conversionem.
2248 3090 2382 3115 Praeterea
2405 3090 2446 3115 hic

1382 3140 1394 3152 »
1411 3129 1541 3162 copiosius
1560 3136 1616 3153 rem
1636 3128 1742 3160 attingit,
1761 3127 1794 3151 ibi
1809 3127 1931 3151 brevibus
1947 3137 1959 3149 ι
1975 3126 2018 3159 (ln
2033 3126 2053 3150 11
2067 3126 2182 3154 Foster„
2203 3125 2218 3158 ξ
2240 3126 2282 3150 De
2300 3133 2382 3151 causa
2397 3133 2445 3151 au-

1379 3169 1431 3190 tem
1451 3170 1508 3193 etc.,
1521 3172 1579 3196 paiz.
1596 3162 1654 3192 205,
1668 3164 1718 3187 col.
1735 3163 1843 3187 2.-Ed.
1857 3162 1918 3194 cin).

1432 3199 1458 3233 ζ)
1479 3199 1673 3224 Praedicentur
1691 3198 1724 3222 de
1744 3198 1771 3222 D
1789 3201 1815 3222 et
1834 3197 1988 3222 E.—ANO:
2010 3196 2042 3221 de
2062 3197 2089 3221 D
2106 3200 2134 3221 et
2159 3197 2195 3225 C,-
2213 3197 2247 3221 F:
2270 3196 2302 3221 de
2321 3196 2345 3221 Β
2362 3199 2390 3222 et
2408 3197 2448 3227 E,-

1379 3236 1418 3260 1-1:
1433 3235 1466 3259 de
1486 3235 1513 3259 Ε
1528 3237 1555 3259 et
1574 3234 1608 3258 D.
1624 3234 1726 3258 Priores
1746 3233 1868 3257 lectiones
1888 3233 2038 3257 reiiciendae
2056 3238 2129 3263 sunt;
2144 3233 2219 3257 lectio
2238 3238 2325 3256 autem
2344 3233 2401 3257 cod.
2421 3233 2445 3257 H

1379 3270 1500 3295 sustineri
1519 3274 1612 3302 potest,
1628 3270 1688 3301 quia
1708 3269 1838 3293 literarum
1858 3268 1970 3293 inversio
1989 3268 2038 3292 hoc
2056 3268 2114 3292 Ioco
2139 3273 2164 3292 et
2182 3273 2308 3300 quantum
2334 3268 2367 3292 ad
2385 3275 2446 3292 sen-

1379 3314 1438 3330 sum
1458 3310 1498 3330 est
1512 3304 1667 3329 indifferens.

1432 3339 1460 3374 η)
1484 3340 1564 3365 Cuius
1577 3347 1658 3364 causa
1672 3339 1820 3371 quaeritur.
1830 3353 1848 3357 ——
1862 3339 1903 3364 Sic
1918 3338 2027 3369 legimus
2042 3346 2100 3363 cum
2117 3339 2191 3363 codd.
2205 3346 2266 3364 exc..
2280 3338 2398 3369 FGIOQ.
2411 3339 2447 3364 P:

1379 3377 1454 3402 cuius
1473 3383 1562 3405 causa,
1582 3378 1609 3400 et
1627 3375 1782 3407 quaeritur,·
1800 3375 1820 3398 F
1822 3374 1871 3399 10:
1893 3375 1968 3399 cuius
1985 3377 2025 3399 est
2043 3381 2124 3399 causa
2143 3374 2282 3406 quaeritur
2287 3382 2296 3404 ‚·
2315 3374 2353 3398 G:
2367 3374 2447 3399 cuius

1380 3416 1419 3437 ese
1437 3418 1519 3437 causa
1538 3414 1564 3435 et
1582 3410 1736 3443 quaeritur;
1761 3410 1798 3440 Q:
1817 3413 1844 3435 et
1861 3410 2011 3442 accipiatur
2029 3413 2084 3435 tam
2103 3417 2185 3435 causa
2203 3416 2283 3442 quam
2306 3413 2446 3435 causatum

1381 3448 1407 3472 in
1428 3446 1586 3474 universa1i;
1604 3450 1668 3471 tunc
1686 3451 1734 3470 etc.

1434 3481 1459 3516 0)
1482 3482 1561 3512 Quod
1571 3482 1643 3515 folio
1661 3482 1770 3512 fluat.—
1783 3481 1855 3505 Hanc
1875 3481 2020 3511 lectionem,
2039 3480 2076 3505 uti
2096 3480 2275 3506 cohaerentem
2295 3480 2447 3513 praemissis

1380 3519 1406 3543 in
1425 3517 1474 3542 hoc
1489 3518 1614 3549 exemplo,
1630 3517 1784 3549 adoptamus
1798 3524 1827 3540 ex
1841 3517 1916 3541 codd.
1931 3516 2147 3547 ABCLNOQST.
2162 3517 2197 3540 H:
2211 3516 2282 3549 solio
2290 3517 2397 3551 fluant3
2413 3517 2447 3542 P:

1373 3553 1446 3587 solia
1458 3554 1558 3587 fluant.
1576 3553 1621 3577 Fl:
1641 3553 1667 3577 in
1686 3559 1869 3585 quamcunque
1887 3552 1987 3577 residet
2005 3552 2031 3577 in
2050 3552 2147 3577 arbore
2163 3552 2282 3584 sequitur
2295 3551 2368 3585 quod
2373 3552 2448 3586 solia

1373 3590 1474 3624 fluant.

977 3660 1402 3689 ——QQ
1358 3661 1460 3689 ‘oz-z»

2489 382 2498 392 ·
2513 387 2565 403 nx:
2576 381 2697 410 etprimo.

2579 480 2595 510 t

2476 800 2485 808 '
2506 806 2534 822 u:
2553 801 2585 821 sit
2598 801 2622 821 in
2636 800 2665 822 Ε.
2677 812 2688 817 ·

2477 826 2566 858 C⁰dd:·
2583 833 2632 848 exc.
2654 833 2689 854 Π,

2477 859 2525 875 om.
2536 859 2619 881 tpsum.

2474 1180 2486 1191 ⁴
2501 1179 2606 1201 Causam
2622 1185 2670 1202 om.

2474 1213 2514 1228 ΑΝ.

2475 1338 2486 1349 ⁸
2501 1337 2526 1359 In
2536 1344 2585 1360 om.
2593 1343 2686 1360 aroino.

2475 1444 2487 1455 ”’
2501 1450 2530 1466 Λα
2539 1452 2544 1465 z
2559 1447 2602 1466 est.

2475 1984 2486 1993 ⁴
2504 1982 2544 2004 Vel
2564 1989 2591 2004 ex
2610 1983 2687 2010 codd.,

2475 2015 2526 2031 cxc.
2536 2015 2601 2035 reio.

2474 2089 2485 2099 ⁸
2500 2089 2524 2110 ln
2539 2089 2622 2110 omnib.
2633 2089 2687 2110 istis

2476 2122 2523 2136 om.
2539 2121 2569 2136 ri.
2599 2123 2601 2125 ·

2474 2147 2484 2158 '
2499 2146 2526 2167 ld
2546 2153 2593 2168 om.
2608 2146 2686 2173 codd„

2475 2179 2525 2194 exc.
2536 2179 2558 2195 c.

2475 2358 2483 2365 ”
2498 2357 2544 2378 Eet
2563 2364 2591 2379 ex
2606 2358 2682 2385 codd„

2475 2390 2524 2405 exc.
2536 2390 2571 2405 ro.

2476 2413 2483 2420 ·
2501 2412 2602 2438 oportet
2620 2417 2649 2432 ex

2476 2437 2545 2459 codd.
