2788 4204
58 404 65 412 ¹
77 403 138 423 Lect.
155 408 175 422 v.

55 726 162 747 Definitio
178 731 218 746 cur
232 725 270 746 di-

55 756 119 774 catur
130 752 254 773 terminus.

56 781 64 788 ·
74 786 100 800 a:
111 778 235 800 concludit.

56 876 64 883 '
74 880 88 895 ι)
103 882 108 895 ;
146 875 267 895 remaneat

55 903 123 922 extra
139 901 264 928 definitum.

153 928 167 961 β

55 1148 61 1156 ·
77 1153 98 1167 A:
114 1145 218 1167 omnibus
237 1151 265 1165 α-

53 1173 100 1193 liis.

53 1243 125 1264 Vocis
141 1246 228 1264 natura.

53 1300 131 1327 ·.Cap
134 1306 264 1325 v111,n.11.-

55 1327 152 1348 Comme
155 1316 186 1347 nt’.
195 1333 214 1347 s.
221 1326 265 1347 Th

55 1354 105 1374 lect.
117 1359 183 1374 xvnt

54 1409 62 1416 '¹
74 1413 101 1428 ac
112 1414 117 1427 .·
155 1412 267 1433 quarum-

53 1433 115 1454 dam.

53 1461 61 1470 ·
73 1459 109 1481 Cf.
120 1459 177 1481 infra
187 1466 209 1480 n.
219 1465 243 1480 ιι.

151 1565 167 1590 Υ

54 1838 61 1847 ’
72 1843 126 1858 Aac:
137 1837 226 1858 debeat.

53 1891 97 1911 'tn
116 1896 165 1910 cum
180 1890 213 1910 sit
221 1895 265 1910 na-

52 1916 154 1941 turale;-
145 1922 195 1937 -znc
203 1916 266 1943 quod

52 1944 89 1963 est
97 1942 214 1963 naturale.

155 2203 168 2227 δ

56 2312 63 2319 ·
75 2317 88 2331 Α
96 2318 100 2331 :
109 2310 246 2332 accidentis.

53 2364 61 2372 ·
71 2369 97 2384 A:
113 2363 253 2390 artificiales
260 2379 265 2385 .

300 224 348 248 20

297 290 478 336 secundo,
492 289 716 326 determinat
731 289 778 325 de
789 288 1034 336 verb0,quod
1050 287 1235 334 significat
1250 285 1363 321 actio—

298 355 387 379 nem
403 343 464 379 vel
479 342 697 391 passionem
713 341 985 390 procedentem
1001 353 1023 376 a
1039 352 1092 385 re;
1108 339 1176 375 ibi:
1201 339 1363 375 Verbum

297 402 421 432 autem
451 401 504 432 est
530 396 630 443 quod
656 395 917 443 consignificat
941 399 1085 440 tempus
1103 392 1123 412 '¹‘
1153 399 1220 428 etc.
1255 391 1365 428 Circa

297 449 465 497 primum
486 449 554 484 tria
574 448 675 484 facit:
696 447 834 495 primo,
848 445 979 482 definit
996 457 1158 490 nomen;
1179 444 1362 491 secundo,

299 501 559 538 definitionem
587 500 756 548 exponit;
783 499 851 534 ibi:
884 500 930 534 In
961 498 1111 534 nomine
1137 497 1236 533 enim
1265 499 1366 546 quod

298 560 350 590 est
372 555 559 602 equiferus
586 560 674 598 ete.;
704 551 824 597 tertio,
846 550 1008 587 excludit
1034 550 1237 598 quaedam,
1265 563 1363 600 quae

296 607 460 655 perfecte
492 606 676 642 rationem
705 603 870 640 nominis
897 616 975 640 non
995 603 1148 650 habent,
1171 603 1239 639 ibi:
1270 605 1361 641 Non

296 661 408 696 homo
435 670 525 695 vero
554 670 627 693 non
657 662 710 692 est
737 668 884 693 nomen.

352 724 385 748 2.
418 711 526 747 Circa
544 710 712 757 primum
743 708 1063 746 considerandum
1094 715 1150 744 est
1173 709 1278 756 quod
1299 709 1362 746 de—

296 764 414 800 finitio
435 763 521 799 ideo
542 762 676 799 dicitur
703 762 894 807 terminus,
916 761 1003 810 quia
1032 761 1188 798 includit
1204 764 1222 780 ἦ
1243 763 1361 799 totali-

295 824 351 853 ter
379 828 481 861 rem;
502 815 551 851 ita
580 815 730 861 scilicet,
752 815 857 863 quod
887 815 976 851 nihil
1007 814 1059 850 rei
1085 822 1141 852 est
1165 823 1267 852 extra
1298 816 1361 852 de-

294 869 506 906 finitionem
526 869 562 915 ³¹²,
581 868 639 904 cui
656 868 795 905 scilicet
815 867 983 904 definitio
1000 880 1078 904 non
1108 869 1309 905 conveniat
1323 868 1361 915 ¹³3

294 935 364 959 nec
393 921 533 970 aliquid
558 921 659 958 aliud
686 928 741 957 est
769 921 864 958 infra
893 921 1176 969 definitionem,
1206 922 1265 958 cui
1294 923 1361 959 sci-

293 975 378 1011 licet
407 974 576 1011 definitio
607 974 821 1012 conveniat.

355 1029 388 1065 3.
419 1029 468 1064 Et
496 1027 583 1064 ideo
620 1027 787 1076 quinque
825 1027 933 1075 ponit
969 1027 1007 1063 in
1046 1027 1266 1064 definitione
1295 1041 1362 1065 no-

293 1081 415 1117 minis.
447 1081 589 1127 Primo,
614 1081 768 1129 ponitur
794 1093 873 1118 vox
899 1093 968 1129 per
996 1080 1158 1117 modum
1194 1082 1361 1130 generis,

291 1147 361 1182 per
389 1134 494 1182 quod
515 1134 751 1181 distinguitur
770 1146 914 1170 nomen
939 1134 986 1169 ab
1014 1133 1193 1170 omnibus
1207 1134 1228 1155 ³²
1247 1135 1360 1182 sonis,

292 1187 357 1236 qui
386 1199 464 1223 non
493 1195 580 1224 sunt
606 1200 735 1224 voces.
767 1188 870 1223 Nam
898 1199 976 1223 vox
1005 1194 1060 1223 est
1079 1199 1196 1223 sonus
1223 1188 1270 1224 ab
1296 1200 1362 1225 ore

293 1240 464 1277 animalis
496 1241 691 1288 prolatus,
736 1252 823 1276 cum
861 1239 1129 1287 imaginatione
1167 1240 1332 1288 quadarn
1352 1271 1361 1289 ,

293 1301 333 1329 ut
362 1293 495 1330 dicitur
515 1294 552 1330 in
573 1295 604 1329 II
625 1294 685 1329 De
704 1293 832 1330 anima
855 1293 884 1329 *.
910 1292 1072 1330 Additur
1091 1300 1219 1329 autem
1238 1294 1362 1342 prima

295 1346 524 1393 differentia,
559 1346 698 1383 scilicet
725 1346 994 1395 signficativa,
1025 1346 1074 1382 ad
1109 1346 1361 1384 differentiam

294 1412 610 1448 quarumcunque
623 1401 643 1421 '¹‘
652 1411 794 1436 vocum
811 1411 889 1435 non
907 1398 1210 1445 significantium,
1223 1399 1304 1436 sive
1316 1400 1362 1436 sit

293 1465 370 1490 vox
399 1453 590 1489 litterata*
610 1461 646 1489 et
669 1452 872 1498 articulata,
903 1451 999 1488 sicut
1026 1451 1153 1497 bimis,
1181 1452 1262 1488 sive
1283 1465 1361 1489 non

293 1506 451 1542 litterata
480 1513 516 1542 et
539 1518 617 1542 non
637 1505 846 1551 articulata,
876 1504 972 1541 sicut
998 1504 1125 1540 sibilus
1151 1516 1222 1552 pro
1243 1505 1360 1542 nihilo

293 1560 412 1596 factus
435 1564 461 1595 ⁷.
483 1560 532 1595 Et
560 1558 648 1607 quia
677 1558 723 1595 de
757 1557 1029 1605 significatione
1058 1569 1202 1594 vocum
1231 1558 1269 1595 in
1300 1571 1360 1595 su-

292 1612 504 1661 perioribus
525 1619 651 1648 actum
672 1618 738 1658 est,
759 1611 846 1647 ideo
868 1623 912 1647 ex
932 1610 1151 1659 praemissis
1172 1612 1362 1649 concludit

293 1665 398 1714 quod
417 1677 560 1701 nomen
586 1672 641 1701 est
664 1676 741 1701 vox
765 1663 1025 1711 significativa.

344 1730 382 1765 4.
420 1717 497 1754 Sed
532 1730 620 1754 cum
654 1730 731 1754 vox
766 1717 812 1754 sit
844 1716 1035 1765 quaedam
1069 1729 1128 1753 res
1161 1717 1360 1764 naturalis,

292 1783 435 1807 nomen
469 1778 597 1807 autem
631 1783 709 1807 non
748 1778 804 1806 est
831 1769 973 1819 aliquid
1001 1770 1170 1807 naturale
1208 1770 1277 1807 sed
1314 1771 1361 1807 ab

291 1823 511 1860 hominibus
539 1823 765 1869 institutum,
790 1823 941 1860 videtur
961 1823 1065 1871 quod
1094 1835 1171 1859 non
1194 1823 1324 1860 debuit
1343 1826 1362 1843 ’¹

292 1889 411 1925 genus
431 1877 595 1918 nominis
614 1889 759 1925 ponere
778 1888 921 1922 vocem,
939 1889 1036 1925 quae
1053 1883 1109 1912 est
1124 1888 1169 1912 ex
1184 1884 1317 1913 natura
1328 1878 1361 1924 ⁶,

293 1930 360 1967 sed
389 1930 508 1977 magis
535 1930 705 1979 signum,
736 1930 841 1978 quod
876 1937 931 1966 est
965 1942 1011 1966 ex
1042 1929 1293 1976 institutione;
1322 1938 1364 1967 ut

294 1983 497 2020 diceretur:
527 1984 690 2023 Nomen,
713 1990 769 2020 est
786 1983 938 2033 signum
957 1982 1106 2026 vocale;
1134 1981 1229 2019 sieut
1249 1983 1362 2020 etiam

294 2036 580 2073 convenientius
611 2036 831 2073 definiretur
857 2036 1027 2082 scutella,
1054 2035 1084 2072 si
1111 2035 1194 2084 quis
1223 2036 1364 2073 diceret

294 2089 399 2138 quod
419 2097 474 2126 est
492 2102 560 2126 vas
580 2089 760 2137 ligneum,
781 2101 898 2148 quarn
927 2089 957 2126 si
977 2089 1060 2138 quis
1090 2088 1230 2125 diceret
1258 2090 1364 2138 quod

294 2150 350 2179 est
377 2142 520 2190 lignum
551 2143 758 2179 formatum
787 2142 826 2178 in
853 2154 934 2179 vas.

351 2196 382 2232 5.
415 2195 492 2232 Sed
518 2195 723 2232 dicendum
756 2194 861 2244 quod
897 2193 1103 2231 artificialia
1129 2194 1143 2218 ὃ
1171 2202 1259 2231 sunt
1282 2195 1362 2244 qui-

294 2248 383 2285 dem
411 2248 449 2284 in
478 2260 616 2296 genere
645 2248 875 2285 substantiae
905 2260 951 2284 ex
975 2255 1081 2296 parte
1102 2247 1294 2296 materiae,
1325 2249 1363 2286 in

293 2314 428 2348 genere
449 2309 577 2339 autem
597 2301 848 2338 accidentium
865 2302 885 2320 '⁹
906 2313 951 2337 ex
964 2308 1070 2349 parte
1091 2302 1254 2339 formae:
1271 2314 1361 2338 nam

294 2355 439 2390 formae
459 2354 740 2391 artificialium*
754 2353 963 2391 accidentia
978 2361 1075 2391 sunt.
1094 2356 1250 2392 Nomen
1271 2367 1360 2402 ergo

293 2407 476 2455 significat
496 2408 659 2444 formam
680 2407 952 2444 accidentalem
972 2414 1014 2443 ut
1039 2414 1257 2445 concretam
1273 2408 1360 2444 sub-

292 2460 402 2497 iecto.
424 2461 524 2496 Cum
545 2467 672 2496 autem
694 2459 731 2496 in
753 2459 972 2496 definitione
992 2460 1166 2498 omniurn
1187 2461 1358 2498 acciden-

292 2513 387 2549 tium
416 2520 590 2562 oporteat
613 2512 705 2561 poni
725 2511 958 2559 subiectum,
984 2525 1139 2550 necesse
1166 2521 1222 2550 est
1240 2514 1356 2562 quod,

347 2624 372 2659 β)
395 2624 444 2649 Cui
462 2624 559 2649 scilicet
583 2623 701 2656 definitio
725 2631 776 2648 non
796 2624 944 2649 conveniat.
965 2624 1035 2649 Haec
1054 2626 1133 2650 verba
1159 2633 1242 2658 usque
1265 2626 1297 2650 ad
1322 2626 1364 2651 illa

293 2660 417 2686 inclusive
437 2659 508 2693 infra
524 2658 711 2699 definitionem,
727 2659 926 2683 desiderantur
921 2667 946 2683 m
961 2660 1018 2684 cod.
1034 2660 1063 2684 C.
1078 2661 1129 2684 Sed
1144 2661 1309 2686 manifestum
1324 2666 1365 2686 est

293 2696 364 2729 quod
384 2703 455 2720 error
477 2694 578 2726 irrepsit
597 2701 627 2718 ex
646 2701 752 2718 recursu
779 2694 930 2719 eorumdem
956 2694 1096 2719 verborum
1123 2695 1303 2728 definitionem
1321 2696 1365 2722 cui

293 2731 420 2756 scilicet.-
432 2730 505 2760 Quae
519 2737 582 2754 vero
596 2728 621 2753 in
636 2728 686 2753 hoc
701 2737 810 2753 numero
824 2729 960 2759 habentur,
975 2730 1099 2761 Aegidius
1115 2731 1223 2763 explicat
1237 2739 1283 2763 per
1301 2730 1364 2755 haec

292 2763 383 2791 verba:
400 2775 413 2788 α
426 2765 502 2789 Notat
515 2764 556 2788 hic
571 2764 709 2796 Expositor
723 2764 769 2795 (S.
784 2763 910 2796 Thomas)
925 2748 996 2796 quod
1016 2764 1128 2789 definitio
1147 2770 1254 2790 vocatur
1273 2766 1364 2790 termi-

294 2810 308 2825 »
325 2809 381 2829 nus,
402 2800 546 2825 secundum
566 2799 754 2831 Philosophum
769 2799 794 2823 in
809 2799 874 2823 libro
894 2799 1085 2824 Posterior-um.
1107 2800 1171 2824 Nam
1191 2800 1258 2825 sicut
1276 2801 1363 2825 termi-

295 2846 308 2860 »
325 2844 374 2860 nus
395 2835 506 2860 continet
526 2835 589 2859 illud
609 2835 680 2866 quod
700 2839 739 2859 est
759 2835 790 2858 de
809 2835 923 2867 proprio,
943 2839 968 2858 et
988 2835 1090 2859 dimittit
1109 2836 1172 2860 illud
1188 2836 1259 2868 quod
1278 2841 1318 2860 est
1333 2836 1364 2861 de

296 2882 308 2895 x·
325 2871 423 2900 alieno;
439 2871 471 2894 ita
487 2869 600 2894 definitio
614 2870 690 2894 debet
705 2869 836 2894 continere
852 2870 915 2894 illud
937 2870 1009 2902 quod
1024 2875 1064 2894 est
1079 2870 1110 2894 de
1126 2871 1238 2895 essentia
1253 2870 1363 2902 definiti,

295 2916 309 2930 ι»
326 2911 350 2931 et
365 2906 492 2930 dimittere
513 2905 576 2929 illud
591 2905 662 2937 quod
682 2910 722 2929 est
742 2909 811 2929 extra
832 2905 973 2929 essentiam
995 2904 1113 2929 definiti»
1132 2903 1200 2939 (Inl
1226 2906 1287 2931 Peri
1305 2906 1364 2931 her-

294 2941 422 2969 meneim,
441 2940 457 2973 ξ
473 2941 575 2965 Nomen
590 2947 656 2973 ergo
671 2943 710 2965 est
729 2947 786 2965 vox
803 2944 850 2964 etc.
861 2940 907 2965 fol.
917 2939 951 2971 48
971 2947 1057 2971 verso,
1077 2941 1128 2965 col.
1140 2947 1167 2971 2,
1184 2940 1364 2974 seq.-Vene-

294 2977 335 3001 tiis
359 2976 423 3007 1507
439 2993 445 3000 .

347 3010 374 3044 γ)
394 2974 447 3036 Plio
467 3010 548 3035 nihilo
562 3011 662 3044 sactus.
691 3011 762 3035 Haec
780 3010 859 3034 verba
883 3011 978 3035 desunt
997 3010 1022 3035 in
1042 3011 1098 3035 cod.
1114 3011 1145 3042 Ι),
1162 3011 1207 3035 sed
1232 3011 1364 3036 retinenda

296 3051 357 3071 sunt
376 3054 435 3070 cum
456 3046 514 3070 edd.
530 3046 608 3070 Piana
627 3051 651 3070 et
671 3045 790 3075 Venetis,
810 3053 858 3070 nec
882 3053 934 3070 non
957 3046 1030 3070 codd.
1045 3046 1126 3070 ABC:
1152 3046 1174 3070 si
1193 3046 1262 3071 enim
1286 3046 1363 3071 omit-

295 3086 389 3111 tantur,
405 3086 491 3113 potest
511 3081 589 3113 accipi
604 3081 694 3106 sibilus
709 3086 738 3105 ut
752 3080 846 3113 aliquid
863 3079 1025 3113 significans,
1041 3081 1108 3105 sicut
1122 3089 1210 3106 revera
1225 3086 1265 3106 est
1281 3089 1363 3114 quan-

297 3118 396 3149 doque;
412 3116 482 3148 quod
498 3121 538 3140 est
552 3121 640 3140 contra
659 3121 773 3140 mentem
793 3124 814 3140 s.
826 3116 953 3146 Doctoris,
965 3116 1038 3141 cuius
1054 3119 1141 3140 sermo
1152 3121 1192 3141 est
1211 3117 1242 3141 de
1255 3116 1363 3142 vocibus

296 3152 351 3177 sive
370 3151 507 3176 articulatis
527 3151 581 3175 sive
602 3159 654 3175 non
673 3151 823 3181 articulatis,
839 3152 885 3176 sed
905 3159 957 3175 non
977 3150 1190 3182 significantibus.

349 3186 374 3221 δ)
394 3186 554 3218 Artzficialia
573 3190 635 3211 sunt
653 3187 758 3218 quidem
779 3191 825 3211 etc.
846 3186 981 3216 Quaedam
1001 3186 1057 3211 heic
1075 3192 1250 3219 opportunum
1266 3192 1305 3212 est
1319 3187 1364 3212 de-

297 3223 391 3247 clarare
401 3229 448 3255 pro
459 3221 595 3246 novitiis.-
606 3222 633 3245 ln
648 3220 819 3246 artificialibus
835 3222 887 3245 duo
903 3226 971 3251 sunt,
988 3221 1115 3250 materia,
1132 3226 1193 3254 puta
1208 3221 1307 3253 lignum
1322 3221 1363 3246 vel

297 3265 340 3282 aes
350 3257 390 3281 vel
406 3264 527 3287 marmor,
543 3261 568 3281 et
582 3257 688 3290 forma,
704 3262 765 3289 puta
782 3255 863 3288 figura
875 3257 941 3281 Petri
956 3258 998 3281 vel
1015 3257 1094 3281 Pauli.
1117 3257 1160 3281 llla
1177 3262 1218 3282 est
1232 3264 1273 3282 res
1289 3261 1363 3281 natu-

297 3293 355 3317 ralis
376 3297 401 3316 et
420 3292 563 3316 substantia
586 3292 713 3324 quaedam
739 3292 770 3316 ab
790 3291 885 3316 artifice
904 3292 1117 3324 praesupposita;
1142 3292 1224 3316 forma
1243 3300 1305 3316 vero
1324 3297 1364 3317 est

297 3328 328 3351 ab
348 3326 456 3357 artifice,
476 3335 489 3351 a
505 3335 558 3359 quo
578 3327 682 3359 ponitur
701 3327 726 3351 in
750 3327 792 3351 illa
809 3327 915 3351 materia
932 3333 956 3351 et
978 3332 1018 3351 est
1036 3327 1099 3359 quid
1119 3327 1166 3359 ipsi
1182 3327 1304 3352 materiae
1323 3335 1364 3352 ac-

298 3362 440 3386 cidentale:
466 3370 509 3386 aes
539 3362 607 3386 enim
638 3370 690 3386 non
716 3367 851 3394 propterea
877 3362 902 3386 in
918 3362 1004 3394 seipsa
1034 3362 1236 3387 substantialiter
1250 3367 1364 3387 mutatur

298 3397 358 3429 quia
371 3397 543 3421 diversimode
558 3396 689 3429 figuratur.
706 3397 786 3421 Porro
797 3397 827 3421 ab
843 3397 890 3421 hac
905 3396 988 3422 forma
999 3402 1024 3422 et
1035 3405 1086 3421 non
1101 3405 1115 3422 a
1125 3397 1231 3422 materia
1246 3397 1363 3422 denomi-

299 3437 372 3455 natur
382 3437 407 3456 et
417 3433 581 3456 constituitur
595 3433 735 3466 artificiale
749 3432 872 3465 quodvis;
889 3437 914 3457 et
929 3432 988 3457 ideo
1002 3433 1174 3458 communiter
1189 3433 1280 3458 dicitur
1289 3433 1361 3466 quod

299 3467 427 3496 artefacta,
448 3472 475 3491 ut
490 3472 551 3491 sunt
570 3468 642 3497 talia,
662 3475 692 3492 ex
711 3473 782 3500 parte
798 3475 891 3500 nempe
911 3467 1023 3498 formae,
1044 3472 1105 3492 sunt
1121 3468 1266 3493 accidentia.
1287 3467 1361 3498 Quae

299 3501 380 3525 forma
395 3502 415 3526 si
431 3502 568 3534 accipiatur
581 3508 609 3527 ut
628 3511 716 3527 revera
731 3503 827 3532 existit,
848 3511 899 3527 non
915 3507 955 3527 est
975 3503 1030 3527 sine
1046 3503 1164 3534 materia,
1184 3510 1230 3528 seu
1247 3507 1287 3527 est
1300 3510 1360 3527 con-

300 3541 367 3560 ‹reta
381 3537 494 3562 subiecto
498 3544 507 3566 ,·
526 3542 551 3562 et
561 3537 607 3562 hac
622 3538 654 3562 de
668 3545 745 3563 causa
760 3538 865 3562 materia
880 3545 927 3562 seu
945 3537 1091 3562 subiectum
1106 3538 1248 3571 ingreditur
1272 3537 1361 3562 defini-

1062 210 1180 246 PERI
1211 208 1558 244 HERMENEIAS

1598 209 1691 246 LIB.
1724 211 1737 245 Ι

1422 285 1452 322 si
1482 299 1557 334 qua
1583 287 1741 324 nomina
1769 287 1949 324 accidens
1969 288 2007 325 in
2036 289 2223 325 abstracto
2251 288 2463 336 significant
2480 295 2492 309 ’

1422 340 1527 387 quod
1563 340 1602 376 in
1631 353 1767 377 eorum
1797 340 2017 378 definitione
2045 349 2210 389 ponatur
2247 341 2423 378 accidens
2451 342 2492 379 in

1421 400 1539 438 recto,
1565 393 1673 441 quasi
1701 406 1836 441 genus,
1866 394 2079 430 subiectum
2105 402 2233 430 autern
2257 394 2295 430 in
2322 394 2490 442 obliquo,

1421 445 1527 493 quasi
1553 445 1780 493 differentia3
1806 453 1848 483 ut
1872 459 1959 482 cum
1981 447 2131 494 dicitur,
2160 447 2302 483 simitas
2330 453 2384 483 est
2407 459 2490 483 cur-

1419 499 1514 535 vitas
1542 499 1635 535 nasi.
1663 499 1702 535 Si
1732 512 1808 548 qua
1835 511 1930 535 vero
1959 499 2117 536 nomina
2146 500 2322 536 accidens
2351 500 2490 547 signifi-

1420 559 1506 587 cant
1540 551 1578 588 in
1617 560 1815 599 concreto,
1846 551 1884 587 in
1922 565 2058 589 eorum
2088 553 2307 589 definitione
2337 553 2492 601 ponitur

1420 604 1589 650 materia,
1609 605 1671 641 vel
1696 605 1921 651 subiectum,
1939 605 2046 654 quasi
2065 618 2202 653 genus,
2228 614 2265 642 et
2293 606 2489 654 accidens,

1419 657 1526 705 quasi
1547 657 1773 703 differentia;
1794 666 1836 695 ut
1861 671 1949 695 curn
1971 658 2121 706 dicitur,
2150 659 2287 695 simum
2307 665 2362 695 est
2378 671 2491 696 nasus

1418 721 1566 746 curvus.
1599 709 1639 746 Si
1667 710 1777 757 igitur
1810 712 1968 748 nomina
2001 723 2128 747 rerum
2160 711 2410 748 artificialium
2444 712 2490 749 si-

1418 762 1598 810 gnificant
1634 764 1776 800 formas
1805 764 2075 810 accidentales,
2104 771 2147 800 ut
2179 772 2374 801 concretas
2403 765 2490 801 sub-

1418 815 1522 851 iectis
1551 816 1795 863 naturalibus,
1827 816 2114 854 convenientius
2141 824 2207 863 est,
2236 824 2278 853 ut
2296 817 2334 853 in
2354 829 2490 854 eorum

1420 868 1639 905 definitione
1667 876 1833 917 ponatur
1861 882 1920 906 res
1949 869 2127 906 naturalis
2157 869 2265 918 quasi
2289 882 2420 918 genus,
2449 878 2491 907 ut

1419 922 1591 958 dicamus
1620 922 1726 971 quod
1754 923 1909 959 scutella
1938 929 1994 959 est
2021 922 2164 969 lignum
2193 922 2420 970 figuratum,
2455 931 2492 960 et

1419 975 1588 1012 similiter
1607 975 1712 1024 quod
1741 988 1885 1012 nornen
1905 983 1962 1012 est
1979 987 2057 1012 vox
2081 975 2339 1022 significativa.
2371 977 2490 1013 Secus

1419 1035 1547 1065 autem
1569 1036 1678 1074 esset,
1708 1028 1738 1065 si
1758 1028 1916 1065 nomina
1945 1028 2195 1065 artificialium
2218 1028 2489 1077 acciperentur,

1419 1081 1526 1130 quasi
1546 1081 1794 1129 significantia
1821 1082 1922 1130 ipsas
1950 1083 2093 1118 formas
2122 1081 2333 1118 artificiales
2361 1081 2400 1119 in
2425 1082 2490 1119 ab·

1418 1143 1566 1172 stract0.

1471 1190 1507 1226 6.
1547 1188 1699 1234 Tertio,
1729 1187 1836 1236 ponit
1869 1187 2077 1225 secundam
2114 1173 2365 1229 differentiam
2401 1199 2490 1224 cum

1417 1241 1524 1279 dicit:
1555 1242 1767 1278 Secundum
1790 1241 1990 1289 placitum,
2019 1239 2116 1277 idest
2144 1240 2357 1277 secundum
2389 1240 2490 1277 insti-

1416 1295 1603 1332 tutionem
1632 1296 1843 1331 humanam
1863 1307 1886 1330 a
1905 1293 2142 1342 beneplacito
2171 1293 2338 1329 hominis
2356 1304 2490 1342 proce—

1417 1348 1583 1385 dentem.
1606 1349 1655 1384 Et
1672 1360 1742 1396 per
1756 1347 1830 1383 hoc
1850 1346 1975 1384 differt
1994 1358 2138 1385 nomen
2158 1358 2180 1383 a
2198 1346 2360 1383 vocibus
2380 1346 2490 1394 signi-

1416 1401 1618 1438 ficantibus
1642 1400 1876 1447 naturaliter,
1903 1400 1998 1437 sicut
2021 1407 2108 1436 sunt
2133 1399 2296 1447 gemitus
2319 1398 2490 1436 infirmo—

1416 1466 1502 1490 rum
1532 1461 1569 1490 et
1593 1465 1710 1490 voces
1730 1453 1930 1490 brutorum
1951 1452 2185 1490 animalium.

1469 1518 1505 1554 7.
1536 1506 1694 1553 Quarto,
1723 1506 1832 1554 ponit
1867 1506 2016 1542 tertiam
2051 1505 2322 1552 differentiam,
2352 1503 2492 1541 scilicet

1414 1560 1494 1596 sine
1521 1565 1698 1607 tempore,
1728 1571 1797 1607 per
1825 1558 1931 1607 quod
1960 1558 2085 1595 differt
2112 1568 2255 1595 nornen
2275 1570 2298 1594 a
2315 1557 2449 1600 verbo.
2465 1578 2489 1585 -

1418 1612 1495 1650 Sed
1522 1612 1674 1650 videtur
1706 1612 1781 1648 hoc
1814 1623 1897 1648 esse
1930 1611 2088 1647 falsum:
2123 1610 2212 1659 quia
2239 1611 2314 1647 hoc
2346 1612 2491 1647 nomen

1416 1666 1493 1703 dies
1511 1666 1574 1703 vel
1589 1668 1712 1702 annus
1731 1664 1915 1712 significat
1938 1671 2090 1712 tempus
2107 1664 2171 1700 *.-
2184 1663 2262 1700 Sed
2282 1662 2489 1700 dicendum

1418 1719 1523 1768 quod
1543 1718 1642 1755 circa
1660 1726 1812 1766 tempus
1831 1717 1901 1754 tria
1918 1725 2080 1766 possunt
2099 1715 2342 1753 considerari.
2358 1715 2489 1753 Primo

1419 1772 1586 1821 quidem,
1608 1771 1735 1820 ipsum
1763 1778 1936 1818 tempus,
1971 1770 2183 1807 secundum
2213 1769 2319 1818 quod
2347 1776 2403 1806 est
2430 1781 2490 1806 res

1419 1824 1621 1874 quaedam,
1653 1832 1689 1861 et
1709 1823 1762 1860 sic
1780 1830 1906 1872 potest
1933 1823 2134 1870 significari
2155 1835 2177 1859 a
2196 1822 2365 1868 nomine,
2396 1821 2491 1859 sicut

1419 1878 1609 1927 quaelibet
1637 1877 1708 1914 alia
1737 1889 1808 1914 res.
1838 1876 1924 1912 Alio
1953 1876 2085 1923 modo,
2115 1882 2241 1924 potest
2260 1875 2490 1913 considerari

1418 1930 1468 1979 id,
1485 1931 1591 1980 quod
1618 1938 1793 1979 tempore
1821 1935 2073 1977 mensuratur,
2094 1929 2133 1966 in
2152 1935 2337 1977 quantum
2360 1928 2490 1965 huius-

1419 1985 1543 2022 modi:
1565 1992 1601 2021 et
1620 1983 1708 2032 quia
1727 1982 1766 2019 id
1785 1982 1891 2031 quod
1909 1982 2034 2031 primo
2061 1989 2097 2019 et
2121 1981 2376 2041 principaliter
2394 1988 2491 2018 tem-

1417 2051 1511 2087 pore
1537 2043 1779 2074 mensuratur
1807 2042 1862 2072 est
1881 2042 2019 2083 motus,
2040 2035 2078 2072 in
2107 2047 2184 2084 quo
2205 2034 2373 2072 consistit
2392 2034 2490 2072 actio

1419 2098 1455 2128 et
1482 2090 1622 2140 passio,
1651 2089 1738 2127 ideo
1767 2088 1932 2125 verbum
1954 2088 2059 2137 quod
2087 2087 2272 2136 significat
2300 2087 2490 2125 actionem

1418 2145 1480 2181 vel
1499 2143 1731 2193 passionem,
1752 2141 1936 2189 significat
1956 2153 2044 2178 cum
2064 2148 2250 2190 tempore.
2272 2139 2492 2178 Substantia

1419 2204 1547 2234 autem
1565 2197 1585 2218 *
1612 2195 1826 2233 secundum
1846 2207 1885 2231 se
1907 2193 2155 2241 considerata,
2170 2201 2286 2243 prout
2304 2193 2534 2242 significa—-

1418 2258 1478 2287 tur
1492 2262 1561 2299 per
1575 2261 1720 2286 nomen
1731 2255 1768 2285 et
1781 2259 2010 2296 pronomen,
2027 2259 2106 2285 non
2120 2246 2259 2284 habet
2249 2259 2288 2284 in
2303 2252 2490 2295 quantum

1417 2302 1639 2340 huiusmodi
1681 2310 1723 2338 ut
1756 2309 1930 2348 tempore
1969 2307 2229 2347 mensuretur,
2265 2299 2334 2337 sed
2361 2300 2488 2337 solum

1418 2356 1631 2393 secundum
1647 2354 1752 2404 quod
1777 2353 1972 2390 subiicitur
1985 2353 2118 2400 motui,
2134 2360 2250 2402 prout
2270 2353 2290 2375 *
2307 2365 2377 2402 per
2402 2361 2488 2402 par-

1417 2408 1586 2458 ticipium
1607 2407 1883 2456 significatur.
1852 2408 1871 2426 ”
1913 2407 1963 2444 Et
1985 2406 2073 2443 ideo
2092 2407 2257 2444 verbum
2277 2413 2314 2443 et
2339 2404 2488 2455 partiei-

1415 2461 1522 2510 pium
1549 2461 1760 2509 significant
1780 2472 1868 2496 cum
1888 2466 2074 2508 tempore,
2101 2471 2179 2496 non
2194 2466 2323 2496 autern
2343 2470 2488 2496 nomen

1414 2521 1451 2552 et
1468 2526 1697 2563 pronomen.
1719 2513 1850 2550 Tertio
1871 2512 2002 2560 modo,
2013 2519 2139 2562 potest
2158 2511 2415 2550 considerari
2406 2522 2490 2560 lpsa

1418 2626 1516 2651 tionem
1530 2634 1618 2652 rerum
1633 2625 1815 2656 artificialium,
1837 2626 1904 2650 sicut
1913 2630 1939 2650 et
1948 2626 2058 2650 aliorum
2072 2625 2251 2656 accidentium,
2264 2630 2294 2650 ut
2308 2625 2448 2658 explicatur
2460 2625 2488 2650 in

1418 2666 1501 2691 textu;
1517 2669 1619 2694 nempe,
1634 2662 1675 2686 vel
1689 2661 1715 2685 in
1729 2664 1813 2689 recto,
1830 2661 1880 2685 hoc
1894 2665 1934 2685 est
1948 2661 1974 2685 in
1987 2668 2050 2686 casu
2070 2661 2234 2686 nominativo
2253 2660 2274 2685 si
2294 2659 2432 2685 artificialia
2444 2660 2487 2685 vel

1419 2696 1558 2721 accidentia
1572 2703 1754 2729 quaecumque
1767 2703 1912 2728 eorumque
1927 2695 2033 2720 nomina
2048 2694 2202 2720 definiantur
2215 2695 2241 2720 in
2256 2699 2377 2720 concreto
2382 2703 2390 2726 ;
2404 2695 2446 2720 vel
2461 2695 2487 2720 in

1418 2731 1530 2763 obliquo,
1546 2731 1595 2755 hoc
1610 2735 1649 2755 est
1664 2731 1689 2755 in
1703 2730 1821 2764 genitivo
1840 2730 1949 2763 aliisque
1964 2730 2076 2760 casibus,
2092 2731 2113 2755 si
2134 2729 2289 2756 definiantur
2304 2730 2330 2755 in
2349 2730 2486 2762 abso-acto,

1418 2766 1467 2790 hoc
1478 2771 1526 2796 est,
1537 2766 1558 2790 si
1574 2766 1728 2798 accipiantur
1739 2765 1812 2798 quasi
1828 2766 1879 2790 sint
1893 2765 1989 2798 aliquid
2004 2765 2030 2790 in
2045 2765 2147 2798 seipsis,
2157 2770 2186 2790 ut
2195 2765 2335 2798 explicatur
2349 2765 2375 2790 in
2389 2770 2487 2791 textu.—

1419 2801 1486 2831 Quia
1500 2809 1563 2832 ergo
1578 2801 1686 2826 nomina
1701 2808 1747 2825 seu
1762 2800 1889 2825 vocabula
1907 2808 1949 2825 res
1969 2805 2031 2825 sunt
2049 2799 2205 2831 artificiales;
2225 2801 2284 2825 ideo
2303 2808 2350 2833 per
2367 2801 2486 2826 ordinem

1419 2836 1450 2860 ad
1464 2836 1617 2866 subiectum,
1633 2836 1699 2860 sicut
1712 2840 1811 2860 caetera
1825 2835 1962 2860 artificialia
1975 2841 1999 2860 et
2014 2835 2165 2866 accidentia,
2185 2843 2244 2860 esse
2259 2835 2404 2861 definienda
2418 2840 2487 2861 recte

1419 2879 1440 2895 s.
1455 2871 1571 2895 Thomas
1591 2871 1728 2895 concludit.
1743 2885 1762 2889 —
1778 2871 1852 2895 Ratio
1870 2878 1933 2895 vero
1953 2878 1999 2896 cur
2017 2871 2043 2895 in
2063 2870 2212 2896 definitione
2230 2871 2401 2896 accidentium
2423 2871 2487 2906 poni

1418 2910 1535 2938 oporteat
1554 2913 1645 2931 eorum
1665 2905 1825 2935 subiectum,
1847 2905 1873 2930 in
1896 2905 1952 2938 ipsa
1968 2911 2058 2930 natura
2077 2906 2214 2931 accidentis
2234 2910 2281 2941 eat,
2300 2911 2331 2931 ut
2348 2906 2388 2932 hic
2404 2913 2487 2948 supra

1418 2941 1559 2966 innuimus.
1577 2941 1704 2965 Accidens
1719 2941 1788 2965 enim
1804 2948 1857 2965 non
1872 2940 1897 2965 in
1912 2948 1940 2966 se
1955 2945 2008 2971 est,
2024 2942 2070 2966 sed
2085 2941 2111 2966 in
2126 2941 2257 2972 subiecto,
2273 2948 2369 2974 nempe
2383 2941 2415 2966 de
2429 2941 2486 2967 eiua

1419 2981 1508 3001 natura
1523 2984 1576 3000 non
1590 2981 1631 3000 est
1644 2983 1698 3001 esse
1713 2976 1760 3000 sed
1774 2976 1872 3005 inesse;
1881 2981 1907 3001 et
1922 2976 1980 3001 ideo
1995 2975 2058 3001 haec
2072 2976 2238 3001 inhaerentia
2253 2983 2301 3001 seu
2312 2976 2486 3009 dependentia

1418 3019 1433 3036 a
1452 3011 1570 3037 subiecto
1588 3016 1628 3035 est
1647 3011 1678 3036 de
1697 3011 1795 3036 ratione
1814 3018 1862 3036 seu
1881 3011 1912 3036 de
1932 3010 2079 3036 definitione
2097 3011 2236 3036 accidentis
2251 3010 2302 3045 (ef.
2316 3012 2326 3036 1
2341 3011 2485 3037 Ρωὶενίον.

1419 3047 1476 3071 lect.
1492 3045 1528 3080 x).
1537 3060 1557 3065 —
1571 3046 1638 3071 Cum
1653 3051 1739 3071 autem
1754 3046 1844 3070 dicitur
1857 3046 1927 3078 quod
1942 3045 2085 3071 subiectum
2100 3047 2241 3078 ingreditur
2255 3045 2430 3072 definitionem
2444 3054 2485 3072 ae-

1418 3081 1539 3110 cidenu’s.
1559 3089 1610 3106 non
1629 3081 1665 3106 sic
1684 3087 1724 3106 est
1742 3081 1935 3113 intelligendum
1955 3082 2029 3114 quasi
2048 3081 2192 3107 subiectum
2211 3082 2244 3106 sit
2262 3089 2322 3115 pars
2341 3081 2495 3108 essentialia·

1419 3117 1562 3142 intrinseca
1584 3121 1609 3141 et
1631 3116 1792 3141 constitutiva
1815 3116 1951 3141 accidentis
1972 3115 2128 3150 (absurdum
2152 3116 2220 3142 enim
2245 3122 2284 3142 est
2307 3116 2393 3142 dicere
2415 3116 2486 3150 quod

1418 3151 1499 3176 homo
1517 3159 1540 3176 e.
1551 3159 1575 3184 g.
1595 3151 1627 3176 sit
1646 3152 1677 3176 de
1696 3151 1806 3176 essentia
1826 3150 1900 3185 albi);
1920 3152 1966 3176 sed
1984 3151 2045 3184 quia
2063 3151 2208 3176 subiectum
2227 3157 2267 3177 est
2285 3151 2435 3177 extrinsece
2452 3151 2486 3177 de

1418 3187 1515 3211 ratione
1533 3186 1677 3218 accidentis,
1696 3186 1746 3211 hoc
1764 3194 1842 3211 sensu
1861 3194 1956 3219 nempe
1970 3187 2041 3220 quod
2059 3187 2196 3212 accidentis
2215 3192 2304 3212 natura
2323 3195 2376 3212 non
2393 3187 2486 3212 intent*

1418 3222 1486 3254 gitur
1499 3221 1554 3246 sine
1565 3221 1720 3246 inhaerentia
1737 3221 1791 3246 sive
1805 3221 1895 3246 actuali
1911 3221 1965 3246 sive
1975 3221 2105 3255 potentiali
2115 3223 2156 3248 vel
2172 3221 2337 3247 habitudinali
2351 3222 2384 3246 ad
2398 3221 2484 3247 subie-

1418 3262 1496 3288 ctum,
1511 3257 1551 3310 cpi
1565 3257 1651 3282 inesse
1666 3256 1742 3282 debet
1751 3261 1779 3281 ut
1789 3256 1885 3288 existat,
1897 3257 1962 3282 sicut
1971 3257 2124 3290 explicatum
2134 3262 2173 3282 eat
2187 3257 2238 3291 (ef.
2248 3257 2292 3282 vn
2305 3255 2483 3290 Metaphreic·

1419 3293 1475 3317 lect.
1495 3300 1541 3323 iv„

1471 3326 1494 3361 ε)
1511 3327 1542 3352 Si
1551 3334 1603 3360 qua
1618 3326 1725 3352 nomina
1734 3326 1856 3352 accidens
1870 3326 1896 3351 in
1911 3327 2046 3353 abstracto
2055 3327 2215 3360 significant.
2230 3327 2318 3352 Lectio
2332 3327 2388 3358 ista,
2403 3334 2482 3360 quam

1418 3362 1513 3387 habent
1532 3363 1615 3392 codd„
1635 3362 1740 3395 ponitur
1763 3363 1821 3386 loco
1844 3362 1961 3387 lectionis
1987 3362 2080 3387 Pinnae
2098 3367 2124 3387 et
2141 3362 2254 3388 Venetae
2272 3369 2302 3387 c:
2319 3362 2343 3388 si
2361 3369 2414 3395 qua
2437 3368 2483 3387 no-

1418 3397 1491 3422 mina
1514 3397 1658 3423 accidentis
1683 3397 1709 3422 in
1733 3397 1867 3422 abstracto
1892 3397 2069 3430 definiantur:
2093 3405 2153 3422 nam
2175 3405 2237 3423 vere
2260 3396 2398 3422 concordat
2421 3404 2482 3421 cum

1417 3433 1496 3457 altera
1522 3437 1593 3465 parte
1619 3432 1760 3457 sententiae
1785 3432 1849 3457 infra
1873 3432 1958 3465 posita
1976 3440 1990 3457 a
2009 3440 2031 3457 a.
2044 3432 2160 3458 Thomu:
2183 3432 2207 3458 si
2224 3438 2276 3465 qua
2295 3438 2357 3457 vero
2375 3431 2483 3457 nom1'na

1417 3468 1539 3493 accidens
1557 3467 1711 3501 significant
1725 3467 1750 3492 in
1770 3470 1900 3492 concreto.
1919 3481 1938 3486 —
1956 3467 2028 3493 Aliae
2043 3467 2107 3492 duae
2121 3467 2236 3492 Venetae
2255 3466 2312 3492 edd.
2328 3466 2376 3492 ab:
2393 3465 2418 3492 si
2430 3473 2483 3499 qua

1418 3503 1525 3528 nomina
1538 3502 1682 3528 accidentis
1701 3502 1727 3527 in
1742 3502 1875 3527 abstracto
1889 3502 2078 3536 significant.-
2058 3502 2208 3528 -Libenter
2220 3506 2307 3527 tamen
2321 3500 2482 3526 admitterem

1417 3538 1580 3571 definiantur
1600 3537 1717 3563 editionis
1735 3537 1835 3569 Pinnae,
1855 3537 1876 3562 si
1895 3538 1996 3562 codices
2015 3542 2041 3562 et
2059 3541 2192 3562 contextus
2211 3535 2392 3562 consentirent.

2517 1780 2622 1808 Tempu·
2645 1785 2671 1803 ut
2694 1785 2729 1804 eat

2517 1813 2554 1829 rea
2569 1807 2692 1835 quaedam.

2517 1939 2542 1960 Id
2551 1939 2615 1967 quod
2625 1943 2730 1968 tmpore

2518 1969 2670 1988 mensuratur.

2516 2207 2734 2256 nme-⁰m2‘

2515 2366 2524 2375 ·
2531 2370 2575 2387 Aac
2620 2365 2730 2388 omittunt

2511 2393 2592 2431 prone.

2534 2424 2562 2440 Α.
2581 2417 2728 2446 significata.
