2788 4204
58 583 69 593 ⁸
89 588 133 604 ABG
161 582 271 603 omittunt

59 609 168 631 ostendit.

58 906 68 916 ⁴¹
82 911 97 926 A
106 912 110 926 :
122 905 192 932 ponit

59 1013 68 1020 '¹
82 1014 152 1035 Num.
164 1021 184 1041 7.

57 1067 68 1077 ⁸
82 1074 107 1088 A:
119 1067 182 1088 circa
198 1066 267 1094 quod.

155 1130 171 1145 α

58 1187 66 1194 ·
83 1185 145 1206 Lect.
161 1191 211 1210 vin,
228 1191 267 1206 nn.

37 1235 42 1240 ‚
56 1217 76 1238 2,
91 1218 115 1239 33
136 1215 157 1232 et
172 1212 222 1232 lect.
238 1218 267 1238 x,

58 1244 80 1259 n.
101 1244 132 1259 io.

57 1400 65 1407 ²
85 1398 172 1419 Codd.:
198 1398 267 1419 tertia

57 1427 142 1446 autem.

56 1452 67 1462 ¹⁶
76 1458 153 1472 ‘tensa
161 1458 195 1472 1³1².
206 1457 268 1472 erro-

57 1484 111 1499 nee:
123 1478 268 1506 qualitatem.

54 1826 62 1834 ²
73 1825 135 1846 Lect.
143 1831 188 1851 vni,
198 1830 220 1845 n.
228 1824 252 1845 8.

55 1986 123 2007 'Astu
139 1985 182 2006 sed
194 1991 264 2006 casus

54 2012 120 2033 verbi
150 2015 192 2033 etc.
216 2015 220 2037 ι
231 2012 266 2033 Cf.

54 2039 206 2066 lect.v‚n.12.J.

53 2254 61 2262 ·
75 2258 89 2273 Α
97 2259 101 2273 :
113 2252 206 2273 dicitur.

56 2413 64 2421 ²
77 2418 103 2433 A:
115 2411 221 2433 risibilis.

54 2470 64 2481 ⁸
78 2476 104 2491 A:
126 2472 179 2491 tunc
201 2469 265 2490 dice-

54 2498 99 2518 tur.

53 2736 64 2747 '⁴
78 2742 119 2757 An:
131 2742 173 2757 nec
184 2741 229 2763 per
243 2742 269 2756 se

53 2763 268 2788 insitsubiecto‚nec

50 2795 96 2816 per
110 2796 137 2810 se
145 2791 267 2816 repugnet,

54 2815 144 2837 dicetur
161 2820 188 2842 (n,
209 2815 267 2837 dici-

54 2844 107 2867 tur).

52 2869 63 2879 ‘¹
74 2875 150 2890 nnete
157 2876 185 2890 1².:
197 2875 268 2890 enun-

54 2895 173 2917 cialionis.

304 235 353 271 60

298 312 442 346 cessitate;
465 312 494 339 in
516 321 601 340 causa
634 311 767 339 inclinata
795 312 831 339 ad
865 311 997 338 effectum
1020 310 1259 344 determinatum,
1276 319 1293 337 a
1308 319 1367 346 quo

298 359 395 380 tamen
417 353 605 388 producendo
627 358 721 387 potest
743 351 890 387 impediri3
908 351 936 378 in
959 359 1046 378 causa
1060 349 1242 377 indifferente
1265 356 1291 377 et
1306 359 1367 377 non

298 392 487 420 determinata
508 392 603 428 potius
625 393 661 419 ad
688 401 778 418 unum
807 400 895 427 quam
917 391 953 417 ad
975 390 1090 417 aliud.—
1109 397 1151 416 12.
1173 390 1212 416 At
1233 398 1310 423 vero,
1334 399 1367 417 ex

298 432 342 460 his
364 442 424 460 non
445 432 574 469 sequitur
595 432 674 468 quod
690 431 775 459 falsae
797 430 853 458 sint
874 429 1088 466 propositiones
1116 430 1152 456 de
1174 429 1366 465 singularibus

391 545 393 547 »
429 541 491 570 „5-
516 533 544 575 ,ᾗ
558 532 733 572 ostquam
756 523 1011 570 Philosophus
1034 521 1299 558 determinavit
1321 522 1367 559 de

357 577 367 585 ‘
380 581 389 616 “,
415 551 487 627 kf)
515 579 546 610 {⁴1
559 576 796 625 oppositione
808 575 1116 612 enunciationum
1130 583 1165 611 et
1180 576 1368 612 ostendit*

415 629 754 681 ffsquomodo
790 629 962 665 dividunt
994 641 1130 664 verum
1166 636 1202 664 et
1230 629 1367 665 falsum

365 700 389 708 ἡ·
414 668 752 731 Woppositae
783 682 1088 727 enunciationes3
1122 681 1183 718 hic
1217 682 1369 730 inquirit

301 738 346 774 de
381 738 548 784 quodam
583 735 686 784 quod
721 743 869 784 poterat
904 748 985 772 esse
1022 735 1203 781 dubium,
1238 743 1366 771 utrum

299 790 435 826 scilicet
469 789 506 825 id
535 789 639 838 quod
675 789 817 825 dictum
857 797 911 825 est
954 788 1122 825 similiter
1154 789 1368 825 inveniatur

298 844 335 879 in
357 842 534 879 omnibus
561 843 889 879 enunciationibus
915 844 976 879 vel
998 855 1087 879 non.
1112 843 1160 878 Et
1176 842 1273 878 circa
1292 843 1367 878 hoc

300 896 375 933 duo
405 896 509 932 facit:
530 897 667 945 primo,
688 897 868 945 proponit
883 898 902 915 ὓ
926 895 1288 942 dissimilitudinem,
1310 908 1365 932 se-

299 949 439 995 cundo,
469 951 606 998 probat
636 962 739 995 eam3
769 950 840 986 ibi:
870 950 976 986 Nam
996 950 1030 986 si
1046 949 1167 986 omnis
1194 950 1366 997 affirma-

297 1003 345 1039 tio
366 1004 385 1021 *
414 1010 480 1039 etc.

352 1068 386 1093 2.
404 1056 514 1093 Circa
527 1057 695 1105 primum
712 1059 730 1076 ἥ
743 1056 1062 1093 considerandum
1079 1063 1134 1092 est
1154 1055 1258 1104 quod
1280 1055 1366 1092 Phi-

297 1111 479 1159 losophus
495 1110 532 1146 in
547 1110 764 1159 praemissis
779 1110 964 1159 triplicem
982 1109 1209 1147 divisionem
1220 1115 1236 1130 α
1250 1122 1365 1145 enun-

298 1164 502 1200 ciationum
514 1164 727 1212 assignavit,
737 1165 756 1185 ’¹‘
765 1176 927 1213 quarum
936 1164 1065 1212 prima
1077 1163 1143 1199 fuit
1154 1163 1366 1199 secundum

298 1218 474 1254 unitatem
492 1218 776 1264 enunciationis,
793 1226 906 1266 prout
924 1217 1062 1254 scilicet
1083 1216 1295 1253 enunciatio
1313 1224 1368 1253 est

296 1284 373 1307 una
406 1271 622 1320 simpliciter
660 1272 721 1307 vel
762 1271 1026 1308 coniunctione
1072 1283 1169 1316 una,
1203 1270 1367 1306 secunda

298 1325 364 1361 fuit
384 1325 596 1362 secundum
617 1325 843 1373 qualitatem,
859 1332 973 1374 prout
993 1324 1131 1361 scilicet
1152 1323 1365 1359 enunciatio

299 1386 353 1415 est
368 1378 595 1415 affirmativa
615 1379 676 1415 vel
698 1378 889 1426 negativa;
915 1378 1022 1414 tertia
1037 1378 1057 1398 '³‘
1072 1377 1139 1413 suit
1153 1377 1366 1413 secundum

297 1433 555 1481 quantitatem,
572 1433 591 1452 ²¹²
610 1439 740 1480 utpote
757 1432 860 1479 quod
877 1430 1089 1467 enunciatio
1106 1430 1296 1478 quaedam
1313 1438 1368 1466 est

297 1486 530 1531 universalis,
561 1485 750 1534 quaedam
772 1484 1016 1534 particularis,
1047 1483 1237 1532 quaedam
1262 1483 1366 1519 inde-

297 1539 403 1577 finita
432 1547 467 1575 et
496 1539 685 1587 quaedam
715 1538 921 1585 singularis.

353 1594 386 1630 3.
399 1593 583 1640 Tangitur
593 1599 720 1628 autem
739 1591 800 1628 hic
820 1597 955 1640 quarta
979 1589 1113 1628 divisio
1136 1589 1366 1627 enunciatio-

296 1659 390 1683 num
406 1646 617 1682 secundum
633 1653 795 1693 tempus.
810 1646 913 1681 Nam
925 1645 1116 1693 quaeda-m
1129 1652 1184 1680 est
1200 1644 1246 1680 de
1257 1656 1365 1692 prae-

296 1699 401 1745 senti,
425 1699 614 1748 quaedam
636 1699 682 1735 de
702 1698 916 1747 praeterito,
939 1698 1130 1747 quaedam
1153 1697 1199 1734 de
1220 1698 1365 1744 futur03

297 1761 331 1789 et
345 1754 440 1789 haec
457 1753 569 1789 etiam
587 1752 720 1789 divisio
737 1760 861 1801 potest
876 1752 995 1802 accipi
1009 1765 1054 1789 ex
1064 1752 1122 1790 his
1137 1763 1235 1800 quae
1252 1764 1366 1800 supra

296 1807 393 1844 dicta
413 1814 515 1843 sunt:
539 1806 681 1844 dictum
706 1814 761 1842 est
781 1806 883 1843 enim
903 1819 1017 1855 supra
1037 1807 1058 1827 '¹‘
1086 1805 1190 1855 quod
1211 1817 1365 1842 necesse

296 1868 350 1897 est
379 1873 536 1901 omnem
566 1859 872 1897 enunciationem
902 1873 983 1897 esse
1013 1872 1057 1896 ex
1083 1859 1204 1896 verbo
1234 1859 1295 1895 vel
1321 1871 1365 1895 ex

296 1927 385 1951 casu
408 1914 534 1959 verbi;
563 1914 727 1950 verbum
753 1921 880 1950 autem
904 1922 959 1950 est
980 1913 1085 1962 quod
1107 1912 1366 1960 consignificat

294 1981 474 2017 praesens
489 1975 658 2016 tempus;
677 1980 785 2004 casus
798 1975 925 2004 autem
936 1967 1043 2004 verbi
1058 1967 1078 1988 '¹‘
1093 1974 1190 2013 sunt,
1200 1966 1264 2015 qui
1277 1978 1366 2002 con-

296 2022 506 2070 significant
524 2029 675 2070 tempus
694 2021 939 2070 praeteritum
954 2021 1015 2057 vel
1034 2021 1214 2058 futurum.
1237 2021 1366 2056 Potest

295 2084 423 2112 autem
452 2075 570 2124 accipi
590 2075 719 2123 quinta
745 2075 879 2111 divisio
906 2074 1215 2112 enunciationum
1231 2086 1364 2110 secun-

295 2130 388 2179 dum
417 2129 635 2174 materiam,
671 2140 768 2176 quae
803 2128 958 2177 quidem
994 2128 1128 2165 divisio
1163 2127 1366 2166 attenditur

294 2183 506 2220 secundum
534 2181 796 2219 habitudinem
824 2182 1029 2231 praedicati
1058 2181 1106 2218 ad
1132 2181 1363 2218 subiectum:

293 2250 383 2274 narn
400 2237 429 2274 si
450 2235 711 2286 praedicatum
726 2247 799 2284 per
816 2248 856 2272 se
878 2235 964 2272 insit
979 2235 1161 2281 subiecto,
1184 2235 1328 2272 dicetur
1347 2235 1366 2256 '¹‘

295 2303 375 2328 esse
399 2289 611 2327 enunciatio
634 2290 670 2325 in
692 2289 850 2336 materia
873 2290 1084 2326 necessaria
1104 2289 1166 2325 vel
1188 2289 1366 2333 naturali,-

293 2353 335 2381 ut
364 2357 451 2380 cum
482 2343 625 2389 dicitur,
654 2344 766 2379 homo
796 2349 850 2379 est
876 2342 1035 2389 animal,
1066 2343 1142 2389 vel,
1172 2344 1285 2379 homo
1314 2348 1369 2379 est

294 2397 431 2435 risibile
458 2398 489 2434 ³³.
516 2396 554 2433 Si
587 2408 680 2432 vero
710 2396 969 2445 praedicatum
1002 2409 1070 2446 per
1109 2408 1149 2433 se
1183 2404 1366 2445 repugnet

295 2451 464 2488 subiecto
486 2449 593 2498 quasi
614 2450 815 2486 excludens
836 2450 1021 2486 rationem
1041 2449 1170 2498 ipsius,
1183 2450 1327 2487 dicetur
1346 2450 1366 2471 ³¹³

297 2502 509 2541 enunciatio
531 2515 611 2539 esse
632 2503 669 2539 in
691 2504 849 2540 materia
872 2504 1090 2551 impossibili
1107 2503 1186 2540 sive
1207 2509 1366 2547 remota;

295 2567 336 2595 ut
365 2570 453 2594 cum
483 2556 627 2601 dicitur,
657 2557 768 2592 homo
798 2562 852 2592 est
877 2557 1015 2593 asinus.
1047 2557 1086 2593 Si
1111 2569 1205 2592 vero
1235 2556 1364 2594 medio

296 2611 415 2649 modo
445 2623 484 2648 se
513 2610 651 2646 habeat
683 2610 944 2658 praedicatum
978 2610 1026 2646 ad
1060 2609 1294 2656 subiectum,
1325 2617 1366 2646 ut

296 2665 435 2702 scilicet
462 2676 532 2700 nec
554 2675 627 2711 per
646 2675 685 2699 se
710 2671 893 2711 repugnet
922 2663 1104 2709 subiecto,
1135 2675 1205 2699 nec
1228 2675 1300 2711 per
1326 2675 1366 2699 se

296 2719 391 2765 insit,
414 2718 557 2755 dicetur
571 2717 591 2737 '¹²
611 2716 824 2753 enunciatio
855 2729 936 2753 esse
957 2716 994 2753 in
1016 2716 1175 2753 materia
1197 2716 1369 2764 possibili

297 2773 375 2809 sive
405 2770 643 2820 contingenti.

348 2838 385 2873 4.
404 2825 472 2861 His
488 2824 596 2872 igitur
612 2822 921 2860 enunciationum
933 2822 1179 2859 *differentiis
1196 2822 1366 2859 conside-

297 2879 395 2925 ratis,
417 2891 495 2915 non
524 2876 692 2914 similiter
720 2888 760 2912 se
784 2877 899 2912 habet
927 2875 1110 2913 iudicium
1136 2875 1182 2912 de
1208 2875 1365 2913 veritate

297 2941 333 2969 et
361 2932 516 2969 falsitate
546 2931 583 2967 in
612 2929 803 2967 omnibus.
834 2929 946 2967 Unde
975 2929 1232 2978 Philosophus
1266 2929 1365 2976 dicit,

297 2998 342 3022 ex
370 2985 588 3034 praemissis
617 2983 860 3030 concludens,
883 2983 987 3032 quod
1017 2983 1053 3019 in
1078 2983 1134 3019 his
1154 2994 1251 3031 quae
1268 2988 1365 3028 sunt,

297 3038 392 3076 idest
429 3039 466 3075 in
505 3036 829 3087 propositionibus
865 3036 912 3073 de
945 3035 1152 3085 praesenti,
1179 3041 1215 3073 et
1245 3036 1281 3072 in
1310 3036 1367 3073 his

297 3094 513 3141 quaefacta
541 3097 637 3137 sunt,
660 3090 755 3127 idest
773 3090 812 3127 in
832 3089 1161 3126 enunciationibus
1190 3089 1238 3126 de
1257 3101 1365 3138 prae-

541 3186 555 3196 Ο

349 3207 377 3242 α)
402 3207 539 3239 Triplicem
554 3206 717 3231 divisionem.
728 3205 763 3230 Ita
782 3205 839 3230 edd.
855 3205 884 3230 Ρ.
899 3210 925 3230 et
943 3204 1009 3230 Ven.
1033 3204 1116 3235 1526;
1135 3210 1160 3229 at
1178 3210 1233 3230 tum
1252 3204 1292 3229 hic
1311 3209 1366 3229 tum

296 3242 321 3267 in
340 3242 508 3275 sequentibus
528 3249 579 3266 non
600 3241 768 3269 diuisionem,
793 3241 839 3265 sed
865 3240 1044 3274 differentiam
1065 3240 1159 3265 habent
1178 3240 1235 3265 edd.
1252 3239 1367 3265 Venetae

297 3278 390 3303 saeculi
410 3278 457 3302 XV
472 3283 497 3302 et
511 3277 585 3302 codd.
602 3277 640 3306 Et,
652 3275 837 3309 differentiam.
850 3276 988 3307 legendum
1005 3284 1063 3301 esse
1078 3276 1178 3301 videtur
1190 3283 1220 3300 ex
1235 3283 1290 3308 seq.
1306 3284 1331 3300 n.
1341 3283 1366 3308 4.

350 3312 375 3345 β)
398 3314 438 3338 Ita
458 3313 484 3337 in
498 3312 603 3346 suturis
621 3312 689 3337 sicut
712 3311 855 3336 ete-cod.
870 3312 892 3336 A
908 3317 1027 3344 corrupte
1042 3312 1114 3343 legit:
1134 3312 1173 3336 ita
1201 3314 1230 3336 ut
1249 3311 1275 3335 in
1289 3311 1367 3345 futu-

297 3348 335 3373 ris
344 3349 379 3373 sit
389 3350 428 3373 vel
438 3349 463 3373 in
471 3348 627 3380 praeteritis
637 3348 677 3372 vel
687 3347 713 3371 in
720 3347 913 3379 praesentibus.
923 3361 943 3366 —
954 3347 985 3371 Et
995 3347 1059 3372 infra
1070 3346 1113 3380 (In
1128 3346 1293 3379 contingenti
1306 3345 1366 3381 etc.)

297 3391 357 3408 cum
381 3385 437 3408 cod.
453 3385 485 3408 B:
501 3384 569 3409 sicut
587 3383 613 3408 in
630 3383 814 3415 praesentibus
829 3383 868 3408 vei
889 3382 924 3414 (et
944 3383 984 3408 uel
999 3383 1076 3407 habet
1091 3381 1121 3415 C)
1137 3382 1301 3415 praeteritis.
1317 3382 1366 3407 De-

298 3419 374 3451 nique
385 3419 467 3444 addit:
481 3420 506 3444 in
518 3419 662 3452 indefinitis
677 3421 788 3451 utraque
794 3425 861 3450 pars
871 3418 927 3443 eius
941 3421 980 3444 est
995 3426 1058 3443 vera
1068 3418 1127 3451 (sed
1136 3418 1192 3443 eius
1207 3417 1367 3450 expungitur,

298 3459 323 3478 et
337 3454 362 3478 in
377 3454 490 3479 maraine
505 3455 564 3487 poni
580 3455 679 3479 videtur
691 3454 807 3486 simul)...
821 3453 857 3486 (n.
873 3453 900 3486 6)
911 3457 951 3479 est
965 3454 1096 3487 quaedam
1107 3454 1255 3480 similitudo
1271 3451 1307 3487 (et
1320 3453 1365 3478 ite-

298 3496 356 3513 rurn
366 3489 520 3517 similitudo,
531 3490 594 3514 infra
610 3498 634 3514 n.
655 3489 703 3522 ιο.)
719 3491 752 3515 At
770 3489 917 3514 similitudo
931 3495 970 3514 est
986 3490 1060 3514 lectio
1079 3497 1194 3519 erronea,
1209 3496 1237 3515 ut
1254 3494 1323 3523 patet
1337 3495 1367 3514 ex

299 3529 424 3549 contextu.
436 3537 453 3542 ——
462 3525 548 3549 Codex
561 3533 623 3549 vero
638 3526 665 3553 Β,
681 3525 714 3549 ob
725 3532 859 3550 recursum
875 3525 1028 3549 eorumdem
1044 3525 1193 3555 verborum,
1204 3525 1230 3550 in
1239 3531 1366 3558 praesen-

298 3558 366 3583 tibus
381 3560 420 3583 vel
430 3560 593 3590 praeteritis.
608 3560 701 3584 omittit
717 3560 801 3589 verba,
817 3560 843 3584 in
859 3559 1003 3593 indefinitis
1022 3565 1069 3585 etc.
1084 3565 1110 3585 et
1127 3561 1306 3594 prosequitur:
1322 3567 1365 3585 ne·

299 3600 368 3618 cesse
386 3597 425 3619 est
443 3595 514 3626 quod
527 3596 613 3620 altera
632 3600 688 3625 etc„
702 3600 731 3619 ut
750 3595 775 3619 in
794 3594 818 3619 6.

1064 233 1183 268 PERI
1214 232 1561 269 HERMENEIAS
1593 234 1686 271 LIB.
1719 236 1732 271 Ι

1421 311 1522 339 futuris
1537 311 1566 339 in
1581 321 1667 340 sensu
1682 312 1876 349 coniunctivo,
1892 323 1998 350 nempe
2013 315 2093 351 quod
2108 320 2229 351 utraque
2244 314 2315 342 haec
2330 314 2495 350 propositio

1423 351 1458 378 sit
1473 351 1557 386 falsa,
1573 353 1627 380 hoc
1649 353 1706 380 erit
1726 359 1753 380 et
1774 354 1828 381 hoc
1844 363 1899 381 non
1922 355 1992 381 erit:
2007 354 2102 391 primo
2119 354 2235 391 quidem
2252 354 2319 391 quia
2334 360 2400 381 sunt
2422 363 2497 382 con-

1423 391 1614 426 tradictoriae,
1637 402 1710 429 quae
1732 402 1793 420 non
1814 400 1936 429 possunt
1962 403 2023 422 esse
2050 394 2135 422 simul
2164 394 2270 429 falsae;
2295 393 2399 421 deinde
2427 394 2497 430 quia

1422 439 1504 458 secus
1532 432 1680 460 tolleretur
1701 432 1730 460 id
1752 434 1832 469 quod
1853 440 1896 461 est
1916 435 1953 461 ad
1974 434 2149 462 utrumlibet.

1423 524 1544 570 terito,
1567 538 1723 562 necesse
1744 533 1799 562 est
1819 526 1923 574 quod
1944 527 2145 564 affirmatio
2174 528 2236 564 vel
2261 527 2411 575 negatio
2433 527 2495 564 de-

1423 577 1623 614 terminate
1652 579 1698 615 sit
1725 591 1817 615 vera
1835 580 1897 615 vel
1927 580 2029 617 falsa.
2056 581 2343 617 Diversificatur
2367 588 2495 617 tamen

1423 631 1509 676 hoe,
1531 632 1743 668 secundum
1771 632 1962 669 diversam
1988 634 2235 682 quantitatem
2265 633 2495 670 enunciatio-

1423 683 1498 729 nis;
1520 696 1610 720 nam
1631 684 1669 721 in
1689 685 2029 732 enunciationibus,
2050 687 2088 723 in
2109 687 2246 735 quibus
2268 687 2315 724 de
2343 687 2494 723 univer-

1422 736 1563 773 salibus
1592 738 1769 774 subiectis
1790 738 1930 786 aliquid
1958 740 2220 777 universaliter
2243 740 2493 789 praedicatur,

1421 802 1577 826 necesse
1599 799 1654 827 est
1674 791 1779 839 quod
1794 803 1947 839 semper
1960 793 1980 812 ’¹‘
2003 805 2081 829 una
2100 793 2145 829 sit
2163 806 2267 839 vera,
2284 793 2423 829 scilicet
2442 794 2494 829 af-

1421 843 1612 879 firmativa
1639 845 1701 880 vel
1730 844 1916 892 negativa,
1939 852 1974 881 et
1999 846 2115 882 altera
2143 846 2245 892 falsa,
2272 858 2371 894 quae
2400 846 2493 882 scili-

1422 904 1480 932 cet
1510 896 1542 932 ei
1572 897 1787 946 opponitur.
1815 897 1970 934 Dictum
2001 906 2056 935 est
2084 898 2186 935 enim
2207 911 2321 948 supra
2343 899 2363 919 *¹
2389 899 2494 947 quod

1422 950 1570 997 negatio
1607 950 1879 987 enunciationis
1913 951 2136 988 universalis
2170 952 2208 988 in
2245 964 2320 1000 qua
2354 951 2494 1000 aliquid

1420 1004 1681 1041 universaliter
1700 1004 1950 1053 praedicatur,
1973 1012 2027 1042 est
2046 1005 2221 1053 negativa
2240 1018 2319 1042 non
2342 1005 2493 1046 univer-

1422 1057 1523 1103 salis,
1557 1058 1623 1094 sed
1651 1058 1904 1106 particularis,
1934 1066 1969 1094 et
2006 1071 2025 1094 e
2056 1071 2243 1095 converso
2272 1058 2494 1095 universalis

1422 1110 1596 1158 negativa
1616 1124 1694 1148 non
1724 1119 1779 1147 est
1799 1111 1938 1148 directe
1964 1112 2113 1159 negatio
2142 1111 2365 1149 universalis
2394 1112 2493 1148 affir-

1422 1164 1599 1210 mativae,
1616 1165 1683 1201 sed
1698 1165 1947 1213 particularis;
1971 1172 2006 1201 et
2025 1165 2078 1201 sic
2098 1173 2258 1214 oportet,
2281 1165 2494 1202 secundum

1421 1218 1633 1267 praedicta,
1664 1218 1769 1267 quod
1798 1231 1951 1267 semper
1977 1231 2055 1255 una
2080 1220 2247 1255 earum*
2265 1219 2311 1255 sit
2338 1231 2430 1255 vera
2460 1225 2495 1255 et

1422 1272 1536 1308 altera
1556 1272 1647 1308 falsa
1666 1272 1704 1308 in
1724 1284 1967 1321 quacumque
1985 1272 2153 1309 materia.
2171 1273 2220 1308 Et
2239 1272 2375 1309 eadem
2400 1271 2493 1308 ratio

1423 1333 1478 1361 est
1512 1325 1549 1361 in
1579 1325 1907 1362 enunciationibus
1945 1325 2216 1373 singularibus,
2247 1338 2345 1374 quae
2380 1325 2493 1362 etiam

1423 1378 1710 1415 contradictorie
1731 1386 1988 1427 opponuntur,
2009 1387 2051 1415 ut
2070 1392 2184 1428 supra
2204 1379 2376 1416 habitum
2393 1386 2448 1415 est
2461 1379 2492 1415 ³¹².

1423 1432 1501 1468 Sed
1529 1432 1568 1468 in
1597 1432 1937 1478 enunciationibus,
1959 1433 1996 1468 in
2017 1433 2155 1481 quibus
2175 1432 2316 1482 aliquid
2345 1431 2492 1481 praedi-

1423 1492 1528 1521 catur
1543 1485 1590 1522 de
1610 1485 1848 1521 universali*
1867 1498 1946 1522 non
1964 1486 2236 1533 universaliter,
2258 1498 2339 1522 non
2360 1493 2415 1522 est
2429 1498 2494 1522 ne-

1423 1551 1526 1575 cesse
1548 1538 1653 1588 quod
1673 1551 1825 1587 semper
1843 1551 1920 1575 una
1949 1538 1994 1575 sit
2012 1551 2105 1575 vera
2134 1547 2170 1575 et
2189 1540 2305 1576 altera
2324 1538 2370 1576 sit
2389 1539 2492 1585 falsa,

1422 1591 1511 1641 quia
1538 1599 1700 1641 possunt
1727 1592 1864 1628 ambae
1895 1604 1977 1628 esse
2006 1592 2118 1628 simul
2147 1605 2280 1639 verae,
2309 1599 2352 1628 ut
2380 1604 2495 1641 supra

1422 1654 1619 1683 ostensum
1649 1653 1705 1682 est
1723 1646 1754 1682 ³³.

1479 1701 1510 1736 5.
1543 1700 1591 1736 Et
1623 1700 1698 1736 hoc
1726 1698 1882 1748 quidem
1911 1697 1961 1734 ita
1990 1710 2029 1735 se
2058 1698 2173 1734 habet
2191 1698 2211 1719 *
2231 1705 2417 1747 quantum
2446 1698 2495 1735 ad

1419 1752 1712 1802 propositiones,
1730 1764 1828 1801 quae
1849 1758 1936 1788 sunt
1955 1751 2002 1788 de
2021 1752 2223 1801 praeterito
2239 1752 2301 1788 vel
2317 1751 2364 1788 de
2383 1764 2492 1800 prae-

1420 1806 1532 1843 senti:
1554 1806 1622 1843 sed
1641 1806 1671 1843 si
1692 1805 1923 1855 accipiamus
1938 1805 1958 1825 *
1974 1804 2269 1852 enunciationes,
2290 1817 2388 1854 quae
2409 1812 2496 1842 sunt

1421 1860 1467 1897 de
1496 1860 1640 1906 futuro,
1663 1860 1776 1897 etiam
1805 1858 1974 1895 similiter
2002 1871 2042 1895 se
2061 1859 2203 1895 habent
2231 1866 2417 1907 quantum
2446 1858 2494 1896 ad

1420 1914 1693 1963 oppositiones,
1715 1925 1812 1962 quae
1834 1920 1920 1949 sunt
1949 1912 1996 1949 de
2017 1912 2295 1949 universalibus
2323 1913 2384 1948 vel
2411 1911 2494 1948 uni-

1419 1967 1614 2004 versaliter
1641 1968 1703 2003 vel
1732 1978 1810 2003 non
1838 1965 2100 2002 universaliter
2128 1965 2300 2014 sumptis.
2321 1965 2426 2002 Nam
2455 1965 2493 2002 in

1421 2021 1578 2058 materia
1597 2019 1810 2057 necessaria
1830 2031 1966 2056 omnes
1991 2019 2241 2056 affirmativae
2267 2018 2492 2055 determina—

1419 2083 1455 2112 te
1476 2082 1562 2112 sunt
1580 2086 1707 2121 verae,
1734 2073 1784 2109 ita
1812 2072 1850 2109 in
1876 2071 2008 2109 futuris
2028 2072 2123 2109 sicut
2141 2071 2159 2102 β
2178 2073 2215 2109 in
2234 2071 2442 2121 praeteritis
2458 2078 2494 2108 et

1419 2128 1699 2179 praesentibus3
1734 2127 1931 2174 negativae
1964 2138 2058 2163 vero
2101 2127 2226 2163 falsae.
2258 2127 2300 2162 In
2335 2125 2494 2162 materia

1421 2190 1549 2220 autern
1570 2181 1805 2231 impossibili,
1824 2192 1843 2217 e
1865 2179 2064 2217 contrario.
2083 2181 2125 2217 In
2150 2179 2379 2227 contingenti
2398 2190 2492 2216 vero

1420 2237 1654 2274 universales
1678 2242 1765 2272 sunt
1794 2234 1907 2271 falsae
1929 2241 1964 2270 et
1991 2233 2236 2283 particulares
2260 2240 2347 2270 sunt
2364 2244 2492 2279 verae,

1421 2291 1471 2327 ita
1499 2290 1537 2326 in
1566 2289 1700 2326 futuris
1729 2288 1824 2325 sicut
1852 2287 1889 2324 in
1917 2287 2126 2336 praeteritis
2156 2294 2192 2324 et
2218 2286 2492 2336 praesentibus.

1422 2346 1463 2381 In
1501 2342 1705 2380 indefinitis
1734 2349 1884 2389 autern,
1914 2348 2074 2390 utraque
2108 2340 2221 2378 simul
2254 2347 2309 2377 est
2335 2352 2429 2377 vera
2455 2339 2495 2380 in

1421 2397 1554 2434 futuris
1574 2396 1669 2434 sicut
1697 2396 1735 2432 in
1753 2394 2017 2445 praesentibus
2035 2395 2097 2431 vel
2116 2393 2335 2443 praeteritis.

1476 2452 1511 2488 6.
1535 2450 1612 2487 Sed
1641 2450 1679 2486 in
1707 2448 1958 2496 singularibus
1987 2455 2023 2484 et
2050 2448 2183 2485 futuris
2215 2454 2270 2484 est
2304 2445 2495 2495 quaedam

1422 2503 1696 2541 dissimilitudo.
1734 2503 1837 2539 Nam
1866 2502 1904 2538 in
1931 2501 2140 2551 praeteritis
2169 2508 2205 2537 et
2231 2499 2495 2550 praesentibus

1420 2570 1575 2594 necesse
1606 2564 1661 2593 est
1689 2555 1794 2604 quod
1820 2556 1935 2592 altera
1963 2554 2226 2604 oppositarum
2247 2553 2494 2590 determinate

1420 2611 1466 2647 sit
1483 2622 1575 2647 vera
1596 2618 1632 2646 et
1659 2610 1774 2646 altera
1794 2609 1885 2645 falsa
1904 2608 1942 2644 in
1962 2619 2205 2657 quacumque
2231 2605 2405 2651 materia;
2427 2604 2495 2642 sed

1420 2663 1459 2700 in
1479 2662 1729 2710 singularibus
1757 2674 1855 2710 quae
1891 2669 1978 2698 sunt
2007 2660 2052 2698 de
2081 2661 2208 2697 futuro
2237 2660 2312 2696 hoc
2339 2671 2418 2696 non
2439 2666 2495 2695 est

1420 2728 1597 2761 necesse,
1627 2715 1733 2764 quod
1760 2726 1837 2751 una
1862 2713 2108 2751 determinate
2128 2713 2174 2750 sit
2197 2725 2289 2750 vera
2324 2720 2360 2749 et
2379 2711 2494 2749 altera

1421 2770 1523 2806 falsa.
1546 2770 1595 2805 Et
1614 2769 1689 2805 hoc
1717 2768 1873 2817 quidem
1895 2767 2028 2804 dicitur
2049 2767 2069 2788 *
2088 2774 2273 2816 quantum
2297 2765 2346 2803 ad
2375 2772 2492 2802 mate-

1422 2822 1517 2859 riam
1547 2822 1846 2869 contingentem:
1867 2833 1957 2857 nam
1979 2828 2164 2869 quantum
2185 2819 2233 2857 ad
2253 2818 2452 2856 materiam
2473 2820 2492 2838 ‘¹'

1421 2875 1675 2913 necessariam
1705 2882 1741 2911 et
1769 2873 2044 2924 impossibilem
2077 2873 2207 2910 similis
2242 2872 2336 2910 ratio
2372 2879 2428 2908 est
2454 2871 2494 2909 in

1421 2929 1554 2966 futuris
1583 2927 1844 2976 singularibus,
1865 2927 1961 2964 sicut
1979 2927 2018 2964 in
2037 2925 2299 2976 praesentibus
2325 2933 2361 2963 et
2384 2937 2493 2974 prae-

1423 2982 1548 3019 teritis.
1571 2983 1655 3019 Nec
1682 2989 1812 3018 tamen
1832 2981 2050 3018 Aristoteles
2070 2980 2306 3017 mentionem
2331 2978 2417 3016 fecit
2444 2978 2492 3016 de

1423 3035 1581 3073 materia
1611 3034 1850 3083 contingenti,
1873 3034 1961 3084 quia
1989 3034 2050 3071 illa
2076 3033 2229 3084 proprie
2254 3032 2303 3070 ad
2331 3032 2492 3080 singula-

1423 3089 1476 3126 ria
1503 3089 1692 3139 pertinent
1711 3093 1724 3115 ⁷
1750 3100 1847 3138 quae
1877 3088 2136 3136 contingenter
2165 3085 2363 3133 eveniunt,
2394 3097 2492 3135 quae

1475 3203 1502 3239 γ)
1524 3205 1573 3229 Illa
1588 3204 1700 3237 propr-fe
1717 3204 1756 3229 ad
1772 3203 1922 3237 singularia
1947 3202 2084 3235 pertinent
2102 3203 2225 3228 ete-A:
2240 3202 2286 3228 illa
2299 3202 2438 3235 propria„
2452 3207 2491 3228 82-

1421 3240 1536 3265 cundum
1548 3240 1735 3265 universalium
1751 3239 1890 3264 rationem.
1901 3252 1912 3257 -
1923 3238 2071 3263 Notandum
2086 3238 2156 3271 quod
2176 3237 2242 3263 nihil
2255 3241 2295 3263 est
2307 3238 2375 3263 adeo
2390 3236 2492 3263 conun-

1421 3283 1494 3309 gens,
1510 3276 1572 3308 quin
1593 3275 1619 3300 in
1639 3282 1667 3301 se
1685 3275 1788 3308 aliquid
1811 3274 1986 3300 necessarium
2012 3274 2119 3303 habeat,
2141 3279 2170 3298 ut
2188 3281 2209 3298 s.
2228 3273 2346 3298 Thomas
2364 3273 2399 3298 nit
2422 3279 2447 3307 p.
2468 3271 2491 3303 1,

1422 3319 1466 3344 qu.
1481 3319 1578 3342 mxxw,
1594 3311 1663 3336 artic.
1678 3318 1715 3336 m.
1730 3310 1801 3335 Sicut
1819 3310 1867 3335 hoc
1892 3310 1979 3343 ipsum
1998 3310 2069 3342 quod
2088 3314 2136 3339 eet,
2155 3309 2294 3334 Socratem
2318 3314 2442 3336 currere,
2465 3306 2491 3332 in

1422 3354 1451 3371 se
1470 3347 1575 3379 quidem
1595 3346 1746 3378 contingens
1766 3350 1814 3375 est,
1828 3345 1889 3378 quia
1907 3346 2025 3370 Socrates
2045 3350 2071 3370 et
2087 3349 2188 3377 poterat
2206 3352 2258 3369 non
2277 3350 2379 3370 currere
2401 3347 2427 3368 et
2443 3349 2491 3375 po-

1421 3387 1472 3407 test
1491 3390 1505 3407 e
1524 3390 1601 3407 cursu
1630 3389 1739 3407 cessare.
1761 3381 1812 3406 Sed
1837 3381 1961 3406 habitudo
1980 3387 2072 3406 comus
2091 3380 2123 3405 sd
2142 3385 2243 3405 motum
2262 3387 2315 3404 non
2333 3383 2374 3405 est
2392 3377 2491 3403 contin-

1422 3426 1495 3450 gens,
1515 3418 1561 3443 sed
1581 3417 1739 3443 necessaris:
1759 3416 1934 3442 necessarium
1954 3421 1994 3441 est
2012 3416 2081 3441 enim
2096 3415 2227 3440 Socratem
2247 3413 2346 3440 moveri
2364 3413 2386 3438 si
2405 3413 2490 3443 currit3

1421 3458 1447 3478 et
1465 3453 1523 3478 ideo
1547 3453 1693 3486 supposito.
1713 3453 1784 3486 quod
1798 3452 1923 3478 Socrates
1936 3454 2042 3480 currat,
2065 3459 2116 3476 non
2138 3454 2224 3484 potest
2242 3457 2295 3475 non
2313 3446 2436 3474 verificari
2450 3455 2490 3472 re-

1421 3488 1482 3513 latio
1500 3488 1542 3514 ina
1561 3488 1705 3514 necessaria
1724 3492 1749 3513 et
1767 3487 1928 3518 universalis,
1943 3495 1996 3512 non
2011 3494 2088 3512 secus
2103 3494 2132 3511 ac
2146 3485 2248 3518 generis
2266 3484 2330 3509 ratio
2344 3482 2489 3509 necessario

1421 3523 1565 3549 verificatur
1583 3524 1609 3548 in
1629 3523 1773 3557 speciebus,
1788 3528 1814 3548 et
1831 3522 1895 3548 ratio
1915 3520 2017 3555 speciei
2029 3523 2055 3547 in
2074 3521 2219 3546 individuis.
2233 3519 2299 3545 Hinc
2319 3518 2490 3550 contingentia

1421 3559 1556 3593 dupliciter
1575 3564 1685 3592 possunt
1703 3558 1870 3584 considerari:
1886 3565 1939 3583 uno
1958 3557 2037 3582 modo
2065 3556 2207 3581 secundum
2226 3554 2296 3587 quod
2315 3553 2490 3586 contingentia

1419 3599 1493 3626 sunt;
1515 3594 1565 3620 alio
1584 3595 1663 3620 modo
1682 3594 1826 3619 seeundum
1853 3593 1924 3626 quod
1947 3592 1973 3617 in
1992 3592 2030 3617 eis
2053 3591 2149 3624 aliquid
2174 3589 2334 3616 necessitatis
2361 3589 2489 3615 invenitur

2523 790 2532 798 ²
2544 795 2557 810 n
2576 788 2662 810 omittit
2679 795 2739 810 sem-

2519 822 2579 843 per;
2589 822 2602 836 s
2612 815 2687 837 omitt.
2698 821 2740 837 ne-

2522 848 2589 863 cesse
2601 844 2643 863 est.
2652 858 2657 863 .
2665 858 2670 863 .
2678 858 2683 868 ,
2699 848 2738 863 us-

2541 875 2567 889 ue
2578 868 2605 889 ad
2615 869 2739 890 uniuersa-

2522 875 2576 925 ¹liter
2582 895 2740 922 praedicatur

2522 921 2640 942 inclusive.

2523 949 2531 956 ·
2549 948 2611 969 Lect.
2624 954 2660 975 xi,
2681 954 2704 969 n.
2717 953 2737 976 3,

2522 980 2571 1001 seq.

2522 1214 2531 1222 ²
2543 1212 2630 1235 Codd.-
2637 1219 2666 1235 1².:
2674 1212 2738 1241 quod

2517 1246 2572 1294 2¹3?
2586 1245 2668 1262 earum
2678 1245 2738 1261 sem-

2522 1373 2531 1382 ²
2542 1372 2604 1394 Lect.
2614 1378 2645 1398 ιι,
2654 1378 2677 1394 ιι.
2687 1378 2708 1400 7.

2522 1479 2530 1487 “
2540 1484 2611 1500 Anco:
2635 1477 2666 1500 de
2683 1478 2736 1499 uni-

2522 1504 2655 1526 versalibus
2670 1507 2714 1526 ete.

2522 1640 2576 1662 ²1b.
2592 1646 2616 1662 n.
2632 1640 2654 1662 8.

2522 1697 2676 1772 5:0'33‘512‘55
2685 1703 2737 1746 ⁹1:21

2521 1804 2532 1815 ⁸
2546 1809 2618 1825 nae.-
2629 1810 2659 1826 1².:
2673 1804 2736 1826 acci-

2518 1831 2606 1859 pimus:

2521 2772 2530 2782 ²
2544 2777 2587 2794 uc
2601 2771 2682 2797 ,omitt
2698 2771 2734 2794 dl-

2521 2798 2590 2820 citur.

2520 2825 2531 2836 ⁶
2545 2824 2584 2846 Ad
2609 2825 2735 2847 uterum

2520 2857 2550 2874 ex
2558 2850 2628 2874 codd.
