2548 4192
202 267 356 293 CCCXXVI

205 341 237 365 et
261 333 548 364 controversiarum
570 331 664 362 iudex
683 331 714 361 in
739 330 878 360 Ecclesia
898 329 1097 360 constitutus.
1114 326 1206 357 Notis
1229 326 1277 356 lu-

205 378 293 409 mine
317 385 448 408 naturae
470 376 631 418 principiis
658 375 767 405 nititur
792 375 951 414 theologia
975 372 1136 409 naturalis
1159 371 1192 401 in
1215 371 1278 401 illis

206 423 389 453 dirimendis
413 421 671 462 quaestionibus,
696 429 778 460 quae
811 419 891 448 circa
919 427 1018 457 genus
1042 416 1176 446 alterum
1201 415 1277 445 divi-

205 477 319 498 narum
351 467 519 497 veritatum
550 471 728 494 versantur:
765 463 974 502 ipsorumque
1007 460 1278 500 philosophorum

205 511 387 542 testimonia
410 517 440 541 et
463 509 681 540 auctoritatem
714 506 852 537 adsumit
884 506 923 536 ad
957 515 1007 535 eas
1033 503 1275 535 confirmandas.

281 557 317 585 ln
356 554 514 595 Operibus
547 553 694 583 Thomae
732 558 866 590 utraque
902 549 1064 589 theologia
1097 548 1278 579 consociata

206 610 338 630 munere
371 609 430 629 suo
463 597 620 636 fungitur:
656 605 691 625 ac
724 595 890 635 utriusque
921 594 1043 634 generis
1076 593 1277 634 quaestiones

207 645 344 682 cientur,
368 643 401 672 in
425 642 540 682 quibus
564 640 687 670 divinae
711 649 758 669 res
783 639 1067 679 explanantur,.ac
1091 637 1189 678 impia
1212 637 1277 668 sive

205 687 434 719 haereticorum
457 685 629 716 hominum
649 684 713 714 sive
734 683 1004 723 philosophorum
1027 688 1209 713 commenta
1230 692 1277 712 re-

205 733 365 763 felluntur.
384 731 542 760 Bruckero
567 729 592 759 si
616 728 785 766 credimus,
809 728 860 758 vix
888 727 921 758 in
945 727 1105 767 Operibus
1129 726 1277 757 Thomae

205 777 364 816 theologia
404 775 546 804 revelata
587 773 845 813 conspiciendam
878 782 911 802 se
943 772 1096 812 praebet:
1133 770 1278 801 doctrina

205 820 323 861 passim
347 819 494 857 traditur,
526 823 591 849 tota
614 818 852 858 philosophica,
883 818 946 847 imo
968 817 1119 857 gentilis:
1142 815 1176 846 in
1200 815 1276 855 ipsis

204 865 298 895 etiarn
322 863 571 904 quaestionibus,
588 872 671 903 quae
694 862 843 903 mysteria
858 860 931 892 fidei
951 868 1103 901 spectant,
1119 870 1274 901 magnum

199 909 397 949 praesidium
423 909 454 938 in
479 908 682 948 philosophia
714 907 896 937 Aristotelis
919 906 1103 936 collocatur.
1126 906 1193 935 Nae
1216 915 1275 944 pu-

202 953 301 984 tidam
325 952 528 983 calumniam.
545 952 637 982 Hanc
655 951 724 991 ipse
747 951 898 982 amolitur
922 960 1064 988 omnem,
1085 950 1164 983 dum
1187 948 1275 979 fateri

204 997 345 1037 cogitur:
377 996 571 1037 Aquinatem
603 996 638 1026 in
660 996 841 1036 theologica
872 995 905 1026 id
937 1005 1037 1035 genus
1061 994 1275 1035 disputatione

202 1047 389 1073 sanctorum
419 1042 553 1072 Patrum
584 1046 615 1071 et
649 1040 893 1081 Scripturarum
928 1049 1116 1071 consensum
1152 1039 1275 1079 quaesi-

204 1087 296 1118 visse.

270 1131 308 1161 11.
328 1129 384 1160 Sui
406 1129 508 1170 ipsius
532 1129 686 1160 vindicias
709 1135 780 1169 agat
802 1128 1011 1159 validissimas
1027 1128 1182 1158 Thomas.
1198 1128 1275 1158 Pro-

205 1174 274 1215 pria
296 1175 363 1215 ipse
392 1184 428 1204 ac
455 1184 606 1214 germana
633 1173 812 1213 theologiae
839 1173 992 1203 revelatae
1019 1172 1172 1213 principia
1196 1172 1276 1202 adsi-

202 1226 294 1259 gnat:
319 1226 477 1259 quantum
501 1219 539 1249 ab
564 1219 622 1249 hac
646 1218 775 1248 scientia
807 1217 923 1248 distent
955 1217 1114 1248 humanae
1138 1217 1276 1257 discipli-

203 1274 262 1294 nae
292 1263 457 1294 scitissime
481 1263 592 1293 docet:
617 1263 774 1303 docetque
798 1262 949 1300 modum,
974 1272 1041 1302 quo
1066 1272 1142 1292 usus
1167 1271 1276 1292 earum

203 1308 334 1338 evadere
357 1315 388 1338 et
417 1307 541 1338 divinae
573 1306 646 1337 fidei
670 1314 700 1338 et
723 1307 875 1337 revelatae
903 1305 1082 1346 theologiae
1115 1305 1276 1346 proficuus

202 1359 233 1383 et
257 1352 342 1383 utilis
365 1352 476 1392 possit.
501 1354 607 1382 Aurea
630 1358 704 1382 sunt
727 1351 831 1389 verba,
856 1360 938 1391 quae
955 1350 1110 1381 habentur
1126 1351 1192 1390 1p.,
1208 1361 1275 1391 q.1,

203 1404 259 1427 art.
285 1407 339 1427 vm
363 1397 403 1427 ad
426 1404 461 1427 2:
486 1410 500 1424 ι
517 1396 698 1426 Dicendum
722 1396 810 1436 quod
833 1394 1045 1434 argumentari
1069 1405 1112 1425 ex
1134 1396 1276 1425 auctori-

205 1454 219 1468 »
238 1446 303 1472 tate
336 1448 382 1471 est
415 1441 551 1471 maxime
578 1441 748 1480 proprium
783 1439 878 1470 huius
912 1439 1091 1469 doctrinae:
1117 1448 1156 1469 eo
1187 1439 1277 1479 quod

205 1487 395 1526 »principia
412 1485 508 1515 huius
533 1484 693 1515 doctrinae
712 1494 774 1524 per
798 1484 1025 1514 revelationem
1050 1483 1222 1521 habentur;
1247 1490 1278 1513 et

205 1543 219 1557 ›
240 1531 284 1560 sic
317 1537 444 1570 oportet
476 1529 565 1570 quod
603 1529 746 1559 credatur
778 1527 954 1559 auctoritati
993 1538 1126 1566 eorum,
1159 1527 1276 1568 quibus

203 1587 218 1602 ›
239 1575 387 1605 revelatio
413 1574 492 1604 facta
516 1580 571 1604 est.
601 1574 667 1604 Nec
690 1573 752 1603 hoc
777 1573 906 1613 derogat
930 1572 1073 1612 dignitati
1099 1572 1195 1603 huius
1220 1573 1276 1602 do-

205 1632 219 1647 »
241 1619 372 1649 ctrinae:
398 1628 473 1648 nam
497 1618 568 1648 licet
586 1613 680 1648 ‘locus
714 1618 754 1648 ab
777 1618 989 1654 auctoritate,
1015 1627 1096 1658 quae
1126 1617 1277 1648 fundatur

205 1676 220 1691 2
240 1673 336 1704 super
367 1663 488 1693 ratione
520 1662 683 1700 humana,
708 1662 748 1692 sit
770 1661 1022 1698 infirmissimus;
1046 1661 1136 1692 locus
1169 1669 1276 1692 tamen

204 1720 219 1735 »
239 1709 280 1738 ab
303 1708 505 1745 auctoritate,
530 1717 611 1747 quae
637 1706 787 1737 fundatur
809 1716 908 1746 super
931 1706 1127 1737 revelatione
1154 1706 1274 1744 divina,

203 1765 217 1780 »
237 1759 283 1783 est
302 1751 535 1783 efficacissimus
548 1764 576 1782 ³».
597 1751 708 1781 Paucis
728 1751 860 1782 collecta
878 1750 980 1781 verbis
1000 1750 1195 1791 amplissima
1215 1751 1275 1781 dis-

201 1797 327 1827 sertatio
351 1796 543 1836 proponitur
566 1796 605 1826 de
630 1806 668 1826 eo
677 1819 686 1834 ‚
716 1796 805 1837 quod
830 1802 875 1826 est
905 1795 1072 1836 proprium
1096 1796 1277 1837 theologiae

200 1842 362 1872 revelatae
386 1851 515 1871 munus.
944 1879 953 1881 ἢ

268 1888 310 1916 At
342 1884 410 1915 fieri
440 1892 546 1916 tamen
580 1891 704 1925 potest,
730 1891 765 1916 ut
797 1885 909 1915 eadem
942 1884 1105 1925 theologia
1137 1885 1275 1916 rationes

201 1930 358 1961 humanas
377 1937 408 1960 et
431 1930 701 1970 philosophorum
724 1929 906 1961 testimonia
930 1929 1086 1967 adhibeat,
1105 1930 1206 1960 modo
1229 1930 1276 1960 di-

202 1974 312 2015 gnitati
336 1984 412 2004 suae
436 1984 590 2014 congruo,
610 1984 646 2005 ac
665 1974 819 2005 methodo
844 1973 978 2004 consilio
998 1984 1058 2005 suo
1082 1974 1276 2015 permaxime

202 2019 355 2061 proficua.
381 2019 463 2049 Rem
492 2019 545 2049 ille
578 2019 679 2059 pergit
711 2019 895 2050 edisserere:
920 2032 934 2046 α
957 2017 1063 2049 Utitur
1086 2026 1204 2058 tamen,
1229 2020 1276 2050 in—

205 2077 220 2091 »
240 2065 368 2105 quiens,
397 2073 483 2094 sacra
507 2063 650 2094 doctrina
669 2063 764 2094 etiam
789 2065 914 2094 ratione
932 2063 1096 2095 humana.-
1114 2074 1180 2094 non
1204 2064 1276 2105 qui-

204 2120 219 2135 »
240 2109 314 2139 dem
337 2108 380 2138 ad
396 2108 601 2148 probandam
615 2108 733 2149 fldem,
757 2108 832 2149 quia
855 2118 912 2148 per
933 2107 996 2138 hoc
1020 2108 1182 2139 tolleretur
1210 2119 1276 2139 me-

204 2165 219 2180 »
239 2153 337 2183 ritum
368 2151 442 2182 fidei
473 2150 592 2193 (neque
615 2162 747 2183 rursum
781 2153 924 2183 humana
957 2153 1041 2183 ratio
1074 2158 1138 2184 tam
1177 2154 1276 2184 altius

205 2210 220 2225 ι»
239 2197 421 2238 adsurgere
445 2197 566 2240 valet):
589 2197 644 2227 sed
671 2197 716 2228 ad
747 2196 1022 2239 manifestandum
1055 2198 1164 2238 aliqua
1197 2199 1276 2237 alia,

204 2254 218 2269 ›
239 2251 321 2283 quae
345 2241 511 2272 traduntur
538 2241 570 2271 in
595 2241 653 2272 hac
684 2241 827 2272 doctrina
850 2239 934 2282 (sive
955 2243 1021 2273 sint
1043 2242 1172 2273 divinae
1195 2244 1277 2273 veri-

204 2299 220 2314 »
239 2292 319 2317 tates
343 2287 450 2316 nativo
474 2287 589 2316 lumini
605 2287 741 2326 perviae
763 2287 831 2317 sive
853 2287 919 2317 sint
942 2296 1053 2317 vocum
1078 2287 1223 2318 notiones
1247 2292 1278 2318 et

204 2343 218 2358 ι
239 2332 381 2371 opposita
405 2336 601 2371 argumenta
620 2330 661 2361 ab
676 2331 817 2361 hostibus
829 2330 915 2372 fidei
930 2341 976 2362 ex
992 2331 1155 2362 humanae
1178 2333 1276 2363 ratio-

206 2387 221 2403 »
241 2377 291 2406 nis
309 2385 397 2416 penu
421 2374 659 2417 deprompta)...
680 2375 721 2405 Et
739 2375 812 2405 inde
832 2382 888 2413 est,
906 2375 995 2417 quod
1019 2375 1115 2407 etiam
1137 2378 1277 2407 auctori-

207 2432 222 2447 ι
242 2420 359 2451 tatibus
370 2419 631 2459 philosophorum
652 2429 738 2450 sacra
754 2420 896 2450 doctrina
911 2420 1020 2459 utitur,
1038 2420 1092 2451 ubi
1110 2430 1166 2461 per
1182 2421 1276 2452 ratio-

207 2477 222 2492 »
241 2474 315 2494 nem
330 2464 505 2494 naturalem
519 2464 681 2494 veritatem
691 2474 882 2502 cognoscere
897 2472 1080 2505 potuerunt.
1092 2465 1180 2496 Sicut
1189 2468 1277 2507 Apo-

203 2521 222 2538 4ι»
242 2509 343 2539 stolus
354 2508 471 2539 Paulus
486 2510 556 2538 Act.
567 2518 629 2538 xvn
640 2507 685 2550 (v.
695 2506 752 2549 28)
764 2508 884 2539 inducit
894 2510 1027 2540 verbum
1041 2510 1140 2548 Arati,
1152 2510 1276 2541 dicens:

207 2565 222 2580 ι
243 2553 332 2584 Sicut
356 2558 386 2584 et
409 2552 539 2592 quidam
564 2558 736 2592 poetarum
766 2558 944 2584 vestrorum
969 2554 1124 2585 dixerunt
1131 2562 1143 2592 ;
1168 2555 1278 2586 Genus

208 2610 222 2624 ι
242 2598 305 2628 Dei
327 2606 448 2628 sumus.
469 2596 530 2627 Sed
553 2603 659 2626 tamen
683 2606 769 2626 sacra
793 2597 935 2628 doctrina
958 2598 1144 2629 huiusmodi
1167 2606 1276 2630 aucto-

208 2654 223 2669 »
243 2641 386 2672 ritatibus
406 2641 518 2679 utitur,
543 2642 636 2681 quasi
659 2642 823 2671 extraneis
846 2644 1050 2683 argumentis
1072 2648 1103 2673 et
1126 2643 1277 2683 probabi-

208 2686 325 2717 »libus
344 2698 372 2717 ».
401 2685 529 2726 Spicula
560 2685 741 2716 acutissima
773 2692 847 2716 sunt
879 2693 1039 2726 postrema
1071 2686 1148 2717 haec
1172 2688 1276 2725 verba,

206 2741 289 2772 quae
311 2730 506 2761 Bruckerum
531 2729 732 2768 confodiunt,
754 2730 947 2760 calumniam
970 2731 1170 2770 inrogantem
1193 2741 1228 2762 ac
1251 2731 1277 2762 si

205 2775 350 2806 Thomas
373 2775 552 2815 quaesitum
586 2774 830 2814 Scripturarum
859 2779 890 2806 et
919 2776 1055 2806 Patrum
1087 2785 1276 2806 consensum

206 2818 308 2862 (quae
335 2826 408 2850 sunt
440 2818 568 2859 propria
590 2818 768 2858 theologiae
792 2817 994 2861 argumenta)
1019 2819 1155 2850 voluerit
1179 2821 1276 2850 ratio-

206 2864 299 2895 nibus
330 2863 557 2904 metaphysicis
588 2868 619 2894 et
646 2863 910 2904 philosophorum
943 2865 1130 2894 testimoniis
1162 2864 1277 2905 corfir-

207 2918 308 2946 mare,
326 2918 482 2949 magnum
498 2917 613 2938 sacrae
631 2907 797 2938 doctrinae
806 2907 1008 2948 praesidium
1032 2909 1064 2938 in
1075 2908 1277 2949 philosophia

206 2953 388 2983 Aristotelis
406 2962 541 2993 ponens.

273 2997 433 3037 Theologi
457 3003 559 3037 partes
591 2995 840 3026 absolutisssime
873 2996 1007 3027 declarat
1034 3006 1147 3027 omnes
1171 2996 1278 3027 Theo-

206 3041 300 3081 logus
315 3042 460 3072 Thomas
479 3041 511 3071 in
531 3041 664 3071 Summa
680 3047 789 3071 contra
815 3047 923 3081 gentes
943 3040 1042 3081 capite
1058 3048 1102 3071 ix:
1118 3041 1279 3082 Sapientis

207 3086 350 3123 intentio,
371 3085 484 3126 inquit,
504 3086 590 3116 circa
613 3085 772 3125 duplicem
794 3086 958 3116 veritatem
982 3085 1164 3116 divinorum
1189 3085 1279 3116 debet

208 3131 332 3161 versari
355 3135 384 3160 et
409 3131 495 3160 circa
519 3139 648 3160 errores
662 3130 842 3166 contrarios
855 3129 1074 3160 destruendos.
1095 3129 1171 3160 Tria
1184 3129 1279 3170 igitur

207 3181 281 3204 sunt
305 3174 418 3214 optimi
442 3173 583 3214 theologi
606 3173 736 3204 munia:
762 3173 841 3204 circa
863 3173 1006 3204 veritates
1030 3173 1172 3212 divinas,
1197 3184 1278 3216 quae

206 3219 402 3250 innotescere
425 3218 546 3249 lumine
571 3218 704 3248 naturali
728 3225 880 3259 possunt:
906 3218 987 3249 circa
1015 3228 1115 3258 genus
1143 3218 1279 3250 alterum

206 3263 386 3301 veritatum,
410 3272 492 3303 quae
516 3269 645 3293 naturae
668 3262 777 3293 lumen
802 3269 951 3303 superant
979 3272 1015 3293 ac
1038 3263 1187 3304 mysteria
1205 3262 1279 3294 fidei

207 3307 371 3338 dicuntur:
397 3306 477 3337 circa
500 3316 618 3337 errores
642 3306 830 3347 oppositos,
856 3307 920 3337 sive
944 3317 1026 3348 quos
1050 3307 1163 3348 pagani
1187 3317 1278 3338 exco—

207 3351 345 3391 gitarunt
378 3351 442 3382 sive
470 3361 553 3392 quos
586 3350 771 3382 heterodoxi
801 3351 948 3382 homines
984 3351 1157 3382 commenti
1193 3359 1276 3383 sunt.

207 3396 258 3426 Ad
283 3396 465 3426 naturalem
490 3395 683 3436 theologiam
713 3402 832 3436 spectat
864 3395 1007 3426 veritates
1038 3395 1133 3436 primi
1155 3396 1278 3437 generis

208 3439 361 3470 illustrare
394 3439 625 3480 oppositosque
659 3439 834 3471 convellere
867 3448 1000 3471 errores:
1034 3439 1199 3481 negotium
1233 3447 1279 3472 est

208 3483 387 3524 theologiae
416 3485 576 3515 revelatae
608 3484 752 3515 veritates
783 3484 859 3515 alias
885 3494 1061 3525 exponere,
1086 3494 1202 3526 easque
1225 3485 1278 3516 ad-

208 3536 335 3557 versum
359 3527 628 3559 heterodoxorum
651 3528 789 3569 impetus
812 3529 980 3560 vindicare.

278 3571 402 3608 Quibus
427 3579 559 3613 utraque
582 3572 742 3613 theologia
774 3572 934 3614 principiis
958 3572 1004 3604 uti
1028 3572 1159 3612 debeat,
1183 3583 1278 3615 quae-

928 247 1389 288 DISSERTATIONES
1419 248 1667 285 CRITICAE

1329 336 1410 357 ‘nam
1433 335 1618 368 argumenta
1643 327 1827 367 efformare,
1856 336 1892 360 ut
1919 329 1993 360 satis
2026 330 2151 360 muneri
2180 330 2306 372 utrique
2336 331 2410 371 fiat,

1333 371 1426 403 docet
1450 372 1569 403 ibidem
1592 372 1752 414 Aquinas:
1774 387 1787 401 α
1805 373 1857 403 Ad
1874 375 2005 414 primae
2026 374 2122 414 igitur
2146 376 2291 407 veritatis
2311 375 2410 418 (quae

1335 427 1350 442 »
1370 422 1510 448 naturae
1526 418 1642 448 lumini
1658 418 1774 458 pervia
1790 418 1866 460 est),
1880 418 2170 450 manifestationem
2181 430 2245 460 per
2267 422 2411 452 rationes

1336 472 1350 487 ι
1370 461 1793 502 demonstrativas,‘quibus
1817 462 2012 493 adversarius
2036 463 2181 494 convinci
2205 465 2316 504 possit,
2336 475 2410 505 pro—

1335 516 1350 531 »
1371 506 1550 537 cedendum
1574 513 1629 537 est.
1651 506 1713 537 Sed
1734 506 1810 547 quia
1833 507 1910 537 tales
1933 507 2070 538 rationes
2094 508 2138 539 ad
2159 510 2333 540 secundam
2358 520 2410 541 ve-

1334 561 1349 576 »
1369 551 1496 581 ritatem
1522 549 1625 592 (quae
1647 551 1756 582 lumen
1782 556 1921 582 naturae
1944 551 2091 593 excedit)
2114 552 2222 584 haberi
2245 564 2312 584 non
2336 565 2410 594 pos·

1334 605 1349 620 »
1370 601 1462 633 sunt;
1487 605 1553 626 non
1577 596 1670 626 debet
1701 605 1768 626 esse
1800 596 1841 625 ad
1873 596 1935 626 hoc
1969 596 2123 636 intentio,
2149 604 2184 628 ut
2213 598 2409 629 adversarius

1335 650 1349 664 »
1369 638 1543 670 rationibus
1567 639 1788 670 convincatur:
1807 640 1862 670 sed
1885 647 1921 671 ut
1945 640 2012 671 eius
2036 641 2183 680 rationes,
2200 653 2279 683 quas
2299 650 2410 674 contra

1333 694 1349 709 ι·
1369 683 1532 714 veritatem
1555 684 1668 723 habet,
1693 684 1876 722 solvantur,
1902 694 1976 715 cum
1999 685 2120 716 veritati
2143 685 2217 717 fidei
2249 687 2329 718 ratio
2354 698 2408 718 na-

1333 739 1349 754 »
1369 727 1479 760 turalis
1495 728 1650 759 contraria
1674 739 1741 759 esse
1756 739 1822 759 non
1839 729 1971 769 possit...
1989 729 2177 771 Singularis
2194 741 2270 762 vero
2290 732 2410 763 modus

1334 783 1348 798 »
1367 772 1576 803 convincendi
1600 773 1814 803 adversarium
1838 780 1948 804 contra
1969 774 2152 805 huiusmodi
2168 777 2345 814 veritatem,
2362 784 2409 808 est

1334 828 1347 842 »
1367 826 1410 846 ex
1432 818 1623 847 auctoritate
1647 817 1846 857 Scripturae,
1864 817 2014 848 divinitus
2034 818 2219 850 confirmata
2235 820 2405 851 miraculis:

1333 872 1347 886 2»
1367 870 1449 901 quae
1465 860 1551 891 enim
1566 871 1662 901 supra
1677 861 1834 892 rationem
1856 861 2032 892 humanam
2048 870 2132 902 sunt,
2153 874 2219 894 non
2238 865 2409 904 credimus,

1333 917 1348 932 »
1367 905 1427 935 nisi
1450 905 1520 935 Deo
1545 906 1712 936 revelante.
1739 905 1820 936 Sunt
1843 912 1950 936 tamen
1969 906 2014 936 ad
2034 907 2217 938 huiusmodi
2242 910 2407 941 veritatem

1332 961 1347 976 »
1367 949 1632 980 manifestandam
1646 951 1788 981 rationes
1802 950 1931 990 aliquae
1945 951 2135 982 verisimiles
2149 951 2358 992 inducendae,
2368 954 2409 984 ad

1333 1007 1347 1021 >v
1367 993 1512 1025 fidelium
1535 994 1667 1035 quidem
1691 994 1873 1025 exercitium
1897 1001 1928 1025 et
1950 994 2117 1034 solatium,
2142 1006 2209 1027 non
2232 1004 2340 1028 autem
2367 997 2408 1028 ad

1334 1052 1348 1066 »
1368 1039 1562 1070 adversarios
1577 1039 1830 1070 convincendos:
1846 1039 1921 1080 quia
1936 1039 2005 1079 ipsa
2021 1041 2183 1071 rationum
2209 1042 2408 1083 insufficien-

1334 1096 1347 1110 ν
1368 1085 1412 1115 tia
1437 1094 1492 1114 eos
1516 1084 1616 1124 magis
1640 1084 1673 1114 in
1697 1094 1758 1114 suo
1782 1093 1886 1114 errore
1915 1083 2135 1124 confirmaret,
2160 1086 2239 1116 dum
2263 1086 2408 1118 aestima-

1334 1141 1348 1156 >
1367 1135 1436 1159 rent
1459 1139 1519 1159 nos
1535 1135 1665 1169 propter
1688 1135 1754 1159 tarn
1776 1128 1895 1159 debiles
1918 1130 2061 1160 rationes
2084 1129 2206 1161 veritati
2228 1129 2308 1166 fidei,
2326 1141 2404 1162 con-

1334 1185 1348 1200 »
1368 1173 1492 1204 sentire.
1511 1173 1612 1204 Modo
1631 1183 1706 1212 ergo
1723 1172 1830 1213 posito
1849 1173 2020 1213 procedere
2038 1173 2248 1214 intendentes,
2265 1175 2408 1215 primurn

1334 1230 1348 1244 ι·
1369 1218 1508 1248 nitemur
1531 1218 1570 1248 ad
1593 1217 1882 1248 manifestationem
1905 1218 1994 1248 illius
2017 1219 2180 1256 veritatis,
2205 1229 2305 1260 quam
2328 1219 2408 1252 fides

1334 1274 1349 1289 ι
1369 1261 1535 1303 profitetur
1554 1268 1584 1293 et
1603 1263 1687 1293 ratio
1707 1263 1898 1303 investigat,
1916 1261 2098 1293 inducendo
2118 1263 2255 1294 rationes
2278 1265 2408 1296 demon-

1334 1319 1348 1334 »
1367 1308 1520 1338 strativas
1544 1314 1575 1337 et
1597 1306 1786 1347 probabiles,
1807 1316 1944 1347 quarum
1967 1307 2123 1347 quasdam
2142 1317 2179 1338 ex
2194 1307 2280 1339 libris
2303 1309 2408 1349 philo-

1335 1364 1349 1378 »
1370 1351 1549 1391 sophorum
1565 1358 1596 1382 et
1611 1351 1801 1382 Sanctorum
1818 1351 2015 1390 collegimus,
2032 1362 2089 1392 per
2107 1362 2186 1393 quas
2201 1353 2315 1384 veritas
2332 1364 2408 1384 con-

1335 1408 1349 1423 »
1369 1394 1512 1427 firmetur
1534 1402 1566 1427 et
1588 1395 1783 1426 adversarius
1816 1395 2031 1427 convincatur.
2055 1396 2179 1427 Deinde
2207 1405 2243 1428 ut
2265 1408 2284 1428 a
2307 1398 2409 1429 mani-

1335 1452 1350 1468 »
1370 1440 1550 1470 festioribus
1574 1439 1666 1470 nobis
1691 1440 1731 1470 ad
1754 1439 1861 1470 minus
1885 1440 2051 1471 manifesta
2078 1440 2132 1472 fiat
2155 1452 2343 1482 processus,
2367 1443 2408 1474 ad

1335 1497 1350 1512 »
1368 1485 1456 1515 illius
1479 1485 1624 1516 veritatis
1646 1484 1934 1515 manifestationem
1957 1485 2179 1525 procedemus,
2202 1497 2286 1527 quae
2309 1489 2408 1518 ratio-

1335 1542 1350 1557 »
1370 1539 1441 1559 nem
1466 1529 1610 1560 excedit:
1628 1528 1786 1559 solventes
1805 1528 1943 1559 rationes
1962 1529 2214 1562 adversariorum
2230 1538 2261 1562 et
2275 1533 2408 1563 rationi-

1335 1586 1349 1601 »
1369 1574 1427 1604 bus
1436 1573 1656 1613 probabilibus
1671 1579 1701 1604 et
1715 1572 1966 1612 auctoritatibus,
1987 1581 2146 1614 quantum
2165 1575 2254 1607 Deus
2277 1576 2409 1616 dederit,

1335 1631 1350 1646 »
1370 1619 1535 1650 veritatem
1549 1617 1634 1658 fidei
1656 1617 1860 1648 declarantes
1873 1629 1902 1648 ».

1399 1663 1452 1694 111.
1479 1662 1570 1700 Quae
1604 1661 1770 1702 utriusque
1802 1661 1983 1701 theologiae
2014 1671 2149 1693 munera
2180 1663 2410 1704 sapientissime

1332 1707 1489 1748 explanat,
1514 1706 1654 1737 numeris
1679 1706 1830 1737 omnibus
1855 1705 1990 1746 explevit
2012 1706 2177 1747 Aquinas,
2201 1717 2268 1739 non
2291 1708 2355 1740 alio
2378 1715 2411 1741 et

1331 1751 1394 1782 alio
1418 1752 1451 1782 in
1475 1761 1592 1792 opere,
1616 1751 1672 1781 sed
1694 1751 1727 1781 in
1751 1750 1903 1781 omnibus
1929 1757 1959 1781 et
1992 1750 2124 1791 singulis
2156 1762 2239 1793 quae
2271 1753 2410 1793 plurima

1331 1796 1463 1836 scripsit,
1488 1806 1547 1836 pro
1572 1796 1644 1826 data
1662 1795 1889 1836 quaestionum
1908 1794 2085 1826 occasione.
2102 1795 2187 1828 Hinc
2210 1797 2311 1828 modo
2334 1797 2408 1829 fidei·

1331 1841 1455 1871 divinae
1478 1840 1622 1871 veritates
1653 1839 1800 1878 vindicat,
1830 1839 1930 1870 modo
1964 1839 2086 1870 divinas
2118 1841 2263 1872 veritates
2292 1842 2409 1873 lumini

1330 1885 1465 1916 naturali
1489 1884 1611 1925 pervias
1640 1884 1787 1925 exponit;
1818 1891 1952 1924 utraque
1985 1883 2102 1916 scilicet
2124 1885 2296 1927 theologia,
2320 1896 2408 1919 reve-

1331 1931 1398 1961 lata
1423 1935 1454 1961 et
1477 1930 1634 1967 naturali,
1654 1928 1719 1959 suis
1742 1928 1775 1959 in
1800 1928 1959 1968 Operibus
1983 1929 2173 1961 consociata.
2194 1931 2409 1971 Theologiam

1330 1975 1479 2005 Thomae
1503 1974 1756 2014 philosophicam
1781 1973 1806 2003 si
1831 1972 1936 2011 dicas,
1959 1983 2024 2014 qua
2046 1981 2134 2014 parte
2163 1975 2202 2005 de
2225 1975 2409 2007 veritatibus

1331 2019 1446 2050 divinis
1469 2018 1543 2059 agit,
1567 2028 1647 2060 quas
1666 2017 1788 2048 ratione
1809 2017 1952 2048 humana
1974 2017 2106 2059 adsequi
2130 2029 2314 2059 possumus,
2340 2030 2408 2052 non

1331 2063 1519 2095 abnuimus:
1547 2069 1579 2094 at
1602 2063 1759 2101 eamdem,
1787 2072 1862 2092 cum
1885 2071 2050 2102 supremas
2073 2062 2150 2094 alias
2173 2065 2409 2105 contemplatur

1331 2108 1494 2146 veritates,
1522 2107 1775 2148 philosophicam
1815 2106 1977 2138 traducere
2018 2106 2140 2138 inscitia
2179 2115 2242 2140 est:
2273 2119 2408 2152 eamque

1332 2160 1492 2194 praeterea
1513 2152 1666 2193 gentilem
1690 2161 1804 2182 vocare
1823 2150 1963 2182 enormis
1987 2151 2156 2183 calumnia.

1399 2196 1601 2235 Genuinam,
1625 2206 1724 2237 quam
1747 2195 1826 2226 locis
1850 2194 1950 2226 citatis
1979 2195 2131 2236 proponit
2153 2196 2241 2237 ipse,
2265 2197 2409 2230 tradendi

1332 2242 1528 2282 theologiam
1551 2240 1721 2272 revelatam
1746 2239 1868 2280 egregie
1896 2246 1998 2270 servat
2020 2240 2221 2272 methodum.
2246 2242 2408 2283 Dogmata

1333 2286 1449 2318 scilicet
1472 2285 1546 2316 fidei
1568 2285 1706 2316 vindicat
1724 2284 1910 2316 auctoritate
1925 2284 2170 2325 Scripturamm,
2185 2286 2317 2318 Pati-um
2332 2297 2410 2319 con-¹

1333 2341 1439 2370 sensu,
1464 2330 1594 2361 decretis
1619 2329 1796 2360 Ecclesiae:
1821 2339 1858 2359 ac
1878 2329 1963 2360 hisce
1982 2329 2144 2369 praesidiis
2164 2331 2308 2362 munitus
2331 2331 2407 2362 hae-

1332 2386 1415 2407 reses
1439 2385 1563 2413 omnes,
1587 2381 1750 2416 quotquot
1772 2374 1922 2404 adversus
1945 2372 2042 2404 fidem
2065 2374 2267 2406 christianam
2290 2377 2329 2407 ab
2351 2375 2407 2408 he-

1333 2420 1492 2452 terodoxis
1516 2419 1700 2450 hominibus
1727 2418 1918 2459 excogitatae
1942 2417 2088 2458 fuerunt,
2112 2419 2303 2451 validissime
2325 2420 2407 2453 inse-

1333 2465 1498 2506 sequitur:
1521 2464 1727 2504 invectosque
1752 2462 1901 2494 convellit
1923 2462 2111 2494 innumeros
2134 2474 2266 2503 errores,
2289 2464 2410 2506 quibus

1333 2509 1512 2541 doctrinam
1535 2508 1744 2546 catholicam,
1768 2507 1875 2546 scioli,
1900 2506 1993 2546 vani,
2023 2508 2207 2540 maleseriati
2225 2509 2408 2541 Academici

1333 2555 1585 2594 deturpaverant.
1602 2553 1714 2594 Neque
1738 2559 1860 2583 vetusta
1879 2551 2087 2583 solummodo
2103 2552 2203 2593 impia
2226 2560 2409 2586 commenta

1333 2599 1372 2629 ab
1395 2598 1555 2639 Aquinate
1579 2596 1745 2638 profligata
1763 2596 1875 2627 fuisse:
1895 2605 2008 2626 verum
2023 2596 2119 2628 etiam
2143 2607 2225 2638 quae
2248 2605 2323 2638 post
2340 2597 2408 2631 eius

1333 2650 1468 2674 aetatem
1500 2649 1608 2672 exorta
1630 2648 1724 2679 sunt,
1754 2640 1852 2671 ferme
1881 2639 1989 2671 omnia
2022 2648 2252 2682 preoccupata‚
2277 2641 2343 2673 suis
2374 2641 2408 2673 in

1333 2686 1597 2718 elucidationibus
1634 2686 1667 2716 in
1700 2685 1867 2715 Summam
1905 2684 2116 2725 theologicam
2150 2685 2288 2716 ostendit
2319 2685 2408 2717 Sera-

1333 2730 1450 2771 phinus
1474 2729 1623 2770 Capponi
1647 2739 1665 2759 a
1683 2729 1839 2759 Porrecta.
1865 2729 1952 2759 Haec
1966 2738 2016 2759 ·ne
2035 2728 2130 2760 fuerit
2155 2730 2316 2770 theologia
2332 2730 2407 2771 phi-

1333 2775 1503 2814 losophica,
1528 2775 1591 2805 imo
1613 2773 1771 2815 gentilis?

1399 2819 1460 2850 Pro
1485 2829 1521 2849 ea
1544 2817 1675 2859 quidem
1699 2816 1865 2856 brevitate,
1889 2827 1989 2858 quam
2013 2816 2072 2848 sibi
2100 2817 2316 2849 sanctissimus
2339 2818 2406 2850 Do-

1333 2870 1400 2895 ctor
1423 2862 1584 2904 praefixit,
1608 2861 1734 2892 latiores
1758 2871 1824 2892 non
1857 2861 1920 2902 agit
1952 2861 2146 2902 dogmaticas
2178 2869 2209 2893 et
2232 2862 2407 2902 polemicas

1333 2907 1591 2948 disceptationes:
1617 2916 1721 2948 neque
1744 2905 1870 2936 latiores
1897 2913 2044 2937 tractatus
2073 2906 2268 2938 elucubravit
2297 2907 2337 2938 de
2359 2917 2408 2938 se-

1334 2959 1456 2983 ctarum
1475 2951 1670 2990 auctoribus,
1685 2956 1905 2992 sectarumque
1924 2950 2136 2990 incrementis,
2156 2957 2186 2982 et
2205 2950 2286 2989 fatis,
2301 2958 2332 2983 et
2347 2951 2408 2982 exi-

1333 2996 1396 3028 tio:
1421 3006 1526 3037 neque
1542 2995 1776 3036 Scripturarum
1799 3001 1913 3033 textus,
1929 3001 2092 3036 quotquot
2115 2995 2229 3026 adduci
2247 3002 2407 3036 poterant,

1334 3040 1545 3072 accumulavit
1561 3047 1692 3071 omnes:
1710 3049 1815 3080 neque
1830 3039 1963 3070 demum
1979 3038 2160 3071 testimonia
2175 3039 2331 3072 recensuit
2345 3040 2409 3072 sin-

1333 3085 1485 3126 gulorum
1508 3085 1667 3116 Ecclesiae
1689 3085 1840 3123 patrum,
1865 3083 1921 3125 qui
1943 3082 2017 3115 fidei
2041 3083 2226 3115 christianae
2256 3084 2407 3124 dogmata

1334 3140 1390 3171 per
1413 3129 1612 3160 succedentia
1644 3129 1769 3160 saecula
1800 3128 1902 3160 testati
1926 3135 2010 3160 sunt.
2037 3128 2190 3159 Haereses
2215 3134 2354 3160 attamen
2377 3134 2409 3161 et

1333 3174 1501 3205 haeresum
1534 3181 1678 3205 auctores
1710 3180 1884 3204 memorat:
1915 3172 2015 3214 impia
2047 3179 2230 3204 commenta
2261 3181 2408 3214 quaeque

1334 3218 1443 3260 paucis
1466 3218 1617 3260 quidem,
1642 3218 1697 3248 sed
1720 3216 1941 3258 peremptoriis
1965 3217 2088 3248 divinae
2111 3216 2312 3248 revelationis
2333 3225 2406 3248 mo-

1334 3263 1494 3294 numentis
1517 3261 1645 3294 refellit:
1666 3261 1932 3303 traditionemque
1947 3271 2119 3302 perennem
2142 3261 2299 3292 Ecclesiae
2321 3267 2408 3302 pate-

1334 3307 1426 3346 facit,
1450 3307 1501 3338 vel
1524 3306 1746 3338 Conciliorum
1769 3305 1973 3338 Generalium
1996 3305 2234 3337 definitionibus
2257 3304 2406 3344 inductis,
2430 3336 2434 3340 ,

1333 3352 1384 3382 vel
1406 3351 1502 3383 unius
1525 3358 1580 3383 aut
1603 3350 1792 3392 pauciorum
1814 3351 1946 3381 Patrum
1969 3349 2101 3391 allegata
2122 3349 2326 3388 auctoritate,
2348 3348 2406 3390 qui

1334 3406 1410 3427 cum
1431 3396 1464 3426 in
1488 3395 1628 3427 Ecclesia
1651 3394 1819 3427 christiana
1845 3394 2010 3426 floruerint
2039 3393 2200 3425 doctrinae
2227 3392 2340 3434 peritia
2369 3402 2406 3424 ac

1333 3450 1506 3472 munerum
1529 3440 1717 3481 splendore,
1741 3439 1815 3470 satis
1844 3446 1947 3470 essent
1969 3439 2010 3469 ad
2033 3437 2264 3480 perhibendum
2293 3437 2332 3468 de
2356 3444 2404 3468 to-

1334 3485 1396 3516 tius
1419 3483 1577 3516 Ecclesiae
1601 3494 1759 3516 consensu
1773 3483 2003 3516 testimonium.
2021 3483 2120 3522 Quod
2137 3482 2200 3521 aio,
2221 3480 2272 3512 vel
2294 3481 2405 3512 oculo-

1333 3539 1407 3560 rum
1438 3529 1654 3570 experimento
1685 3528 1888 3559 verissimum
1921 3527 2095 3569 comperiat
2126 3525 2270 3568 quisquis
2298 3524 2405 3566 Opera

1333 3574 1482 3605 Thomae
1503 3573 1655 3613 recludat,
1679 3572 1814 3612 evolvat,
1838 3572 1986 3613 perlegat.
