2788 4204
312 237 387 272 290

898 219 1283 257 POSTERIORUM
1312 219 1745 256 ANALYTICORUM
1774 220 1868 256 LIB.
1901 221 1914 256 1

814 411 1116 467 LECTIO
1155 410 1996 469 TRIGESIMASEPTIMA

324 554 541 596 UTRUM
573 549 1059 593 DEMONSTRATIO
1090 548 1498 590 UNIVERSALIS
1532 549 1758 592 POTIOR
1792 551 1886 593 SIT
1920 553 2494 597 DEMONSTRATIONE

585 620 1021 663 PARTICULARI?
1046 644 1064 650 -
1088 619 1484 661 DISPUTATUR
1516 621 1636 662 PRO
1671 623 1875 664 PARTE
1907 625 2234 680 NEGATIVA,

308 751 416 786 Οὔσης
440 744 470 780 δ’
502 743 707 788 ἀποδείξεως
733 747 794 784 τῆς
818 747 877 790 μὲν
895 745 1044 778 καθόλου
1070 746 1132 782 τῆς
1150 741 1188 777 δὲ
1204 744 1301 776 καταί
1320 743 1378 786 με’-

375 806 441 839 ρος,
467 795 524 825 καὶ
555 793 615 830 τῆς
641 791 700 836 μέν
735 791 966 837 κατηγορικῆς
998 792 1059 828 τῆς
1087 785 1124 822 δὲ
1149 790 1375 834 στερητικῆς,

380 838 647 882 ἀμφισβητεῖται
681 835 814 880 ποτέρα
847 837 1003 876 βελτίων·
1037 837 1079 873 ὠς
1108 831 1137 866 δ’
1169 834 1281 871 αὕτως
1318 835 1377 865 καὶ

375 886 448 925 περὶ
467 883 529 919 τῆς
551 877 791 914 ἀποδεικνύναι
808 880 991 926 λεγομένης
1011 883 1068 912 καὶ
1091 880 1153 917 τῆς
1172 880 1215 916 εἰς
1235 880 1276 911 τό
1297 874 1379 911 ἀδύ-

374 939 479 960 νατον
506 927 653 973 ἀγούσης
681 921 897 966 ἀποδείξεως.

306 973 441 1018 Πρῶτον
467 972 526 1016 μέν
561 975 616 1003 ούν
651 969 907 1014 ἐπισκεψώμεθα
940 972 1013 1013 περὶ
1044 970 1107 1007 τῆς
1139 968 1288 1001 καθόλου
1320 970 1377 999 καὶ

373 1018 436 1055 τῆς
460 1017 557 1048 κατα
581 1015 692 1061 μέρος·
711 1011 927 1053 δηλώσαντες
945 1010 982 1046 δὲ
1000 1015 1121 1055 τοῦτο,
1140 1017 1196 1046 καὶ
1223 1016 1296 1058 περὶ
1314 1013 1377 1050 τῆς

373 1058 544 1093 δεικνύναι
556 1061 741 1115 λεγομένης
761 1063 819 1092 καὶ
838 1060 901 1097 τῆς
916 1060 960 1098 εἰς
975 1059 1016 1092 τό
1033 1055 1202 1092 ἀδύνατον
1216 1062 1375 1102 εἴπωμεν.

665 1105 672 1115 J

307 1105 419 1146 Δόξειε
453 1107 511 1150 μὲν
540 1118 595 1138 ουν
627 1107 706 1150 ‘ray’
747 1106 785 1138 ἄν
817 1117 904 1138 τισιν
936 1099 996 1136 ὡδὶ
1027 1106 1211 1138 σκοποῦσιν
1237 1105 1257 1141 η’
1283 1103 1380 1136 καταὶ

374 1151 470 1196 μέρος
505 1148 591 1183 εἶναι
623 1144 777 1190 βελτίων.
811 1152 850 1182 Εἰ
883 1151 947 1196 γαίρ
972 1149 1046 1181 καθ’
1077 1151 1115 1188 ἦν
1142 1151 1270 1196 μᾶλλον
1308 1149 1379 1181 ἑπι-

373 1195 534 1241 σταίμεθα
568 1191 741 1237 ἀπόδειξιν
774 1197 915 1235 βελτίων
958 1190 1130 1237 ἀπόδειξις
1168 1194 1278 1240 (αὕτη
1313 1195 1377 1241 γαὶρ

376 1241 482 1284 ἀρετή
510 1236 743 1284 ἀποδείξεως),
763 1242 890 1284 μᾶλλον
917 1235 948 1271 δ’
978 1240 1195 1285 ἐπισταίμεθα
1217 1239 1377 1279 ἕκαστον,

376 1286 459 1319 ὅταν
488 1285 576 1318 αὐτὸ
610 1284 747 1330 εἰδῶμεν
773 1284 850 1317 καθ’
882 1286 969 1318 αύτό
996 1285 1016 1323 ἠ
1044 1285 1128 1318 ὅταν
1159 1286 1237 1318 κατ’
1270 1286 1376 1327 ἄλλο,

375 1332 443 1364 οἷον
474 1331 534 1362 τόν
568 1331 725 1374 μουσικόν
759 1332 938 1373 Κορίσκον,
972 1330 1055 1363 ὅταν
1091 1330 1145 1362 ὅτι
1179 1332 1194 1362 ὁ
1219 1333 1377 1376 Κορίσκος

376 1375 532 1421 μουσικὸς
558 1375 578 1411 ἦ
607 1375 690 1408 ὅταν
719 1374 773 1407 ὅτι
801 1375 972 1418 ἄνθρωπος
1004 1375 1174 1419 μουσικός·
1195 1377 1315 1419 ὁμοίως
1342 1371 1379 1409 δὲ

374 1424 432 1453 καὶ
459 1421 514 1452 ἐπὶ
548 1421 614 1453 τῶν
645 1421 768 1453 ἄλλων·
800 1422 819 1456 ’ἡ
850 1415 887 1452 δὲ
915 1419 1063 1451 καθόλου
1092 1419 1146 1453 ὅτι
1182 1421 1287 1463 ἄλλο,
1315 1421 1379 1467 οὐχ

376 1466 430 1499 ὅτι
450 1465 538 1498 αὐτὸ
563 1465 751 1511 τετύχηκεν
771 1460 1006 1504 ἐπιδείκνυσιν,
1030 1465 1097 1496 οἷον
1119 1463 1172 1497 ὄτι
1190 1466 1232 1498 τό
1250 1467 1381 1498 ἰσοσκε-

373 1512 429 1549 λὲς
454 1511 518 1554 οὐχ
536 1509 589 1543 ὅτι
606 1509 776 1547 ἰσοσκελὲς
805 1510 877 1542 ἀλλ’
909 1508 962 1542 ὅτι
988 1511 1163 1555 τρίγωνον,
1185 1511 1205 1547 ἡ
1222 1506 1260 1542 δέ
1285 1511 1381 1544 καταὶ

375 1556 472 1601 μέρος
498 1556 551 1586 ὅτι
578 1554 679 1586 αὐτό·
715 1555 743 1585 εἰ
777 1550 821 1591 δή
855 1555 997 1594 βελτίων
1057 1554 1089 1586 ἐν
1117 1556 1136 1592 ἡ
1163 1553 1241 1586 καθ’
1274 1556 1376 1596 αὑτό,

377 1599 524 1636 τοιαύτη
552 1594 582 1629 δ’
605 1600 625 1635 τ’,
650 1599 747 1632 κατὰ,
770 1600 866 1644 μέρος
891 1600 955 1637 τῆς
979 1567 1127 1631 καθόλου
1150 1601 1295 1643 μᾶλλον,
1321 1603 1378 1633 καὶ

377 1646 516 1685 βελτίων
545 1642 583 1675 &v
610 1644 630 1679 ’ἡ
656 1643 752 1676 καταὲ
776 1646 872 1689 μέρος
901 1640 1076 1685 ἀπόδειξις
1103 1647 1166 1681 εἴη.

301 1778 379 1810 Ἔτι
397 1777 425 1808 εἰ
447 1776 488 1808 τὸ
509 1775 567 1818 μέν
589 1774 736 1807 καθόλου
750 1777 797 1819 μη
813 1776 886 1808 ἐστί
904 1786 938 1806 τι
957 1776 1052 1831 παραὶ
1068 1776 1116 1809 ταὶ
1132 1775 1206 1809 καθ’
1231 1777 1376 1819 ἕκαστα,

376 1823 396 1859 ἡ
422 1819 451 1852 δ’
484 1816 655 1861 ἀπόδειξις
681 1816 784 1861 δόξαν
818 1822 951 1866 ἐμποιεῖ
982 1824 1067 1853 ειναί
1099 1834 1132 1854 τι
1163 1823 1270 1855 τοῦτο
1295 1822 1376 1854 καθ’

378 1868 393 1899 ὃ
421 1864 650 1907 ἀποδείκνυσι,
669 1867 727 1896 καί
753 1877 833 1898 τινα
859 1864 953 1910 φύσιν
973 1866 1136 1912 ὑπάρχειν
1159 1867 1191 1900 ἐν
1216 1872 1287 1906 τοῖς
1305 1866 1378 1900 οὖσι

376 1911 531 1951 ταύτην,
567 1911 634 1942 οἱον
662 1910 823 1956 τριγώνου
857 1910 954 1953 παραὶ
982 1912 1029 1944 ταὶ
1057 1911 1138 1944 τιναὶ
1159 1914 1218 1944 καὶ
1244 1913 1379 1959 σχήμα-

377 1968 435 1994 τος
462 1955 559 1998 παραὶ
589 1955 636 1988 ταὶ
666 1956 746 1989 τιναὶ
778 1958 836 1988 καὶ
870 1955 1010 2000 ἀριθμοῦ
1044 1957 1139 2012 παραὶ
1169 1957 1248 1996 τούς
1283 1958 1379 1996 τιναὶς

379 2001 551 2046 ἀριθμούς,
572 2001 713 2041 βελτίων
739 1996 766 2031 δ’
797 2002 817 2038 ἡ
844 2003 918 2045 περὶ
953 2001 1050 2039 ὄντος
1081 2005 1102 2039 ἦ
1120 2002 1167 2045 μὴ
1195 2003 1293 2042 ὄντος
1320 2006 1379 2035 καὶ

377 2044 414 2078 δι’
444 2047 482 2083 ἦν
518 2045 565 2090 μή
602 2044 873 2082 ἀπατηθτῖσεται
904 2044 924 2082 ἦ
950 2043 987 2077 δι’
1017 2046 1077 2088 ἥν,
1113 2048 1186 2080 ἔστι
1215 2042 1243 2078 δ’
1273 2050 1294 2085 ἡ
1320 2049 1379 2093 μὲν

376 2091 523 2123 καθόλου
555 2090 702 2127 τοιαύτη
728 2091 915 2134 (προϊόντες
941 2091 1006 2137 γαίρ
1031 2087 1250 2134 δεικνύουσιν,
1270 2093 1380 2136 ὥσπερ

378 2139 451 2179 περὶ
470 2136 531 2168 τοῦ
550 2135 616 2167 αἰναὶ
631 2135 746 2181 λόγον,
765 2137 832 2168 οἷον
852 2134 905 2168 ὅτι
924 2136 940 2167 ὃ
959 2136 997 2168 ἂν
1016 2135 1036 2180 ’ᾗ
1055 2149 1088 2169 τι
1106 2139 1263 2171 τοιοῦτον
1282 2138 1381 2171 ἔσται

379 2182 446 2214 ἀναὶ
468 2180 584 2226 λόγον,
612 2180 627 2211 ὃ
654 2183 732 2213 οὔτε
758 2181 899 2228 γραμμή
926 2181 998 2214 οὔτ’
1031 2182 1166 2227 ἀριθμός
1194 2183 1272 2216 οὔτε
1305 2196 1381 2216 στε-

377 2227 450 2270 ρεὸν
478 2225 550 2257 οὔτ’
582 2223 758 2267 ἐπίπεδον,
787 2226 878 2258 αἰλλαί
902 2227 998 2272 παραὶ
1035 2228 1155 2261 ταῦτα
1180 2230 1243 2272 τι)·
1269 2230 1297 2260 εἰ
1325 2226 1380 2261 οὖν

377 2270 523 2303 καθόλου
549 2269 607 2314 μὲν
634 2273 764 2316 μᾶλλον
791 2270 896 2312 αὕτη,
924 2274 998 2316 περὶ
1018 2272 1113 2310 ὄντος
1140 2269 1170 2305 δ’
1192 2274 1300 2311 ἧττον
1319 2274 1382 2312 τῆς

377 2317 473 2348 καταὶ
497 2314 594 2360 μέρος
619 2319 677 2348 καὶ
703 2317 838 2361 ἐμποιεῖ
860 2313 964 2358 δόξαν
993 2313 1117 2361 ψευδῆ,
1135 2321 1253 2364 χείρων
1274 2319 1313 2352 ἂν
1332 2321 1381 2357 εἴη

379 2363 399 2398 ἡ
425 2360 571 2392 καθόλου
598 2363 660 2398 τῆς
685 2362 783 2394 καταὶ
806 2361 916 2406 μέρος.

307 2406 351 2437 ’Ἡ
376 2407 507 2449 πρῶτον
535 2404 592 2448 μὲν
621 2402 717 2438 οὐδὲν
748 2407 875 2451 μᾶλλον
908 2407 963 2439 ἐπὶ
1001 2406 1062 2438 τοῦ
1099 2406 1247 2441 καθόλου
1274 2408 1294 2446 ἦ
1320 2410 1383 2441 τοῦ

378 2450 475 2483 κατοὶ
498 2449 596 2494 μέρος
623 2451 740 2496 ἅτερος
763 2451 865 2497 λόγος
884 2452 988 2484 ἐστίν.
1016 2452 1054 2482 Εἰ
1071 2452 1135 2498 γάρ
1162 2454 1203 2486 τό
1221 2450 1313 2486 δυσὶν
1333 2454 1384 2499 ὁρ-

381 2495 453 2533 θαῖς
490 2495 635 2540 ύπαίρχει
669 2496 715 2541 μή
743 2495 763 2538 ᾗ
790 2496 959 2533 ἰσοσκελές
995 2495 1066 2527 ἀλλ’
1098 2497 1119 2540 ’ᾖ
1145 2501 1197 2553 τρί
1223 2511 1332 2539 ωνον,
1367 2500 1383 2532 ὁ

380 2537 474 2577 εἰδώς
501 2538 554 2572 ὅτι
579 2540 749 2578 ἰσοσκελές
780 2541 888 2577 ἦττον
911 2536 998 2573 οἶδεν
1034 2541 1054 2584 ᾗ
1088 2542 1177 2575 αὐτο
1203 2542 1223 2580 ’ἦ
1244 2545 1259 2575 ὁ
1288 2541 1381 2583 εἰδώς

384 2585 437 2618 ὅτι
462 2587 637 2631 τρίγωνον.
658 2585 764 2623 ιὈλως
791 2598 842 2627 τε,
862 2587 889 2617 εἱ
908 2585 967 2630 μὲν
985 2585 1032 2641 μή
1064 2585 1160 2625 ὄντος
1182 2587 1203 2629 ’ᾖ
1221 2591 1383 2644 τρίγωνον

381 2627 460 2663 εἶτα
484 2628 661 2671 δείκνυσιν,
682 2630 742 2662 οὐκ
769 2629 808 2662 ἂν
835 2633 884 2667 εἴη
913 2630 1098 2672 ἀπόδειξις,
1126 2633 1153 2663 εἰ
1178 2628 1216 2665 δὲ
1235 2646 1345 2677 οντος,
1368 2636 1383 2666 ό

383 2671 478 2713 εἰδώς
503 2675 649 2708 ἕκαστον
670 2675 689 2717 ᾖ
710 2673 855 2707 ἕκαστον
891 2674 1036 2721 ύπαίρχει
1065 2677 1193 2720 μᾶλλον
1219 2674 1321 2712 οἶδεν.
1348 2680 1384 2711 Εἰ

382 2716 425 2756 δή
448 2721 489 2753 τό
515 2722 676 2766 τρίγωνον
704 2721 759 2752 ἐπὶ
786 2720 888 2752 πλέον
915 2721 1001 2761 ἐστί,
1023 2723 1080 2752 καὶ
1108 2723 1122 2753 ὁ
1146 2722 1251 2760 αὐτὸς
1268 2723 1383 2770 λόγος,

384 2766 443 2796 καὶ
475 2765 522 2809 μή
547 2761 845 2809 καθίὁμωνυμίαν
878 2765 919 2798 τὸ
949 2768 1129 2811 τρίγωνον,
1155 2769 1213 2799 καὶ
1240 2767 1385 2814 ὑπάρχει

383 2813 490 2843 παντὶ
515 2810 663 2855 τριγώνῳ
688 2809 730 2842 τό
754 2806 828 2850 δύο,
856 2810 916 2842 οὐκ
943 2809 981 2842 ὀὶν
1008 2810 1049 2842 τό
1079 2813 1239 2857 τρίγωνον
1268 2813 1288 2855 ᾗ
1318 2814 1385 2845 ἰσο-

382 2855 511 2896 σκελές,
529 2855 620 2887 ἀλλὰ
642 2854 683 2887 τὸ
699 2855 869 2892 ἰσοσκελὲς
888 2854 909 2898 ᾖ
927 2857 1100 2900 τρίγωνον,
1121 2856 1193 2901 ἔχοι
1217 2858 1384 2897 τοιαύτας

384 2899 448 2938 ταὶς
472 2903 607 2946 γωνίας.
627 2899 731 2932 ’Ὥστε
758 2901 774 2932 ὁ
798 2899 946 2932 καθόλου
972 2895 1066 2939 εἰδώς
1090 2895 1219 2944 μᾶλλον
1254 2898 1341 2934 οἶδεν
1365 2903 1385 2946 ᾖ

384 2945 529 2990 ὑπάρχει
547 2944 567 2982 ἦ
594 2946 610 2976 ὁ
629 2944 670 2977 τό
686 2944 782 2977 καταὶ
798 2944 908 2990 μέρος.
935 2947 1082 2979 Βελτίων
1103 2946 1168 2991 ἄρα
1194 2948 1214 2984 ἧ
1236 2947 1385 2989 καθόλου

384 2990 447 3027 τῆς
471 2990 567 3022 καταὶ
591 2989 701 3033 μέρος.

311 3167 388 3200 Ἔτι
413 3168 441 3198 εὶ
466 3167 524 3211 μὲν
551 3169 600 3205 εἴη
626 3179 677 3205 τις
701 3166 803 3214 λόγος
828 3167 872 3205 εἷς
899 3169 957 3199 καὶ
975 3168 1023 3211 μή
1052 3170 1238 3214 ὁμωνυμία,
1258 3169 1299 3203 τό
1326 3182 1386 3203 κα-

386 3210 484 3243 θόλου
518 3213 567 3249 εἴη
596 3210 634 3244 ἆὶν
665 3208 761 3244 οὐδὲν
788 3211 897 3249 ἦττον
930 3212 1023 3244 ἐνίων
1050 3215 1116 3246 τῶν
1148 3215 1244 3248 κατὰ
1274 3214 1385 3260 μέρος,

388 3256 477 3289 ἀλλαὶ
500 3258 559 3288 καὶ
584 3258 727 3301 μᾶλλον,
748 3256 810 3298 ὅσῳ
830 3257 877 3289 ταὶ
896 3256 1054 3300 ἄφθαρτα
1081 3259 1112 3291 ἒν
1140 3259 1274 3298 ἐκείνοις
1297 3260 1385 3302 ἐστί,

387 3302 434 3334 ταὶ
456 3296 494 3333 δέ
518 3302 615 3334 καταὶ
638 3301 735 3346 μέρος
761 3301 895 3347 φθαρταὶ
919 3303 1060 3346 μᾶλλον.

313 3389 390 3422 Ἔτι
415 3402 453 3422 τε
479 3384 620 3434 οὐδεμία
648 3389 779 3437 ἀνάγκη
818 3391 1073 3436 ὑπολαμβάνειν
1108 3404 1142 3424 τι
1168 3389 1254 3425 εἶναι
1280 3394 1387 3426 τοῦτο

388 3434 483 3479 παραὶ
507 3436 639 3476 ταῦτα,
667 3435 720 3468 ὅτι
747 3435 779 3467 ἓν
800 3430 911 3478 δηλοῖ,
932 3431 1028 3468 οὐδὲν
1046 3437 1175 3479 μᾶλλον
1197 3436 1219 3474 ἦ
1238 3439 1293 3471 ἐπὶ
1321 3439 1388 3471 τῶν

390 3479 523 3520 ἄλλων,
552 3478 615 3512 ὅσα
640 3479 686 3524 μή
713 3481 747 3512 τὶ
780 3483 956 3524 σημαίνει,
990 3481 1063 3514 ἀλλ’
1092 3480 1112 3518 ἦ
1139 3482 1234 3514 ποιόν
1261 3481 1281 3519 ἦ
1308 3482 1388 3527 πρός

390 3535 423 3575 τι
444 3522 469 3578 ,ἦ
488 3528 607 3577 πόιεῖν.
636 3525 673 3556 Εἰ
700 3523 738 3556 δὲ
759 3524 836 3568 ἄρα,
856 3526 920 3570 οὐχ
938 3527 958 3562 ή
983 3521 1155 3567 ἀπόδειξις
1179 3527 1291 3568 αἰτίαι,
1312 3528 1385 3562 ἀλλ’

392 3579 408 3599 ο
435 3579 575 3600 ακουων.

1500 805 1576 825 vero
1600 795 1802 834 universalis;
1827 802 1858 826 et
1880 796 1957 827 haec
1980 798 2111 838 quidem
2141 801 2329 840 categorica,
2353 803 2407 833 illa
2432 813 2508 834 vero

1501 839 1671 880 privativa3
1696 840 1857 871 dubitatur
1879 841 1982 881 qualis
2005 842 2113 882 potior
2141 843 2201 874 sit:
2231 845 2374 877 similiter
2402 854 2509 878 autem

1502 891 1532 915 et
1560 885 1599 915 de
1629 894 1666 914 ea
1693 894 1774 924 quae
1806 885 2021 917 demonstrare
2045 887 2173 927 dicitur,
2203 895 2234 920 et
2257 890 2295 920 de
2319 892 2446 923 ducenti
2470 892 2510 922 ad

1501 928 1698 969 impossibile
1723 929 2003 962 demonstratione.

1434 973 1579 1004 Primum
1602 974 1733 1014 quidem
1756 974 1851 1014 igitur
1873 975 2075 1007 intendamus
2095 978 2133 1007 de
2149 978 2318 1009 universali
2337 986 2368 1010 et
2384 980 2423 1011 de
2439 990 2508 1020 par-

1502 1018 1639 1049 ticulari:
1666 1020 1867 1050 ostendentes
1891 1027 1999 1051 autern
2022 1022 2100 1061 hoc,
2120 1028 2151 1052 et
2167 1024 2206 1054 de
2222 1033 2258 1054 ea
2274 1033 2357 1064 quae
2374 1024 2507 1055 demon-

1502 1070 1597 1094 strare
1620 1063 1748 1101 dicitur,
1773 1070 1804 1094 et
1822 1074 1904 1105 quae
1928 1072 1975 1096 est
1997 1066 2037 1096 ad
2060 1067 2256 1106 impossibile
2280 1068 2432 1100 dicemus.

1435 1108 1602 1139 Videbitur
1624 1108 1755 1149 quidem
1779 1108 1874 1149 igitur
1897 1109 2036 1142 fortassis
2060 1112 2171 1153 utique
2195 1114 2388 1154 quibusdam
2403 1114 2447 1144 sic
2462 1114 2509 1144 in-

1502 1153 1704 1184 tendentibus
1723 1153 1918 1193 particularis
1937 1166 2004 1186 esse
2021 1157 2155 1197 dignior.
2175 1157 2207 1189 Si
2228 1158 2314 1189 enim
2333 1159 2510 1189 secundum

1503 1208 1602 1239 quam
1625 1198 1761 1228 maxime
1786 1200 1903 1231 scimus
1923 1202 2240 1242 demonstrationem,
2264 1203 2372 1244 potior
2391 1210 2438 1234 est
2456 1203 2510 1234 de·

1502 1243 1706 1282 monstrati0;
1723 1243 1800 1275 haec
1816 1245 1902 1276 enim
1920 1246 2019 1278 virtus
2036 1247 2315 1280 demonstrationis
2331 1255 2391 1279 est:
2409 1248 2510 1288 magis

1503 1294 1610 1318 autem
1632 1287 1749 1319 scimus
1773 1292 2031 1333 unumquodque
2055 1302 2131 1323 cum
2153 1294 2262 1334 ipsum
2285 1293 2510 1333 cognoscimus

1503 1332 1680 1362 secundum
1703 1333 1811 1374 ipsum
1843 1345 1942 1376 quam
1965 1338 2143 1368 secundum
2166 1339 2268 1377 aliud,
2289 1344 2324 1368 ut
2349 1337 2511 1369 musicum

1503 1376 1684 1415 Corismm,
1708 1380 1838 1419 quando
1858 1383 2081 1422 cognoscimus
2097 1384 2187 1424 quod
2202 1384 2352 1415 Coriscus
2368 1382 2510 1413 musicus

1504 1428 1567 1460 est,
1585 1432 1683 1462 quarn
1700 1424 1789 1464 quod
1812 1424 1913 1456 homo
1937 1427 2079 1458 musicus
2103 1429 2157 1467 sit,
2182 1429 2326 1460 similiter
2355 1434 2463 1458 autem
2479 1433 2511 1458 et

1502 1466 1536 1496 in
1560 1467 1647 1498 aliis:
1673 1468 1728 1498 sed
1751 1469 1935 1501 universalis
1958 1472 2114 1512 quoniam
2137 1474 2240 1513 aliud,
2263 1484 2331 1504 non
2354 1472 2511 1513 quoniam

1502 1511 1611 1551 ipsum
1626 1512 1796 1553 contingit,
1813 1514 2024 1555 demonstrat,
2045 1524 2081 1548 ut
2094 1519 2251 1559 quoniam
2267 1517 2510 1560 aequitibiarum

1504 1563 1566 1595 est,
1595 1567 1663 1587 non
1685 1557 1762 1598 quia
1785 1559 2044 1600 aequitibiarum,
2069 1563 2124 1592 sed
2142 1563 2298 1604 quoniam
2317 1561 2509 1601 triangulus;

1503 1602 1559 1631 sed
1587 1601 1782 1642 particularis
1810 1603 1966 1644 quoniam
1994 1605 2102 1645 ipsum
2131 1614 2195 1638 est:
2226 1607 2251 1637 si
2279 1607 2375 1647 igitur
2404 1605 2511 1646 potior

1503 1646 1635 1688 quidem
1654 1653 1700 1677 est
1714 1657 1796 1688 quae
1812 1655 1858 1678 est
1872 1649 2050 1680 secundum
2066 1651 2184 1691 ipsum,
2198 1651 2386 1682 huiusmodi
2402 1657 2511 1681 autem

1503 1698 1550 1722 est
1568 1691 1775 1732 particularis,
1792 1692 1959 1723 universali
1978 1695 2079 1734 magis
2095 1702 2126 1727 et
2144 1696 2252 1736 potior
2267 1695 2379 1738 utique
2398 1705 2510 1727 secun-

1503 1737 1582 1767 dum
1605 1743 1727 1778 partem
1747 1737 1975 1769 demonstratio
2000 1739 2067 1771 erit.

1435 1782 1585 1822 Amplius
1609 1782 1634 1812 si
1658 1782 1834 1813 universale
1858 1783 1990 1823 quidem
2013 1795 2079 1815 non
2104 1792 2150 1816 est
2168 1784 2289 1826 aliquid
2311 1792 2434 1826 praeter
2449 1784 2511 1816 sin-

1502 1827 1642 1867 gularia,
1672 1827 1902 1858 demonstratio
1931 1836 2039 1859 autem
2069 1829 2257 1869 opinionem
2289 1829 2416 1861 conficit
2444 1839 2511 1860 esse

1503 1872 1624 1913 aliquid
1647 1872 1710 1903 hoc
1734 1873 1910 1903 secundum
1935 1874 2025 1914 quod
2048 1874 2258 1914 demonstrat,
2284 1881 2314 1906 et
2337 1874 2512 1916 quamdam

1504 1924 1650 1948 naturam
1670 1927 1736 1947 esse
1755 1917 1836 1948 hanc
1852 1917 1885 1948 in
1904 1918 1952 1948 his
1972 1929 2054 1959 quae
2073 1926 2158 1958 sunt,
2174 1927 2210 1951 ut
2226 1919 2374 1960 trianguli
2390 1925 2514 1960 praeter

1504 1963 1674 2004 quosdam,
1699 1969 1730 1993 et
1752 1961 1870 2002 figurae
1894 1970 2017 2003 praeter
2039 1964 2172 2005 aliquas,
2194 1971 2225 1996 et
2241 1964 2366 1996 numeri
2389 1971 2513 2005 praeter

1505 2008 1664 2048 quosdam
1687 2015 1854 2046 numeros;
1878 2008 1986 2048 potior
2008 2015 2116 2039 autem
2137 2016 2184 2040 est
2206 2019 2288 2051 quae
2308 2017 2355 2040 est
2379 2010 2417 2040 de
2445 2019 2512 2040 esse

1505 2062 1605 2093 quam
1619 2053 1658 2083 de
1673 2062 1739 2082 non
1755 2062 1832 2091 esse,
1850 2059 1881 2083 et
1895 2059 2025 2094 propter
2040 2064 2139 2094 quam
2159 2064 2225 2085 non
2247 2054 2399 2085 errabitur
2414 2063 2513 2096 quam

1506 2104 1636 2138 propter
1665 2107 1764 2138 quarn
1793 2097 1962 2129 errabitur:
1988 2105 2035 2129 est
2058 2106 2165 2130 autem
2189 2098 2374 2130 universalis
2402 2098 2512 2130 huius-

1507 2142 1614 2181 modi;
1638 2142 1844 2183 procedentes
1868 2143 1954 2173 enirn
1979 2143 2197 2175 demonstrant
2220 2145 2310 2185 quod
2335 2151 2382 2175 est
2404 2144 2512 2175 analo-

1507 2197 1603 2227 gum,
1629 2187 1718 2228 quod
1742 2197 1846 2228 neque
1869 2187 1971 2227 linea,
2001 2198 2106 2229 neque
2129 2199 2300 2228 numerus,
2329 2199 2433 2231 neque
2462 2199 2513 2220 so-

1507 2232 1626 2272 lidum,
1650 2242 1754 2273 neque
1779 2232 1913 2272 planum
1937 2240 1998 2272 est,
2024 2234 2079 2264 sed
2098 2241 2220 2274 praeter
2238 2233 2315 2265 haec
2332 2233 2466 2275 aliquid:
2487 2233 2513 2265 si

1505 2277 1602 2317 igitur
1625 2277 1809 2308 universalis
1833 2277 1964 2318 quidem
1988 2278 2089 2318 magis
2109 2278 2186 2310 haec
2203 2285 2264 2318 est,
2288 2279 2328 2309 de
2347 2288 2386 2309 eo
2406 2285 2515 2309 autem

1507 2322 1597 2362 quod
1621 2329 1678 2361 est,
1702 2321 1809 2352 minus
1833 2332 1931 2363 quam
1954 2323 2161 2363 particularis,
2181 2330 2211 2354 et
2230 2323 2303 2354 facit
2326 2323 2515 2364 opinionem

1507 2366 1631 2405 falsam,
1655 2366 1816 2406 indignior
1838 2367 1949 2408 utique
1974 2368 2031 2398 erit
2054 2368 2239 2399 universalis
2262 2368 2452 2409 particulari.

1440 2413 1507 2442 Aut
1529 2412 1671 2452 primum
1698 2411 1830 2453 quidem
1858 2412 1937 2442 nihil
1965 2413 2065 2453 magis
2094 2413 2127 2444 in
2156 2413 2324 2444 universali
2354 2423 2453 2455 quarn
2480 2412 2515 2444 in

1509 2457 1689 2497 particulari
1713 2456 1809 2487 altera
1828 2457 1908 2487 ratio
1933 2464 1989 2488 est.
2013 2458 2046 2488 Si
2070 2458 2156 2488 enim
2172 2458 2263 2499 quod
2281 2459 2409 2490 duobus
2423 2458 2515 2490 rectis

1508 2501 1599 2540 inest,
1620 2511 1685 2532 non
1710 2508 1757 2532 est
1780 2502 1958 2532 secundum
1981 2503 2070 2543 quod
2089 2510 2136 2534 est
2154 2503 2312 2542 isosceles,
2333 2503 2388 2534 sed
2403 2513 2515 2534 secun-

1509 2547 1589 2577 dum
1604 2546 1693 2587 quod
1708 2546 1884 2587 triangulus
1900 2554 1960 2585 est;
1985 2557 2181 2587 cognoscens
2197 2548 2353 2588 quoniam
2367 2548 2513 2579 isosceles

1508 2591 1603 2622 habet
1618 2598 1690 2629 tres,
1708 2590 1814 2622 minus
1831 2591 1981 2632 cognovit
1994 2591 2027 2622 in
2044 2598 2202 2632 quantum
2218 2592 2326 2633 ipsum
2342 2599 2398 2631 est,
2415 2602 2515 2633 quam

1509 2645 1704 2675 cognoscens
1719 2635 1873 2676 quoniam
1888 2635 2063 2676 triangulus
2075 2643 2131 2667 est.
2145 2636 2186 2667 Et
2200 2636 2334 2667 omnino
2351 2636 2377 2667 si
2394 2646 2460 2667 non
2475 2636 2516 2668 sit

1508 2679 1639 2720 quidem
1657 2680 1834 2710 secundum
1857 2681 1947 2721 quod
1971 2688 2018 2711 est
2040 2681 2231 2721 triangulus,
2251 2687 2363 2722 postea
2382 2681 2514 2712 demon-

1510 2731 1596 2760 strat,
1609 2734 1675 2754 non
1690 2724 1801 2765 utique
1815 2724 1872 2755 erit
1883 2725 2128 2764 demonstratio;
2141 2725 2166 2755 si
2179 2735 2254 2756 vero
2267 2725 2307 2756 sit
2320 2735 2515 2766 cognoscens

1509 2769 1767 2809 unumquodque
1783 2769 1960 2800 secundum
1971 2770 2061 2810 quod
2073 2770 2331 2811 unumquodque
2344 2777 2401 2809 est,
2414 2770 2516 2811 magis

1509 2812 1670 2853 cognovit.
1691 2813 1723 2844 Si
1737 2813 1833 2853 igitur
1851 2813 2026 2854 triangulus
2044 2814 2078 2844 in
2094 2814 2166 2855 plus
2186 2822 2242 2853 est,
2263 2822 2293 2846 et
2308 2815 2419 2846 eadem
2434 2815 2515 2846 ratio

1510 2864 1540 2888 et
1553 2867 1619 2888 non
1632 2858 1810 2889 secundum
1822 2858 2119 2899 aequivocationem
2134 2859 2310 2900 triangulus
2323 2866 2380 2899 est,
2393 2866 2425 2891 et
2435 2860 2518 2891 inest

1509 2902 1599 2933 omni
1622 2902 1780 2942 triangulo
1804 2903 1894 2943 quod
1924 2910 1970 2934 est
1993 2904 2120 2934 duobus
2144 2904 2234 2934 rectis
2253 2904 2372 2935 habens
2399 2914 2516 2946 aequa-

1509 2947 1572 2985 les;
1597 2957 1662 2978 non
1687 2947 1798 2988 utique
1822 2947 1997 2988 triangulus
2020 2948 2053 2978 in
2077 2955 2236 2989 quantum
2255 2948 2515 2990 aequitibiarum,

1510 2992 1567 3022 sed
1581 2991 1825 3032 aequitibiarum
1840 2993 2017 3023 secundum
2036 2993 2125 3034 quod
2150 3000 2196 3024 est
2211 2993 2402 3034 triangulus,
2421 2993 2517 3024 habet

1510 3036 1697 3067 huiusmodi
1726 3037 1871 3077 angulos.
1906 3038 2013 3075 Quare
2041 3037 2258 3069 universaliter
2285 3038 2385 3069 sciens
2415 3037 2516 3078 magis

1513 3081 1663 3121 cognovit
1687 3082 1864 3112 secundum
1886 3082 1975 3123 quod
1995 3089 2058 3121 est,
2075 3092 2175 3123 quam
2190 3083 2367 3113 secundum
2382 3088 2518 3124 partem.v

1510 3125 1621 3156 Potior
1644 3126 1751 3166 itaque
1771 3133 1818 3157 est
1833 3126 2017 3157 universalis
2036 3137 2135 3168 quam
2154 3126 2358 3168 particularis

1443 3170 1593 3210 Amplius
1617 3170 1643 3201 si
1662 3170 1794 3211 quidem
1817 3171 1856 3202 sit
1879 3171 2038 3212 quaedam
2065 3171 2145 3202 ratio
2170 3181 2234 3202 una
2257 3178 2288 3202 et
2311 3181 2377 3202 non
2407 3170 2516 3212 aequi-

1510 3215 1652 3253 vocatio,
1676 3215 1852 3246 universale
1876 3216 1933 3247 erit
1956 3215 2067 3257 utique
2090 3215 2170 3246 nihil
2193 3215 2300 3246 minus
2323 3215 2517 3256 quibusdam

1510 3260 1688 3291 secundum
1711 3267 1848 3300 partem:
1869 3260 1924 3291 sed
1940 3261 2039 3301 magis
2056 3267 2102 3291 est
2125 3267 2246 3302 quanto
2267 3258 2518 3301 incorruptibilia

1510 3305 1543 3335 in
1567 3305 1627 3335 illis
1651 3311 1740 3343 sunt;
1764 3315 1847 3345 quae
1863 3315 1938 3336 vero
1963 3305 2140 3336 secundum
2163 3311 2286 3346 partem
2302 3311 2387 3343 sunt,
2408 3312 2516 3335 corru-

1512 3349 1634 3390 ptibilia
1657 3356 1732 3380 sunt
1756 3349 1867 3390 magis.

1444 3394 1593 3435 Amplius
1618 3404 1722 3435 neque
1745 3404 1809 3424 una
1833 3394 1999 3425 necessitas
2019 3401 2065 3425 est
2088 3393 2211 3434 opi'nari
2235 3393 2356 3434 aliquid
2370 3401 2436 3423 esse
2454 3391 2517 3422 hoc

1512 3446 1634 3480 praeter
1647 3439 1739 3478 haec;
1755 3439 1910 3480 quoniam
1929 3449 2032 3470 unum
2048 3438 2186 3470 ostendit
2205 3437 2283 3468 nihil
2303 3436 2402 3477 magis
2417 3445 2516 3477 quam

1512 3484 1544 3515 in
1568 3484 1654 3523 aliis,
1678 3494 1889 3525 quaecunque
1917 3494 1984 3514 non
2011 3482 2132 3524 aliquid
2158 3481 2351 3523 significant,
2379 3480 2434 3512 sed
2462 3485 2518 3510 aut

1514 3529 1608 3570 quale
1632 3535 1686 3560 aut
1714 3529 1754 3559 ad
1774 3528 1894 3569 aliquid
1918 3535 1973 3559 aut
1996 3527 2106 3558 facere.
2127 3527 2159 3558 Si
2181 3536 2274 3567 ergo,
2299 3535 2365 3557 non
2381 3525 2515 3556 demon-

1513 3573 1620 3604 stratio
1645 3580 1691 3604 est
1714 3583 1822 3612 causa,
1847 3573 1902 3603 sed
1925 3572 2007 3603 male
2030 3571 2171 3602 audiens.

1433 749 1450 768 *
1466 750 1553 781 Cum
1576 757 1684 781 autem
1700 750 1738 781 sit
1753 751 1981 783 demonstratio
1996 754 2056 784 alia
2071 754 2202 794 quidem
2221 758 2428 798 particularis,
2448 758 2509 790 alia
2535 762 2694 818 ζῑξᾶρὲέω-
