2548 4192
194 288 346 313 CCXCVIII

192 355 356 386 interstitia
379 355 599 385 observentur:
620 355 652 384 in
673 354 721 384 his
737 364 824 392 vero,
841 353 930 394 quod
946 352 1056 383 attinet
1072 352 1111 382 ad
1135 352 1265 392 presby-

192 406 339 438 teratum,
357 399 573 440 dispensatum
596 399 749 436 innuitur,
776 398 902 439 quoties
922 396 1075 427 diaconus
1100 396 1265 436 eligeretur

192 444 372 485 Episcopus
395 444 481 474 iuxta
505 453 609 474 mores
633 442 791 474 Ecclesiae
824 443 1006 472 Romanae:
1028 441 1108 471 facta
1132 441 1265 471 demum

194 496 303 519 contra
318 499 454 519 canones
478 487 694 525 ordinatione,
712 486 904 523 decernitur,
930 492 966 516 ut
989 485 1045 525 qui
1068 485 1166 515 hocce
1190 495 1265 515 cum

193 533 271 564 vitio
296 533 431 564 ordinati
455 532 581 570 fuerint,
598 532 638 562 ad
654 531 824 571 pristinum
847 530 982 570 gradum
997 529 1138 569 legitime
1161 539 1264 560 susce-

194 584 287 618 ptum
310 577 420 608 reverti
444 576 596 614 debeant,
621 576 722 606 donec
746 575 783 604 ab
817 574 1006 614 Apostolico
1035 573 1264 604 benedictionis

196 621 465 652 consecrationem
488 620 658 660 accipiant:
688 620 726 649 de
750 629 813 659 qua
830 618 982 649 dissident
1005 618 1162 658 theologi,
1184 628 1264 648 num

194 666 271 696 haec
294 666 388 696 fuerit
411 664 646 696 caeremonialis
670 670 805 701 tantum,
832 673 872 693 an
896 673 980 693 nova
1004 669 1035 693 et
1057 673 1131 692 vera
1155 673 1264 693 conse-

194 711 300 741 cratio.
319 711 400 740 Rem
423 719 521 750 quam
538 708 731 746 disserimus,
748 707 878 738 mirifice
902 707 1036 738 illustrat
1058 707 1219 738 Benedicti
1236 708 1264 738 V

194 755 395 795 exemplum,
422 753 510 794 quod
542 753 687 793 superius
718 759 930 783 memoratum
961 758 1016 783 est.
1050 752 1122 783 Vita
1153 751 1263 782 functo

194 798 310 829 Ioanne
333 799 390 829 XII
414 804 517 828 narrat
544 797 759 838 Luitprandus
786 797 818 827 in
842 797 994 836 Historia,
1018 797 1119 837 capite
1142 806 1174 826 xr
1193 796 1264 827 libri

527 274 986 312 DISSERTATIONES
1017 273 1265 310 CRITICAE
1297 273 1353 310 IN
1383 273 1422 310 S.
1444 273 1687 311 THOMAM
1714 274 2038 321 AQUINATEM

1321 352 1408 391 sexti,
1419 353 1598 391 Romanos,
1614 352 1744 393 insuper
1759 353 1867 384 habito
1884 355 1993 384 Leone
2003 354 2075 385 VIII
2090 353 2145 395 qui
2163 359 2272 384 contra
2287 353 2396 393 ipsum

1320 397 1484 435 Ioannem,
1502 397 1623 428 Ottone
1647 398 1840 437 Imperatore
1863 406 1985 438 agente,
2006 405 2132 429 evectus
2156 399 2268 436 fuerat,
2291 398 2396 428 Bene-

1318 442 1438 472 dictum
1465 441 1674 472 Cardinalem
1691 442 1873 473 Diaconum
1893 443 2093 474 constituisse
2113 443 2247 483 Papam.
2264 445 2316 473 An
2333 442 2396 472 exi-

1319 485 1514 525 stimaveris,
1545 486 1765 526 praetermisso
1795 487 2031 528 presbyteratu,
2061 487 2261 527 Episcopum
2285 493 2316 517 et
2338 487 2397 517 Pa-

1319 540 1395 570 pam
1428 537 1649 561 consecratum
1681 529 1798 561 fuisse?
1816 532 1865 561 Te
1897 538 1952 562 tua
1984 532 2104 562 falleret
2136 531 2290 572 opinatio.
2326 531 2396 571 Ipse

1319 575 1535 614 Luitprandus
1559 585 1683 605 narrare
1698 575 1810 615 pergit,
1828 576 1972 606 Leonem
1989 577 2054 607 sedi
2070 576 2276 617 Apostolicae
2291 576 2396 606 redin-

1319 625 1495 658 tegratum,
1518 620 1606 649 omni
1627 620 1838 660 Pontficatus
1866 626 1897 651 et
1914 621 2162 662 presbyteratus
2184 621 2306 651 honore
2323 621 2396 660 pri-

1320 673 1413 694 vasse
1430 663 1654 694 Benedictum:
1679 671 1710 694 et
1729 664 1919 696 diaconatus
1935 675 2007 696 eum
2024 666 2168 696 ordinem
2185 665 2302 695 habere
2320 674 2396 705 per-

1320 709 1453 738 misisse.
1477 708 1606 738 Nedum
1630 718 1704 748 ergo
1720 708 1900 749 Episcopus
1923 709 2129 750 inauguratus
2151 709 2263 748 fuerat,
2282 719 2396 739 verum

1320 752 1416 782 etiam
1434 753 1615 792 presbyter:
1646 752 1771 793 ipsique
1795 753 1980 784 diaconatus
2004 754 2094 785 Ordo
2121 761 2152 785 et
2174 754 2280 784 honor
2302 753 2396 784 relin-

1320 796 1447 837 quitur,
1472 806 1570 837 quem
1592 796 1732 836 legitime
1756 804 1944 838 susceperat.
