2788 4204
65 702 76 709 ⁴
108 708 114 722 ι
145 700 280 728 intelligere

62 727 120 749 Dei.

58 963 275 1011 ffitcomprehen-

1157 290 1267 326 CAP.
1299 289 1366 336 IX,
1398 290 1549 327 LECT.
1580 291 1669 328 XIV

310 379 575 417 quaecumque
603 367 642 404 in
659 368 735 404 hoc
763 367 909 404 mundo
939 375 1110 416 aguntur,
1142 367 1254 404 etiarn
1276 379 1373 416 quae

307 421 485 458 videntur
512 420 663 457 fortuita
690 422 751 457 vel
772 420 945 468 casualia,
976 421 1105 458 reduci
1133 420 1171 457 in
1200 421 1373 458 ordinem

307 474 568 523 providentiae
598 473 759 520 divinae,
790 486 835 510 ex
860 487 935 523 qua
964 474 1139 511 dicebant
1158 474 1372 523 dependere

308 528 438 564 fatum.
468 528 518 564 Et
543 528 619 563 hoc
638 526 793 576 quidem
822 527 935 576 aliqui
963 527 1062 564 stulti
1090 535 1324 575 negaverunt
1341 533 1372 574 Ρ,

307 580 515 618 iudicantes
544 580 590 617 de
619 580 807 616 intellectu
836 580 965 617 divino
1001 580 1049 617 ad
1078 580 1239 617 modum
1268 580 1371 617 intel-

306 634 423 670 lectus
451 633 584 680 nostri,
614 633 678 681 qui
706 633 906 681 singularia
925 646 1003 670 non
1028 632 1220 681 'cognoscit
1239 639 1263 670 ⁶.
1287 634 1373 670 Hoc

307 694 435 724 autem
451 694 506 723 est
521 686 670 723 falsum:
686 698 777 723 nam
797 686 998 735 intelligere
1012 686 1183 723 divinum
1199 687 1219 707 '¹‘
1230 694 1265 723 et
1274 688 1370 723 velle

307 740 387 776 eius
421 746 475 776 est
493 739 618 788 ipsum
640 752 721 776 esse
746 739 863 788 ipsius
882 745 907 777 f.
938 740 1048 777 Unde
1069 740 1163 777 sicut
1183 752 1264 776 esse
1292 740 1371 777 eius

307 805 375 830 sua
402 792 539 829 virtute
568 793 856 841 comprehendit
884 805 999 829 omne
1028 793 1118 830 illud
1146 793 1251 842 quod
1276 806 1370 842 quo-

306 857 470 894 cumque
486 845 605 883 modo
622 853 686 892 est,
703 845 741 882 in
757 853 939 895 quantum
958 846 1096 883 scilicet
1111 854 1166 883 est
1178 859 1247 895 per
1260 846 1372 896 parti—

307 899 534 948 cipationem
567 899 702 948 ipsius;
736 899 786 936 ita
815 899 928 936 etiarn
957 911 1070 936 suum
1104 899 1305 947 intelligere
1336 906 1372 936 et

304 964 418 989 suurn
438 952 662 1000 intelligibile
684 952 1168 1001 comprehendit*0mnem
1189 953 1368 1000 cognitio-

304 1017 394 1042 nem
415 1012 451 1042 et
471 1017 588 1042 omne
608 1005 876 1053 cognoscibile;
899 1013 934 1042 et
953 1018 1066 1042 suum
1084 1006 1180 1042 velle
1202 1013 1238 1042 et
1256 1018 1369 1042 suum

303 1058 463 1095 volitum
485 1058 773 1107 comprehendit
791 1070 948 1095 omnem
969 1058 1177 1108 appetitum
1198 1066 1234 1095 et
1253 1070 1368 1095 omne

303 1111 503 1160 appetibile
541 1111 645 1159 quod
679 1118 734 1147 est
760 1111 926 1158 bonum;
960 1118 1018 1158 ut,
1049 1111 1186 1148 scilicet
1223 1123 1266 1147 ex
1295 1112 1370 1148 hoc

302 1164 385 1213 ipso
415 1163 519 1212 quod
539 1163 679 1212 aliquid
699 1171 755 1200 est
773 1164 1025 1212 cognoscibile
1059 1164 1168 1200 cadat
1197 1165 1267 1200 sub
1288 1164 1367 1200 eius

303 1216 531 1264 cognitione,
554 1223 590 1252 et
609 1229 654 1252 ex
672 1217 747 1253 hoc
766 1217 848 1266 ipso
870 1216 974 1266 quod
1001 1224 1056 1253 est
1083 1217 1231 1253 bonum
1260 1217 1369 1254 cadat

302 1270 373 1306 sub
393 1269 473 1306 eius
491 1270 702 1306 voluntate:
723 1269 818 1307 sicut
833 1282 877 1306 ex
891 1270 966 1306 hoc
984 1269 1068 1318 ipso
1088 1269 1192 1318 quod
1213 1276 1268 1306 est
1288 1282 1366 1317 ens,

301 1322 442 1371 aliquid
471 1322 570 1359 cadit
593 1323 663 1359 sub
693 1322 773 1359 eius
800 1323 937 1359 virtute
966 1322 1108 1369 activa,
1139 1334 1255 1371 quarn
1285 1322 1364 1372 ipse

240 1420 262 1426 Α
292 1375 796 1426 ,perfecte-comprehendit,
824 1387 912 1428 cum
946 1375 991 1412 sit
1031 1387 1099 1425 per
1136 1375 1364 1413 intellectum

301 1441 428 1477 agens,

360 1493 418 1530 17.
449 1481 525 1518 Sed
554 1481 584 1518 si
606 1481 846 1531 providentia
875 1481 1002 1519 divina
1031 1482 1076 1518 sit
1101 1494 1171 1531 per
1189 1495 1229 1519 se
1251 1495 1365 1519 causa

300 1535 475 1573 omnium
512 1547 609 1584 quae
633 1534 672 1571 in
698 1535 774 1572 hoc
808 1535 954 1573 mundo
983 1535 1158 1572 accidunt
1171 1541 1196 1582 ⁰,
1232 1537 1364 1573 saltem

299 1589 505 1635 bonorum,
533 1588 684 1626 videtur
712 1588 817 1637 quod
841 1588 971 1626 omnia
991 1601 1035 1625 ex
1055 1589 1275 1626 necessitate
1304 1601 1364 1626 ac-

301 1641 436 1680 cidant.
457 1641 588 1679 Primo
608 1641 764 1690 quidem
785 1654 830 1678 ex
849 1649 954 1691 parte
975 1642 1150 1679 scientiae
1169 1642 1265 1680 eius:
1286 1655 1364 1680 non

301 1695 403 1733 enim
430 1702 555 1745 potest
575 1695 655 1732 eius
675 1695 828 1733 scientia
856 1695 947 1742 falli3
978 1702 1014 1732 et
1032 1695 1082 1732 ita
1102 1708 1147 1732 ea
1166 1708 1263 1745 quae
1284 1696 1364 1745 ipse

300 1748 379 1796 scit,
408 1748 558 1786 videtur
585 1750 689 1797 quod
727 1760 882 1786 necesse
911 1748 956 1786 sit
990 1749 1153 1786 evenire.
1185 1750 1364 1786 Secundo

301 1813 346 1839 ex
372 1810 479 1852 parte
505 1803 730 1840 voluntatis:
759 1803 935 1839 voluntas
964 1801 1066 1838 enim
1090 1802 1162 1839 Dei
1190 1802 1365 1839 inefficax

352 1977 377 2013 ρ)
391 1979 428 2004 Et
440 1979 489 2004 hoc
498 1979 603 2012 quidem
618 1978 701 2011 aliqui
709 1978 785 2003 stulti
794 1982 967 2012 negaverunt.
977 1979 1035 2004 Duo
1050 1979 1091 2004 hic
1105 1980 1284 2013 distinguenda
1299 1987 1366 2006 sunt.

297 2014 418 2040 Primum
433 2019 473 2040 est
491 2015 561 2047 quod
575 2014 662 2039 omnia
676 2022 743 2047 quae
757 2021 924 2047 quocumque
937 2015 1017 2040 modo
1031 2015 1057 2040 in
1071 2015 1122 2040 hoc
1135 2017 1234 2041 mundo
1248 2022 1366 2049 aguntur,

296 2050 374 2076 etiam
388 2057 455 2083 quae
470 2050 589 2075 videntur
607 2050 709 2075 sormita
726 2051 768 2075 vel
787 2050 906 2080 casualia,
926 2051 1082 2076 reducuntur
1100 2051 1126 2076 in
1144 2053 1261 2077 ordinem
1279 2053 1365 2077 Provi-

295 2085 397 2111 dentiae
412 2085 525 2117 divinae;
541 2091 566 2110 et
579 2084 628 2110 hoc
642 2090 683 2110 est
696 2085 767 2118 quod
785 2092 807 2110 s.
817 2085 933 2110 Thomas
944 2086 1003 2111 dicit
1021 2086 1053 2110 ab
1067 2086 1195 2119 aliquibus
1216 2088 1300 2113 stultis
1320 2096 1366 2113 ne-

297 2121 360 2154 gari.
369 2121 477 2146 -Atiud
490 2125 530 2146 est
538 2121 609 2154 quod
623 2128 654 2146 ex
664 2121 749 2146 divina
762 2121 926 2146 Providentia
940 2126 1064 2154 sequatur
1070 2122 1171 2156 satum,
1188 2131 1240 2148 non
1259 2124 1366 2157 quidem

298 2164 363 2182 sano
381 2164 461 2182 sensu
479 2162 621 2190 acceptum,
635 2162 666 2181 ut
683 2156 748 2181 infra
762 2156 953 2190 explicabimus,
969 2158 1015 2182 sed
1034 2162 1161 2190 quatenus
1175 2159 1292 2184 deteriori
1306 2167 1364 2184 sen-

295 2199 330 2217 su
349 2192 459 2217 sumitur
476 2197 505 2217 ut
513 2192 653 2217 necessitas
673 2192 699 2216 in
713 2192 798 2217 causis
817 2192 937 2217 secundis
951 2192 1081 2217 omnibus.
1097 2193 1258 2219 Providentia
1277 2200 1364 2219 autem

296 2227 383 2253 divina
395 2235 449 2252 non
463 2227 637 2261 insensatum
657 2235 703 2253 seu
718 2227 898 2253 necessitatem
911 2228 990 2253 rebus
1002 2228 1120 2261 provisis,
1135 2235 1164 2255 ut
1179 2238 1222 2255 nn.
1233 2238 1308 2263 seqq.
1316 2231 1376 2267 late.

297 2268 324 2288 et
341 2263 424 2288 solide
439 2263 598 2288 demonstrat
615 2263 762 2295 Angelicus.

351 2299 498 2323 Notandum
511 2299 618 2331 insuper
631 2299 701 2331 quod
714 2298 750 2323 illi
765 2298 809 2332 qui
824 2299 934 2324 liberum
941 2298 1054 2324 hominis
1068 2299 1199 2325 arbitrium
1209 2301 1272 2335 sato
1286 2300 1364 2326 subii-

296 2333 416 2364 ciebant,
437 2342 490 2359 non
523 2341 575 2359 una
603 2334 701 2359 ratione
730 2339 848 2360 naturam
864 2334 922 2368 fati
953 2335 1095 2367 ponebant.·
1116 2336 1166 2361 Alii
1195 2337 1263 2361 enim
1283 2337 1364 2362 fatum

296 2369 463 2403 appellabant
491 2369 544 2394 vim
574 2369 708 2402 positionis
736 2369 850 2395 siderum
861 2388 868 2400 ,
897 2378 927 2395 ex
955 2378 1067 2403 quorum
1097 2372 1224 2403 positione
1249 2377 1275 2397 et
1293 2377 1364 2405 pote-

299 2410 364 2430 state
388 2405 490 2430 decerni
518 2405 685 2430 autumabant
707 2405 791 2438 qualis
814 2405 926 2438 quisque
954 2405 1034 2430 homo
1058 2406 1211 2439 concipitur,
1236 2407 1364 2437 nascitur,

297 2440 373 2471 vivit,
393 2446 419 2465 et
442 2440 504 2473 quid
526 2441 550 2466 ei
574 2440 707 2473 proveniat
730 2440 790 2465 boni
813 2441 907 2473 quidve
934 2441 995 2466 mali
1020 2441 1150 2466 accidan—
1164 2443 1213 2467 Alii
1231 2451 1294 2468 vero
1313 2451 1364 2467 non

298 2481 427 2501 astrorum
454 2476 661 2501 constitutionem
672 2494 678 2506 ,
707 2476 780 2501 sicuti
808 2482 848 2501 est
875 2484 934 2501 cum
953 2477 1067 2510 quidque
1096 2478 1236 2511 concipitur
1258 2479 1299 2503 vel
1320 2486 1364 2503 na-

298 2511 392 2542 scitur,
412 2511 459 2537 sed
476 2511 594 2536 omnium
619 2511 803 2536 connexionem
827 2512 974 2544 seriemque
997 2519 1145 2543 causarum,
1166 2522 1216 2546 qua
1241 2512 1269 2538 fit
1286 2521 1364 2538 omne

296 2548 370 2580 quod
388 2546 424 2577 iit,
436 2547 495 2581 fati
511 2546 616 2572 nomine
634 2547 806 2579 appellabant.
826 2547 944 2578 Quorum
963 2548 1096 2576 sententia⁷
1115 2548 1137 2573 si
1151 2557 1286 2574 causarum
1301 2549 1364 2574 haec

299 2582 423 2608 connexio
441 2583 498 2607 talis
517 2587 628 2616 ponatur
645 2588 674 2606 ut
691 2582 864 2608 voluntatibus
883 2583 976 2608 nostris
995 2582 1174 2609 necessitatem
1194 2585 1292 2615 inferat,
1312 2593 1364 2609 non

298 2617 383 2643 differt
401 2625 416 2642 a
433 2618 517 2651 prima
535 2617 661 2642 sententia
679 2619 764 2650 quoad
777 2618 834 2652 sati
847 2624 972 2649 naturam,
987 2618 1106 2652 quamvis
1121 2620 1215 2645 seriem
1229 2628 1364 2645 causarum

296 2653 435 2679 substituat
458 2653 580 2686 positioni
594 2653 766 2686 potestatique
784 2654 906 2679 siderum.
923 2655 1068 2687 Utrumque
1083 2662 1196 2680 errorem
1211 2663 1233 2680 s.
1248 2655 1364 2680 Thomas

296 2698 324 2714 n.
342 2697 374 2721 ¹4
391 2694 417 2714 et
434 2697 510 2722 seqq.
519 2689 706 2714 refluae-Alii
720 2697 854 2714 causarum
873 2690 1058 2715 connexionem
1073 2699 1125 2715 non
1143 2691 1302 2721 recusabant,
1318 2691 1365 2716 sed

298 2725 385 2758 ipsum
399 2732 533 2750 causarum
544 2724 660 2749 ordinem
675 2729 701 2749 et
714 2725 898 2750 connexionem
917 2725 1085 2751 subiiciebant
1099 2726 1145 2751 Dei
1159 2726 1254 2751 summi
1273 2727 1365 2751 volun-

297 2760 342 2786 tati
355 2765 382 2785 et
394 2760 528 2793 potestat&
547 2765 572 2785 at
594 2760 620 2784 hi
644 2760 760 2785 bifariam
779 2761 906 2786 dividendi
925 2766 993 2786 sunt.
1017 2761 1128 2791 Quidam
1156 2762 1226 2787 enirn
1245 2762 1364 2795 quamvis

299 2796 482 2829 praescientiae
499 2795 677 2828 voluntatique
702 2796 801 2821 divinae
820 2804 910 2822 causas
934 2802 1043 2828 creatas,
1063 2805 1204 2830 earumque
1229 2797 1364 2822 connexio-

296 2838 346 2856 nes
365 2831 526 2861 subiicerent,
535 2837 622 2856 tamen
641 2836 684 2856 aut
698 2831 729 2855 ab
742 2831 790 2856 hac
804 2831 961 2857 subiectione
980 2832 1126 2857 eximebant
1143 2833 1302 2858 voluntatem
1317 2832 1365 2857 hu-

298 2874 417 2896 manam.
432 2872 476 2892 aut
486 2867 548 2891 nihil
567 2874 627 2892 esse
644 2866 670 2891 in
684 2872 810 2899 potestate
824 2873 911 2893 nostra
930 2869 1082 2900 nullumque
1101 2876 1160 2893 esse
1173 2868 1285 2893 hominis
1298 2868 1365 2893 arbi-

299 2901 376 2927 trium
390 2902 438 2927 sub
453 2902 620 2935 praescientia
633 2907 659 2927 et
672 2903 804 2927 voluntate
818 2903 864 2928 Dei
879 2903 1035 2928 effutiebant.
1050 2903 1125 2928 Hunc
1144 2912 1258 2928 errorem
1272 2904 1365 2928 refutat

300 2945 321 2961 s.
330 2937 448 2962 Thomas
462 2945 487 2962 n.
510 2937 541 2962 18
554 2942 579 2962 et
597 2945 672 2970 seqq.
688 2938 799 2968 Quidam
820 2938 930 2971 denique
944 2943 1084 2971 utrumque
1107 2939 1211 2972 eligunt,
1227 2945 1365 2972 utrumque

300 2971 459 3003 confitentur,
478 2980 573 3005 nempe
591 2973 785 3005 praescientiam
805 2974 916 2999 divinam
931 2979 1076 3000 nostrarum
1090 2975 1218 2999 actionum
1237 2980 1314 3007 atque
1327 2975 1366 2999 ef-

300 3007 414 3033 ficaciam
427 3007 551 3033 infinitam
564 3008 664 3034 divinae
681 3008 817 3034 voluntatis
837 3014 862 3034 et
873 3017 924 3034 una
942 3009 1019 3034 simul
1035 3010 1159 3042 integram
1172 3010 1365 3043 perfectamque

300 3043 413 3068 hominis
432 3043 583 3076 libertatem.
596 3045 629 3069 Et
647 3052 709 3068 vere
723 3044 760 3068 sic
774 3049 821 3074 est,
844 3049 873 3069 ut
891 3052 905 3069 a
924 3053 945 3069 s.
955 3044 1058 3070 Thoma
1077 3044 1118 3070 hic
1137 3045 1286 3078 probatur.-
1298 3045 1363 3075 Quia

296 3084 387 3104 tamen
401 3078 463 3103 haec
481 3078 581 3104 divinae
593 3079 773 3104 Providentiae
786 3079 911 3105 ordinatio
925 3088 940 3104 a
954 3081 1085 3106 nonnullis
1110 3085 1153 3105 aut
1165 3081 1256 3114 fatum
1276 3081 1365 3113 appel-

301 3114 412 3144 labatur,
432 3119 475 3138 aut
492 3114 523 3138 ab
536 3114 592 3147 ipsa
604 3115 696 3148 satum
716 3122 762 3139 seu
786 3122 920 3140 causamm
943 3117 1114 3141 secundat-um
1138 3116 1261 3140 connexio
1281 3115 1365 3149 (quae

301 3149 363 3174 nihil
382 3149 510 3173 humanae
519 3149 632 3175 officeret
645 3149 763 3183 libertati)
779 3150 892 3182 pendere
902 3150 1038 3181 dicebatur,
1048 3159 1081 3176 ne
1091 3159 1121 3176 ex
1138 3151 1266 3176 vocabulo
1278 3151 1367 3183 aequi-

298 3192 365 3209 voco
379 3192 451 3209 error
467 3185 611 3218 obreperet,
630 3185 756 3210 Ordinem
779 3193 921 3210 causarum
937 3186 980 3212 ubi
1003 3187 1125 3212 voluntas
1147 3187 1199 3211 Dei
1217 3187 1364 3219 plurimum

295 3223 394 3252 potest,
410 3227 492 3252 neque
506 3227 641 3253 negamus,
657 3227 739 3253 neque
746 3220 807 3254 sati.
822 3221 947 3246 vocabulo
967 3228 1165 3254 nuncupamus,
1187 3221 1222 3246 ait
1240 3230 1260 3246 s.
1276 3222 1365 3253 Augu-

301 3256 383 3280 stinus
398 3255 423 3280 in
437 3254 461 3279 V
476 3255 518 3280 De
526 3255 634 3281 civitate
648 3256 706 3284 Dei,
722 3263 777 3288 cap.
791 3263 823 3286 11,
835 3264 860 3280 n.
873 3256 894 3281 3.
908 3257 984 3287 Quod
1004 3257 1025 3282 si
1040 3263 1175 3290 propterea
1189 3257 1286 3289 aliquid
1295 3256 1366 3289 quis—

301 3298 379 3324 quam
387 3291 450 3325 sato
465 3291 565 3320 tribuit,
585 3291 647 3323 quia
662 3291 746 3323 ipsam
761 3291 814 3316 Dei
827 3292 988 3317 voluntatem
1008 3293 1049 3317 vel
1061 3295 1222 3324 potestatem
1235 3291 1293 3325 fati
1318 3299 1365 3316 no-

298 3326 371 3351 mine
397 3327 522 3359 appellat,
544 3326 700 3351 sententiam
729 3329 830 3355 teneat,
850 3327 968 3360 linguam
997 3327 1118 3361 corrigat
1138 3325 1188 3360 (lb.
1204 3335 1259 3359 cap.
1274 3327 1307 3360 1).
1327 3327 1365 3350 De

298 3361 341 3386 his
359 3361 416 3387 fuse
435 3362 546 3395 ipsemet
558 3369 579 3386 s.
589 3362 748 3394 Augustinus
768 3359 830 3395 (Op.
844 3366 869 3386 et
887 3362 930 3387 lib.
946 3361 1006 3396 cit.).

354 3396 380 3432 σ)
401 3397 558 3430 Singularia
576 3404 627 3422 non
642 3397 784 3430 cognoscit,
799 3404 894 3430 nempe
908 3397 1001 3422 directe
1015 3402 1040 3422 et
1053 3397 1151 3430 primo;
1171 3404 1230 3421 nam
1245 3396 1365 3421 indirecte

298 3438 327 3458 et
350 3433 424 3466 quasi
447 3441 494 3466 per
523 3433 653 3466 quandam
677 3432 842 3457 reflexionem
867 3432 1010 3457 intellectus
1036 3437 1124 3457 noster
1147 3431 1264 3463 intelligit
1288 3431 1364 3456 etiam

298 3468 388 3501 aliquo
408 3469 486 3493 modo
509 3468 653 3500 singularia,
666 3473 695 3492 ut
709 3475 730 3492 s.
746 3467 862 3492 Thomas
888 3468 962 3492 docet
986 3475 1108 3500 expresse
1126 3475 1152 3499 p.
1173 3467 1195 3497 1,
1211 3474 1253 3499 qu.
1268 3474 1365 3497 LmV1,

298 3503 370 3529 artic.
384 3512 401 3529 1.
421 3504 471 3528 Sed
490 3504 550 3536 quia
564 3504 627 3528 haec
642 3502 792 3536 cognitionis
807 3502 943 3527 indirectae
958 3503 1027 3527 notio
1050 3510 1103 3527 non
1123 3507 1163 3527 est
1182 3501 1325 3526 necessaria
1340 3501 1365 3525 in

300 3539 428 3572 praesenti
448 3539 605 3572 quaestione,
625 3539 682 3563 ideo
701 3546 759 3563 eam
782 3537 958 3571 praetermittit
975 3545 996 3562 s.
1007 3538 1110 3562 Doctor.

353 3574 380 3609 τ)
400 3574 550 3608 Intelligere
569 3574 687 3599 divinum
707 3578 733 3599 et
757 3574 820 3598 velle
838 3573 894 3598 eius
917 3576 957 3598 est
975 3573 1059 3605 ipsum
1078 3579 1133 3598 esse
1152 3572 1244 3604 ipsius,
1271 3579 1365 3604 nempe

299 3609 385 3635 Dei.—-
398 3618 418 3635 1.
438 3618 500 3643 ergo
519 3610 661 3643 intelligere
680 3615 705 3634 et
725 3609 882 3641 intelligibile
907 3609 1021 3633 divinum
1041 3607 1236 3641 comprehendit
1259 3614 1364 3632 omnem

299 3645 476 3678 cognitionem·
489 3651 514 3671 et
527 3653 605 3671 omne
619 3645 806 3678 cognoscibile;
819 3651 842 3669 2.
854 3651 917 3676 ergo
931 3644 998 3669 velle
1013 3649 1039 3669 et
1052 3643 1159 3668 volitum
1171 3642 1285 3667 divinum
1295 3650 1366 3667 com-

1430 380 1511 404 esse
1531 381 1609 406 non
1627 377 1771 419 potest3
1800 369 1951 407 videtur
1980 382 2068 418 ergo
2098 371 2202 419 quod
2235 371 2365 408 omnia
2393 385 2490 421 quae

1427 422 1524 467 vult,
1555 435 1599 459 ex
1628 423 1848 460 necessitate
1877 423 2063 461 eveniant.

1486 476 1543 512 18.
1557 477 1773 513 Procedunt
1783 484 1910 513 autem
1920 477 1992 513 hae
2004 476 2235 513 obiectiones
2255 489 2299 513 ex
2320 490 2365 513 eo
2386 478 2490 526 quod

1427 528 1589 574 cognitio
1607 529 1722 566 divini
1733 529 1939 567 intellectus
1956 537 1991 566 et
2006 530 2176 579 operatio
2193 530 2342 567 divinae
2353 532 2488 567 volun-

1426 581 1509 617 tatis
1531 590 1738 630 pensantur
1762 583 1810 620 ad
1836 583 1997 620 modum
2024 596 2175 630 eorum,
2197 595 2294 632 quae
2318 583 2356 619 in
2378 583 2488 620 nobis

1426 642 1523 680 sunt,
1545 647 1633 672 cum
1653 643 1781 672 tamen
1801 637 1920 672 multo
1941 636 2167 673 dissimiliter
2185 649 2224 673 se
2244 637 2410 673 habeant
2431 641 2458 673 P.

1485 700 1541 735 19.
1572 689 1675 725 Nam
1707 689 1832 738 primo
1866 689 2020 738 quidem
2055 702 2099 726 ex
2126 697 2232 739 parte
2266 689 2487 737 cognitionis

1424 741 1486 776 vel
1519 741 1694 778 scientiae
1720 742 2037 779 considerandum
2067 750 2122 779 est
2150 742 2254 792 quod
2280 743 2328 780 ad
2348 755 2487 790 cogno-

1425 794 1608 831 scendum
1648 807 1692 831 ea
1733 807 1829 843 quae
1865 795 2075 832 secundum
2104 795 2277 832 ordinem
2305 795 2487 845 temporis

1425 847 1623 893 eveniunt,
1658 847 1762 884 aliter
1790 860 1829 884 se
1857 848 1971 884 habet
1998 848 2055 884 vis
2085 848 2358 896 cognoscitiva,
2389 861 2486 897 quae

1424 899 1494 935 sub
1524 900 1656 937 ordine
1685 900 1866 948 temporis
1895 901 2100 949 aliqualiter
2129 901 2353 948 continetur,
2384 901 2488 938 aliter

1423 951 1483 988 illa
1526 964 1624 1000 quae
1661 949 1821 989 totaliter
1861 961 1915 990 est
1949 961 2051 990 extra
2084 954 2256 990 ordinem
2290 954 2484 1003 temporis.

1424 1005 1542 1041 Cuius
1563 1006 1779 1054 exemplum
1809 1006 2039 1042 conveniens
2069 1007 2186 1055 accipi
2204 1014 2328 1055 potest
2357 1020 2401 1044 ex
2425 1019 2484 1044 or-

1424 1057 1509 1094 dine
1543 1058 1638 1094 loci:
1676 1070 1766 1095 narn
1805 1059 2015 1095 secundum
2053 1059 2328 1108 Philosophum
2362 1060 2399 1097 in
2433 1061 2485 1097 IV

1420 1110 1670 1158 Pitysicorum
1685 1112 1716 1157 ²¹³,
1738 1111 1948 1148 secundum
1963 1112 2066 1160 prius
2083 1119 2119 1148 et
2132 1113 2318 1161 posterius
2342 1113 2379 1149 in
2404 1125 2483 1151 ma-

1421 1163 1613 1210 gnitudine
1648 1171 1702 1200 est
1729 1163 1832 1212 prius
1867 1171 1902 1200 et
1933 1164 2119 1213 posterius
2147 1165 2185 1206 in
2214 1173 2320 1202 motu
2354 1173 2390 1202 et
2415 1178 2484 1215 per

1422 1228 1659 1264 consequens
1688 1216 1725 1253 in
1745 1224 1928 1265 tempore.
1961 1218 1999 1254 Si
2021 1230 2108 1265 ergo
2139 1218 2210 1254 sint
2232 1218 2337 1255 multi
2360 1219 2482 1255 homi-

1421 1281 1487 1306 nes
1506 1281 1575 1317 per
1593 1269 1697 1306 viam
1718 1269 1883 1318 aliquam
1903 1277 2148 1317 transeuntes,
2175 1271 2328 1320 quilibet
2349 1284 2482 1308 eorum

1420 1322 1484 1371 qui
1504 1323 1575 1359 sub
1596 1322 1728 1359 ordine
1749 1323 2021 1360 transeuntium
2052 1324 2262 1361 continetur
2286 1325 2401 1361 habet
2420 1338 2482 1361 co-

1418 1375 1626 1424 gnitionem
1660 1376 1706 1412 de
1720 1374 2038 1425 'praecedentibus
2059 1385 2095 1414 et
2113 1377 2429 1425 subsequentibus
2451 1379 2481 1426 *,

1418 1429 1456 1466 in
1485 1437 1668 1478 quantum
1704 1437 1791 1466 sunt
1816 1430 2086 1478 praecedentes
2121 1438 2157 1467 et
2193 1431 2482 1480 subsequentes;

1419 1483 1523 1531 quod
1550 1482 1711 1532 pertinet
1739 1483 1787 1520 ad
1816 1483 1990 1520 ordinem
2019 1483 2101 1520 loci.
2137 1484 2186 1520 Et
2213 1483 2299 1521 ideo
2329 1484 2483 1532 quilibet

1419 1548 1554 1573 eorum
1573 1536 1678 1573 videt
1706 1548 1785 1583 eos,
1815 1536 1878 1585 qui
1907 1536 2008 1573 iuxta
2027 1549 2068 1573 se
2088 1544 2174 1573 sunt
2198 1544 2234 1573 et
2253 1537 2399 1586 aliquos
2419 1549 2482 1574 eo-

1419 1601 1504 1626 rum
1533 1589 1597 1639 qui
1627 1602 1694 1626 eos
1721 1590 1974 1638 praecedunt;
2005 1602 2071 1626 eos
2095 1598 2223 1627 autem
2252 1590 2316 1638 qui
2334 1598 2423 1639 post
2442 1603 2482 1627 se

1418 1651 1505 1680 sunt
1531 1642 1661 1679 videre
1690 1655 1768 1679 non
1795 1650 1930 1691 potest.
1962 1643 2000 1679 Si
2034 1650 2160 1680 autem
2191 1651 2288 1680 esset
2312 1643 2444 1692 aliquis
2463 1643 2484 1665 '¹‘

1419 1704 1522 1733 extra
1549 1703 1672 1733 totum
1693 1696 1866 1733 ordinem
1890 1696 2175 1742 transeuntium,
2205 1704 2337 1745 utpote
2361 1697 2399 1734 in
2420 1697 2482 1733 ali-

1419 1763 1494 1799 qua
1523 1750 1668 1786 excelsa
1696 1749 1786 1786 turri
1815 1749 2047 1795 constitutus,
2076 1749 2179 1786 unde
2206 1757 2336 1798 posset
2363 1758 2482 1787 totam

1418 1804 1522 1840 viam
1541 1803 1672 1840 videre
1686 1807 1715 1850 ²,
1735 1802 1880 1839 videret
1901 1802 2056 1852 quidem
2080 1803 2191 1839 simul
2211 1815 2345 1840 omnes
2364 1803 2402 1840 in
2420 1803 2483 1840 via

1419 1981 1555 2015 prehendit
1568 1989 1674 2006 omnem
1689 1980 1830 2013 appetitum
1844 1985 1869 2005 et
1883 1987 1961 2004 omne
1975 1979 2120 2013 appetibile3
2138 1980 2160 2004 3.
2175 1988 2237 2013 ergo
2251 1981 2375 2014 quidquid
2386 1986 2426 2006 est
2439 1989 2482 2006 co-

1419 2017 1560 2049 gnoscibile
1579 2016 1743 2049 cognoscitur
1766 2024 1780 2041 a
1803 2016 1859 2041 Deo
1866 2022 1873 2045 ;
1892 2023 1918 2047 4.
1937 2023 1998 2047 ergo
2019 2015 2143 2048 quidquid
2163 2021 2202 2040 est
2226 2016 2324 2041 bonum
2350 2017 2415 2041 cadit
2433 2017 2482 2042 sub

1419 2053 1504 2077 divina
1522 2053 1666 2082 voluntate3
1683 2051 1706 2076 5.
1721 2059 1783 2084 ergo
1802 2051 1927 2084 quidquid
1941 2056 1980 2076 est
1995 2059 2040 2075 ens
2055 2059 2069 2075 a
2082 2051 2175 2075 virtute
2189 2051 2270 2076 activa
2283 2052 2330 2076 Dei
2344 2052 2482 2084 attingitur.

1419 2089 1484 2113 Istae
1503 2088 1636 2118 illationes,
1652 2094 1717 2120 quas
1736 2086 1811 2111 infert
1823 2086 1970 2118 Angelicusy
1981 2086 2062 2118 logice
2075 2091 2260 2111 connectuntur
2274 2087 2398 2120 principio
2411 2088 2482 2120 quod

1419 2124 1560 2156 intelligere
1579 2128 1604 2148 et
1621 2124 1690 2148 velle
1709 2122 1755 2147 Dei
1774 2128 1834 2147 sunt
1851 2122 1938 2154 ipsum
1957 2129 2015 2146 esse
2033 2121 2123 2154 ipsius.

1472 2160 1497 2193 υ)
1516 2159 1603 2184 Causa
1617 2158 1734 2184 omnium
1749 2165 1816 2190 quae
1830 2158 1855 2182 in
1871 2157 1919 2182 hoc
1933 2157 2031 2182 mundo
2045 2157 2169 2182 accidunt
2182 2162 2229 2182 etc.
2238 2171 2259 2177 -
2268 2158 2332 2182 Cod.
2341 2159 2377 2182 A:
2391 2165 2481 2187 causa,

1417 2195 1474 2219 sine
1488 2202 1540 2227 qua
1553 2194 1579 2219 in
1593 2194 1641 2219 hoc
1655 2193 1754 2218 mundo
1769 2200 1820 2218 non
1835 2193 1960 2218 accidunt
1977 2192 2074 2224 aliqua.
2095 2193 2191 2217 Eadem
2207 2197 2246 2217 est
2259 2193 2391 2218 sententia.
2401 2193 2480 2218 —Alii

1419 2230 1493 2255 codd.
1503 2230 1599 2255 habent
1609 2230 1744 2254 lectionem
1760 2228 1971 2253 Pianam.-1nfra
1984 2235 2046 2252 vero
2062 2226 2098 2261 (et
2112 2228 2150 2253 ita
2164 2235 2195 2252 ea
2210 2235 2277 2260 quae
2290 2228 2345 2260 ipse
2358 2229 2408 2253 scit
2421 2228 2480 2261 etc.)

1418 2266 1475 2290 cod.
1487 2266 1507 2290 Β
1523 2265 1634 2290 absurde
1649 2264 1722 2297 legit:
1738 2267 1765 2289 et
1788 2264 1826 2289 ita
1845 2263 1967 2292 essentia,
1981 2270 2048 2295 quae
2067 2263 2121 2295 ipse
2138 2263 2181 2292 sit,
2201 2263 2307 2288 videtur
2325 2271 2426 2289 necesse
2443 2264 2482 2289 sic

1418 2308 1530 2326 evenire.

1471 2335 1499 2369 φ)
1519 2336 1671 2361 Procedunt
1684 2338 1772 2360 autem
1787 2334 1836 2359 hae
1850 2334 2006 2359 obiectiones
2021 2339 2067 2358 etc.
2083 2333 2160 2358 Hisce
2170 2333 2258 2366 paucis
2271 2334 2357 2359 verbis
2376 2342 2398 2359 s.
2408 2334 2480 2359 Tho-

1418 2379 1474 2396 mas
1492 2371 1570 2396 veluti
1590 2371 1668 2403 digito
1687 2370 1779 2395 indicat
1802 2370 1914 2394 radicem
1934 2377 2049 2394 errorum
2073 2369 2198 2399 omnium,
2218 2369 2261 2402 qui
2282 2370 2314 2394 de
2333 2369 2437 2394 scientia
2456 2375 2481 2394 et

1417 2407 1548 2431 voluntate
1566 2406 1613 2431 Dei
1630 2406 1655 2430 in
1673 2405 1763 2430 ordine
1788 2406 1819 2430 ad
1843 2405 1983 2429 humanam
2009 2404 2151 2429 libertatem
2176 2404 2207 2428 ab
2233 2404 2381 2429 hominibus
2406 2412 2480 2429 exco-

1417 2442 1487 2474 gitati
1510 2447 1577 2467 sunt.
1597 2441 1670 2471 Quae
1689 2449 1710 2466 s.
1721 2441 1839 2465 Thomae
1863 2440 1988 2465 sententia
2006 2440 2031 2464 in
2050 2447 2078 2464 re
2100 2439 2252 2472 gravissima
2271 2445 2310 2464 est
2328 2440 2479 2470 manifesta,

1417 2478 1439 2502 si
1458 2477 1581 2510 principia
1595 2477 1654 2502 alibi
1669 2477 1795 2501 declarata
1808 2476 1834 2500 in
1853 2481 1967 2500 mentem
1982 2482 2142 2500 revocemus.
2157 2475 2258 2499 Dictum
2274 2480 2313 2499 est
2327 2475 2395 2500 enim
2410 2476 2480 2508 quod

1417 2520 1474 2542 ens,
1493 2513 1524 2537 de
1543 2513 1598 2537 Deo
1617 2512 1790 2544 praedicatum
1810 2517 1835 2536 et
1857 2512 1889 2535 de
1908 2510 2028 2535 creaturis
2047 2510 2073 2534 in
2096 2510 2326 2543 propositionibus,
2347 2511 2420 2535 Deus
2442 2514 2482 2535 est

1417 2556 1476 2577 ens,
1495 2551 1621 2573 creatura
1643 2551 1683 2572 est
1705 2554 1767 2576 ens,
1793 2554 1845 2571 non
1869 2546 1977 2571 univoce
2001 2546 2091 2570 dicitur
2109 2546 2141 2570 de
2165 2553 2218 2570 uno
2243 2551 2268 2570 et
2286 2546 2318 2571 de
2341 2546 2410 2576 aliis,
2434 2546 2481 2571 sed

1418 2576 1584 2608 solummodd
1603 2583 1734 2615 analogice
1749 2580 1818 2615 (lect.
1832 2589 1857 2612 v,
1873 2590 1897 2606 n.
1917 2589 1954 2614 19,
1970 2586 2029 2606 nota
2048 2579 2080 2615 Ε).
2097 2581 2169 2611 Quae
2182 2581 2275 2605 veritas
2292 2586 2321 2605 ut
2341 2581 2416 2606 etiam
2435 2589 2480 2606 vo-

1417 2619 1509 2644 cabulo
1523 2619 1580 2651 ipso
1594 2618 1747 2643 indicaretur
1760 2617 1784 2642 in
1804 2617 1908 2642 scientia
1922 2616 2073 2649 theologica,
2093 2616 2242 2641 Scholastici
2262 2616 2378 2641 dicebant
2396 2617 2480 2641 Deum

1417 2662 1477 2680 esse
1489 2661 1635 2686 super-ens,
1649 2653 1881 2685 super-essentiam
1897 2657 1958 2677 etc-2
1973 2658 1999 2677 ut
2012 2659 2106 2684 nempe
2120 2651 2169 2676 hoc
2184 2652 2262 2676 modo
2284 2652 2348 2676 ran'o
2368 2652 2433 2676 entis
2448 2652 2480 2676 de

1417 2690 1473 2715 Deo
1493 2694 1591 2714 asserta
1610 2689 1789 2714 ostenderetur
1813 2688 1912 2712 diversa
1935 2695 1950 2712 a
1968 2687 2065 2712 ratione
2089 2687 2153 2712 entis
2173 2687 2292 2712 creaturis
2310 2687 2410 2712 tributa.
2429 2687 2480 2712 Sed

1418 2725 1488 2758 quod
1503 2725 1592 2750 dicitur
1607 2725 1638 2750 de
1652 2727 1719 2753 ente,
1734 2724 1802 2748 idem
1821 2723 1928 2748 omnino
1942 2723 2077 2747 dicendum
2093 2727 2132 2747 est
2146 2723 2177 2747 de
2197 2723 2252 2747 aliis
2264 2730 2330 2754 quae
2344 2728 2399 2746 tum
2414 2722 2478 2752 Deo,

1417 2766 1473 2786 tum
1491 2760 1613 2785 creaturis
1631 2760 1789 2784 tribuuntur:
1809 2759 1949 2783 absurdum
1966 2758 2035 2783 enim
2049 2763 2118 2782 esset
2137 2765 2234 2791 ponere
2248 2758 2318 2790 quod
2331 2758 2395 2782 ratio
2415 2757 2480 2782 entis

1417 2804 1470 2821 non
1484 2796 1600 2826 univoca,
1610 2796 1656 2820 sed
1676 2795 1841 2820 solummodo
1860 2795 1966 2826 analoga
1981 2799 2020 2818 est
2038 2794 2092 2818 Deo
2111 2798 2136 2818 et
2155 2793 2283 2823 creaturis,
2300 2798 2325 2817 et
2342 2793 2419 2817 simul
2439 2800 2479 2817 as-

1418 2839 1504 2857 serere
1523 2831 1593 2864 quod
1615 2830 1679 2855 ratio
1697 2837 1806 2859 causae,
1825 2829 1983 2863 cognitionis
2003 2834 2049 2853 etc.
2074 2833 2128 2852 tum
2154 2829 2209 2852 Deo
2227 2833 2282 2852 turn
2307 2828 2427 2853 creaturis
2447 2827 2480 2852 sit

1417 2867 1538 2892 univoca:
1553 2867 1617 2891 ratio
1631 2866 1700 2891 enim
1719 2866 1787 2890 entis
1801 2870 1826 2890 et
1844 2865 1906 2889 ratio
1920 2871 2015 2890 causae
2029 2869 2088 2888 sunt
2102 2864 2203 2888 realiter
2216 2871 2266 2887 una
2281 2864 2422 2895 eademque
2436 2870 2478 2888 res

1417 2903 1442 2927 in
1456 2903 1520 2927 Deo.
1540 2902 1609 2927 Sicut
1623 2909 1685 2933 ergo
1703 2901 1759 2926 Deo
1777 2901 1841 2925 ratio
1855 2900 1919 2925 entis
1935 2900 2052 2924 convenit
2072 2900 2150 2923 modo
2169 2898 2326 2923 convenienti
2343 2898 2396 2922 eius
2416 2898 2479 2922 divi—

1417 2946 1465 2962 nae
1479 2943 1590 2967 naturae,
1601 2937 1634 2961 ita
1649 2937 1727 2961 modo
1746 2935 1904 2961 convenienti
1926 2935 2024 2959 divinae
2043 2940 2146 2959 naturae
2165 2934 2282 2958 convenit
2295 2933 2350 2957 Deo
2369 2933 2478 2965 cognitio

1417 2974 1562 2998 intellectus
1577 2978 1603 2997 et
1615 2971 1730 3004 operatio
1744 2971 1890 2996 voluntatis.
1902 2971 1977 3000 Quod
1992 2970 2013 2994 si
2028 2977 2135 3002 quaeras
2150 2969 2174 2993 in
2189 2977 2241 3001 quo
2256 2968 2378 2993 consistat
2390 2968 2478 2992 huius-

1418 3009 1487 3034 modi
1507 3006 1615 3033 modus?
1634 3007 1779 3040 respondeo
1798 3007 1823 3031 in
1843 3005 1970 3030 infinitate.
1989 3006 2058 3030 Deus
2073 3010 2112 3029 est
2131 3012 2176 3029 ens
2195 3012 2209 3028 a
2224 3012 2260 3034 se,
2275 3009 2300 3028 et
2318 3003 2376 3028 ideo
2395 3002 2477 3027 infini-

1417 3050 1459 3069 tus
1474 3049 1499 3068 et
1513 3043 1728 3075 simplicissimus,
1740 3042 1772 3067 ita
1786 3047 1814 3066 ut
1825 3041 1949 3074 quidquid
1963 3041 1987 3065 in
2003 3040 2058 3065 Deo
2073 3045 2119 3069 est,
2130 3039 2163 3064 sit
2176 3038 2271 3063 infinita
2286 3038 2477 3071 simplicissima

1419 3079 1503 3104 divina
1523 3078 1641 3103 essentia.
1656 3078 1725 3110 Ergo
1744 3077 1808 3102 sicut
1826 3077 1896 3102 Deus
1916 3081 1954 3100 est
1970 3083 2015 3100 sua
2029 3075 2139 3100 essentia
2163 3074 2242 3099 modo
2260 3073 2371 3104 infinito,
2386 3074 2420 3098 ita
2438 3078 2479 3098 est

1418 3123 1465 3139 sua
1489 3114 1599 3146 cognitio
1619 3118 1644 3138 et
1662 3121 1718 3146 sua,
1733 3113 1847 3145 operatio
1871 3112 1950 3136 modo
1975 3109 2085 3140 infinito,
2111 3110 2160 3134 hoc
2180 3115 2218 3134 est
2237 3108 2332 3133 infinite
2352 3109 2477 3134 excedens

1419 3150 1525 3174 modum
1544 3149 1679 3177 essentiae,
1694 3148 1852 3181 cognitionis
1871 3152 1896 3172 et
1910 3146 2070 3178 operationis
2085 3145 2195 3169 hominis
2215 3150 2240 3169 et
2254 3144 2389 3169 cuiuslibet
2408 3151 2477 3168 crea-

1418 3191 1497 3214 turae,
1512 3192 1579 3216 quae
1593 3183 1694 3208 nonnisi
1707 3183 1813 3207 limitato
1829 3183 1906 3207 modo
1921 3181 2020 3214 sibique
2035 3180 2192 3205 convenienti
2207 3185 2233 3204 et
2246 3183 2285 3204 est
2299 3185 2323 3204 et
2342 3179 2478 3212 cognoscit

1418 3226 1443 3245 et
1461 3222 1596 3251 operatur.
1616 3219 1689 3248 Quae
1708 3226 1767 3243 cum
1786 3217 1819 3242 ita
1838 3217 1895 3247 sint,
1915 3224 1992 3241 nemo
2011 3224 2061 3240 non
2077 3216 2146 3240 videt
2164 3223 2215 3239 non
2230 3222 2308 3247 posse
2322 3214 2377 3238 sine
2391 3221 2477 3238 errore

1418 3255 1488 3287 argui
1503 3262 1533 3279 ex
1548 3254 1627 3278 modo
1641 3253 1751 3283 essendi,
1766 3252 1937 3285 cognoscendi
1952 3257 1977 3276 et
1988 3251 2110 3284 operandi
2125 3251 2150 3275 in
2165 3250 2294 3279 creaturis,
2310 3249 2416 3274 modum
2436 3256 2477 3273 es-

1418 3290 1498 3319 sendi,
1509 3289 1679 3321 cognoscendi
1694 3294 1719 3313 et
1728 3288 1850 3320 operandi
1860 3287 1885 3311 in
1895 3288 1951 3311 Deo
1963 3287 2017 3311 sive
2027 3286 2052 3310 in
2065 3286 2159 3318 seipso,
2170 3285 2223 3310 sive
2235 3285 2262 3309 in
2271 3284 2392 3317 operibus
2407 3291 2477 3308 crea·

1417 3326 1449 3350 tis
1480 3332 1546 3357 quae
1571 3324 1668 3348 ratione
1692 3329 1790 3353 carent,
1810 3323 1864 3347 sive
1889 3322 1999 3354 denique
2028 3322 2053 3346 in
2078 3320 2199 3346 creaturis
2223 3327 2288 3352 quae
2307 3319 2387 3343 libero
2410 3319 2476 3343 arbi-

1418 3360 1466 3385 trio
1489 3365 1549 3384 sunt
1571 3359 1713 3391 praeditae:
1733 3366 1792 3382 nam
1811 3358 1832 3382 si
1852 3357 1910 3390 quis
1923 3357 1972 3381 hoc
1985 3357 2063 3381 modo
2076 3361 2200 3388 argueret,
2216 3355 2300 3379 Deum
2315 3354 2380 3378 intra
2393 3361 2476 3386 genus

1418 3403 1505 3420 rerum
1530 3399 1671 3418 creatarum
1695 3398 1847 3422 coarctaret,
1863 3392 2021 3425 proindeque
2044 3392 2128 3416 Deum
2148 3391 2234 3423 ipsum
2259 3394 2370 3421 negaret.
2395 3389 2476 3413 Porro

1418 3430 1468 3455 hoc
1487 3430 1571 3462 ipsum
1596 3429 1702 3458 faciunt,
1722 3428 1765 3460 qui
1783 3435 1813 3452 ex
1828 3427 1911 3451 divina
1925 3426 2098 3456 Providentia,
2117 3433 2211 3458 nempe
2235 3432 2266 3449 ex
2285 3424 2332 3449 Dei
2351 3423 2476 3448 infallibili

1419 3464 1585 3498 praescientia
1604 3469 1628 3488 et
1653 3462 1827 3488 efficacissima
1845 3462 1992 3494 operatione
2020 3461 2112 3486 inferre
2131 3465 2254 3485 conantur
2276 3459 2346 3484 fatali
2363 3459 2477 3484 necessi-

1419 3500 1461 3529 tati
1481 3507 1569 3524 causas
1589 3503 1686 3523 creatas
1710 3498 1801 3522 liberas
1821 3505 1879 3522 esse
1897 3496 2027 3521 obnoxias.

1470 3534 1500 3569 χ)
1516 3534 1590 3559 Unde
1594 3537 1685 3566 posset
1694 3536 1777 3558 totam
1788 3533 1857 3557 viam
1868 3532 1956 3556 videre
1970 3536 2030 3556 etc.-
2037 3531 2130 3556 Cod.A
2138 3530 2210 3562 legit:
2218 3539 2232 3554 ‹
2244 3530 2318 3555 Unde
2327 3534 2416 3562 posset
2424 3534 2477 3554 tota

1421 3579 1434 3594 >
1449 3570 1490 3595 via
1508 3570 1566 3594 inde
1580 3569 1667 3599 videri,
1678 3568 1897 3601 quemadmodum
1912 3567 1987 3591 simul
2000 3574 2092 3591 omnes
2111 3566 2136 3590 in
2150 3566 2190 3590 via
2205 3566 2339 3590 existentes
2354 3573 2406 3589 non
2418 3569 2478 3589 sunt

1420 3615 1434 3629 ι
1449 3606 1475 3630 in
1493 3605 1590 3630 ratione
1609 3603 1783 3637 praecedentis
1805 3603 1846 3627 vel
1870 3602 2050 3635 subsequentis
2069 3601 2105 3635 (in
2125 3601 2313 3633 comparatione
2331 3600 2427 3625 scilicet
2445 3600 2477 3624 ad

1420 3650 1434 3665 ¹>
1450 3641 1504 3666 eius
1523 3639 1669 3672 intuitum),
1689 3639 1735 3664 sed
1754 3638 1830 3663 simul
1855 3645 1946 3662 omnes
1964 3637 2062 3662 videret
2080 3636 2127 3661 nisi
2146 3636 2278 3669 quomodo
2301 3643 2368 3660 unus
2386 3643 2477 3660 eorum

2511 1123 2519 1131 ¹
2531 1122 2587 1149 Cap.
2596 1129 2618 1144 x1
2630 1123 2667 1148 [al.
2677 1126 2721 1149 xvn

2510 1150 2721 1198 satiabit&

2509 1208 2566 1223 xvn.

2508 1382 2516 1390 ·
2528 1386 2567 1401 ac:
2594 1381 2721 1403 succeden-

2509 1407 2577 1428 tibus.

2510 1649 2610 1677 'Aliquis
2617 1656 2644 1670 ex
2652 1649 2720 1671 codd.
