2788 4204
67 441 77 450 ”
85 439 128 462 Ed.
136 439 189 462 Did.
197 439 278 466 1ib.111,

67 466 282 541 fifgfillsliiissssfft

67 526 80 541 e
104 526 127 542 u.

63 862 280 912 aaa-wm-

63 1079 75 1089 ‘
81 1083 104 1101 A:
109 1079 199 1101 scilicet
207 1079 277 1107 quod.

22 1278 27 1283 ¹
61 1289 249 1317 ‘Lea-unm&

1195 299 1306 336 CAP.
1337 301 1390 348 Χ,
1421 299 1572 337 LECT.
1604 301 1617 337 1

309 374 546 424 simpliciter,
567 374 635 411 sed
663 374 875 411 secundum
905 375 1016 424 quid,
1043 376 1139 413 idest
1167 378 1377 414 secundum

309 428 508 473 rationem,
528 435 570 464 ut
587 434 690 476 patet
704 427 742 463 in
763 428 813 464 IV
832 429 1120 477 Metaphysicae
1134 430 1165 476 *,
1196 430 1245 467 ita
1265 432 1377 468 etiarn

307 481 457 530 negatio
488 487 543 517 est
569 492 692 517 unum
712 481 925 518 secundum
954 482 1056 531 quid,
1083 483 1221 520 scilicet
1245 497 1377 521 secun-

309 534 402 572 dum
431 533 630 571 rationem.
654 534 861 571 Introducit
889 543 1016 572 autern
1045 537 1137 582 1106,
1168 549 1214 573 116
1244 538 1377 587 aliquis

308 587 407 624 dicat
435 587 540 636 quod
573 587 794 634 affirmatio,
822 588 860 625 in
894 601 969 637 qua
1007 589 1200 627 subiicitur
1234 603 1377 628 nomen

306 640 508 687 infinitum,
529 652 608 677 non
636 640 820 688 significet
838 654 960 679 unum
986 642 1032 679 de
1061 655 1152 691 uno,
1174 645 1280 692 quasi
1309 658 1376 682 no—

307 706 397 731 men
425 693 615 730 infinitum
644 707 723 731 non
751 695 934 743 significet
961 708 1094 733 unum.

359 758 397 794 4.
418 747 566 784 Deinde
588 760 676 784 cum
697 748 801 785 dicit:
822 749 908 785 Erit
925 750 1046 786 omnis
1065 751 1271 798 affirmatio
1293 759 1374 799 etc„

307 800 498 837 concludit
515 801 756 850 propositum
777 802 916 839 scilicet
935 803 1040 851 quod
1061 803 1198 852 duplex
1219 811 1274 840 est
1293 817 1375 842 mo-

307 853 378 890 dus
406 854 668 891 affirmationis
681 855 713 890 ³⁸.
736 855 938 902 Quaedam
959 856 1060 892 enim
1078 864 1132 892 est
1160 857 1374 905 affirmatio,

306 918 405 955 quae
435 915 580 944 constat
609 920 653 944 ex
681 909 837 945 nomine
868 917 903 946 et
929 910 1069 955 verbo;
1091 910 1281 958 quaedam
1310 924 1374 948 au-

306 967 384 996 tern
406 969 460 998 est
480 973 577 1009 quae
599 970 744 999 constat
769 974 813 998 ex
833 961 981 998 infinito
1002 963 1156 999 nomine
1178 971 1214 999 et
1240 965 1373 1002 verbo.

306 1014 356 1050 Et
382 1014 457 1050 hoc
485 1013 655 1062 sequitur
682 1028 728 1052 ex
755 1016 830 1051 hoc
863 1015 968 1063 quod
1001 1028 1115 1064 supra
1149 1015 1291 1053 dictum
1321 1026 1376 1054 est

306 1067 412 1116 quod
426 1068 446 1089 *
459 1068 545 1114 1106,
563 1067 610 1104 de
625 1081 702 1116 quo
719 1068 921 1104 affirmatio
937 1068 1079 1117 aliquid
1098 1068 1292 1116 significat,
1313 1072 1374 1107 vel

307 1128 362 1159 est
389 1132 533 1157 nomen
557 1121 619 1157 vel
639 1121 930 1158 innominatum.
959 1122 1008 1158 Et
1034 1122 1168 1158 eadem
1199 1122 1373 1160 differen-

305 1174 356 1211 tia
374 1181 499 1223 potest
518 1173 636 1222 accipi
666 1186 711 1210 ex
730 1182 835 1223 parte
856 1174 1078 1222 negationis,
1095 1174 1183 1223 quia
1212 1175 1259 1212 de
1280 1188 1374 1224 quo-

306 1239 455 1275 cunque
485 1226 665 1273 contingit
693 1227 904 1273 affirmare,
936 1227 1115 1275 contingit
1150 1235 1185 1264 et
1213 1241 1372 1277 negare,

303 1287 345 1317 ut
372 1280 410 1317 in
438 1280 567 1316 Primo
595 1279 768 1317 habiturn
798 1288 853 1317 est
867 1280 898 1316 ⁹¹².

362 1334 394 1371 5.
415 1332 564 1370 Deinde
581 1345 669 1369 cum
685 1333 789 1370 dicit:
806 1335 963 1370 Praeter
976 1334 1133 1370 verbum
1150 1341 1231 1380 etc„
1249 1343 1373 1372 osten-

226 1419 252 1422 .-
282 1386 479 1436 ditquod
493 1386 704 1424 differentia
720 1386 1029 1423 enunciationum
1041 1399 1118 1423 non
1133 1394 1259 1436 potest
1273 1390 1372 1426 sumi

61 1473 72 1484 ⁸
81 1448 274 1500 ub.1‚⁷iect.vm,

58 1509 87 1528 ι.
95 1503 120 1527 8.

59 1553 274 1602 ἔξαψις-ι

303 1452 349 1477 ex
370 1447 476 1489 parte
499 1439 608 1476 verbi
626 1444 652 1476 η.
681 1439 836 1476 Dictum
861 1447 916 1476 est
945 1439 1046 1476 enirn
1071 1453 1185 1490 supra
1209 1442 1229 1460 ⁴*
1249 1443 1371 1491 quod,

301 1500 451 1543 praeter
477 1493 642 1529 verbum
668 1493 770 1530 nulla
798 1500 854 1530 est
882 1493 1084 1529 affirmatio
1119 1495 1179 1531 vel
1208 1495 1369 1543 negatio.

302 1547 432 1584 Potest
461 1546 563 1583 enim
583 1547 603 1566 ⁴⁹
621 1553 771 1595 praeter
790 1559 934 1583 nomen
955 1558 1036 1582 esse
1056 1547 1181 1595 aliqua
1206 1548 1371 1585 affirma-

301 1600 354 1637 tio
382 1599 444 1636 vel
473 1599 635 1647 negatio,
655 1599 831 1636 videlicet
850 1599 880 1636 si
908 1606 1073 1648 ponatur
1092 1601 1176 1637 loco
1206 1602 1371 1640 nominis

302 1653 493 1690 infinitum
522 1664 683 1689 nomen:
714 1653 799 1689 loco
829 1660 958 1689 autem
990 1652 1097 1689 verbi
1127 1653 1164 1690 in
1194 1655 1370 1692 enuncia-

301 1706 404 1744 tione
433 1718 512 1743 non
535 1713 660 1755 potest
678 1706 771 1755 poni
799 1705 988 1742 infinitum
1016 1706 1200 1754 verbum,
1232 1708 1371 1757 duplici

302 1758 459 1796 ratione.
476 1780 500 1786 -
516 1759 647 1795 Primo
673 1758 841 1807 quidem,
867 1758 956 1807 quia
984 1758 1172 1796 infinitum
1206 1762 1369 1798 verbum

303 1812 539 1849 constituitur
571 1824 641 1860 per
674 1812 908 1849 additionem
942 1811 1108 1849 infinitae
1139 1813 1368 1861 particulae,

302 1877 400 1914 quae
416 1865 572 1914 quidem
587 1864 715 1902 addita
729 1865 849 1901 verbo
872 1877 946 1913 per
958 1876 998 1901 se
1026 1865 1137 1912 dicto,
1158 1865 1254 1903 idest
1269 1875 1370 1904 extra

303 1917 608 1955 enunciationem
636 1917 782 1966 posito,
813 1926 988 1955 removet
1015 1917 1142 1967 ipsum
1176 1919 1367 1970 absolute,

256 1982 260 1985 ·
301 1970 397 2008 sicut
411 1970 538 2008 addita
557 1970 717 2017 nomini,
739 1978 914 2007 removet
932 1971 1098 2008 formam
1118 1972 1283 2010 nominis
1303 1974 1368 2010 ab·

301 2024 440 2061 solute:
462 2031 499 2060 et
526 2023 613 2060 ideo
644 2030 746 2060 extra
766 2024 1072 2062 enunciationem
1097 2033 1222 2074 potest
1250 2027 1368 2076 accipi

261 2097 272 2102 -
299 2077 464 2115 verbum
492 2077 683 2114 infinitum
701 2077 720 2098 *
746 2089 815 2125 per
844 2077 1006 2115 modurn
1035 2078 1147 2115 unius
1177 2079 1366 2127 dictionis,

265 2159 271 2171 ‚
299 2130 396 2168 sicut
415 2138 451 2167 et
464 2142 608 2167 nomen
623 2130 812 2167 infinitum
823 2131 854 2167 *.
872 2131 950 2168 Sed
969 2132 1122 2180 quando
1138 2133 1287 2181 negatio
1304 2134 1368 2171 ad-

301 2183 400 2221 ditur
425 2184 546 2220 verbo
585 2183 623 2220 in
658 2183 921 2221 enunciatione
949 2185 1095 2234 posito,
1124 2186 1273 2234 negatio
1307 2187 1367 2224 illa

300 2244 475 2274 removet
500 2237 665 2274 verbum
694 2237 741 2274 ab
753 2237 909 2290 AElffllss),
932 2245 968 2274 et
995 2238 1049 2275 sic
1077 2238 1163 2276 facit
1191 2240 1367 2278 enuncia-

299 2289 463 2327 tioffe‘n‘s
471 2290 686 2338 negativam
697 2285 832 2339 :vquod
851 2303 929 2327 non
958 2292 1092 2329 accidit
1111 2305 1155 2329 ex
1174 2301 1279 2341 parte
1300 2307 1367 2331 no-

299 2343 424 2381 minis.
446 2345 538 2380 Non
563 2343 664 2380 enim
686 2344 899 2381 enunciatio
921 2345 1081 2382 efficitur
1099 2347 1273 2394 negativa
1297 2348 1366 2384 nisi

260 2420 271 2424 -
298 2409 368 2446 per
386 2392 613 2446 hoc*quod
632 2405 789 2445 negatur
817 2398 1064 2446 compositio,
1099 2411 1197 2447 quae
1226 2400 1366 2449 impor-

299 2457 398 2487 tatur
416 2450 455 2486 in
473 2450 612 2487 verbo:
635 2458 671 2487 et
689 2451 776 2488 ideo
795 2451 960 2488 verbum
979 2451 1169 2490 infinitum
1189 2453 1227 2489 in
1247 2466 1364 2491 enun-

256 2504 263 2509 ’
300 2503 460 2540 ciatione
488 2503 656 2552 positum
683 2504 725 2540 fit
744 2505 907 2556 vaum
934 2505 1164 2552 negativum.
1182 2527 1206 2533 -
1222 2507 1364 2544 Secun-

299 2556 366 2602 do,
397 2556 486 2605 quia
513 2556 551 2593 in
579 2557 683 2594 nullo
702 2557 869 2594 variatur
895 2557 1034 2594 veritas
1072 2559 1364 2607 enunciationis,

297 2723 345 2749 per
361 2723 399 2746 se,
418 2715 464 2740 sed
479 2715 504 2739 in
519 2715 570 2740 alio
576 2723 583 2746 ;
603 2715 670 2739 sicut
683 2720 744 2740 sunt
756 2715 906 2748 qualitates,
924 2717 1078 2749 quantitates
1094 2723 1119 2742 et
1133 2718 1292 2743 substantiae
1306 2727 1365 2752 pro-

297 2751 426 2784 prietates.
452 2750 579 2781 Quartum
604 2756 690 2775 autem
709 2759 792 2783 genus
814 2756 866 2781 est,
888 2753 959 2784 quod
980 2757 1020 2777 est
1045 2752 1275 2785 perfectissimum,
1295 2755 1366 2787 quod

297 2786 395 2812 scilicet
408 2786 487 2820 habet
500 2794 560 2810 esse
574 2786 599 2810 in
615 2791 705 2811 natura
719 2787 819 2819 absque
834 2787 988 2812 admistione
1002 2788 1160 2821 privationis„
1176 2794 1201 2814 et
1215 2789 1292 2814 habet
1307 2798 1365 2814 esse

297 2821 402 2846 firmum
421 2826 447 2846 et
465 2821 593 2852 solidum,
613 2823 686 2854 quasi
711 2829 758 2854 per
780 2830 810 2846 se
829 2822 940 2847 existens
966 2828 991 2847 et
1015 2831 1068 2848 non
1087 2824 1113 2848 in
1132 2824 1195 2854 alio,
1215 2825 1281 2849 sicut
1305 2830 1366 2849 sunt

297 2857 463 2882 substantiae.
483 2857 516 2881 Et
534 2857 566 2881 ad
584 2857 634 2881 hoc
653 2855 764 2890 (nempe
789 2858 821 2882 ad
845 2858 1048 2891 substantiam),
1068 2859 1134 2884 sicut
1152 2860 1184 2884 ad
1208 2860 1320 2892 primum
1341 2866 1366 2885 et

298 2892 438 2926 principale
457 2891 543 2916 omnia
562 2892 610 2916 alia
628 2892 787 2918 referuntur:
807 2901 867 2917 nam
881 2893 1017 2926 qualitates
1032 2899 1058 2919 et
1072 2895 1227 2927 quantitates
1247 2896 1366 2920 dicuntur

298 2934 372 2957 esse,
391 2927 418 2951 in
437 2931 562 2959 quantum
580 2927 669 2952 insunt
687 2928 846 2953 substantiae
853 2936 860 2959 ;
880 2934 968 2953 motus
993 2934 1019 2954 et
1041 2930 1220 2962 generationes
1246 2931 1365 2956 dicuntur

298 2969 367 2992 esse,
386 2962 413 2986 in
431 2966 556 2994 quantum
575 2963 682 2988 tendunt
700 2964 733 2988 ad
751 2963 920 2988 substantiam
938 2965 987 2997 vel,
999 2965 1030 2989 ad
1050 2966 1145 2998 aliquid
1160 2966 1350 2997 praedictorum
1356 2975 1363 2997 ;

298 2997 455 3030 privationes
477 3001 564 3022 autem
583 3002 612 3022 et·
626 2998 776 3030 negationes
801 2999 920 3024 dicuntur
942 3007 1015 3030 esse,
1035 3000 1061 3024 in
1080 3006 1206 3034 quantum
1231 3007 1366 3027 removent

298 3032 396 3065 aliquid
413 3032 492 3057 trium
510 3032 709 3065 praedictorum.

351 3067 408 3092 Dixi
427 3068 498 3100 quod
516 3067 630 3099 praefata
647 3069 771 3101 loquendi
789 3069 873 3094 forma
891 3069 1003 3094 abutitur
1025 3070 1183 3096 idealismus.
1209 3072 1276 3102 Quia
1294 3072 1363 3097 enirn

298 3103 449 3135 negationes
463 3102 538 3135 quasi
553 3103 620 3127 entia
634 3104 812 3136 concipiuntur
826 3112 840 3129 a
854 3110 941 3130 mente
955 3110 1043 3130 nostra
1057 3111 1082 3130 et
1096 3107 1167 3131 ratio
1186 3107 1219 3132 de
1232 3107 1270 3132 eis
1284 3115 1363 3141 nego-

299 3139 384 3163 riatur
397 3138 474 3170 quasi
488 3137 520 3162 de
533 3137 689 3169 quibusdam
702 3139 812 3169 entibus,
827 3140 976 3164 idealismus
991 3141 1173 3173 speculativus‚
1188 3150 1266 3175 quem
1281 3143 1363 3175 Hegel

298 3173 377 3203 finxit,
391 3173 522 3198 transtulit
539 3172 687 3198 huiusmodi
706 3174 854 3206 negationes
873 3175 906 3200 ad
919 3175 1037 3200 ordinem
1056 3176 1184 3207 realitatis,
1203 3178 1336 3210 voluitque
1349 3186 1363 3202 a

299 3216 350 3234 non
365 3215 420 3234 esse
438 3208 504 3233 sicut
522 3211 547 3232 et
565 3208 597 3232 ab
610 3216 665 3234 esse
678 3210 818 3234 sumendas
837 3218 897 3235 esse
916 3211 1079 3242 differentias,
1094 3212 1190 3245 quibus
1209 3221 1252 3238 res
1270 3221 1362 3238 omnes

298 3243 372 3274 fiunt,
391 3244 542 3268 ordinantur
566 3248 591 3268 et
609 3244 800 3276 distinguuntur
818 3246 850 3269 ad
870 3245 987 3271 invicem.
1012 3247 1131 3280 Logique
1150 3247 1183 3272 de
1201 3247 1287 3281 He'gel
1306 3252 1362 3273 tra-

299 3279 398 3304 duite...
412 3286 468 3311 par
481 3279 513 3303 A.
527 3279 605 3304 Vera.
614 3279 662 3304 Ed.
673 3279 702 3309 ll,
717 3279 788 3304 Paris
805 3279 879 3311 1864,
890 3280 1016 3313 chap.xn‚
1036 3290 1094 3314 pag.
1109 3290 1117 3306 1
1127 3290 1155 3307 12
1176 3291 1232 3315 seq.
1252 3283 1277 3307 in
1291 3288 1361 3308 textu

298 3319 325 3339 et
343 3314 369 3338 in
388 3319 456 3345 nota,
471 3319 496 3338 et
510 3322 568 3347 pag.
581 3313 718 3346 408.-Ex
736 3315 866 3347 opposito,
881 3316 1030 3341 idealismus
1050 3317 1161 3348 criticus,
1176 3318 1242 3342 duce
1260 3318 1360 3349 Kantio,

300 3348 349 3384 (Cf.
359 3349 477 3382 Critique
490 3350 522 3374 de
536 3351 563 3374 la
572 3350 661 3374 raison
671 3357 776 3381 pure...,
787 3351 935 3376 retraduite
944 3358 1000 3383 par
1013 3352 1137 3380 Jdtssot,
1148 3357 1211 3377 torn.
1219 3353 1236 3381 l,
1252 3352 1360 3385 pag.62‚
1373 3369 1377 3371 -

298 3391 324 3410 et
342 3385 462 3417 deinceps
482 3393 528 3417 per
546 3390 629 3410 totum
648 3385 716 3409 istud
735 3393 810 3417 opus.
829 3386 900 3410 Paris
924 3385 998 3421 1845)
1020 3387 1120 3411 nonnisi
1140 3388 1281 3412 realitatem
1301 3396 1362 3412 con—

297 3420 440 3452 tingentem
459 3425 528 3444 extra
546 3428 595 3445 nos
613 3420 699 3453 ponit,
719 3420 765 3445 sed
783 3420 882 3445 obiecta
900 3421 1054 3446 universalia
1073 3427 1098 3446 et
1116 3423 1252 3447 relationes
1273 3430 1362 3447 neces-

298 3456 379 3481 sarias
390 3461 467 3488 atque
475 3456 636 3480 universales
649 3455 766 3488 ipsorum
777 3455 979 3488 contingentium
993 3455 1047 3489 (Cf.
1055 3456 1098 3481 lib.
1104 3457 1121 3485 l,
1133 3458 1244 3487 lect.x1n‚
1259 3463 1312 3482 not.
1326 3457 1361 3492 γ),

298 3499 352 3516 11011
366 3499 442 3516 secus
457 3499 485 3516 ac
500 3491 660 3523 negationes,
676 3490 832 3523 privationes
847 3496 903 3521 etc„
918 3490 972 3515 fieri
987 3499 1001 3515 a
1011 3496 1098 3516 mente
1109 3497 1196 3516 nostra
1206 3497 1231 3516 et
1240 3493 1266 3516 in
1276 3498 1363 3517 mente

298 3531 386 3551 nostra
409 3531 508 3551 tantum
528 3527 636 3551 existere
659 3526 802 3556 contendit;
826 3526 942 3550 subdens
961 3526 1030 3558 quod
1050 3534 1124 3551 mens
1139 3532 1196 3552 actu
1220 3535 1232 3551 s
1252 3533 1362 3552 ontaneo

298 3561 404 3594 quidem
422 3562 550 3586 existimat
567 3562 666 3586 obiecta
690 3561 837 3586 huiusmodi
861 3561 956 3586 habere
975 3566 1044 3586 extra
1063 3569 1111 3586 nos
1135 3563 1222 3587 realita
1249 3571 1290 3593 111,
1316 3564 1361 3588 sed

297 3596 401 3632 reflexio
419 3596 558 3622 scientifica
570 3597 675 3629 corrigit
690 3594 791 3630 (verius
806 3595 960 3630 corrumpit)
976 3597 1136 3629 primaevum
1151 3602 1176 3622 et
1190 3603 1361 3630 spontaneum

298 3636 428 3658 assertum
446 3632 576 3657 rationalis
595 3637 726 3657 naturae.-
740 3632 891 3657 Idealismus
910 3632 987 3664 igitur
1001 3637 1070 3657 totus
1089 3632 1210 3657 fundatur
1228 3633 1254 3657 in
1273 3633 1361 3658 confu-

1433 380 1512 417 sive
1527 388 1681 419 utamur
1694 382 1714 403 *
1727 382 1902 430 negativa
1923 380 2105 429 particula
2128 388 2169 417 ut
2192 380 2401 418 infinitante
2415 394 2499 419 ver-

1433 436 1527 472 bum
1560 435 1622 470 vel
1655 442 1698 472 ut
1729 435 1886 472 faciente
1922 434 2137 482 negativam
2172 434 2497 485 enunciationem3

1433 496 1469 525 et
1487 489 1574 526 ideo
1594 490 1774 539 accipitur
1793 500 1945 537 semper
1973 487 2010 524 in
2030 484 2247 536 simffiiori
2272 487 2459 524 intellectu
2473 486 2497 534 ⁰,

1431 550 1545 591 prout
1573 550 1628 579 est
1655 543 1774 590 magis
1803 542 1841 579 in
1869 548 2060 591 promptu.
2101 541 2151 577 Et
2181 539 2269 577 inde
2305 548 2360 577 est
2394 541 2498 590 quod

1432 608 1510 632 non
1549 595 1816 633 diversificavit
1853 594 2147 632 affirmationem
2175 605 2244 642 per
2270 595 2362 640 hoc,
2393 594 2499 643 quod

1432 649 1478 685 sit
1497 661 1543 685 ex
1560 649 1680 685 verbo
1700 650 1761 686 vel
1787 649 1932 686 infinito
1952 649 2084 694 verb0‚
2106 647 2201 684 sicut
2229 646 2498 684 diversificavit

1430 714 1499 750 per
1525 703 1611 748 hoc,
1632 702 1737 751 quod
1757 709 1813 739 est
1832 715 1876 739 ex
1896 702 2050 739 nomine
2070 701 2131 737 vel
2157 700 2303 737 infinito
2328 701 2497 738 nomine.

1485 756 1553 792 Est
1572 763 1700 792 autem
1724 755 2044 792 considerandum
2064 760 2072 775 ‘
2095 753 2200 802 quod
2220 753 2258 790 in
2277 754 2497 791 nominibus

1432 815 1467 844 et
1485 808 1523 844 in
1542 809 1669 845 verbis
1688 815 1837 857 praeter
1855 808 2106 845 differentiam
2126 807 2220 844 finiti
2240 814 2276 842 et
2290 806 2423 844 infiniti
2444 815 2500 844 est

1432 861 1641 898 differentia
1666 862 1758 898 recti
1781 868 1817 897 et
1837 861 1985 909 obliqui.
2009 861 2129 897 Casus
2151 860 2252 897 enim
2281 861 2494 908 nominum,

1431 914 1544 950 etiam
1558 915 1679 951 verbo
1696 914 1836 959 addito,
1849 926 1927 950 non
1943 914 2171 950 constituunt
2191 914 2496 950 enunciationem

1430 967 1704 1014 significantem
1729 979 1866 1003 verum
1884 967 1946 1002 vel
1975 966 2125 1012 falsum,
2151 974 2192 1003 ut
2216 966 2254 1002 in
2277 967 2406 1004 Primo
2430 968 2495 1003 ha-

1430 1020 1551 1057 bitum
1572 1028 1627 1057 est
1641 1021 1672 1057 ²¹⁶:
1694 1020 1782 1069 quia
1797 1020 1835 1056 in
1855 1019 2010 1067 obliquo
2026 1020 2180 1056 nomine
2197 1032 2274 1056 non
2294 1019 2495 1058 includitur

1429 1073 1509 1122 ipse
1530 1081 1669 1119 rectus,
1695 1073 1763 1109 sed
1791 1073 1829 1109 in
1849 1072 1997 1108 casibus
2024 1073 2131 1109 verbi
2151 1073 2350 1110 includitur
2369 1073 2494 1122 ipsum

1428 1127 1591 1163 verbum
1611 1126 1818 1175 praesentis
1847 1125 2039 1174 temporis.
2067 1126 2314 1162 Praeteritum
2338 1127 2438 1163 enim
2459 1134 2495 1163 et

1430 1180 1618 1225 futurum,
1641 1191 1738 1227 quae
1774 1178 1983 1226 significant
2003 1190 2110 1214 casus
2138 1179 2295 1225 verbi*,
2322 1179 2495 1217 dicuntur

1428 1245 1497 1281 per
1512 1240 1726 1281 respectum
1738 1232 1787 1269 ad
1797 1244 1986 1280 praesens.
2000 1231 2109 1268 Unde
2126 1231 2155 1268 si
2167 1231 2321 1279 dicatur,
2333 1234 2403 1269 hoc
2413 1234 2492 1279 erit,

1428 1286 1531 1322 idem
1561 1293 1616 1322 est
1635 1298 1678 1322 ac
1699 1285 1728 1322 si
1749 1285 1945 1331 diceretur,
1957 1286 2027 1321 hoc
2041 1290 2095 1320 est
2098 1286 2299 1332 futurum;
2318 1286 2492 1334 hocfuit,

1428 1340 1499 1375 hoc
1517 1345 1572 1375 est
1582 1339 1839 1387 praeteritum.
1862 1339 1910 1374 Et
1928 1345 2082 1386 propter
2100 1338 2191 1384 1106,
2214 1350 2258 1374 ex
2279 1351 2367 1375 casu
2385 1339 2492 1376 verbi

1430 1400 1465 1428 et
1484 1392 1639 1428 nomine
1664 1392 1707 1428 fit
1731 1391 1956 1428 enunciatio.
1988 1392 2036 1427 Et
2060 1390 2145 1427 ideo
2171 1391 2360 1439 subiungit
2389 1393 2492 1440 quod

1428 1445 1507 1481 sive
1519 1447 1539 1465 ⁴*
1551 1445 1695 1482 dicatur
1714 1451 1780 1491 est,
1802 1445 1881 1481 sive
1901 1445 1986 1490 erit,
2007 1443 2086 1480 sive
2093 1444 2187 1492 fuit,
2207 1445 2268 1480 vel
2288 1457 2492 1493 quaecum-

1427 1511 1500 1547 que
1530 1498 1602 1535 alia
1624 1498 1843 1535 huiusmodi
1863 1498 1992 1543 verba,
2014 1505 2100 1533 sunt
2129 1497 2176 1533 de
2205 1509 2366 1534 numero
2385 1511 2492 1546 prae-

1427 1551 1616 1588 dictorum
1643 1552 1865 1597 verborum,
1887 1550 1966 1587 sine
1987 1549 2124 1599 quibus
2153 1562 2231 1587 non
2258 1559 2383 1599 potest
2410 1551 2492 1588 fieri

1427 1604 1657 1641 enunciatio:
1680 1604 1767 1653 quia
1788 1604 1917 1640 omnia
1937 1603 2222 1651 consignificant
2240 1611 2390 1653 tempus
2409 1605 2439 1651 ²¹³,
2457 1613 2493 1641 et

1426 1657 1497 1694 alia
1514 1658 1533 1679 *
1547 1665 1721 1706 tempora
1737 1657 1911 1694 dicuntur
1920 1669 1988 1705 per
2003 1663 2216 1705 respectum
2237 1657 2284 1694 ad
2298 1670 2489 1706 praesens.

1480 1711 1515 1747 6.
1537 1710 1685 1747 Deinde
1706 1723 1794 1746 curn
1815 1710 1919 1747 dicit:
1945 1710 2071 1751 Quare
2083 1710 2212 1758 prima
2231 1710 2303 1746 erit
2319 1712 2490 1758 affirma-

1425 1763 1474 1799 tio
1491 1771 1573 1809 etc.‚
1587 1763 1776 1800 concludit
1791 1775 1836 1799 ex
1850 1763 2066 1812 praemissis
2078 1762 2355 1800 distinctionem
2372 1777 2488 1801 enun-

1426 1816 1631 1852 ciationum
1652 1816 1689 1852 in
1718 1816 1855 1864 quibus
1875 1828 2018 1852 nomen
2046 1815 2195 1852 finitum
2215 1817 2275 1852 vel
2298 1816 2489 1854 infinitum

2530 392 2538 400 '
2548 396 2588 413 ac:
2605 393 2694 413 utatur.

2521 1030 2530 1038 '
2544 1028 2606 1050 Lect.
2623 1035 2654 1050 tv.
2665 1035 2690 1051 n.
2701 1035 2729 1058 ¹5-

2521 1190 2734 1244 Letiferam:

2522 1244 2577 1263 cant
2586 1244 2674 1274 tempus
2693 1249 2734 1265 ca·-

2521 1273 2562 1289 sus
2571 1269 2633 1290 verbu
2642 1259 2684 1295 (Cf.
2691 1271 2706 1291 1.
2715 1270 2733 1297 Ι,

2522 1294 2572 1315 lect.
2581 1301 2602 1321 v,
2611 1301 2635 1316 11.
2643 1297 2678 1323 13).

2519 1451 2567 1472 ἠε
2587 1453 2611 1472 et
2632 1455 2734 1483 propter

2520 1477 2563 1508 hoc
2590 1478 2728 1506 subiungit,

2519 1510 2576 1525 sive.

2519 1611 2527 1618 ¹
2539 1608 2573 1630 Cf.
2582 1609 2620 1631 lib.
2628 1610 2645 1636 Ι,
2653 1610 2729 1638 lect.v,

2518 1641 2593 1683 Pai2et
2601 1662 2634 1684 ita
2650 1663 2709 1684 alia.

1423 1869 1577 1918 ponitur
1596 1870 1721 1906 solum
1751 1881 1795 1905 ex
1814 1876 1918 1917 parte
1948 1869 2115 1915 subiecti,
2136 1868 2174 1905 in
2194 1869 2330 1917 quibus
2358 1871 2489 1919 triplex
2534 1913 2537 1916 ¹

1425 1922 1635 1959 differentia
1658 1922 1807 1970 intelligi
1826 1929 1966 1970 potest:
1992 1934 2069 1959 una
2088 1921 2255 1970 quidem,
2277 1924 2488 1960 secundum

1425 1975 1718 2012 affirmationem
1741 1982 1777 2011 et
1797 1975 2057 2022 negationem3
2075 1975 2156 2021 alia,
2173 1975 2385 2013 secundum
2400 1977 2487 2013 sub-

1423 2028 1563 2065 iectum
1582 2028 1732 2066 finitum
1753 2035 1789 2064 et
1807 2028 2014 2074 infinitum;
2035 2028 2152 2074 tertia,
2170 2029 2381 2066 secundum
2401 2030 2488 2066 sub-

1423 2081 1563 2119 iectum
1591 2081 1872 2128 universaliter,
1901 2082 1962 2117 vel
1991 2093 2069 2118 non
2097 2081 2357 2119 universaliter
2383 2084 2485 2132 posi-

1422 2142 1504 2172 tum
1531 2136 1563 2171 ³¹².
1593 2135 1750 2171 Nomen
1776 2142 1903 2171 autem
1936 2134 2085 2171 finitum
2122 2142 2176 2171 est
2204 2135 2346 2172 ratione
2383 2136 2487 2185 prius

1422 2188 1569 2225 infinito
1580 2194 1594 2209 ’‘
1605 2187 1700 2224 sicut
1718 2187 1919 2224 affirmatio
1934 2187 2038 2236 prior
2058 2195 2113 2224 est
2127 2188 2326 2235 negatione
2336 2189 2366 2235 '¹‘;
2382 2190 2485 2226 unde

1421 2241 1586 2290 primam
1606 2241 1898 2278 affirmationem
1917 2240 2035 2289 ponit,
2052 2242 2164 2278 homo
2184 2247 2246 2287 est,
2268 2249 2304 2278 et
2321 2241 2485 2290 primam

1422 2295 1674 2343 negationem,
1704 2295 1816 2330 homo
1846 2306 1919 2330 non
1949 2299 2010 2330 est.
2042 2294 2190 2331 Deinde
2218 2294 2325 2343 ponit
2352 2308 2485 2332 secun-

1422 2348 1512 2385 dam
1541 2347 1846 2393 affirmationem,
1868 2360 1942 2384 non
1971 2348 2083 2383 homo
2107 2353 2170 2393 est,
2192 2348 2399 2385 secundam
2420 2361 2484 2385 au-

1421 2409 1498 2437 tem
1528 2400 1780 2448 negationem,
1802 2412 1875 2436 non
1904 2402 2016 2436 homo
2046 2412 2119 2437 non
2145 2407 2207 2437 est.
2229 2401 2391 2438 Ulterius
2420 2414 2484 2439 au-

1421 2461 1498 2490 tem
1518 2454 1625 2503 ponit
1643 2453 1722 2490 illas
1752 2453 2033 2490 enunciationes
2053 2454 2091 2491 in
2110 2454 2248 2502 quibus
2272 2455 2484 2492 subiectum

1420 2507 1680 2543 universaliter
1707 2506 1880 2555 ponitur,
1915 2519 2012 2555 quae
2042 2515 2129 2544 sunt
2148 2509 2344 2556 quatuor*
2353 2538 2361 2555 ,
2391 2509 2485 2545 sicut

1421 2568 1458 2597 et
1484 2560 1566 2596 illae
1587 2560 1624 2596 in
1644 2559 1781 2608 quibus
1811 2567 1865 2596 est
1884 2560 2096 2597 subiectum
2125 2573 2203 2597 non
2226 2561 2485 2599 universaliter

1419 2719 1493 2744 sione
1511 2720 1577 2744 entis
1596 2720 1701 2744 rationis
1720 2728 1778 2745 cum
1798 2725 1856 2745 ente
1875 2720 1950 2750 reali,
1971 2728 2023 2744 non
2043 2721 2104 2745 satis
2123 2721 2271 2746 discernens
2290 2722 2315 2746 in
2340 2723 2483 2755 cognitione

1420 2760 1508 2780 nostra
1526 2755 1589 2787 quid
1609 2761 1718 2788 ponatur
1731 2764 1745 2780 a
1758 2761 1844 2780 mente
1858 2761 1883 2780 et
1897 2755 1958 2788 quid
1979 2756 2012 2780 sit
2030 2764 2044 2780 a
2062 2756 2148 2780 rebus.

1473 2790 1498 2824 η)
1518 2791 1578 2815 Νοη
1593 2794 1683 2823 potest
1700 2791 1770 2816 sumi
1787 2798 1824 2816 ex
1838 2794 1919 2823 parte
1938 2791 2017 2816 verbi.
2038 2792 2110 2816 Unus
2129 2793 2186 2816 cod.
2199 2792 2219 2816 Β
2234 2792 2379 2817 immediate
2394 2801 2483 2825 prose—

1419 2826 1520 2858 quitur:
1539 2830 1566 2851 et
1584 2826 1632 2851 hoc
1655 2827 1775 2859 sequitur
1797 2834 1834 2851 ex
1856 2827 1904 2851 hoc
1927 2827 1998 2859 quod
2015 2834 2097 2858 supra
2121 2827 2220 2852 dictum
2239 2831 2286 2852 est.
2311 2828 2419 2852 Dictum
2443 2832 2483 2853 est

1418 2861 1487 2886 enim
1507 2867 1554 2886 etc.
1583 2862 1668 2892 Quam
1687 2862 1837 2892 lectionem,
1858 2870 1916 2886 cum
1936 2869 1965 2886 ea
1984 2862 2074 2886 caeteri
2099 2863 2173 2886 codd.
2188 2863 2268 2886 nostri
2289 2868 2403 2893 careant,
2426 2871 2482 2887 «non

1418 2897 1592 2927 admittimus,
1612 2897 1732 2930 quamvis
1756 2897 1825 2922 illam
1845 2898 1969 2922 absonam
1989 2905 2003 2921 a
2022 2902 2140 2922 contextu
2160 2905 2212 2922 non
2232 2898 2354 2922 dicamus.
2384 2899 2482 2923 Revera

1418 2940 1486 2964 quae
1504 2932 1553 2956 hoc
1573 2933 1630 2957 loco
1649 2933 1780 2963 dicuntur,
1801 2933 1874 2965 quasi
1899 2933 2030 2957 corollaria
2050 2937 2110 2957 sunt
2133 2940 2224 2957 eorum
2244 2941 2310 2965 quae
2329 2938 2390 2958 sunt
2408 2941 2481 2966 prae-

1418 2967 1498 2992 missa
1517 2967 1542 2991 in
1562 2968 1619 2992 lect.
1631 2975 1686 2997 vm,
1707 2968 1750 2992 lib.
1765 2969 1782 2992 l.

1471 3001 1495 3036 θ)
1508 3003 1537 3027 In
1548 3003 1703 3035 simpliciori
1712 3003 1851 3028 intellectu.
1860 3003 1960 3027 Cod.D:
1975 3003 2001 3027 in
2012 3003 2196 3035 simpliciorem
2207 3003 2364 3028 intellectum
2371 3011 2397 3032 ‚·-
2405 3004 2479 3028 codd.

1417 3038 1520 3062 ABCE:
1540 3039 1682 3063 secundum
1697 3038 1882 3070 simpliciorem
1898 3038 2064 3063 intellectum.
2084 3039 2115 3063 Et
2134 3038 2198 3062 hanc
2213 3039 2347 3063 meliorem
2362 3044 2424 3071 puto
2443 3039 2479 3063 le-

1418 3073 1638 3098 ctionem-eod.
1654 3075 1677 3097 A
1698 3073 1775 3098 infra:
1790 3081 1842 3106 per
1861 3073 1910 3098 hoc
1930 3074 2002 3106 quod
2019 3074 2055 3098 sit
2073 3081 2109 3098 ex
2128 3074 2206 3098 verbo
2218 3074 2300 3106 finito
2319 3075 2359 3098 vel
2377 3074 2480 3106 infinito

1418 3109 1510 3137 verbo,
1529 3109 1598 3133 sicut
1617 3109 1805 3141 diversificavit
1818 3116 1870 3141 per
1888 3109 1937 3134 hoc
1955 3109 2025 3141 quod
2043 3112 2082 3133 est
2100 3116 2136 3133 ex
2155 3109 2259 3133 nomine
2270 3110 2352 3142 finito
2366 3110 2407 3134 vel
2421 3109 2479 3142 infi-

1417 3143 1473 3168 nito
1497 3143 1548 3176 (Cf.
1567 3149 1620 3168 not.
1640 3143 1674 3176 β).
1698 3145 1825 3175 integram
1844 3144 1980 3168 lectionem
2000 3144 2105 3168 Pianam
2124 3144 2218 3168 habent
2236 3145 2310 3169 codd.
2331 3145 2406 3174 CDE,
2427 3145 2479 3169 imo

1416 3183 1442 3203 et
1461 3179 1517 3203 cod.
1536 3179 1569 3209 B,
1590 3179 1637 3203 nisi
1652 3180 1722 3211 quod
1737 3179 1761 3203 in
1777 3178 1827 3204 fine
1847 3179 1907 3211 legit
1925 3186 1962 3204 ex
1980 3179 2091 3207 nomine,
2112 3180 2151 3203 vel
2170 3179 2280 3212 infinito.

1470 3213 1488 3247 ι)
1509 3214 1558 3238 Est
1579 3217 1668 3239 autem
1681 3214 1902 3239 considerandum
1922 3220 1969 3239 etc.
1984 3215 2065 3239 Codd.
2084 3215 2163 3238 ABC:
2180 3224 2192 3236 α
2202 3215 2248 3239 Est
2262 3220 2347 3239 autem
2361 3215 2479 3239 conside-

1418 3259 1430 3271 »
1446 3249 1555 3282 randum
1571 3250 1641 3281 quod
1656 3249 1680 3273 in
1694 3250 1815 3273 omnibus
1830 3250 1915 3274 verbis
1926 3255 2026 3282 praeter
2040 3250 2207 3274 differentiam
2222 3248 2284 3274 finiti
2300 3255 2324 3274 et
2338 3249 2439 3280 infiniti,
2455 3255 2480 3275 et

1418 3293 1430 3306 »
1447 3284 1614 3308 differentiam
1625 3284 1687 3316 (BC,
1698 3288 1738 3309 est
1752 3284 1912 3318 differentia)
1924 3285 1983 3309 recti
1995 3290 2020 3309 et
2033 3285 2139 3317 obliqui,
2155 3285 2252 3309 nomini
2267 3291 2292 3309 et
2306 3285 2385 3310 verbo
2395 3285 2479 3310 addita

1417 3327 1430 3341 ιι
1447 3318 1497 3352 (Β,
1517 3319 1543 3343 in
1563 3319 1635 3344 omni
1652 3319 1732 3344 etiam
1752 3320 1830 3344 verbo
1844 3320 1967 3348 addito5—
1981 3320 2009 3350 C,
2025 3320 2126 3345 nomini
2139 3320 2217 3345 verbo
2231 3319 2335 3354 addito)
2351 3321 2402 3344 non
2417 3328 2478 3345 con-

1418 3362 1431 3376 »
1447 3353 1555 3378 stituunt
1573 3354 1798 3378 enunciationem»
1814 3360 1861 3379 etc.
1882 3355 1953 3385 Quae
1973 3355 2093 3379 lectiones
2117 3355 2245 3379 intricatae
2264 3360 2331 3386 sunt,
2350 3363 2396 3380 nec
2415 3356 2478 3388 quid

1417 3389 1554 3413 enuncient
1574 3389 1620 3413 dici
1641 3390 1775 3421 perspicue
1796 3395 1887 3421 potest.
1907 3390 2054 3414 Lectionem
2069 3390 2174 3414 Pianam
2188 3390 2282 3414 habent
2301 3391 2373 3415 codd.
2389 3391 2442 3415 DE.

1469 3422 1495 3456 κ)
1515 3424 1616 3448 Nomen
1635 3427 1725 3448 autem
1737 3424 1848 3456 finitum
1867 3428 1906 3449 est
1924 3425 2027 3450 ratione
2041 3425 2119 3456 prius
2138 3425 2248 3457 infinito.
2270 3426 2364 3450 Codd.:
2383 3433 2476 3451 nomen

1416 3461 1504 3483 autem
1517 3459 1627 3491 finitum
1638 3462 1677 3483 est
1687 3459 1846 3484 naturaliter
1854 3459 1932 3491 prius
1946 3460 2057 3490 infinito.
2069 3460 2141 3490 Quae
2156 3461 2230 3484 lectio
2244 3466 2334 3493 posset
2344 3461 2477 3494 acceptari.

1416 3493 1516 3518 Asserit
1535 3494 1603 3518 enim
1623 3502 1643 3518 s.
1659 3494 1775 3518 Thomas
1795 3502 1890 3519 nomen
1909 3494 2010 3519 finitum
2030 3503 2088 3519 esse
2107 3495 2177 3527 prius
2196 3494 2308 3525 infinito,
2328 3496 2393 3520 sicut
2417 3505 2478 3529 pro-

1417 3528 1486 3553 bavit
1509 3529 1534 3552 in
1548 3529 1631 3561 primo
1650 3529 1715 3553 libro
1734 3530 1766 3554 de
1784 3528 1951 3554 affirmatione
1970 3535 2089 3562 respectu
2109 3531 2250 3562 negationis
2265 3531 2333 3563 (lect.
2343 3539 2389 3556 vm
2404 3540 2429 3556 n.
2442 3532 2476 3564 3).

1417 3564 1453 3587 lbi
1472 3569 1558 3588 autem
1578 3564 1637 3588 dixit
1655 3563 1850 3589 affirmationem
1866 3573 1925 3589 esse
1944 3565 2055 3597 priorem
2075 3566 2210 3598 negatione
2228 3571 2283 3591 tum
2302 3574 2332 3591 ex
2346 3572 2418 3599 parte
2431 3575 2477 3592 vo-

1417 3599 1465 3628 cis,
1485 3604 1539 3623 tum
1559 3607 1589 3624 ex
1604 3604 1675 3631 parte
1690 3600 1841 3629 intellectus,
1855 3605 1911 3624 turn
1926 3608 1957 3625 ex
1975 3605 2046 3633 parte
2060 3601 2105 3631 rei,
2120 3601 2186 3626 sicut
2204 3602 2356 3634 compositio
2371 3607 2411 3626 est
2429 3610 2477 3627 na-

1417 3634 1541 3659 turaliter
1559 3634 1629 3667 prior
1648 3635 1780 3665 divisione,
1800 3640 1825 3660 et
1843 3635 1944 3660 habitus
1964 3641 2003 3660 est
2021 3637 2181 3661 naturaliter
2199 3637 2269 3669 prior
2288 3637 2436 3670 privatione.

2514 2146 2522 2155 *
2529 2151 2593 2167 Anca:
2602 2149 2715 2174 sumptum
2720 2163 2726 2168 .

2612 2196 2627 2212 κ

2514 2222 2522 2228 ·
2533 2220 2568 2242 ct.
2584 2220 2654 2248 mm,
2673 2222 2725 2243 ieet.

2514 2253 2560 2274 vm,
2576 2253 2598 2268 n.
2613 2253 2635 2275 3.

2513 2512 2520 2519 '
2538 2510 2632 2537 Codd.:
2659 2517 2721 2539 quae

2511 2539 2573 2585 {¹1:35
2580 2538 2650 2559 etiam
2664 2545 2723 2566 qua-
