2788 4204
1123 312 1234 349 CAP.
1263 313 1350 359 XII,
1380 313 1531 349 LECT.
1559 311 1645 348 VIII

298 389 405 423 differt
429 390 535 423 dicere
551 389 652 422 verbo
668 389 839 429 adiectivo,
857 389 960 422 homo
976 389 1130 429 ambulat,
1145 388 1198 422 vel
1214 388 1361 421 substan-

298 440 378 479 tivo,
399 439 502 472 homo
519 447 568 471 est
584 437 763 470 ambulans

370 498 419 521 12.
436 487 565 521 Deinde
582 488 676 531 ponit
692 486 870 519 secundam
883 495 1008 530 partem
1025 486 1223 519 inductionis
1239 485 1360 519 dicens:

297 538 339 572 Et
364 539 391 571 si
417 538 468 570 hoc
494 536 579 570 modo
603 537 635 568 in
650 535 787 568 omnibus
811 534 969 567 sumenda
993 543 1042 567 est
1065 534 1289 574 contradictio,
1305 535 1363 567 sci-

298 586 384 625 licet,
413 584 611 629 apponendo
635 585 844 627 negationem
868 582 908 616 ad
932 595 1020 623 esse,
1044 582 1249 616 concluditur
1273 582 1362 627 quod

299 643 332 667 et
354 635 425 667 eius
449 634 698 672 enunciationis,
722 644 805 676 quae
830 631 916 671 dicit,
941 631 1095 675 possibile
1119 643 1208 671 esse,
1231 631 1362 674 negatio

299 691 359 723 est,
383 681 539 726 possibile
563 692 632 714 non
648 692 730 718 esse,
746 689 778 713 et
801 691 869 712 non
889 679 942 712 illa
959 691 1042 723 quae
1066 679 1153 719 dicit,
1170 691 1237 712 non
1261 679 1364 723 possi-

299 731 363 765 bile
380 743 460 764 esse.
478 730 572 763 Patet
588 729 808 762 conclusionis
825 728 971 772 sequela:
988 729 1064 772 quia
1081 729 1114 760 in
1130 727 1195 768 illa,
1208 727 1362 771 possibile

300 792 368 813 non
393 791 474 819 esse,
491 779 622 822 negatio
647 778 824 821 apponitur
853 776 973 816 verbo,
997 778 1030 809 in
1062 778 1121 809 ista
1145 786 1254 809 autem
1283 788 1361 809 non.

300 829 392 863 Dixit
423 837 533 861 autem
564 828 598 859 in
631 827 793 870 principio
821 826 918 858 huius
953 826 1105 859 rationis:
1140 826 1256 859 Eorum
1286 836 1363 869 quac

300 877 551 922 complectuntur,
577 876 660 909 idest
688 874 951 919 complexorum,
976 874 1249 908 contradictiones
1281 874 1363 906 fiunt

300 926 484 960 secundum
516 936 574 958 esse
604 934 638 958 et
664 930 832 964 nonme,
864 923 904 956 ad
935 923 1150 957 differentiam
1180 922 1362 966 incomple-

299 986 418 1008 xorum
443 986 586 1019 quorum
611 974 779 1018 oppositio
802 983 870 1006 non
893 971 930 1005 fit
953 973 1127 1015 negatione
1151 971 1278 1005 dicente
1302 983 1363 1004 non

299 1035 367 1065 esse,
392 1023 450 1056 sed
466 1024 529 1067 ipsi
545 1022 754 1066 incomplexo
770 1022 930 1066 apposita,
946 1029 993 1060 ut,
1010 1020 1107 1060 homo,
1127 1029 1169 1060 et,
1185 1032 1246 1053 non
1266 1020 1362 1060 homo,

301 1073 380 1117 legit,
406 1082 448 1112 et,
465 1085 525 1107 non
551 1073 627 1116 legit.

371 1133 420 1165 13.
446 1121 574 1155 Deinde
596 1132 672 1153 cum
688 1121 782 1154 dicit:
805 1120 930 1157 Videtur
944 1124 1044 1151 autem
1067 1118 1144 1151 idem
1167 1126 1240 1156 etc.‚
1258 1117 1364 1159 arguit

300 1171 340 1204 ad
357 1171 558 1215 quaestionis
575 1178 700 1213 partem
716 1169 900 1212 negativam
917 1167 1055 1211 (scilicet
1068 1166 1158 1210 quod
1174 1165 1214 1198 ad
1230 1176 1363 1197 sumen-

300 1219 376 1253 dam
401 1218 693 1252 contradictionem
717 1219 751 1250 in
775 1217 958 1251 modalibus
982 1227 1051 1249 non
1074 1214 1221 1248 addenda
1237 1222 1286 1246 est
1309 1225 1364 1246 ne-

298 1268 388 1312 gatio
411 1267 539 1312 verbo),
556 1266 611 1300 tali
636 1267 771 1300 ratione.
797 1264 1003 1310 Impossibile
1027 1273 1076 1297 est
1099 1263 1179 1296 duas
1204 1261 1363 1295 contradi-

300 1317 418 1350 ctorias
434 1316 512 1349 *esse
537 1316 635 1349 simul
651 1327 743 1349 veras
765 1315 804 1348 de
821 1314 957 1354 eodem;
978 1313 1034 1347 sed
1054 1311 1267 1356 supradictae,
1281 1311 1364 1344 scili-

300 1373 368 1410 cet,
374 1364 536 1409 possibile
557 1376 638 1405 esse,
651 1373 692 1405 et,
702 1363 857 1408 possibile
869 1375 938 1396 non
955 1374 1037 1402 esse,
1047 1361 1145 1395 simul
1157 1360 1363 1394 verificantur

241 1422 253 1424 ”
294 1410 485 1454 ’ἅέεοάεπῃ
501 1425 580 1457 ergo
597 1414 676 1446 istae
693 1424 761 1446 non
778 1421 855 1445 sunt
871 1411 1150 1445 contradictoriae:
1169 1411 1267 1454 igitur
1287 1421 1363 1442 con-

250 1465 255 1468 *
299 1462 448 1496 tradictio
472 1461 654 1495 modalium
678 1473 746 1494 non
771 1461 947 1495 attenditur
974 1472 1074 1504 penes
1098 1459 1187 1493 verbi
1218 1460 1363 1502 negatio-

7 2302 10 2308 ·
55 2295 68 2307 ⁶
78 2295 122 2318 Ed.
131 2301 157 2318 c.-
173 2295 243 2317 elcut.

86 2395 131 2418 Ed.
151 2401 182 2417 c.-
207 2395 273 2424 quod

297 1523 386 1545 nem.
410 1512 520 1544 Huius
536 1512 670 1544 rationis
695 1512 803 1555 primo
820 1511 954 1554 ponitur
976 1511 1009 1543 in
1033 1510 1139 1542 littera
1155 1509 1264 1541 minor
1287 1519 1362 1541 cum

298 1571 358 1593 sua
374 1559 586 1604 probatione;
614 1559 759 1593 secundo
783 1561 906 1598 maior;
923 1560 1019 1592 tertio
1044 1558 1223 1591 conclusio.

365 1609 478 1643 Minor
501 1608 634 1653 quidem
653 1620 727 1641 cum
745 1608 839 1642 dicit:
861 1609 986 1642 Videtur
1008 1614 1108 1641 autem
1130 1608 1206 1640 idem
1224 1606 1364 1651 possibile

299 1668 368 1699 esse,
386 1664 424 1698 et,
441 1669 502 1691 non
516 1657 655 1702 possibile
667 1669 733 1690 esse.
752 1658 843 1691 Sicut
859 1657 949 1690 verbi
965 1658 1079 1701 gratia,
1093 1668 1192 1689 omne
1209 1655 1298 1700 quod
1315 1664 1363 1688 est

299 1706 454 1751 possibile
471 1706 572 1740 dividi
589 1715 638 1739 est
654 1707 751 1739 etiam
768 1706 922 1750 possibile
939 1718 1007 1739 non
1024 1705 1135 1746 dividi,
1153 1714 1184 1738 et
1208 1704 1298 1750 quod
1314 1713 1363 1737 est

299 1755 455 1800 possibile
479 1755 644 1789 ambulare
660 1764 709 1788 est
725 1756 821 1788 etiam
839 1755 994 1799 possibile
1018 1767 1087 1788 non
1104 1753 1278 1787 ambulare.
1304 1754 1363 1787 Ra-

299 1805 346 1838 tio
371 1814 481 1838 autem
505 1804 603 1838 huius
619 1805 756 1837 minoris
773 1813 833 1844 est,
858 1805 1015 1848 quoniam
1030 1815 1115 1837 omne
1137 1804 1217 1848 quod
1238 1804 1278 1837 sic
1297 1810 1363 1847 pos-

297 1853 382 1887 sibile
404 1860 445 1887 est
466 1854 578 1899 (sicut,
599 1853 731 1893 scilicet,
752 1861 800 1886 est
815 1852 970 1896 possibile
994 1851 1158 1885 ambulare
1178 1861 1210 1885 et
1234 1851 1362 1895 dividi),

297 1913 358 1936 non
380 1909 493 1947 semper
515 1909 586 1936 actu
608 1908 666 1935 est.-
682 1913 751 1934 non
767 1902 855 1934 enim
872 1912 1001 1945 semper
1021 1900 1188 1934 actualiter
1208 1899 1362 1939 ambulat,

299 1951 357 1996 qui
380 1950 545 1984 ambulare
579 1955 705 1994 potest;
734 1961 795 1983 nec
823 1961 953 1994 semper
976 1958 1048 1982 actu
1073 1948 1244 1989 dividitur,
1273 1947 1363 1993 quod

298 1999 399 2034 dividi
416 2008 536 2044 potest.
553 1999 658 2042 Quare
673 1999 762 2033 inerit
777 1999 866 2032 etiam
880 1999 996 2042 negatio
1007 1998 1168 2043 possibilis,
1180 1997 1274 2038 idest,
1284 2009 1362 2041 ergo

298 2059 366 2082 non
390 2048 499 2081 solum
527 2047 692 2092 possibilis
721 2056 769 2080 est
797 2047 987 2086 affirmatio,
1019 2046 1075 2080 sed
1107 2047 1204 2079 etiam
1231 2047 1362 2090 negatio

298 2097 456 2131 eiusdem.
471 2116 489 2121 -
502 2096 644 2130 Adverte
661 2096 750 2141 quod
775 2097 850 2141 quia
874 2095 1029 2140 possibile
1053 2104 1102 2128 est
1118 2095 1302 2139 multiplex,
1326 2105 1363 2128 ut

298 2146 380 2180 infra
404 2146 540 2185 dicetur,
557 2145 632 2178 ideo
655 2154 807 2178 notanter
830 2145 1021 2179 Aristoteles
1038 2145 1161 2178 addidit
1184 2145 1218 2189 ly
1240 2146 1292 2185 sic,
1317 2156 1363 2178 as-

299 2206 451 2235 sumenS,
475 2195 556 2239 quod
577 2195 617 2228 sic
635 2194 773 2239 possibile
800 2201 863 2236 est,
887 2206 947 2228 non
977 2201 1090 2240 semper
1111 2201 1180 2228 actu
1209 2201 1258 2227 est.
1282 2195 1362 2228 Non

299 2245 388 2278 enim
405 2243 444 2277 de
462 2244 553 2276 omni
570 2242 718 2287 possibili
731 2254 846 2276 verum
859 2253 908 2277 est
920 2243 1025 2277 dicere
1039 2243 1128 2288 quod
1144 2255 1212 2276 non
1233 2255 1363 2287 semper

299 2302 371 2326 actu
397 2301 463 2333 est,
488 2292 545 2326 sed
569 2291 608 2325 de
632 2292 761 2336 aliquo,
778 2304 819 2325 eo
843 2292 965 2326 scilicet
988 2292 1077 2337 quod
1101 2302 1150 2326 est
1165 2293 1211 2325 sic
1227 2292 1242 2309 *
1258 2293 1362 2336 possi-

298 2340 381 2382 bile,
406 2340 687 2386 quemadmodum
715 2340 879 2374 ambulare
908 2350 939 2374 et
967 2341 1077 2374 dividi.
1108 2342 1197 2375 Nota
1226 2341 1360 2385 ulterius

299 2390 391 2435 quod
407 2391 484 2434 quia
499 2390 515 2407 *
531 2390 594 2423 tale
618 2389 772 2434 possibile
789 2390 885 2423 habet
909 2390 989 2424 duas
1006 2390 1222 2430 conditiones,
1239 2390 1362 2423 scilicet

299 2439 390 2484 quod
414 2447 523 2483 potest
546 2447 620 2471 actu
644 2450 714 2471 esse
738 2447 770 2472 et
786 2438 876 2483 quod
899 2451 967 2472 non
991 2450 1120 2482 semper
1139 2447 1212 2472 actu
1230 2447 1288 2478 est,
1313 2450 1361 2471 se-

298 2488 412 2532 quitur
434 2488 618 2520 necessario
650 2486 740 2531 quod
763 2487 803 2521 de
827 2499 868 2520 eo
892 2487 990 2520 simul
1018 2496 1066 2520 est
1096 2499 1210 2520 verum
1235 2487 1360 2527 dicere,

298 2535 455 2579 possibile
471 2547 552 2576 esse,
569 2544 611 2575 et,
628 2547 696 2569 non
712 2547 794 2569 esse.
819 2536 867 2569 Ex
882 2547 923 2569 eo
944 2537 1032 2568 enim
1057 2536 1147 2580 quod
1163 2545 1272 2580 potest
1287 2545 1360 2568 actu

300 2595 383 2625 esse,
408 2585 556 2629 sequitur
579 2584 669 2629 quod
693 2585 735 2617 sit
757 2584 913 2629 possibile
937 2593 1022 2624 esse;
1043 2596 1082 2617 ex
1105 2596 1146 2617 eo
1169 2596 1248 2617 vero
1273 2584 1362 2628 quod

2405 321 2473 358 107

1417 401 1485 421 non
1503 401 1632 433 semper
1648 397 1720 422 actu
1738 397 1798 429 est,
1816 389 1962 433 sequitur
1978 388 2067 432 quod
2084 388 2125 420 sit
2140 387 2294 431 possibile
2310 399 2378 420 non
2395 400 2475 421 esse.

1420 437 1524 477 Quod
1541 439 1628 470 enim
1641 449 1709 470 non
1726 449 1855 481 semper
1871 445 1930 476 est,
1948 446 2056 480 potest
2067 448 2134 469 non
2148 448 2228 469 esse.
2242 437 2328 469 Bene
2342 448 2419 480 ergo
2432 438 2479 469 in-

1417 486 1491 518 tulit
1507 486 1698 519 Aristoteles
1723 499 1761 519 ex
1781 486 1830 519 his
1854 486 1998 519 duobus:
2019 485 2124 527 Quare
2146 486 2234 518 inerit
2246 486 2344 518 'etiam
2362 486 2477 528 negatio

1413 535 1562 580 possibilis
1581 545 1612 568 et
1635 547 1703 568 non
1727 535 1835 568 solum
1860 534 2046 574 affirmatio;
2061 541 2155 579 potest
2173 535 2265 578 igitur
2287 540 2313 567 et
2331 545 2391 567 non
2414 545 2477 566 am-

1419 584 1535 624 bulare,
1560 586 1639 628 quod
1661 590 1703 618 est
1725 584 1918 624 ambulabile,
1939 591 1966 617 et
1983 596 2042 617 non
2065 584 2171 624 videri,
2195 583 2275 628 quod
2297 589 2337 616 est
2354 583 2477 616 visibile.

1485 634 1593 666 Maior
1619 645 1697 666 vero
1727 633 1951 676 subiungitur,
1980 644 2055 665 cum
2089 633 2149 665 ait:
2177 633 2222 665 At
2247 643 2316 665 vero
2346 633 2478 676 impossi-

1419 681 1477 715 bile
1499 688 1540 715 est
1567 682 1601 715 de
1621 682 1718 715 eodem
1740 693 1826 715 veras
1858 692 1915 714 esse
1945 681 2194 715 contradictiones.
2227 679 2368 714 Infertur
2398 692 2479 724 quo-

1419 743 1482 775 que
1499 731 1616 763 ultimo
1635 730 1818 769 conclusio:
1843 731 1916 764 Non
1939 737 1979 764 est
2001 732 2094 774 igitur
2116 732 2174 763 ista
2196 729 2351 774 (scilicet,
2371 730 2478 773 possi-

1418 780 1481 813 bile
1506 791 1574 812 non
1598 779 1684 824 esse)
1711 780 1826 823 negatio
1855 779 1955 820 illius,
1980 791 2062 824 quae
2094 779 2188 819 dicit,
2212 777 2366 822 possibile
2390 787 2478 810 esse:

1420 829 1495 872 quia
1508 837 1584 861 sunt
1596 828 1694 860 simul
1711 839 1804 861 verae
1822 828 1860 861 de
1876 828 2003 861 eodem.
2015 848 2034 853 -
2048 828 2172 861 Caveto
2186 836 2294 860 autem
2307 838 2348 859 ne
2360 837 2400 858 ex
2415 826 2478 858 isto

1419 885 1507 910 textu
1524 885 1619 920 putes
1639 876 1788 920 possibile,
1807 885 1842 908 ut
1865 885 1914 908 est
1937 876 2067 916 modus,
2092 876 2206 909 debere
2228 886 2357 919 semper
2376 875 2479 918 accipi

1419 937 1480 969 pro
1504 924 1650 969 possibili
1674 924 1715 957 ad
1739 924 1943 957 utrumlibet:
1969 926 2125 968 quoniam
2149 925 2212 957 hoc
2235 923 2317 957 infra
2340 923 2479 956 declara-

1419 974 1505 1006 bitur
1528 986 1598 1007 esse
1622 973 1740 1006 falsum
1749 983 1758 1014 ;
1789 973 1846 1006 sed
1875 974 2043 1007 considera
2072 974 2161 1018 quod
2189 974 2264 1006 satis
2292 972 2353 1006 fuit
2376 973 2479 1005 inten-

1420 1023 1509 1056 denti
1533 1022 1692 1056 declarare
1717 1022 1807 1066 quod
1830 1023 1864 1055 in
1894 1022 2076 1055 modalibus
2100 1034 2168 1055 non
2191 1023 2330 1055 sumitur
2354 1030 2479 1054 contra-

1420 1071 1520 1104 dictio
1544 1082 1583 1103 ex
1605 1070 1695 1103 verbi
1719 1071 1912 1113 negatione,
1929 1071 2041 1104 afferre
2066 1072 2251 1104 instantiam
2274 1072 2307 1103 in
2331 1081 2396 1102 una
2411 1080 2480 1101 mo-

1420 1119 1500 1158 dali,
1525 1131 1608 1163 quae
1634 1120 1818 1152 continetur
1841 1119 1900 1152 sub
1925 1119 2107 1153 modalibus
2132 1120 2171 1153 de
2195 1119 2352 1164 possibili.

1491 1178 1539 1210 14.
1558 1168 1685 1201 Deinde
1703 1179 1778 1200 curn
1796 1167 1890 1201 dicit:
1911 1169 2063 1211 Contingit
2078 1174 2176 1201 autem
2193 1179 2288 1201 unum
2299 1180 2334 1201 ex
2350 1168 2394 1200 his
2406 1175 2479 1206 etc.‚

1421 1216 1614 1250 determinat
1640 1218 1809 1250 veritatem
1842 1216 1939 1249 huius
1971 1217 2191 1250 dubitationis.
2228 1217 2269 1249 Et
2303 1217 2378 1260 quia
2412 1216 2478 1249 duo

1421 1265 1565 1310 petebat,
1590 1265 1723 1306 scilicet,
1740 1277 1780 1298 an
1805 1265 2018 1298 contradictio
2042 1265 2222 1299 modalium
2246 1277 2285 1297 ex
2307 1266 2479 1307 negatione

1419 1314 1509 1347 verbi
1525 1313 1580 1347 fiat
1597 1325 1637 1346 an
1654 1325 1733 1353 non,
1758 1322 1800 1354 et,
1817 1325 1858 1346 an
1882 1314 1992 1357 potius
2016 1325 2055 1346 ex
2076 1315 2249 1357 negatione
2273 1313 2380 1353 modi;
2405 1313 2478 1346 ideo

1420 1364 1539 1406 primo,
1557 1362 1750 1396 determinat
1773 1363 1941 1395 veritatem
1958 1363 2080 1406 primae
2105 1363 2286 1406 petitionis,
2311 1361 2400 1406 quod
2420 1362 2479 1394 sci-

1419 1411 1495 1444 licet
1512 1410 1726 1444 contradictio
1743 1410 1859 1444 harum
1875 1423 1943 1444 non
1957 1410 1992 1443 fit
2005 1412 2178 1454 negatione
2195 1411 2301 1450 verbi;
2322 1410 2479 1450 secundo,

1419 1461 1613 1494 determinat
1630 1461 1798 1493 veritatem
1814 1460 1974 1493 secundae
1991 1460 2168 1504 petitionis,
2183 1459 2272 1503 quod
2288 1459 2409 1491 scilicet
2424 1458 2480 1491 fiat

1419 1509 1601 1542 modalium
1625 1508 1839 1542 contradictio
1864 1520 1903 1541 ex
1926 1509 2100 1552 negatione
2124 1508 2233 1547 modi;
2257 1507 2319 1540 ibi:
2342 1509 2397 1541 Est
2413 1519 2479 1551 ergo

1418 1559 1533 1602 negatio
1546 1558 1561 1575 *
1574 1567 1634 1591 etc.
1645 1578 1659 1583 -
1670 1558 1760 1591 Dicit
1776 1569 1855 1601 ergo
1872 1557 1962 1602 quod
1974 1566 2107 1601 propter
2123 1556 2322 1601 supradictas
2338 1558 2478 1590 rationes

1419 1608 1526 1640 evenit
1550 1618 1654 1639 unum
1678 1618 1717 1639 ex
1740 1607 1790 1639 his
1815 1606 1954 1646 duobus,
1981 1618 2063 1650 quae
2088 1605 2309 1639 conclusimus
2330 1605 2478 1639 determi-

1418 1667 1510 1696 nare,
1535 1662 1589 1689 aut
1611 1656 1688 1689 idem
1714 1657 1830 1700 ipsum,
1862 1655 1954 1695 idest,
1979 1667 2083 1688 unum
2107 1664 2139 1688 et
2166 1655 2252 1688 idem
2281 1654 2404 1694 dicere,
2429 1655 2477 1688 id-

1419 1714 1468 1738 est
1490 1705 1642 1749 affirmare
1665 1711 1691 1737 et
1713 1715 1819 1748 negare
1834 1705 1926 1737 simul
1948 1705 1982 1737 de
1997 1705 2107 1737 eodem:
2124 1703 2216 1744 idest,
2233 1712 2289 1736 aut
2305 1703 2394 1748 quod
2410 1703 2477 1737 duo

1419 1753 1668 1787 contradictoria
1685 1753 1782 1786 simul
1798 1753 2003 1786 verificantur
2019 1752 2058 1786 de
2075 1752 2202 1792 eodem,
2220 1761 2256 1785 ut
2275 1754 2378 1796 prima
2394 1754 2476 1786 ratio

1419 1801 1596 1842 conclusit;
1619 1811 1674 1835 aut
1697 1803 1907 1846 affirmationes
1929 1802 1977 1835 vel
1999 1803 2163 1846 negationes
2186 1801 2377 1841 modalium,
2400 1812 2477 1845 quae

1417 1852 1607 1896 op'ponuntur
1631 1850 1891 1889 contradictorie,
1909 1851 1980 1896 fieri
2002 1863 2061 1884 non
2083 1851 2243 1884 secundum
2269 1861 2326 1882 esse
2347 1850 2394 1883 vel
2416 1862 2476 1883 non

1418 1912 1486 1940 esse,
1506 1899 1599 1940 idest,
1624 1909 1679 1932 aut
1703 1900 1916 1934 contradictio
1940 1899 2121 1933 modalium
2144 1911 2212 1932 non
2236 1899 2292 1932 fiat
2318 1911 2357 1932 ex
2379 1911 2475 1942 nega-

1418 1949 1508 1981 tione
1532 1948 1640 1988 verbi,
1664 1957 1700 1980 ut
1724 1948 1866 1981 secunda
1889 1949 1970 1981 ratio
1995 1949 2164 1981 conclusit.
2191 1949 2222 1982 si
2244 1961 2310 1992 ergo
2337 1948 2415 1982 illud
2436 1955 2478 1981 est

1418 1997 1606 2043 impossibile,
1625 1998 1747 2031 scilicet
1763 1997 1852 2042 quod
1869 1997 1936 2031 duo
1953 1998 2201 2031 contradictoria
2217 2006 2355 2042 possunt
2379 1997 2476 2030 simul

1419 2058 1489 2079 esse
1513 2058 1589 2080 vera
1613 2046 1652 2080 de
1676 2046 1810 2086 eodem,
1833 2047 1896 2087 hoc,
1921 2046 2043 2079 scilicet
2060 2046 2149 2091 quod
2173 2046 2384 2079 contradictio
2408 2057 2478 2078 mo-

1419 2095 1541 2128 dalium
1565 2107 1633 2128 non
1656 2095 1712 2128 fiat
1735 2095 1916 2129 secundum
1940 2095 2028 2128 verbi
2055 2096 2281 2139 negationem,
2305 2095 2360 2128 erit
2381 2095 2476 2138 magis

1418 2145 1593 2188 eligendum.
1608 2143 1826 2188 Impossibilia
1843 2144 1929 2176 enim
1948 2155 2075 2188 semper
2091 2143 2221 2176 vitanda
2237 2152 2321 2175 sunt.
2340 2143 2388 2175 Ex
2404 2144 2476 2186 ipso

1419 2202 1528 2226 autem
1552 2192 1654 2226 modo
1673 2193 1828 2237 loquendi
1846 2194 1952 2226 innuit
1969 2192 2057 2237 quod
2074 2193 2202 2236 utrique
2219 2203 2330 2225 earum
2354 2191 2474 2235 aliquid

1419 2242 1534 2275 obstat.
1566 2242 1630 2275 Sed
1655 2244 1730 2286 quia
1754 2243 1861 2286 primo
1886 2242 1991 2275 obstat
2014 2241 2257 2286 impossibilitas
2274 2252 2356 2285 quae
2387 2251 2475 2272 acce-

1418 2293 1500 2336 ptari
1532 2303 1599 2323 non
1631 2300 1756 2335 potest,
1774 2291 1918 2324 secundo
1943 2300 2051 2324 autem
2076 2290 2156 2323 nihil
2180 2290 2267 2323 aliud
2288 2289 2394 2322 obstat
2412 2289 2474 2321 nisi

1419 2340 1508 2385 quod
1528 2341 1659 2383 negatio
1684 2351 1780 2384 supra
1805 2341 2042 2372 enunciationis
2064 2339 2216 2383 copulam
2233 2338 2344 2372 cadere
2368 2337 2473 2377 debet,

1418 2390 1445 2421 si
1469 2390 1618 2431 negativa
1641 2388 1710 2421 fieri
1741 2388 1836 2422 debet
1866 2389 2063 2428 enunciatio,
2087 2397 2120 2421 et
2143 2388 2206 2421 hoc
2226 2388 2317 2421 aliter
2332 2387 2400 2419 fieri
2417 2397 2474 2430 po-

1418 2446 1480 2470 test
1504 2449 1603 2481 quam
1626 2437 1777 2481 negando
1801 2437 1877 2471 dicti
1901 2437 2055 2478 verbum,
2081 2447 2117 2470 ut
2142 2437 2222 2470 infra
2246 2435 2475 2474 declarabitur;

1418 2486 1492 2519 ideo
1509 2486 1574 2519 hoc
1590 2486 1782 2526 secundum,
1800 2486 1921 2519 scilicet
1945 2486 2034 2530 quod
2059 2485 2271 2518 contradictio
2294 2484 2475 2517 modalium

1418 2547 1486 2568 non
1499 2534 1554 2567 fiat
1567 2535 1747 2568 secundum
1764 2535 1972 2578 negationem
1997 2535 2098 2575 verbi,
2115 2533 2301 2578 eligendum
2322 2542 2387 2566 est:
2412 2532 2474 2576 pri-

1418 2596 1511 2617 murn
1534 2595 1614 2617 vero
1638 2593 1687 2617 est
1710 2585 1847 2617 omnino
1871 2583 2098 2617 abiiciendum.

2507 1571 2515 1579 ·
2527 1570 2593 1591 Lect.
2604 1575 2653 1598 seq.
