2548 4192
537 257 997 295 DISSERTATIONES
1028 256 1274 294 CRITICAE
1306 258 1360 294 IN
1391 258 1429 294 S.
1452 257 1693 294 THOMAM
1721 258 2042 305 AQUINATEM

189 341 267 371 Post
289 340 407 377 turbas,
430 347 512 379 quae
531 337 564 367 in
579 337 744 367 Parisiensi
768 335 976 367 Universitate
999 342 1105 366 motae
1125 335 1259 373 fuerant,

191 383 403 424 compositas,
435 381 614 421 magisterio
643 381 780 411 donatus
804 380 948 410 Thomas
976 380 1036 410 fuit
1064 389 1148 410 anno
1178 381 1258 410 1256

190 429 241 459 vel
256 428 456 468 insequente:
474 425 548 456 hinc
564 432 692 465 tempus
708 425 852 455 sublucet
874 434 939 465 quo
960 424 1156 464 praedictum
1172 424 1262 464 Opu-

193 473 320 504 sculum
335 472 374 502 ab
390 470 549 511 Aquinate
565 469 786 500 elucubratum
803 469 863 499 dici
879 469 1000 499 debeat.

258 516 310 546 ΠΙ.
334 514 466 545 Minutis
490 513 719 544 characteribus
743 523 895 543 excusum
910 513 943 543 in
960 512 1098 543 editione
1118 513 1264 543 Romana

191 566 310 601 prostat
334 558 539 599 Opusculum
561 558 612 588 De
635 563 755 588 natura
779 558 935 588 materiae
958 562 988 588 et
1015 557 1264 588 dimensionibus

191 604 416 635 interminatis.
441 602 509 633 Cur
530 601 628 632 veluti
652 602 788 632 dubium
812 602 989 632 censuerint
1008 601 1145 631 Romani
1165 601 1263 632 edito-

190 658 239 679 res
262 658 329 678 non
353 653 493 678 constat:
531 659 545 674 ει
562 647 647 676 Nam
676 657 740 687 qua
763 646 883 676 ratione
899 646 938 676 de
955 645 1122 686 Opusculo
1146 646 1262 676 XXXII

193 705 208 720 2
230 692 328 733 aliqui
351 691 495 722 dubitent
518 689 636 733 (verba
666 696 743 721 sunt
773 689 989 732 Barbavarii)
1015 700 1144 730 prorsus
1172 690 1263 730 igno-

192 750 208 764 ι
230 746 297 767 rare
315 746 367 766 me
383 735 493 766 fateor.
518 735 625 776 Stylus
642 742 688 766 est
703 735 790 765 idem
806 733 856 777 (ac
872 734 904 764 in
922 734 1088 774 Opusculo
1109 735 1160 765 De
1170 735 1263 774 prin-

193 793 208 808 »
231 781 322 821 cipiis
346 777 511 822 naturae),
536 779 616 809 ordo
632 789 699 809 non
715 779 892 810 dissimilis:
917 778 1026 809 omnia
1049 779 1196 819 denique,
1216 779 1263 809 iu-

192 837 208 853 »
230 825 314 856 dicio
330 834 416 862 meo,
432 824 597 864 quadrant.
614 824 713 860 Quod
727 824 813 854 enim
829 823 947 854 ibidem
963 824 1055 853 docet
1065 821 1180 865 (capite
1194 821 1262 865 vn):

193 882 208 897 1·
230 870 455 900 Dimensiones
479 868 605 899 easdem
637 869 669 899 in
702 869 773 899 vivo
797 874 893 908 atque
922 873 1048 898 mortuo
1072 877 1261 905 remanere,

193 926 208 942 ›
231 920 352 954 praeter
375 913 449 943 alibi
472 912 584 943 tradita
608 912 646 943 de
671 912 774 943 forma
797 911 1021 950 substantifica,
1046 921 1144 952 quam
1167 911 1263 951 recipi

193 971 207 986 »
231 968 356 998 semper
379 957 541 988 contendit
569 957 601 987 in
630 957 717 987 nuda
741 956 890 994 materia,
922 956 1048 986 nullum
1074 956 1155 995 parit
1178 966 1263 986 scru-

192 1015 207 1030 »
230 1002 346 1043 pulum
365 1001 575 1032 consideranti
598 1001 692 1031 verba
711 1011 768 1031 sua
787 1000 945 1031 attentius.
969 1000 1122 1036 Eaedem,
1147 1000 1262 1040 inquit,

193 1060 207 1074 »
230 1047 444 1078 dimensiones
466 1051 542 1076 sunt
566 1046 597 1075 in
623 1046 694 1076 vivo
721 1051 751 1075 et
774 1046 806 1075 in
831 1050 957 1075 mortuo
980 1054 1044 1084 per
1072 1045 1264 1074 essentiam:

193 1104 207 1119 ›
230 1092 306 1132 quia
323 1091 404 1121 idem
422 1090 501 1120 ordo
517 1094 626 1119 manet
642 1090 674 1119 in
693 1090 830 1120 materia
845 1094 875 1119 et
889 1088 933 1119 ad
947 1088 1088 1119 eamdem
1095 1087 1264 1128 formam:

191 1147 208 1162 ›
229 1135 286 1166 sed
307 1134 484 1165 secundum
512 1143 580 1163 esse
603 1139 677 1163 actu
702 1143 764 1164 non
790 1138 940 1169 manent,
973 1133 1036 1162 nisi
1066 1133 1098 1161 in
1123 1131 1262 1172 quadam

191 1191 208 1206 ›
228 1179 433 1219 aequalitate.
457 1178 500 1208 Et
516 1177 598 1208 idem
619 1183 665 1208 est
680 1178 720 1208 de
734 1178 809 1208 aliis
825 1176 1052 1208 accidentibus.
1076 1176 1172 1205 Plane
1188 1185 1263 1205 vero

191 1235 207 1251 ι
229 1222 374 1264 quisquis
390 1222 484 1252 vellet
498 1221 694 1262 Aquinatem
718 1222 838 1261 privare
861 1220 962 1260 gloria
982 1219 1078 1250 huius
1094 1219 1263 1259 Opusculi,

191 1280 207 1296 1>
229 1267 320 1299 tollat
343 1267 439 1297 etiam
457 1266 592 1296 alterum
616 1272 741 1306 oportet
755 1266 807 1296 De
821 1265 993 1305 principiis
1009 1269 1166 1294 naturae:
1189 1274 1266 1294 narn

191 1324 206 1339 ›
229 1307 380 1342 eumdem
396 1310 645 1350 essetutriusque
661 1317 835 1348 auctorem,
852 1315 983 1340 testatur
997 1307 1163 1338 Praefatio:
1175 1308 1264 1339 Post-

163 1389 167 1391 <
191 1366 341 1397 »lquanr
349 1355 390 1386 de
406 1355 579 1395 principiis
600 1364 706 1385 sermo
729 1354 856 1384 habitus
878 1358 935 1391 est,
961 1354 1117 1383 remansit
1134 1353 1265 1393 plenius

195 1413 209 1428 2>
232 1405 385 1431 naturam
409 1400 566 1430 materiae
589 1399 805 1430 considerare.
819 1411 833 1425 »

256 1444 324 1476 Cur
337 1454 414 1475 vero
432 1444 565 1474 demum
588 1443 621 1473 in
645 1442 781 1473 dubium
796 1442 903 1473 vocari
919 1441 1124 1482 Opusculum
1141 1442 1262 1480 debeat,

189 1489 279 1530 quod
301 1488 404 1519 verbis
426 1487 639 1518 disertissimis
663 1487 815 1528 Aquinati
839 1486 1021 1517 adscribunt
1043 1493 1173 1524 veteres,
1190 1487 1264 1517 Pto-

191 1533 356 1572 lomaeus,
383 1532 562 1564 Bernardus
586 1532 764 1569 Guidonis,
793 1531 976 1571 PignonuS,
1006 1528 1265 1561 Valleoletanus?

191 1577 333 1618 Spongia
343 1587 417 1617 ergo
427 1576 569 1617 indigent
583 1576 660 1606 haec
670 1576 808 1616 Philippi
818 1575 936 1606 Labbei
946 1575 1054 1608 verba:
1065 1575 1205 1605 XXXII
1214 1576 1266 1606 De

192 1627 312 1654 natura
335 1622 492 1652 materiae
512 1626 543 1651 et
573 1620 823 1651 dimensionibus
848 1620 1062 1650 interminatis
1091 1629 1154 1650 non
1180 1619 1264 1650 vide-

192 1672 247 1697 tur
269 1676 338 1698 esse
360 1666 427 1697 divi
455 1666 603 1696 Tkomae.

260 1711 313 1742 IV.
342 1724 357 1738 ‹
368 1710 574 1750 Opusculum
583 1709 673 1739 XXX
687 1709 738 1739 De
748 1714 820 1740 ente
835 1713 866 1739 et
875 1709 1012 1739 essentia
1027 1705 1143 1750 (verba
1154 1707 1264 1749 refero

193 1768 207 1783 »
229 1753 445 1796 Barbavarii)
462 1761 493 1785 et
508 1754 568 1784 alia
585 1753 732 1793 deinceps
752 1762 854 1794 usque
870 1752 911 1783 ad
925 1752 982 1783 XL
999 1752 1032 1782 in
1049 1762 1115 1792 quo
1131 1752 1182 1782 De
1199 1762 1263 1782 mo-

193 1811 210 1828 ›
231 1799 358 1831 dalibus
381 1798 503 1838 agitur,
531 1797 700 1838 Aquinatis
728 1797 894 1837 ingenium
922 1806 1051 1836 prorsus
1078 1796 1232 1827 redolent.
1246 1808 1260 1822 »

188 1843 273 1875 Hinc
295 1844 382 1874 iuxta
403 1842 583 1876 Barbavarii
607 1851 772 1872 censuram
795 1841 836 1871 ad
858 1840 1054 1881 Aquinatem
1076 1850 1188 1871 verum
1207 1851 1260 1880 pa-

189 1894 311 1919 rentem
327 1887 495 1927 pertinent,
519 1886 724 1926 Opusculum
738 1885 869 1916 XXXIII
885 1885 937 1915 De
959 1886 1114 1915 mixtione
1129 1886 1264 1916 elemen-

190 1938 308 1970 torum,
326 1932 366 1962 ad
381 1931 568 1971 magistrum
590 1929 791 1970 Philippum:
815 1929 949 1960 XXXIV
964 1929 1016 1960 De
1038 1930 1171 1960 occultis
1193 1939 1265 1970 ope-

189 1976 279 2008 ribus
295 1981 444 2013 naturae,
457 1975 497 2005 ad
512 1974 687 2016 quemdam
702 1974 853 2005 militem:
878 1974 997 2004 XXXV
1017 1974 1068 2004 De
1087 1979 1174 2004 motu
1194 1984 1264 2005 cor-

190 2021 259 2059 dis,
293 2021 334 2051 ad
356 2019 544 2060 magistrum
575 2018 778 2059 Philippum:
811 2018 944 2050 XXXVI
973 2018 1025 2048 De
1052 2019 1265 2050 instantibus:

190 2065 337 2096 XXXVII
352 2065 404 2096 De
416 2069 556 2105 quatuor
570 2064 733 2104 oppositis:
742 2063 903 2094 XXXVIII
917 2063 969 2093 De
982 2063 1266 2094 demonstratione:

190 2110 325 2141 XXXIX
339 2110 391 2140 De
402 2108 573 2150 fallaciis,
600 2108 640 2138 ad
655 2108 814 2149 quosdam
838 2107 960 2138 nobiles
977 2107 1118 2143 artistaszr
1134 2108 1190 2138 XL
1213 2108 1265 2139 De

185 2153 460 2194 propositionibus
482 2152 670 2183 modalibus.

251 2197 430 2230 Barbavarii
444 2197 600 2228 iudicium
610 2195 799 2227 confirmant
813 2195 1064 2236 locupletissimo
1079 2196 1263 2227 testimonio

190 2249 310 2274 veteres
331 2241 594 2273 nomenclatores.
619 2240 824 2281 Opusculum
845 2241 897 2271 De
920 2241 1074 2271 mixtione
1096 2241 1264 2271 elemento-

190 2297 264 2318 rum
288 2286 332 2318 ad
354 2287 549 2327 magistrum
572 2285 752 2325 Philippum
777 2291 938 2316 recensent
960 2285 1177 2323 Ptolomaeus,
1201 2286 1264 2316 Lo-

189 2331 328 2372 gotheta,
352 2331 530 2362 Bernardus
554 2329 723 2367 Guidonis,
747 2329 912 2367 Trivetus,
936 2329 1116 2369 Pignonus‚
1138 2330 1263 2360 Valleo-

190 2375 330 2414 lemnus,
355 2386 379 2406 s.
396 2374 590 2406 Antoninus.
614 2373 764 2414 Philippi,
782 2373 832 2404 cui
849 2380 1071 2414 nuncupatum
1086 2374 1179 2414 Opus
1203 2381 1260 2413 est,

190 2420 326 2461 patriam
341 2419 427 2450 addit
442 2418 622 2459 Logotheta
642 2418 794 2450 Castrum
812 2419 902 2449 caeli.
927 2419 1016 2448 Num
1035 2418 1142 2458 potius
1158 2418 1263 2458 legen-

191 2464 271 2495 dum
296 2464 448 2495 Castrum
472 2463 610 2500 celsum,
639 2462 749 2503 gallice
776 2462 1006 2493 Chautoceaux
1028 2462 1079 2493 vel
1105 2463 1263 2494 Chateau-

191 2518 305 2540 ceaux.
330 2508 411 2539 Vide
435 2508 558 2538 Bruzen
581 2507 612 2537 la
634 2506 823 2537 Martiniere.

259 2553 360 2583 Iidem
378 2551 591 2592 probatissimi
615 2558 708 2582 testes
724 2561 837 2581 omnes
853 2550 1057 2590 Opusculum
1073 2558 1263 2591 memorant,

192 2597 281 2639 quod
297 2596 450 2638 sequitur,
466 2597 517 2627 De
532 2596 665 2627 occultis
680 2595 828 2636 operibus
844 2600 992 2626 naturae.
1014 2595 1108 2626 Militi
1125 2596 1265 2636 opellam

191 2641 388 2682 nuncupavit
402 2641 563 2681 Aquinas:
581 2650 679 2681 quem
694 2640 899 2670 Ptolomaeus
914 2646 945 2670 et
959 2639 1136 2679 Logotheta
1150 2647 1265 2671 vocant

190 2686 328 2717 Militem
346 2686 634 2716 ultramontanum.
659 2685 782 2715 Eorum
805 2683 1084 2714 nomenclatorum
1100 2694 1204 2715 unum
1219 2691 1265 2715 est

190 2730 412 2762 testimonium
441 2729 479 2760 de
502 2729 708 2760 adscribendo
731 2728 884 2769 Aquinati
913 2728 1082 2768 Opusculo
1103 2729 1155 2759 De
1176 2735 1264 2760 motu

191 2775 306 2807 cordis.
336 2775 567 2814 Nuncupatum
590 2774 735 2814 Philippo
758 2773 891 2813 legitur,
921 2772 960 2803 de
985 2772 1204 2812 Castrocaeli,
1230 2781 1266 2805 ut

192 2819 279 2850 addit
302 2819 461 2849 Trivetus.
831 2854 836 2860 ι

259 2863 446 2894 Genuinum
464 2862 610 2893 Thomae
635 2862 759 2893 foetum
775 2868 811 2892 ut
826 2861 1032 2901 Opusculum
1050 2861 1264 2893 existimemus

193 2908 245 2938 De
267 2907 479 2944 instantibus,
510 2907 584 2937 satis
608 2913 655 2937 est
677 2907 767 2947 quod
790 2906 896 2936 ferunt
918 2905 1139 2936 testimonium
1156 2906 1264 2937 Ptolo-

193 2961 303 2982 maeus
327 2957 358 2982 et
375 2950 552 2982 Bernardus
569 2951 743 2982 Guidonis:
769 2950 885 2991 quibus
902 2950 1133 2990 adstipulantur
1148 2951 1263 2991 Pigno-

193 3005 265 3034 nuS,
283 2995 519 3026 Valleoletanus
536 3002 567 3026 et
582 3001 708 3026 sanctus
731 2994 925 3025 Antoninus.
949 2995 1028 3025 Tres
1043 2994 1095 3025 isti
1110 2995 1264 3035 postremi

193 3046 287 3070 testes
311 3049 346 3070 ac
368 3039 430 3070 illis
453 3039 613 3080 antiquior
635 3039 813 3070 Bernardus
832 3038 990 3069 Guidonis
1005 3039 1152 3070 Thomae
1176 3039 1264 3071 adiu-

195 3084 300 3115 dicant
315 3083 519 3123 Opusculum
533 3084 585 3114 De
598 3089 738 3125 quatuor
753 3084 921 3124 oppositis:
935 3083 1076 3124 itemque
1086 3084 1264 3115 Bernardus

194 3135 225 3158 et
242 3127 479 3159 Valleoletanus
495 3137 553 3167 pro
570 3127 659 3158 foetu
674 3127 842 3169 Aquinatis
861 3127 977 3158 habent
993 3127 1198 3168 Opusculum
1213 3129 1265 3159 De

194 3173 485 3209 demonstratione,
524 3171 608 3212 typis
631 3178 769 3203 attamen
799 3171 1025 3203 minutioribus
1057 3183 1208 3204 excusum
1231 3173 1264 3203 in

195 3216 333 3247 editione
356 3216 512 3246 Romana.
537 3216 628 3253 Quae
652 3216 788 3257 denique
812 3223 989 3257 sequuntur
1004 3216 1170 3257 Opuscula
1185 3218 1269 3256 duo,-

193 3261 245 3291 De
257 3260 416 3301 fallaciis·
432 3266 463 3290 et
484 3260 536 3290 De
551 3261 824 3300 propositionibus
847 3260 1036 3299 modalibus,
1055 3261 1105 3291 his
1121 3262 1176 3292 abs
1190 3262 1264 3292 Pto-

194 3305 321 3336 lomaeo
345 3305 384 3335 de
407 3305 494 3335 Luca
516 3310 717 3335 recensentur
739 3305 850 3335 verba:
877 3305 958 3335 Item
982 3305 1116 3336 tradidit
1138 3306 1264 3346 quibus-

194 3349 268 3380 dam
289 3349 446 3379 nobilibus
467 3349 591 3379 artistis
605 3348 791 3389 Logicalia,
815 3349 891 3389 quia
913 3350 1042 3389 scripsit
1063 3350 1212 3380 Modales
1235 3355 1266 3380 et

194 3394 360 3424 Fallacias
370 3398 400 3424 et
413 3392 655 3423 Introductoria
670 3392 714 3422 ad
729 3393 879 3433 logicam.
893 3393 1082 3423 Ptolomaeo
1093 3393 1266 3424 concinunt

195 3438 373 3469 Bernardus
390 3436 548 3468 Guidonis
565 3443 595 3467 et
610 3447 635 3467 s.
649 3436 832 3466 Antoninus
848 3442 879 3467 et
893 3436 1067 3475 Pignonus.

261 3482 300 3513 V.
324 3481 441 3512 Minori
455 3481 630 3512 charactere
651 3479 842 3520 impressum
865 3480 990 3510 exhibet
1007 3481 1153 3510 Romana
1169 3480 1265 3511 editio

196 3526 400 3566 Opusculum
416 3526 486 3556 XLI
503 3526 553 3555 De
570 3530 689 3555 natura
705 3524 887 3555 accidentis.
904 3525 1080 3554 Recensent
1097 3524 1177 3555 illud
1191 3525 1265 3555 Pto-

195 3570 339 3601 lomaeus
356 3577 387 3601 et
402 3570 582 3610 Pignonus:
607 3569 759 3599 omittunt
776 3568 965 3606 Bernardus,
984 3568 1219 3599 Valleoletanus
1235 3576 1266 3599 et

197 3621 321 3645 sanctus
331 3614 523 3645 Antoninus.
541 3613 702 3644 Ambrosii
719 3613 893 3643 Barbavara
907 3623 1038 3643 censura
1052 3619 1111 3643 est:
1140 3626 1155 3641 κ
1167 3613 1266 3644 Abest

338 3674 407 3706 Opp.
427 3675 458 3698 D.
473 3674 587 3698 Tuom
606 3673 637 3698 T.
652 3673 670 3697 1.

2275 272 2390 298 CCLXV

1320 349 1334 363 »
1357 337 1452 376 longe
1484 334 1702 379 (inquientis)
1732 347 1750 367 a
1772 337 1908 378 puritate
1933 338 2091 368 doctrinae
2115 338 2336 378 Peripateticae
2360 347 2391 371 et

1320 393 1334 407 2»
1359 387 1588 422 consequenter
1611 381 1650 411 ab
1673 381 1781 412 indole
1806 381 1982 422 Aquinatis.
2007 383 2135 412 Norunt
2158 392 2287 421 omnes,
2312 384 2391 414 dum

1320 437 1335 451 »
1358 425 1472 456 dicitur
1495 436 1513 455 a
1536 425 1767 465 Peripateticis,
1797 426 1882 466 quod
1904 426 2078 457 accidentis
2102 436 2169 457 esse
2197 433 2244 457 est
2266 429 2389 466 inesse,

1321 481 1335 495 »
1357 470 1455 500 verbo
1483 469 1539 500 illo
1564 471 1666 500 inesse
1694 470 1859 501 connotari
1883 470 2110 508 substantiam,
2142 477 2294 511 tanquam
2323 472 2391 502 eius

1322 526 1336 540 »
1360 514 1556 544 subiectum:
1588 524 1664 544 nam
1687 514 1830 545 accidens
1854 514 1927 545 ideo
1954 525 2009 545 ens
2034 514 2167 553 dicitur,
2191 515 2266 556 quia
2290 516 2391 554 entis,

1322 570 1335 584 »
1359 557 1439 588 idest
1462 558 1653 589 substantiae
1677 557 1814 601 (modus
1837 559 1969 599 quidam
1992 557 2068 602 est).
2092 559 2177 589 Tam
2200 559 2321 590 subtilis
2340 560 2391 590 hic

1322 614 1336 628 »
1359 602 1480 632 Doctor
1503 612 1620 633 novam
1636 603 1811 643 quamdam
1827 603 2118 643 interpretationem
2133 603 2200 634 eius
2224 603 2297 634 dicti
2321 614 2391 634 mo-

1322 658 1336 672 »
1359 646 1443 677 litur.
1467 647 1531 677 Per
1552 647 1622 685 hoc,
1647 647 1760 688 inquit,
1779 648 1882 678 inesse
1901 658 1964 678 non
1981 648 2198 689 significatur,
2222 648 2308 688 quod
2324 658 2392 679 esse

1322 702 1336 717 »
1359 690 1533 721 accidentis
1555 692 1597 721 sit
1621 692 1653 721 in
1678 693 1745 732 ipso
1769 701 1837 722 esse
1859 692 2077 723 substantiae:
2101 692 2158 723 sed
2179 692 2282 723 solum
2307 692 2392 733 quod

1322 746 1336 761 »
1360 744 1427 765 esse
1443 735 1616 766 accidentis
1631 737 1673 766 sit
1689 736 1858 766 inhaerere
1881 738 1939 774 rei,
1965 746 2186 777 quaecumque
2203 737 2242 767 sit
2257 746 2305 767 res
2320 737 2391 775 illa;

1323 790 1337 806 »
1361 779 1451 819 quasi
1468 779 1599 809 nornine
1615 781 1663 810 rei
1677 780 1873 819 Peripatetici
1897 781 1983 811 aliud
1998 781 2184 820 intelligant,
2204 791 2303 821 quam
2319 782 2392 811 sub-

1322 835 1336 849 »
1360 823 1526 861 stantiam3
1550 824 1826 864 quemadmodum
1849 831 1880 855 et
1902 825 2032 855 nomine
2057 826 2146 855 entis.
2175 825 2250 862 Quo
2273 824 2319 864 fit,
2343 825 2391 855 in-

1322 879 1336 893 »
1360 867 1439 907 quit,
1464 868 1549 907 quod
1571 868 1730 908 quaedam
1755 868 1932 899 accidentia
1955 870 2030 906 sint,
2057 879 2192 910 quorum
2216 870 2390 900 subiectum

1322 922 1336 937 »
1353 912 1526 951 proprium
1545 921 1607 942 non
1625 917 1672 942 est
1695 921 1763 942 esse
1785 912 1995 943 substantiale
2010 915 2069 951 rei,
2093 914 2150 944 sed
2168 914 2317 944 accidens
2332 915 2391 945 ali-

1322 967 1337 982 »
1359 955 1455 995 quod,
1472 956 1555 985 sicut
1570 956 1735 995 quantitas
1755 961 1802 986 est
1816 957 1990 987 subiectum
2007 958 2190 998 qualitatis:
2212 958 2305 998 plane
2324 968 2391 988 non

1322 1010 1336 1025 ›
1360 998 1556 1039 distinguens
1579 999 1660 1029 inter
1683 1000 1861 1030 subiectum
1885 1002 1973 1041 quod
1997 1001 2106 1041 recipit
2130 1008 2159 1032 et
2182 1002 2214 1032 id
2238 1003 2326 1043 quod
2345 1009 2392 1033 est

1323 1054 1336 1069 >›
1360 1043 1501 1073 subiecto
1522 1043 1601 1073 ratio
1625 1043 1794 1083 recipiendi
1818 1044 1882 1074 sive
1907 1045 2047 1075 conditio
2072 1046 2137 1076 sine
2154 1056 2217 1087 qua
2233 1057 2299 1076 non
2315 1046 2390 1077 reci-

1323 1098 1336 1113 »
1359 1086 1454 1126 pitur.
1481 1087 1562 1123 Quis
1586 1087 1681 1117 etiam
1704 1087 1784 1118 illud
1808 1098 1873 1123 non
1897 1089 2087 1127 admiretur,
2113 1100 2187 1120 cum
2210 1091 2243 1120 in
2266 1101 2298 1121 re
2323 1089 2390 1133 (in—

1322 1142 1337 1157 »
1359 1129 1446 1172 quit)
1465 1131 1643 1170 composita
1659 1138 1797 1172 quatuor
1813 1132 1874 1162 sint
1891 1133 2126 1171 consideranda,
2147 1144 2209 1172 res,
2228 1145 2295 1165 esse
2310 1137 2389 1173 eius,

1322 1186 1336 1200 >v
1351 1174 1468 1215 forma
1486 1180 1516 1205 et
1530 1176 1685 1206 materia:
1702 1182 1732 1206 et
1746 1186 1794 1206 res
1810 1176 1849 1207 sit
1863 1177 1994 1217 propior
2008 1188 2067 1208 suo
2083 1188 2148 1208 esse
2163 1189 2261 1219 quam
2277 1179 2390 1219 forma,

1323 1230 1337 1245 »
1360 1229 1431 1249 cum
1450 1229 1514 1259 per
1530 1229 1598 1249 rem
1623 1217 1765 1262 (inquit)
1783 1230 1850 1251 esse
1865 1221 1950 1252 adsit
1966 1227 2031 1252 tum
2048 1223 2213 1260 materiae,
2235 1229 2300 1254 tum
2314 1223 2391 1264 for-

1322 1275 1336 1289 »
1359 1263 1459 1293 mae?
1482 1263 1511 1294 O
1531 1263 1680 1294 miseram
1703 1264 1952 1305 philosophiam,
1976 1276 2058 1306 quae
2073 1266 2224 1297 hactenus
2239 1274 2392 1308 tanquam

1323 1320 1337 1334 ›>
1361 1307 1485 1338 axioma
1508 1308 1732 1348 pronunciaret
1754 1309 1840 1349 quod
1863 1319 1931 1340 esse
1959 1320 2021 1340 non
2046 1311 2131 1341 adsit
2153 1311 2247 1342 rebus
2264 1313 2326 1342 nisi
2340 1312 2391 1343 be—

1323 1364 1338 1379 »
1361 1352 1474 1392 neficio
1488 1352 1714 1393 formarum...
1740 1353 1801 1383 Sed
1818 1354 1905 1393 parvi
1924 1354 2080 1385 momenti
2100 1354 2204 1386 forent
2219 1356 2306 1394 haec,
2330 1356 2390 1387 nisi

1322 1408 1337 1423 »
1360 1396 1456 1427 etiam
1489 1396 1546 1427 sibi
1571 1397 1778 1437 repugnantia
1802 1398 1917 1429 diceret
1945 1398 1996 1429 hic
2020 1405 2139 1430 auctor.
2172 1400 2255 1430 Nam
2279 1401 2390 1439 docet,

1323 1453 1337 1468 ›>
1359 1441 1569 1481 quantitatem
1593 1442 1691 1481 prius
1713 1441 1826 1473 adesse
1848 1443 2064 1481 substantiae,
2093 1454 2188 1484 quam
2217 1445 2284 1474 alia
2309 1446 2390 1475 acci-

1323 1498 1338 1512 »
1360 1485 1480 1522 dentia,
1506 1490 1613 1525 utpote
1628 1495 1711 1526 quae
1734 1488 1903 1517 materiam
1920 1489 2135 1528 consequitur,
2163 1498 2235 1518 cum
2251 1490 2391 1529 qualitas

1323 1542 1337 1557 »
1360 1535 1576 1570 consequatur
1592 1529 1751 1570 formam.
1778 1533 1928 1562 Attamen
1951 1532 2116 1562 materiam
2139 1532 2299 1571 docuerat,
2324 1543 2392 1564 esse

1323 1587 1338 1601 >v
1360 1584 1380 1604 a
1405 1584 1441 1604 re
1465 1575 1680 1613 remotiorem,
1703 1584 1800 1615 quam
1815 1575 1984 1616 formam;
2007 1576 2082 1617 quia
2100 1576 2253 1617 primum,
2277 1577 2391 1618 inquit,

1323 1631 1338 1645 »
1361 1625 1407 1648 est
1423 1628 1483 1657 res,
1508 1619 1686 1649 secundum
1709 1629 1786 1657 esse,
1811 1620 1939 1651 tertium
1956 1621 2069 1659 forma,
2086 1627 2236 1662 quartum
2252 1622 2391 1653 materia.

1323 1674 1336 1689 »
1360 1663 1401 1693 Et
1432 1673 1472 1693 ne
1496 1673 1570 1694 cum
1601 1663 1663 1693 hoc
1686 1663 1827 1703 sophista
1857 1665 1979 1695 bellum
2006 1665 2180 1705 suscepisse
2208 1665 2392 1705 videamur,

1322 1719 1337 1733 »
1361 1706 1556 1737 adducamus
1579 1707 1708 1737 tandem
1731 1716 1875 1747 argutam
1902 1709 1990 1739 illam
2018 1709 2262 1750 praefationem:
2287 1710 2392 1750 Quia,

1323 1763 1338 1778 »
1361 1750 1475 1791 inquit,
1499 1751 1677 1782 accidentia
1698 1761 1852 1793 magnam
1871 1759 1999 1793 partem
2017 1754 2189 1795 conferunt
2212 1754 2256 1785 ad
2274 1765 2391 1796 cogno-

1323 1807 1338 1822 »
1360 1795 1512 1826 scendum
1536 1795 1621 1836 quod
1636 1795 1713 1835 quid
1729 1802 1808 1827 est...
1832 1798 1872 1828 de
1887 1798 2050 1829 accidente
2064 1799 2167 1839 igitur
2182 1804 2212 1829 et
2235 1800 2304 1830 eius
2326 1800 2391 1830 ori-

1323 1851 1338 1866 »
1359 1840 1438 1880 gine
1453 1840 1578 1880 aliquid
1593 1840 1732 1870 breviter
1754 1841 1906 1879 dicemus,
1930 1852 1993 1882 quo
2007 1842 2147 1883 facilius
2163 1843 2342 1874 intellectus
2356 1845 2389 1874 in

1323 1896 1338 1911 >›
1360 1884 1568 1924 quidditatem
1593 1885 1642 1914 rei
1660 1883 1809 1916 ducatur.
1834 1887 1949 1917 Nonne
1972 1886 2021 1916 his
2036 1887 2138 1917 verbis
2154 1887 2227 1918 satis
2245 1888 2389 1926 declarat,

1323 1941 1338 1955 »
1361 1938 1394 1958 se
1417 1928 1496 1959 nihil
1520 1938 1649 1969 prorsus
1672 1927 1865 1969 intelligere,
1897 1941 1955 1961 nec
1979 1931 2057 1971 quid
2080 1931 2119 1962 sit
2142 1931 2304 1970 accidens,
2333 1942 2391 1963 nec

1323 1985 1338 2000 »
1360 1972 1438 2013 quid
1461 1973 1615 2014 intelligat
1637 1971 1821 2005 Aristoteles
1839 1985 1903 2015 per
1925 1975 2010 2015 quod
2029 1975 2106 2016 quid
2125 1981 2180 2006 est.
2194 1988 2209 2003 »
2236 1976 2391 2007 Subtilem

1321 2027 1506 2056 censuram,
1534 2016 1759 2050 subtilitatibus
1783 2019 1994 2059 Peripateticis
2018 2029 2212 2058 consonam,
2241 2020 2392 2051 obtulisse

1320 2071 1386 2092 non
1410 2069 1524 2102 pigeat.

1701 2170 1911 2208 CAPUT
1950 2172 2009 2208 ΙΙ.

1320 2278 1444 2304 Eiusdem
1459 2278 1604 2303 Barbavara
1619 2287 1726 2304 censura
1745 2279 1770 2304 in
1785 2279 1833 2304 alia
1843 2285 1974 2313 postrema
1987 2280 2046 2304 XIV
2061 2280 2193 2314 Opuscula
2211 2281 2391 2315 philosophica

1369 2321 1428 2338 cum
1444 2314 1719 2339 animadversionibus.
1736 2314 1808 2340 Aliae
1823 2316 1961 2340 nonnullae
1976 2315 2131 2341 adulterinae
2146 2316 2342 2342 lucubrationes.

1322 2416 1347 2447 l.
1460 2417 1633 2456 pusculum
1661 2417 1714 2448 De
1740 2423 1860 2448 natura
1890 2419 2041 2459 generis,
2074 2426 2253 2449 memorant
2284 2419 2391 2449 Ptolo-

1459 2471 1570 2492 maeus
1585 2468 1615 2492 et
1629 2461 1807 2502 Pignonus:
1824 2462 1949 2493 silentio
1965 2469 2163 2503 praetereunt
2177 2463 2297 2494 caeteri.
2310 2463 2392 2494 Cen-

1321 2515 1428 2536 suram
1451 2505 1557 2546 accipe
1580 2506 1776 2537 Barbavarii:
1809 2520 1824 2536 α
1842 2507 1930 2538 Licet
1959 2507 2110 2548 pleraque
2140 2508 2298 2538 contineat
2326 2517 2391 2538 non

1322 2562 1337 2576 »
1360 2550 1565 2590 aspernenda,
1583 2550 1685 2581 multa
1700 2557 1807 2582 tamen
1823 2551 1962 2582 vicissim
1978 2551 2130 2582 desiderat
2149 2552 2223 2582 divo
2240 2552 2391 2593 Aquinati

1323 2606 1336 2620 2·
1360 2594 1549 2634 peculiaria,
1577 2594 1742 2634 ordinem,
1772 2596 1891 2637 stylum
1916 2595 2082 2626 cultiorem
2105 2603 2135 2627 et
2158 2596 2392 2627 distinctionem

1323 2650 1338 2665 »
1361 2648 1479 2677 rerum,
1503 2649 1583 2680 quas
1606 2646 1783 2680 pertractat,
1808 2640 1909 2680 magis
1932 2640 2179 2680 peripateticam.
2203 2641 2251 2671 Ne
2270 2641 2393 2680 singula

1323 2695 1337 2710 2»
1360 2693 1594 2724 prosequamur
1616 2683 1710 2723 vitia,
1735 2685 1806 2725 quis
1830 2684 1907 2715 haec
1930 2685 2044 2716 audeat
2066 2685 2140 2715 divo
2165 2685 2310 2715 Thomae
2333 2685 2391 2714 im-

1323 2739 1338 2755 >
1361 2727 1510 2768 pingere,
1534 2728 1620 2769 quod
1633 2729 1774 2770 Physica
1801 2729 2041 2760 subalternetur
2064 2730 2307 2770 Metaphysicae
2323 2727 2391 2771 (ca-

1308 2782 1338 2799 >>›
1360 2771 1425 2812 pite
1440 2770 1522 2815 xrv).
1547 2773 1647 2810 Quod
1671 2774 1750 2803 dum
1773 2779 1931 2814 quantum
1954 2773 2101 2804 definitur
2119 2774 2158 2803 ab
2174 2773 2341 2804 Aristotele
2361 2773 2391 2804 V

1323 2874 1338 2888 2>
1360 2861 1427 2892 lum
1452 2867 1499 2892 est
1520 2861 1580 2892 hoc
1601 2862 1725 2903 aliquid
1730 2870 1743 2900 ;
1770 2863 1847 2893 haec
1871 2862 1983 2893 ultima
2005 2862 2156 2902 particula
2179 2867 2325 2902 ponatur
2347 2861 2391 2892 ad

1323 2918 1338 2933 »
1360 2905 1576 2945 differentiam
1594 2908 1688 2938 mixti
1711 2905 1832 2949 (capite
1847 2905 1915 2949 xx).
1941 2906 2008 2937 Cur
2023 2913 2053 2937 et
2069 2916 2135 2936 non
2151 2906 2257 2946 potius
2276 2906 2316 2936 ad
2332 2906 2389 2936 dif-

1323 2963 1338 2978 »
1360 2949 1526 2981 ferentiatn
1548 2951 1687 2990 partium
1711 2951 1944 2989 essentialium,
1974 2961 2048 2981 cum
2072 2950 2167 2981 etiam
2196 2950 2229 2980 in
2258 2960 2390 2990 corpore

1323 3007 1338 3022 »
1361 2994 1497 3034 simplici
1520 2995 1679 3035 quaedam
1701 2995 1817 3034 insint,
1846 2995 1878 3025 in
1903 3005 1984 3036 quae
2010 2995 2035 3025 si
2059 2994 2233 3032 dividatur,
2263 2994 2390 3025 nullum

1323 3052 1337 3067 »
1360 3048 1474 3069 eorum
1497 3039 1555 3070 erit
1572 3039 1634 3070 hoc
1651 3037 1793 3081 aliquid?
1816 3040 1914 3077 Quod
1931 3039 2073 3070 continui
2090 3038 2278 3069 differentiae
2294 3049 2389 3079 quae-

1323 3097 1337 3111 »
1360 3083 1435 3113 darn
1458 3083 1521 3114 sint
1544 3084 1727 3115 intraneum
1757 3090 1788 3115 et
1810 3089 2000 3115 extraneum
2029 3081 2195 3126 (ibidem).
2227 3083 2389 3124 Quodque

1323 3141 1338 3156 ›>
1360 3127 1416 3157 has
1440 3127 1628 3159 differentias
1652 3128 1835 3159 Aristoteles
1860 3128 2127 3169 circumloquatur
2143 3137 2206 3168 per
2229 3129 2390 3158 transiens

1323 3185 1337 3199 »
1360 3177 1391 3202 et
1407 3182 1607 3211 permanens
1629 3171 1969 3215 (ibidem).'Profecto
1993 3182 2096 3213 neque
2115 3171 2318 3213 Aristotelem
2341 3172 2389 3202 his

1322 3229 1337 3243 »
1359 3216 1492 3246 vocibus
1511 3216 1683 3257 aliquando
1708 3227 1804 3248 usum
1827 3217 1989 3247 videmus:
2015 3226 2118 3257 neque
2140 3226 2264 3256 semper
2278 3226 2389 3246 verum

1323 3273 1337 3288 »
1361 3266 1417 3298 est,
1442 3261 1531 3300 quod
1554 3261 1723 3301 quantitas,
1747 3272 1829 3302 quae
1851 3262 2038 3292 intrinsecus
2060 3271 2128 3291 rem
2151 3260 2325 3299 dimetitur,
2350 3260 2390 3290 sit

1322 3317 1337 3332 ›
1360 3304 1399 3334 de
1414 3305 1670 3344 permanentium
1686 3313 1815 3346 genere;
1837 3316 1919 3347 quae
1935 3316 2010 3336 vero
2028 3305 2227 3343 extrinsecus,
2244 3310 2386 3335 transeat.

1323 3361 1338 3376 xe
1360 3349 1479 3378 Annon
1504 3355 1550 3379 est
1573 3356 1681 3380 motus
1711 3350 1744 3380 in
1770 3361 1802 3380 re
1826 3350 1958 3389 mobili,
1990 3350 2045 3390 qui
2074 3356 2179 3380 tamen
2202 3345 2388 3388 pertransit?

1323 3404 1337 3419 ν
1361 3391 1481 3422 Contra
1504 3402 1579 3423 vero
1603 3393 1695 3424 locus
1717 3404 1785 3424 rem
1814 3394 1952 3425 locatam
1978 3394 2165 3424 extrinsecus
2195 3399 2319 3423 tantum
2342 3391 2388 3422 di-

1323 3448 1337 3462 »
1359 3435 1504 3466 metitur:
1526 3443 1573 3467 est
1587 3443 1694 3468 tamen
1705 3438 1744 3469 de
1752 3448 1866 3478 genere
1881 3438 2144 3479 permanentium.
2162 3437 2283 3467 Rursus
2299 3436 2388 3477 quod

1322 3491 1337 3506 »
1361 3481 1507 3510 eamdem
1530 3487 1636 3512 censet
1665 3481 1854 3512 divisionem
1883 3483 1992 3523 quanti
2018 3482 2050 3512 in
2074 3482 2258 3512 continuum
2288 3487 2318 3511 et
2340 3480 2388 3510 di-

1323 3535 1338 3550 »
1360 3529 1498 3554 scretum
1531 3531 1561 3555 et
1583 3525 1616 3554 in
1640 3532 1787 3556 constans
1818 3537 1860 3557 ex
1882 3527 2033 3567 partibus
2054 3525 2239 3556 habentibus
2269 3530 2300 3555 et
2323 3534 2386 3555 non

1322 3579 1337 3594 ι»
1360 3567 1547 3599 habentibus
1568 3570 1760 3609 positionem
1790 3571 1834 3601 ad
1859 3572 2025 3602 invicem...
2042 3571 2172 3600 Possem
2196 3569 2255 3599 alia
2279 3574 2387 3599 notare

1322 3623 1336 3638 ν
1360 3611 1489 3642 maioris
1508 3613 1664 3644 momenti
1688 3614 1768 3645 circa
1790 3615 1894 3655 ipsam
1918 3615 2062 3651 Generis,
2088 3614 2126 3644 de
2147 3623 2212 3654 quo
2229 3619 2386 3651 tractatur,

2212 3674 2245 3705 34
