2548 4192
930 263 986 299 IN
1016 262 1054 299 S.
1076 262 1317 300 THOMAM
1344 264 1667 311 AQUINATEM

197 342 274 382 legit
295 342 461 372 Donatus:
494 340 531 370 Si
559 349 639 380 ergo
668 345 772 370 essent
790 341 906 380 plures
928 341 1004 378 Dii,
1039 346 1199 381 oporteret
1213 351 1266 372 eos

198 386 343 426 differre.
366 384 498 425 Aliquid
521 393 582 424 ego
606 385 790 414 conveniret
813 386 880 422 uni,
905 385 991 425 quod
1014 395 1076 415 non
1101 386 1206 416 alteri.
1231 386 1265 416 Si

198 435 306 461 autem
329 430 389 460 hoc
411 433 503 466 esset,
522 427 682 468 perfectio
705 428 802 458 alteri
824 439 934 459 eorum
954 430 1076 460 deesset
1091 435 1121 460 et
1138 431 1185 460 sic
1201 430 1265 467 ille,

198 476 232 505 in
256 483 319 514 quo
342 477 423 504 esset
438 473 594 512 privatio,
619 481 682 502 non
707 477 789 502 esset
810 474 997 513 simpliciter
1013 474 1191 514 perfectus.
1212 474 1265 504 Ni-

197 518 298 548 tidam
319 516 491 547 lectionem
514 516 684 547 obscurant
706 516 848 556 theologi
871 518 1069 548 Duacenses:
1093 518 1137 548 Et
1158 519 1187 548 si
1209 519 1268 549 hoc

198 566 280 592 esset
298 561 457 601 privatio,
489 570 551 590 non
576 565 658 591 esset
686 561 873 600 simpliciter
896 561 1082 602 perfectus:
1109 563 1138 592 si
1160 567 1266 592 autem

198 610 280 636 esset
296 604 468 646 perfectio,
492 605 589 635 alteri
613 614 723 635 eorum
742 604 874 636 deesset.
890 606 1180 646 Interpunctionem
1195 616 1266 636 mu-

197 656 266 680 tant
288 648 502 680 Lovanienses
524 648 587 679 hoc
610 649 725 679 modo:
751 649 787 679 Si
807 655 913 680 autem
929 650 989 680 hoc
1004 655 1086 681 esset
1094 651 1265 691 perfectio,

197 694 295 724 alteri
318 703 429 724 eorum
451 693 574 723 deesset
597 699 655 724 etc.
680 693 720 730 Q.
744 703 808 732 Lxx,
832 701 888 726 art.
903 703 928 724 11
951 694 992 724 ad
1016 704 1046 732 2,
1067 694 1100 725 in
1124 695 1268 725 editioni·

197 738 269 776 bus,
293 738 440 768 Romana
461 737 509 767 Pii
529 737 567 774 V,
583 738 815 777 Antwerpiensi
839 737 977 769 Cosmae
995 739 1142 769 Morelles
1157 746 1188 770 et
1201 740 1265 769 Ro-

198 792 294 812 mana
317 781 460 821 Gregorii
484 781 613 820 Donati,
633 781 709 812 haec
725 782 896 813 habentur:
913 783 987 813 Non
1004 788 1110 814 tamen
1127 789 1174 814 est
1188 781 1267 826 (An-

197 824 301 868 gelus)
324 835 425 866 supra
450 830 588 866 tempus,
613 826 698 866 quod
721 832 768 857 est
791 836 945 857 numerus
967 829 1176 858 successionis
1199 837 1268 858 esse

198 871 268 901 eius
287 875 360 910 post
383 879 446 900 non
471 877 552 907 esse;
575 875 606 900 et
629 871 724 901 etiam
747 871 833 911 quod
855 876 902 902 est
925 881 1079 902 numerus
1095 873 1266 903 successio-

199 915 260 952 nis,
285 924 369 955 quae
391 919 438 945 est
453 915 486 944 in
510 914 659 954 operibus
679 916 769 946 eius:
792 915 847 945 ubi
870 925 1036 956 perperam
1056 916 1198 956 theologi
1218 926 1268 946 ex-

198 959 370 999 pungenda
391 958 513 997 iubent,
537 959 622 999 quod
645 964 692 990 est
714 969 868 990 numerus
890 961 1100 990 successionis
1115 970 1184 990 esse
1199 961 1268 990 eius

191 1008 268 1043 post
287 1013 350 1033 non
370 1012 448 1033 esse.
473 1003 618 1033 Secunda
636 1003 702 1041 11¹⁶,
726 1014 757 1044 q.
776 1013 861 1041 xxxv,
880 1010 936 1033 art.
951 1014 971 1033 x
986 1004 1026 1034 ad
1041 1013 1072 1042 2,
1087 1004 1121 1034 in
1137 1004 1186 1034 his
1199 1014 1267 1034 ver-

197 1047 261 1078 bis:
280 1047 341 1078 Est
358 1052 465 1077 autem
489 1047 556 1077 alia
575 1047 733 1087 cupiditas
747 1048 882 1078 venialis
890 1049 1027 1087 peccati,
1043 1057 1126 1087 quae
1140 1057 1267 1088 semper

197 1091 390 1122 diminuitur
406 1100 470 1130 per
492 1091 681 1128 caritatem,·
703 1098 871 1131 negantem
894 1091 1082 1131 particulam
1101 1091 1267 1122 desiderari

198 1141 326 1166 censent
348 1134 490 1174 theologi
511 1134 747 1175 legendumque
770 1142 918 1165 monent:
946 1134 1032 1172 Quia
1056 1145 1119 1165 non
1143 1145 1269 1176 semper

197 1179 390 1210 diminuitur
406 1187 471 1218 per
493 1179 670 1209 caritatem.
696 1179 737 1216 Q.
761 1189 871 1217 vam,
895 1185 951 1209 art.
966 1188 1000 1209 tv
1023 1179 1063 1209 ad
1087 1188 1122 1218 2,
1146 1179 1190 1210 sic
1213 1180 1267 1209 ha-

196 1223 272 1254 bent
294 1222 489 1263 frequentius
513 1222 685 1253 editiones:
708 1223 753 1253 Et
775 1223 846 1254 ideo
868 1228 1042 1253 accusatus
1063 1224 1092 1253 si
1115 1224 1268 1254 innocens

188 1266 310 1308 suedi,
329 1271 436 1307 potest
458 1267 488 1297 ei
511 1267 664 1297 iniuriam
687 1277 780 1298 suam
804 1267 977 1303 remittere,
1001 1268 1142 1298 maxime
1159 1269 1189 1298 si
1202 1278 1266 1298 non

197 1312 394 1343 calumniose
416 1312 628 1348 accusaverit,
652 1311 710 1342 sed
732 1321 774 1342 ex
795 1312 897 1341 animi
921 1311 1059 1342 levitate.
1076 1311 1112 1342 Si
1135 1321 1211 1342 vero
1226 1312 1267 1343 ab

196 1355 402 1387 accusatibne
431 1356 609 1386 innocentis
631 1353 686 1397 (al.
711 1353 868 1397 nocentis)
892 1355 1024 1386 desistat
1049 1361 1186 1396 propter
1207 1357 1267 1387 ali-

195 1409 292 1441 quam
316 1399 522 1430 collusionem
547 1397 600 1442 (al.
626 1398 863 1442 confusionem)
879 1409 950 1430 cum
967 1399 1167 1438 adversario,
1175 1400 1267 1441 facit

196 1445 350 1475 iniuriam
375 1443 578 1484 reipublicae.
604 1444 680 1481 Quo
703 1444 776 1475 loco
793 1443 935 1483 theologi
950 1443 1130 1475 Duacenses
1145 1445 1265 1485 legunt:

195 1487 233 1519 Si
255 1498 331 1519 vero
353 1488 394 1519 ab
416 1489 621 1519 accusatione
637 1490 815 1519 innocentis
828 1488 960 1519 desistat
970 1494 1107 1529 propter
1121 1490 1264 1530 aliquam

196 1531 434 1573 confusionem,
460 1537 568 1573 potest
590 1535 620 1564 ei
642 1534 762 1564 remitti
784 1533 825 1563 ab
848 1542 905 1569 eo,
938 1533 995 1572 qui
1021 1539 1217 1565 accusatur:
1238 1535 1268 1565 si

195 1582 303 1608 autem
327 1577 368 1607 ab
399 1578 604 1608 accusatione
632 1579 774 1608 nocentis
801 1577 934 1608 desistat
957 1583 1094 1618 propter
1123 1579 1265 1619 aliquam

197 1621 403 1652 collusionem
428 1627 486 1652 etc.
511 1621 574 1652 Ubi
598 1621 754 1652 doctiores
778 1622 955 1658 observant,
971 1621 1091 1653 intrusa
1104 1623 1199 1653 verba
1213 1633 1267 1654 ne-

196 1675 260 1706 que
283 1672 406 1696 vetusta
436 1665 590 1704 editione,
614 1675 718 1707 neque
741 1676 800 1697 ms.
832 1664 948 1696 codicis
971 1665 1033 1697 fide
1063 1666 1138 1705 niti,
1162 1677 1267 1708 neque

196 1709 271 1740 loeo
295 1719 399 1740 sacrae
422 1709 599 1750 Scripturae
623 1720 660 1741 ex
675 1710 890 1741 decimonono
905 1709 1006 1749 capite
1022 1711 1265 1742 Deuteronomii

197 1754 331 1794 allegato
356 1763 540 1785 consonare.
564 1754 669 1785 Pauca
691 1755 824 1794 diligens
846 1754 945 1784 lector
977 1755 1088 1785 sedulo
1112 1756 1267 1795 expendat

195 1798 284 1836 loca,
307 1807 389 1839 quae
412 1798 620 1838 protulimus,
644 1806 681 1830 ut
703 1809 740 1829 ex
763 1808 830 1829 uno
855 1799 1001 1839 exemplo
1025 1799 1124 1830 discat
1146 1800 1266 1839 omnia,

197 1842 399 1883 similemque
422 1842 559 1873 aliorum
581 1843 800 1873 conditionem
822 1850 998 1882 pernoscat.

263 1886 316 1917 111.
340 1886 496 1916 Nondum
518 1886 591 1917 satis
621 1887 836 1918 emaculatum
857 1887 891 1917 in
914 1885 1020 1919 lucem
1043 1887 1198 1928 prodiisse
1221 1888 1267 1918 vi-

196 1940 271 1962 sum
294 1937 340 1961 est
367 1930 671 1971 praestantissimum
704 1941 797 1971 opus·
827 1932 954 1964 Novam
985 1931 1105 1963 curavit
1132 1933 1268 1963 Parisiis

195 1984 283 2006 anno
306 1973 393 2005 1663
415 1974 600 2013 editionem,
620 1976 788 2006 Societatis
811 1977 897 2016 trpis
919 1977 953 2007 in
976 1976 1031 2007 fol.
1057 1976 1190 2007 Ioannes
1212 1977 1268 2007 Ni-

195 2019 292 2050 colai:
316 2029 414 2060 quem
443 2019 549 2050 virum
572 2019 782 2050 clarissimum
810 2020 916 2052 debito
941 2021 1046 2061 elogio
1078 2031 1145 2052 non
1169 2021 1267 2052 semel

194 2063 310 2095 nostris
333 2063 366 2094 in
390 2063 669 2095 Dissertationibus
692 2064 925 2097 exornavimus.
948 2065 1077 2096 Titulus
1095 2072 1156 2096 est:
1173 2065 1267 2096 Sum-

195 2118 249 2139 ma
278 2108 470 2149 Theologica
485 2118 510 2139 s.
533 2109 672 2139 Thomae
693 2110 874 2150 Aquinatis,
899 2111 1003 2151 quinti
1019 2110 1185 2141 Ecclesiae
1202 2110 1268 2141 Do-

195 2153 303 2189 ctoris,
329 2153 401 2183 iure
423 2153 537 2183 merito
554 2153 715 2194 Angelici,
729 2159 805 2194 post
819 2160 986 2186 anteactas
1000 2164 1110 2185 omnes
1125 2154 1266 2185 ubicum-

195 2206 258 2237 que
280 2201 444 2227 terrarum
468 2198 538 2228 eius
560 2197 713 2228 editiones
735 2200 921 2230 accuratius
943 2200 1124 2239 recognita:
1146 2204 1177 2229 et
1200 2204 1266 2229 tum

195 2251 217 2271 a
240 2241 364 2272 mendis
381 2246 578 2282 expurgata,
601 2247 668 2272 tum
693 2243 848 2274 restitutis
866 2243 1079 2284 quorumlibet
1097 2249 1266 2274 auctorum

197 2286 283 2317 veris
305 2290 336 2316 et
358 2285 511 2326 legitimis
535 2285 692 2317 indicibus
705 2292 736 2317 et
751 2288 930 2319 innumeris
945 2288 1090 2325 Patrum,
1111 2287 1268 2318 Concilio-

196 2339 281 2367 rum,
296 2329 540 2370 Scripturarum
557 2340 598 2361 ac
609 2331 821 2362 Decretorum
839 2333 1037 2369 testimoniis,
1052 2332 1096 2362 ad
1110 2334 1264 2363 materias

195 2379 420 2405 controversas
443 2374 494 2404 vel
515 2374 559 2405 ad
581 2375 736 2406 moralem
755 2376 958 2416 disciplinam
968 2377 1215 2417 pertinentibus,
1233 2378 1266 2407 in

196 2419 347 2459 margine
370 2418 583 2458 locupletata:
606 2420 751 2460 notisque
773 2421 934 2451 historicis
947 2431 987 2451 ac
999 2421 1193 2461 dogmaticis
1207 2431 1266 2451 un-

195 2462 363 2503 dequaque
384 2463 517 2493 adiectis
539 2468 647 2500 aucta,
664 2470 792 2501 ornata,
814 2465 989 2502 illustrata,
1015 2470 1051 2495 ut
1062 2465 1179 2504 paullo
1192 2470 1268 2505 post

195 2507 365 2537 subiuncta
382 2506 549 2547 praefatio
567 2508 698 2547 plenius
722 2508 882 2539 indicabit.
911 2509 999 2539 Haec
1022 2516 1129 2539 autem
1152 2509 1267 2539 iterum

194 2550 302 2582 lucem
323 2550 403 2583 vidit
425 2551 521 2581 editio
546 2551 706 2591 Lugduni,
730 2552 814 2593 typis
836 2553 992 2591 Anisson,
1017 2553 1134 2583 Posuel
1157 2559 1188 2583 et
1211 2553 1265 2584 Ri-

195 2595 280 2635 gaud
303 2605 388 2625 anno
425 2595 504 2625 1685
531 2595 587 2626 fol.
611 2596 786 2627 charactere
814 2597 914 2627 nitido
938 2603 970 2628 et
993 2597 1125 2637 eleganti
1157 2604 1188 2628 et
1209 2597 1267 2628 ibi-

194 2639 269 2670 dem
283 2639 465 2679 sumptibus
478 2639 618 2670 Anisson
634 2647 664 2671 et
679 2641 796 2671 Posuel
810 2651 895 2672 anno
915 2651 992 2683 1701
1013 2648 1043 2672 et
1063 2651 1143 2683 1702
1159 2641 1192 2671 in
1215 2652 1263 2672 12.

193 2683 447 2725 Typographicis
470 2684 593 2714 mendis
616 2690 738 2715 textum
761 2695 794 2715 se
816 2695 1001 2726 repurgasse
1026 2685 1192 2726 profitetur
1211 2686 1267 2716 Ni-

195 2728 314 2758 colaius
337 2728 371 2758 in
393 2727 604 2768 praefatione:
628 2728 811 2760 historicam
834 2730 949 2761 alicubi
977 2729 1186 2760 sinceritatem
1213 2740 1266 2760 ve-

194 2771 382 2813 ritatemque
405 2772 586 2811 restituisse,
610 2773 716 2804 hiatus
738 2774 845 2814 plures
868 2781 899 2805 et
917 2774 1045 2805 lacunas
1061 2774 1210 2815 implesse
1225 2775 1266 2804 ad

196 2816 409 2857 supplendam
439 2817 552 2847 seriem
575 2823 694 2848 textus:
724 2819 956 2858 praetermissas
979 2829 1046 2849 non
1070 2819 1167 2849 semel
1191 2829 1266 2859 sup-

196 2861 331 2901 plevisse
354 2861 536 2901 aliquorum
559 2869 822 2901 argumentorum
837 2863 1024 2901 solutiones,
1041 2863 1266 2904 undecumque

197 2905 430 2944 praetermissio
453 2905 506 2935 illa
528 2905 626 2936 videri
649 2906 750 2946 possit
765 2907 948 2947 contigisse:
962 2917 1118 2948 verosque
1135 2907 1266 2937 demum

197 2948 316 2979 indices
330 2949 471 2987 Panum,
482 2948 714 2987 Conciliorum,
725 2951 968 2990 Scripturarum,
989 2952 1187 2989 Glossarum,
1202 2952 1264 2982 De-

199 2998 358 3022 cretorum
380 2993 431 3023 vel
452 2993 561 3033 legum
584 2994 741 3033 civilium,
765 2995 832 3025 imo
857 3001 888 3026 et
905 2995 1143 3036 prophanamm
1158 3002 1267 3027 aucto-

198 3035 328 3066 ritatum
350 3037 538 3076 reposuisse.

266 3080 454 3120 Diligentiae
477 3091 496 3110 a
518 3081 663 3112 Nicolaio
687 3082 746 3113 hac
769 3082 801 3113 in
826 3083 964 3114 editione
988 3083 1144 3114 adhibitae
1168 3084 1267 3124 speei-

199 3134 274 3154 men
297 3124 392 3155 habet
412 3124 511 3155 lector
533 3124 566 3155 in
590 3125 731 3156 eiusdem
754 3127 957 3167 praefatione,
974 3128 1029 3158 ubi
1051 3128 1205 3159 nonnulla
1221 3128 1268 3158 of-

199 3168 344 3199 feruntur
366 3168 519 3208 exempla.
544 3169 596 3199 Ad
617 3170 780 3201 veritatem
802 3171 950 3202 historiae
973 3172 1149 3203 restitutam
1172 3173 1266 3212 perti-

200 3219 287 3250 nent,
304 3222 386 3253 quae
405 3219 590 3253 sequuntur.
611 3213 760 3250 ,Secunda
784 3215 849 3253 11³²,
873 3226 904 3256 q.
923 3225 959 3253 11,
976 3223 1032 3246 art.
1056 3226 1102 3246 vn
1126 3217 1166 3246 ad
1184 3218 1213 3254 3,
1229 3227 1271 3247 ex

201 3258 343 3288 historiis
364 3257 585 3287 Romanorum
608 3258 790 3289 adinventio
806 3259 938 3290 refertur
952 3260 1117 3290 cuiusdam
1133 3260 1269 3300 sepulcri

202 3308 232 3332 et
266 3311 378 3331 aureae
411 3301 547 3331 laminae
579 3311 655 3332 cum
686 3302 856 3343 epigraphe
887 3309 1029 3344 tempore
1067 3304 1271 3335 Constantini

200 3346 343 3386 Augusti
366 3350 396 3375 et
417 3345 566 3376 Helenae
588 3347 702 3378 matris
725 3347 804 3377 eius.
820 3347 896 3384 Quo
910 3348 983 3378 loco
999 3348 1128 3378 Irenem
1145 3348 1270 3387 reponit

199 3390 383 3427 Nicolaius,
416 3396 550 3420 matrem
582 3389 785 3420 Constantini
808 3390 901 3421 Sexti.
926 3391 1006 3422 Vide
1037 3391 1270 3431 Theophanem

201 3434 287 3475 apud
309 3433 485 3464 Baronium
508 3434 549 3463 ad
571 3444 622 3464 an.
647 3434 723 3475 780,
747 3444 837 3464 num.
863 3434 892 3464 8.
918 3435 998 3464 Item
1020 3445 1051 3475 q.
1076 3444 1166 3472 cvm,
1182 3442 1238 3466 art.
1258 3445 1270 3465 1

201 3479 242 3509 ad
264 3488 297 3518 4,
321 3478 398 3508 haec
420 3478 593 3508 habentur:
618 3478 662 3508 Et
684 3478 852 3518 Sylvester
871 3479 961 3518 Papa
984 3480 1272 3509 excommunicavit

201 3532 265 3560 eos,
289 3524 345 3563 qui
368 3532 439 3553 eum
464 3523 497 3552 in
515 3523 647 3552 exilium
667 3523 840 3552 miserunt:
854 3522 909 3552 ubi
925 3522 1096 3552 Silverium
1112 3523 1190 3562 lege.
1207 3523 1270 3552 De-

201 3577 294 3597 mum
317 3577 349 3608 q.
374 3576 515 3604 cnxxux,
540 3573 595 3597 art.
619 3576 643 3603 1,
667 3576 731 3606 arg.
752 3567 781 3604 3,
805 3566 918 3596 reiecta
939 3566 1072 3596 aliarum
1094 3566 1272 3596 editionum

201 3611 349 3650 lectione,
372 3612 455 3642 sicut
480 3611 661 3652 Gregorius
682 3610 793 3641 scribit
806 3611 989 3652 Anglorum
1005 3611 1176 3651 Episcopo;
1189 3610 1270 3641 hanc

345 3671 415 3704 Opp.
434 3671 465 3696 D.
480 3671 594 3696 Tuom
612 3670 644 3696 T.
659 3671 677 3696 1.

2270 281 2387 306 ccxvu

1321 343 1369 374 vir
1391 344 1598 384 peritissimus
1622 346 1839 385 reponendam
1852 346 1955 377 iubet:
1976 346 2066 377 Sicut
2086 346 2265 389 Gregorius
2278 351 2388 382 scribit

1321 387 1466 429 Syagrio
1479 389 1647 420 Gallorum
1658 390 1824 430 Episcopo.
1836 391 1926 428 Quae
1941 391 2051 432 utique
2061 392 2270 423 subiiciuntur
2282 395 2387 433 verba,

1322 432 1437 471 partim
1460 433 1562 473 legere
1586 441 1652 472 est,
1686 434 1735 464 sin
1759 435 1887 473 omnia,
1917 435 1998 465 libro
2023 436 2085 473 IX,
2117 436 2249 476 epistola
2273 448 2323 468 ενι
2345 439 2389 469 ad

1322 476 1515 517 Syagrium,
1540 478 1719 515 Etherium,
1750 479 1919 520 Virgilium
1937 485 1967 510 et
1984 480 2188 510 Desiderium
2205 481 2387 522 Episcopos.

1322 520 1499 551 Laudatam
1522 522 1653 552 consule
1676 521 1844 563 epistolam
1866 523 1899 554 in
1922 524 2095 554 novissima
2113 534 2249 564 operum
2263 526 2390 556 sanctis-

1322 564 1394 594 simi
1417 565 1579 596 Pontificis
1603 567 1750 597 editione.

1388 609 1612 641 Additamenta
1634 621 1721 649 vero,
1745 621 1827 652 quae
1851 612 2028 652 supplenda
2051 612 2173 643 censuit
2188 613 2390 644 doctissimus

1323 652 1440 692 editor,
1464 653 1536 684 loco
1565 655 1700 695 exempli
1728 655 1805 686 haec
1833 656 1947 696 accipe.
1977 656 2082 687 Prima
2105 667 2149 696 p.,
2173 667 2204 698 q.
2228 667 2265 695 11,
2289 664 2344 688 art.
2368 667 2389 688 v

1321 696 1355 726 in
1379 707 1405 727 c.
1430 698 1484 728 ubi
1501 700 1723 738 practicarum
1747 701 1954 731 scientiarum
1979 701 2036 731 illa
2063 701 2195 742 dignior
2218 701 2388 740 dicebatur,

1322 751 1405 781 quae
1427 742 1471 772 ad
1494 743 1680 773 ulteriorem
1694 744 1798 784 finem
1824 754 1887 774 non
1907 745 2089 782 ordinatur,
2106 745 2226 776 adiecta
2241 746 2389 786 leguntur

1321 786 1432 815 verba:
1448 786 1512 816 Sed
1533 787 1577 817 ad
1595 788 1696 827 ipsam
1720 788 1816 825 aliae,
1831 789 1914 818 sicut
1936 789 1980 819 ad
1991 789 2096 830 finem
2113 789 2316 821 ordinantur.
2334 790 2388 821 Se-

1323 829 1426 859 cunda
1442 830 1507 868 11⁸⁶,
1531 841 1562 871 q.
1587 841 1708 869 cxxxvt,
1725 838 1781 862 art.
1801 841 1839 861 111
1862 832 1901 861 ad
1915 842 1938 869 1,
1963 833 2006 863 sic
2029 833 2146 863 habent
2161 834 2328 865 editiones:
2345 835 2390 865 Et

1323 873 1393 904 ideo
1412 875 1552 913 pronior
1577 880 1623 905 est
1646 876 1740 905 homo
1758 875 1801 905 ad
1815 877 2002 907 sustinenda
2020 878 2118 914 mala,
2137 879 2168 908 in
2185 878 2299 918 quibus
2315 888 2388 909 con-

1323 918 1517 957 cupiscentia
1545 918 1724 949 delectatur
1745 921 2028 958 praesentialiter:
2052 921 2139 952 addit
2161 921 2233 960 ille,
2252 928 2390 963 propter

1323 961 1423 998 bona,
1450 963 1482 992 in
1507 962 1621 1002 quibus
1650 964 1904 1002 concupiscentia
1928 964 2105 996 delectatur
2126 967 2390 1005 praesentialiter

1323 1003 1427 1046 (quod
1450 1005 1703 1036 additamentum
1726 1007 1866 1046 exposcit
1885 1008 1977 1038 series
1996 1007 2123 1052 textus),
2138 1019 2232 1050 quam
2248 1011 2390 1042 tolerare

1322 1050 1409 1079 mala
1428 1055 1565 1090 propter
1589 1050 1671 1080 bona
1686 1050 1811 1090 futura
1830 1061 1914 1091 quae
1931 1053 2105 1083 secundum
2122 1055 2278 1084 rationem
2293 1065 2388 1096 appe-

1323 1098 1446 1123 tuntur.
1463 1094 1702 1124 Praetermissae
1719 1095 1850 1125 demum
1866 1095 2034 1126 solutionis
2049 1097 2089 1127 ad
2104 1106 2287 1137 argumenta
2301 1109 2389 1139 prae-

1323 1143 1372 1167 sto
1392 1137 1574 1177 exemplum
1598 1144 1643 1168 est
1667 1138 1694 1167 1³
1722 1138 1787 1176 11⁸⁸,
1807 1149 1839 1179 q.
1856 1149 1911 1176 cu,
1926 1140 2010 1170 artic.
2026 1150 2069 1178 Vl,
2085 1141 2139 1171 ubi
2157 1142 2274 1173 solutio
2289 1144 2329 1173 ad
2350 1154 2388 1174 ro

1323 1180 1515 1211 desideratur
1538 1181 1570 1211 in
1595 1181 1734 1212 editione
1757 1183 1904 1213 Romana
1918 1184 1991 1213 anni
2016 1186 2097 1226 1570
2113 1191 2143 1215 et
2158 1187 2388 1227 Antwerpiensi

1322 1224 1397 1254 anni
1425 1225 1518 1255 1612.
1543 1225 1634 1256 Hanc
1659 1226 1818 1266 supplevit
1841 1227 1963 1266 primus
1987 1228 2169 1259 Franciscus
2186 1229 2320 1261 Garcias:
2337 1242 2388 1262 ea—

1322 1268 1460 1309 demque
1484 1269 1631 1300 nitidiore
1650 1271 1732 1311 stylo
1748 1270 1862 1310 legitur
1880 1271 1913 1301 in
1929 1272 2074 1302 Romana
2093 1273 2230 1304 editione
2246 1274 2388 1315 Gregorii

1322 1313 1451 1352 Donati,
1466 1313 1590 1344 lineolis
1605 1314 1736 1353 inclusa,
1753 1325 1828 1345 cum
1844 1315 1962 1346 adiecta
1977 1316 2139 1356 marginali
2156 1318 2387 1350 admonitione:

1322 1367 1421 1398 quam
1444 1357 1575 1388 demum
1600 1365 1631 1389 et
1654 1358 1722 1399 ipse
1745 1359 1908 1399 adoptavit
1931 1359 2103 1391 Nicolaius.

1389 1401 1542 1432 Curatam
1565 1412 1639 1442 ergo
1663 1413 1682 1433 a
1704 1403 1772 1433 viro
1797 1403 1970 1434 clarissimo
1995 1404 2168 1435 editionem
2191 1407 2317 1437 caeteris
2335 1417 2389 1438 ac-

1322 1447 1516 1477 curatiorem
1539 1453 1633 1477 vocat
1657 1447 1789 1478 Iacobus
1817 1448 1996 1478 Echardus:
2017 1450 2210 1489 praesertim
2235 1457 2389 1490 quantum

1322 1490 1366 1521 ad
1389 1491 1520 1528 indices,
1546 1491 1600 1521 ubi
1621 1497 1753 1522 sanctus
1770 1492 1894 1522 Doctor
1908 1493 1940 1522 in
1955 1494 2094 1523 articulo
2108 1494 2216 1534 aliquo
2232 1495 2275 1525 ad
2290 1496 2389 1527 alium

1322 1534 1462 1565 eiusdem
1486 1535 1639 1566 Summae
1653 1537 1826 1567 articulum
1840 1537 1982 1567 remittit.
1999 1537 2162 1568 Maluisset
2176 1537 2262 1568 idem
2276 1539 2391 1570 Echar-

1323 1578 1397 1617 dus,
1422 1584 1458 1610 ut
1479 1580 1637 1620 quaedam
1660 1590 1721 1611 sua
1745 1582 1796 1612 vir
1817 1581 1929 1611 doctus
1953 1582 2029 1621 ipsis
2051 1582 2117 1612 divi
2151 1582 2289 1613 lemae
2312 1585 2390 1615 arti-

1322 1623 1404 1654 culis
1427 1633 1491 1654 uno
1515 1629 1665 1655 contextu
1689 1635 1752 1655 non
1776 1625 1970 1656 addidisset:
1993 1626 2047 1656 sed
2071 1635 2106 1656 ea
2130 1627 2180 1657 vel
2195 1627 2260 1657 alio
2275 1628 2390 1659 chara-

1322 1672 1407 1698 ctere
1437 1668 1488 1699 vel
1510 1669 1543 1699 in
1568 1668 1718 1709 inferiori
1740 1671 1890 1710 margine
1913 1675 2007 1700 extra
2031 1675 2212 1701 contextum
2236 1672 2315 1711 poni
2337 1683 2390 1703 cu-

1322 1718 1428 1742 rasset.
1453 1712 1546 1743 Unde
1570 1712 1753 1753 diligentem
1776 1714 1908 1744 demum
1931 1714 2082 1744 lectorem
2105 1715 2266 1754 admonet,
2290 1723 2326 1746 ut
2349 1717 2393 1747 ad

1322 1757 1493 1787 asteriscos
1515 1757 1662 1787 attendat
1685 1758 1717 1788 in
1736 1759 1898 1798 principio
1922 1763 1952 1788 et
1960 1759 2035 1799 fine
2057 1761 2232 1790 assumenti
2248 1761 2391 1800 positos:

1322 1810 1405 1840 quos
1429 1807 1568 1831 attamen
1591 1802 1752 1832 admoneo
1767 1812 1826 1842 ego
1842 1802 1940 1832 nimia
1954 1803 2143 1844 typographi
2164 1804 2284 1834 incuria
2302 1815 2390 1844 prae-

1322 1843 1484 1875 termissos
1514 1844 1548 1875 in
1581 1845 1788 1885 Lugdunensi
1819 1846 1946 1877 laudata
1978 1847 2114 1877 editione
2145 1848 2219 1878 anni
2254 1859 2331 1890 1701
2360 1855 2392 1880 et

1328 1898 1421 1930 1702.
1447 1889 1508 1920 Sed
1532 1895 1562 1920 et
1585 1890 1688 1920 multo
1713 1890 1831 1921 nimius
1853 1890 1951 1921 videri
1974 1892 2136 1922 Nicolaius
2159 1898 2264 1932 potest
2286 1893 2319 1923 in
2340 1903 2391 1924 so-

1322 1933 1445 1963 lutione
1476 1933 1516 1963 ad
1542 1935 1558 1964 3
1583 1944 1665 1975 quae
1693 1934 1826 1965 habetur
1849 1935 1890 1965 11³
1914 1935 1979 1973 11⁸0,
2004 1946 2035 1976 q.
2058 1945 2111 1974 xx,
2139 1943 2195 1967 art.
2219 1946 2264 1975 11,
2294 1947 2392 1978 quam

1323 1977 1439 2008 scilicet
1462 1978 1586 2018 prolixo
1610 1978 1737 2010 adauxit
1765 1979 1991 2018 additamento,
2015 1980 2205 2021 Hieronymi
2228 1987 2259 2011 et
2282 1981 2393 2022 Cyrilli

1322 2022 1524 2052 Alexandrini
1539 2022 1727 2054 testimoniis
1741 2023 1883 2054 adiectis:
1899 2034 1991 2065 quae,
2006 2024 2129 2055 tametsi
2144 2025 2304 2065 aptissima
2318 2026 2391 2065 sint,

1323 2075 1340 2096 e
1363 2066 1485 2097 calamo
1509 2073 1617 2097 tamen
1639 2067 1703 2098 divi
1726 2068 1872 2098 Thomae
1896 2078 1962 2098 non
1986 2068 2180 2109 prodierunt.

1390 2111 1443 2141 IV.
1468 2111 1580 2142 Paucis
1608 2118 1682 2152 post
1713 2112 1794 2142 hanc
1827 2112 1999 2143 editionem
2027 2113 2136 2150 annis,
2169 2123 2256 2144 anno
2283 2114 2392 2144 videli-

1323 2161 1372 2185 cet
1399 2155 1493 2193 1666,
1508 2155 1613 2186 lucem
1627 2156 1749 2187 Romae
1767 2156 1854 2197 apud
1876 2166 2074 2187 successores
2093 2157 2203 2188 Vitalis
2216 2158 2391 2189 Mascardo

1322 2199 1469 2230 viderunt
1492 2200 1787 2231 animadversiones
1809 2201 1966 2241 quaedam
1990 2201 2154 2241 Reginaldi
2170 2202 2327 2240 Lucarini,
2343 2212 2391 2232 sa-

1323 2243 1366 2274 cri
1376 2244 1486 2275 Palatii
1496 2244 1673 2284 Apostolici
1690 2245 1840 2284 Magistn‘,
1858 2246 1890 2275 in
1908 2250 2030 2275 textum
2050 2245 2190 2285 Operum
2205 2255 2230 2276 s.
2252 2247 2391 2277 Thomae

1322 2288 1474 2319 Doctoris
1496 2289 1670 2319 Ecclesiae.
1703 2289 1799 2319 Dolet
1826 2289 1894 2329 ipse
1922 2289 1955 2319 in
1986 2289 2179 2329 praefatione
2209 2290 2390 2321 Romanam

1323 2332 1398 2362 anni
1427 2334 1509 2374 1570
1533 2333 1706 2363 editionem
1730 2343 1796 2363 non
1823 2333 1947 2373 paucis,
1972 2340 2092 2364 errante
2114 2334 2221 2373 prelo,
2245 2334 2389 2375 inquina-

1323 2383 1389 2407 tam
1419 2376 1542 2407 mendis
1575 2377 1744 2417 prodiisse:
1778 2377 1983 2418 studiumque
2007 2387 2039 2407 se
2072 2387 2266 2418 operamque
2298 2389 2390 2409 suam

1324 2421 1496 2451 collocasse
1521 2428 1662 2459 testatur,
1688 2427 1724 2451 ut
1750 2431 1832 2462 quae
1864 2421 1922 2451 sibi
1951 2421 1984 2452 in
2015 2422 2149 2452 Summa
2173 2422 2389 2462 Theologica,

1317 2466 1495 2505 praecipue
1520 2466 1737 2505 impressionis
1767 2466 1902 2496 Venetae
1925 2466 2014 2506 apud
2039 2466 2243 2497 Dominicum
2269 2467 2391 2498 Nicoli-

1323 2519 1400 2539 num
1426 2508 1514 2547 1564
1539 2508 1622 2552 (lege
1655 2508 1752 2552 1593)
1779 2509 1956 2550 sphalmata
1987 2517 2189 2541 occurrerunt
2217 2511 2267 2540 vel
2297 2512 2390 2542 corri-

1322 2560 1407 2593 geret
1429 2554 1480 2584 vel
1504 2554 1682 2594 suppleret:
1705 2554 1869 2595 variasque
1900 2555 2032 2585 demum
2060 2555 2211 2585 admonet
2240 2555 2390 2587 lectiones

1322 2598 1410 2638 apud
1438 2599 1616 2638 sapientes,
1641 2608 1720 2639 quas
1745 2599 1929 2638 collegerat,
1954 2600 1985 2629 in
2009 2609 2068 2630 suo
2088 2599 2193 2629 libello
2214 2601 2388 2630 communi-

1322 2652 1421 2672 casse.

1389 2686 1575 2717 Dolendum
1598 2686 1752 2716 illustrem
1774 2686 1880 2717 virum
1910 2686 2015 2717 moliri
2038 2696 2160 2717 novum
2188 2687 2388 2717 correctionis

1322 2740 1405 2770 opus
1432 2730 1589 2768 voluisse,
1618 2730 1706 2771 quod
1730 2730 1795 2761 iam
1825 2731 2081 2771 praestantissimi
2108 2731 2225 2761 laudati
2254 2731 2388 2761 editores

1322 2774 1531 2815 perfecerant:
1556 2775 1764 2815 ipsorumque
1783 2775 1905 2805 labores
1922 2775 2123 2815 dignissimos
2140 2775 2388 2805 commendatio-

1322 2829 1362 2849 ne
1386 2819 1437 2849 vel
1460 2819 1621 2859 ignorasse
1643 2819 1694 2849 vel
1718 2819 1826 2859 paullo
1849 2819 2057 2850 confidentius
2083 2819 2262 2858 neglexisse.
2281 2819 2328 2849 De
2350 2819 2388 2849 li-

1322 2863 1406 2894 bello
1431 2863 1498 2894 eius
1522 2863 1662 2903 proferre
1684 2863 1780 2894 satius
1806 2864 1863 2894 erit
1885 2863 2049 2901 iudicium,
2066 2863 2155 2904 quod
2176 2863 2384 2903 Raymundus

1323 2907 1518 2947 Capisuccus
1538 2907 1610 2938 tulit
1623 2907 1657 2937 in
1679 2907 1913 2938 Controversiis
1929 2908 2114 2948 theologicis
2128 2907 2252 2938 selectis
2266 2908 2389 2937 Romae

1323 2952 1406 2992 typis
1432 2952 1522 2982 editis
1542 2962 1626 2982 anno
1657 2952 1748 2993 1670.
1765 2952 1851 2982 Haec
1875 2952 1968 2982 habet
1983 2952 2035 2981 ille
2049 2951 2271 2982 Controversia
2285 2951 2388 2983 XXIV

1322 2996 1373 3026 De
1389 2997 1617 3036 propitiatorio
1640 3005 1710 3036 pag.
1741 2997 1812 3036 572:
1848 3010 1862 3024 ⁴<
1879 2997 1953 3026 Non
1974 2996 2078 3032 video,
2099 2996 2254 3035 inquiens,
2273 3005 2328 3025 cur
2344 3005 2389 3025 er-

1326 3053 1341 3067 »
1363 3050 1474 3071 rorum
1489 3040 1688 3070 existentium
1704 3040 1737 3070 in
1755 3046 1841 3070 textu
1857 3040 2008 3070 Summae
2027 3040 2236 3080 Theologicae
2251 3040 2390 3070 Venetae

1327 3084 1581 3124 »impressionis
1616 3084 1703 3124 apud
1734 3085 1938 3114 Dominicum
1971 3084 2155 3114 Nicolinum
2191 3084 2271 3114 anni
2302 3082 2388 3120 1564

1326 3141 1341 3155 »
1364 3127 1481 3171 (1593)
1512 3128 1692 3167 catalogum
1721 3128 1814 3158 illum
1842 3127 1980 3168 proferre
2009 3127 2151 3158 debuerit
2177 3127 2228 3158 hic
2259 3134 2387 3158 auctor:

1326 3185 1342 3200 ι»
1365 3183 1440 3203 cum
1463 3182 1582 3203 errores
1611 3172 1655 3202 illi
1687 3172 1750 3202 fere
1781 3182 1893 3202 omnes
1923 3172 1986 3202 iam
2016 3171 2145 3202 correcti
2175 3171 2237 3202 sint
2259 3171 2292 3202 in
2321 3171 2389 3202 aliis

1327 3228 1341 3243 ›
1365 3216 1567 3254 editionibus,
1586 3217 1733 3247 Romana
1757 3216 1882 3254 scilicet,
1898 3217 2101 3253 Lovaniensi‚
2120 3216 2312 3252 Coloniensi,
2327 3216 2389 3246 Pa-

1327 3272 1342 3287 >
1364 3262 1479 3297 risina,
1504 3267 1576 3290 ante
1598 3260 1683 3290 illius
1706 3261 1874 3290 Manualis
1890 3259 2015 3303 (titulus
2039 3267 2085 3290 est
2110 3260 2214 3300 operis
2238 3260 2288 3290 cui
2310 3261 2388 3289 Ani-

1327 3316 1342 3331 >
1364 3304 1602 3334 madversiones
1618 3304 1765 3334 Lucarini
1780 3304 1916 3335 adiectae
1936 3303 2022 3346 sunt)
2039 3304 2220 3335 editionem:
2237 3314 2312 3333 nam
2326 3303 2389 3333 hoc

1327 3360 1342 3375 ι»
1364 3349 1523 3378 Manuale
1542 3348 1659 3387 prodiit
1681 3358 1766 3378 anno
1791 3349 1882 3379 1666.
1898 3349 1964 3379 Nec
1980 3348 2065 3378 enim
2081 3355 2220 3388 apparet,
2235 3347 2314 3387 quid
2328 3347 2389 3377 uti-

1327 3403 1342 3418 »
1364 3392 1458 3422 litatis
1487 3391 1667 3422 lectoribus-
1689 3398 1744 3422 aut
1772 3392 1874 3422 laudis
1901 3392 2054 3432 Angelico
2079 3391 2228 3431 Magistro
2258 3391 2390 3432 eiusque

1328 3447 1342 3462 1>
1366 3435 1525 3465 doctrinae
1548 3435 1734 3466 huiusmodi
1766 3436 1972 3476 antiquorum
1995 3446 2137 3466 errorum
2164 3435 2319 3465 refricatio
2345 3435 2390 3465 af-

1328 3491 1343 3505 »
1365 3479 1444 3509 ferre
1467 3479 1577 3519 possit.
1594 3479 1701 3509 Refert
1725 3479 1855 3519 quidem
1870 3486 1901 3510 et
1914 3480 2084 3519 Gregorius
2099 3480 2243 3510 Donatus
2257 3479 2290 3509 in
2304 3479 2390 3519 prin-

1328 3535 1343 3549 »
1367 3523 1450 3562 cipio
1470 3523 1593 3553 Primae
1616 3523 1711 3562 partis
1735 3523 1886 3554 Summae
1909 3524 1972 3553 divi
1996 3524 2142 3554 Thomae
2167 3524 2314 3554 editionis
2326 3524 2390 3554 Ro-

1329 3579 1343 3594 »
1366 3577 1483 3597 manae
1505 3568 1585 3597 anni
1607 3565 1682 3608 1619
1705 3576 1834 3605 errores,
1851 3567 1907 3608 qui
1922 3568 2000 3598 olim
2016 3568 2049 3598 in
2065 3568 2210 3598 eamdem
2225 3568 2390 3598 Summam

1328 3623 1342 3638 »
1365 3611 1565 3651 irrepserant:
1590 3611 1645 3642 sed
1669 3621 1724 3642 eos
1747 3611 1834 3652 ipsos
1860 3612 2044 3643 emendatos
2059 3618 2180 3651 monet,
2196 3612 2317 3643 collatis
2331 3622 2391 3642 un-

2213 3673 2247 3699 28
