2788 4204
55 3453 267 3477 *Dernomtnomn

53 3581 95 3603 uit.

42 3614 47 3618 ·
52 3607 64 3618 ⁴
74 3607 137 3629 Lect.
151 3614 206 3631 xxv.

1119 271 1230 308 CAP.
1261 273 1365 319 XIII,
1396 273 1547 310 LECT.
1578 274 1703 311 XXIII

866 508 1168 565 LECTIO
1216 511 1949 571 VIGESIMATERTIA

311 663 396 703 DE
427 662 841 703 DIFFERENTIA
875 662 1061 703 INTER
1093 663 1715 708 DEMONSTRATIONEM
1740 669 1899 720 QUJA
1928 671 2007 711 ET
2028 672 2327 713 PROPTER
2350 672 2508 725 QUID

663 741 725 782 IN
758 742 976 782 EADEM
1010 741 1313 792 SCIENTIA;
1348 744 1430 784 AC
1463 745 1548 785 DE
1580 746 2152 791 DEMONSTRATIONE

1075 824 1236 876 QUJA
1264 825 1382 865 PER
1415 826 1746 868 EFFECTUM

308 975 355 1008 Τό
379 969 408 1007 δ’
439 973 493 1007 ὅτι
525 969 676 1018 διαφέρει
703 976 762 1006 καὶ
792 974 833 1008 τό
862 968 954 1007 διότι
978 973 1211 1016 ἐπίστασθαι,
1247 976 1379 1021 πρῶτον

375 1019 434 1064 μὲν
461 1017 493 1052 ἑν
519 1019 566 1062 τῇ
586 1018 679 1062 αὐτῇ
705 1017 896 1063 ἐπιστήμῃ,
915 1021 974 1052 καὶ
991 1017 1023 1051 ἐν
1047 1019 1165 1063 ταύτῃ
1185 1016 1300 1066 διχῶς,
1322 1019 1380 1053 ἕνα

375 1065 435 1108 μὲν
466 1063 593 1107 τρόπον
627 1064 684 1096 &etv
710 1065 757 1109 μή
783 1060 821 1096 δι’
851 1063 985 1108 ἀμέσων
1017 1067 1158 1110 γίνηται
1184 1066 1200 1097 ὁ
1225 1067 1381 1111 συλλογι-

375 1107 458 1153 σμός
485 1106 538 1151 (οὗ
562 1107 627 1155 γάρ
658 1109 881 1152 λαμβάνεται
906 1110 948 1142 τὸ
974 1111 1108 1152 πρῶτον
1136 1111 1268 1151 αἴτιον,
1295 1111 1315 1147 ή
1342 1108 1380 1144 δὲ

374 1154 438 1186 τοῦ
462 1148 554 1185 διότι
578 1151 752 1198 ἐπιστήμη
773 1157 871 1188 κατά
894 1155 937 1188 τὸ
959 1155 1093 1197 πρῶτον
1113 1156 1254 1199 αἴτιον),
1275 1155 1377 1189 ἄλλον

373 1192 412 1230 δὲ
437 1198 465 1229 εἰ
489 1192 528 1229 δι’
558 1195 690 1242 ἀμέσων
707 1198 782 1243 μέν,
804 1198 895 1234 άλλοὶ
909 1199 956 1244 μή
982 1198 1042 1232 διά
1058 1199 1121 1233 τοῦ
1141 1200 1267 1242 αἰτίου,
1289 1198 1380 1234 ἀλλά

374 1242 440 1274 τῶν
468 1240 762 1287 ἀντιστρεφόντων
781 1239 842 1277 διά
864 1246 928 1279 τοῦ
951 1242 1220 1299 γνωριμωτέρου.
1248 1246 1378 1279 Κωλύει

371 1287 436 1333 γάρ
471 1282 568 1319 οὐδὲν
601 1289 668 1320 τῶν
707 1286 1091 1345 ἀντικατηγορουμενων
1147 1290 1376 1335 νωριμώτερον

372 1328 459 1363 εἶναι
485 1330 595 1365 ἐνίοτε
620 1332 662 1365 τό
687 1333 735 1377 μή
762 1335 887 1377 αἴτιον,
906 1334 987 1367 ωστ’
1009 1335 1109 1368 ἔσται
1123 1300 1190 1370 διά
1209 1335 1338 1369 τούτου
1356 1339 1376 1374 ή

373 1371 560 1418 ἀπόδειξις,

304 1421 374 1453 οἷον
402 1420 456 1454 ὅτι
482 1420 583 1469 ἐγγύς
610 1423 641 1454 οἱ
666 1421 838 1462 πλάνητες
857 1419 917 1456 διοὶ
934 1426 997 1457 τοῦ
1014 1425 1062 1468 μή
1079 1427 1241 1467 στίλβειν.
1263 1426 1376 1459 Ἔστω

352 1463 421 1509 ,ἐφ’
450 1467 474 1509 ᾦ
498 1469 520 1498 Γ
546 1465 732 1508 πλάνητες,
753 1466 767 1500 ἑ
792 1466 800 1475 '
822 1468 846 1510 ᾧ
863 1470 887 1499 Β
913 1469 954 1501 τὸ
979 1470 1026 1513 μή
1055 1471 1219 1512 στίλβειν,
1240 1469 1288 1514 ἐφ’
1310 1471 1333 1513 ᾧ
1352 1473 1377 1503 Α

371 1511 413 1543 τό
439 1509 538 1558 ἐγγύς
564 1508 663 1544 εἶναι.
686 1479 824 1551 Ἀληθές
850 1508 895 1550 δή
913 1515 954 1546 τό
968 1516 992 1545 Β
1013 1516 1110 1548 κατά
1134 1518 1197 1549 τοῦ
1215 1517 1237 1546 Γ
1255 1517 1374 1549 εἰπεῖν·

372 1558 402 1588 οἱ
433 1557 498 1603 γάρ
532 1555 706 1595 πλάνητες
740 1556 777 1590 οὐ
810 1558 1019 1599 στίλβουσιν.
1054 1558 1164 1594 Ἀλλά
1193 1562 1253 1593 καὶ
1285 1561 1326 1594 τό
1351 1563 1376 1593 Α

369 1602 467 1635 κατά
491 1601 554 1634 τοῦ
577 1603 613 1632 Β·
641 1602 682 1634 τὰ
707 1602 772 1648 γάρ
797 1603 844 1647 μή
870 1602 1044 1643 στίλβονὲ
1069 1604 1128 1651 γός
1151 1604 1239 1639 ἐστι·
1268 1608 1374 1639 τοῦτο

369 1640 399 1677 δ’
427 1645 574 1691 εἰλήφθω
599 1640 637 1676 δι’
667 1645 851 1694 ἐπαγωγῆς
878 1647 900 1685 ἦ
924 1644 962 1680 δι’
992 1650 1049 1682 αἱσ
1073 1650 1193 1689 ήσεως.
1223 1649 1373 1698 Ἀνάγκη

373 1688 428 1722 οὖν
455 1691 497 1724 τό
522 1692 547 1722 Α
572 1691 620 1732 τῷ
637 1693 659 1723 Γ
686 1693 864 1737 ὑπάρχειν,
892 1692 973 1727 ὥστ’
1004 1690 1252 1729 ἀποδέδεικται
1272 1695 1325 1729 ὅτι
1345 1699 1374 1729 οἱ

371 1736 543 1774 πλάνητες
569 1734 670 1782 ἐγγύς
695 1739 792 1770 εἰσιν.
822 1738 930 1776 Οὗτος
963 1737 1020 1772 οὖν
1046 1742 1063 1772 ὁ
1088 1741 1310 1787 συλλογισμὸς
1337 1739 1375 1774 οὗ

370 1782 434 1813 τοῦ
459 1780 570 1822 διότι,
604 1782 695 1817 ἀλλὰ,
719 1783 781 1816 τοῦ
808 1782 862 1815 ὅτι
887 1784 994 1816 ἐστίν·
1021 1783 1060 1817 οὐ
1111 1786 1150 1829 άρ
1175 1782 1234 1818 διά
1259 1787 1302 1818 τὸ
1326 1786 1374 1831 μή

370 1827 520 1858 στίλβειν
547 1826 648 1875 ἐγγύς
678 1828 780 1868 εἰσιν,
809 1824 900 1861 ἀλλά
927 1823 1054 1869 διά,τὸ
1089 1831 1191 1877 εγγιὶς
1223 1827 1311 1863 εἶναι
1338 1829 1375 1864 οὗ

371 1871 577 1911 στίλβουσιν.

297 1914 465 1970 Ἐγζωρεῖ
495 1911 615 1949 δὲκαὶ
640 1911 700 1948 διά
730 1915 876 1957 θατέρου
908 1915 1050 1962 θάτερον
1084 1913 1283 1965 δειχθῆναι,
1314 1922 1373 1953 καὶ

370 1970 470 1992 εσται
495 1962 560 1993 τοῦ
584 1956 675 1994 διότι
701 1962 722 1997 ή
749 1958 936 2003 ἀπόδειξις,
963 1963 1032 1995 οἷον
1059 1963 1147 1997 ’έστω
1173 1965 1215 1997 τό
1239 1966 1260 1996 Γ
1287 1965 1376 1998 πλά-

369 2015 481 2047 νητες,
509 2004 557 2051 ἐφ’
587 2006 610 2047 ᾤ
634 2008 659 2037 Β
683 2006 726 2039 τὸ
751 2005 851 2053 ἐγγύς
877 2004 985 2049 εἶναι,
1021 2009 1062 2041 τό
1087 2010 1112 2040 Α
1137 2010 1179 2042 τό
1205 2010 1251 2053 μή
1279 2012 1374 2043 στίλ-

371 2047 454 2088 βειν·
481 2050 628 2097 ὑπάρχει
653 2046 699 2087 δή
722 2053 781 2084 καὶ
806 2053 849 2086 τό
865 2053 890 2083 Β
907 2053 955 2094 τῷ·
973 2054 1008 2091 Γ,
1026 2056 1086 2086 καὶ
1111 2055 1152 2087 τὸ
1173 2056 1198 2086 Α
1222 2055 1270 2096 τῷ
1288 2056 1312 2086 Β
1330 2055 1372 2088 τὸ

395 2095 416 2132 ἢ
442 2096 616 2137 στίλβειν,
645 2095 733 2128 ὥστε
757 2099 817 2129 καὶ
843 2097 890 2138 τῷ
915 2099 937 2128 Γ
964 2099 1006 2130 τό
1032 2099 1070 2132 Α.
1111 2101 1176 2131 Καὶ
1203 2099 1276 2132 ἔστι
1309 2101 1372 2133 τοῦ

391 2139 459 2173 ιότι
481 2142 497 2173 ὁ
513 2140 749 2186 συλλογισμός·
768 2143 932 2180 εἴληπται
948 2143 1013 2188 γάρ
1032 2143 1074 2176 τό
1092 2145 1225 2189 πρῶτον
1245 2146 1368 2178 αἴτιον.

299 2184 403 2218 Πάλιν
429 2186 471 2223 ὥς
497 2185 561 2222 τήν
586 2185 728 2223 σελήνην
754 2181 975 2228 δεικνύουσιν,
996 2187 1049 2221 ὅτι
1067 2183 1295 2232 σφαιροειδής,
1314 2185 1373 2223 διά

368 2230 435 2263 τῶν
461 2228 651 2272 αὖξήσεων·
676 2231 704 2262 εὶ
729 2231 793 2278 γάρ
826 2231 868 2265 τὸ
901 2229 1132 2277 αὐξανόμενον
1158 2233 1248 2266 οὕτω
1274 2246 1372 2278 σφαι-

388 2269 506 2315 οειδές,
534 2273 675 2317 αὐξάνει
699 2270 729 2307 δ’
757 2277 778 2313 η
805 2276 942 2317 σελήνη,
969 2278 1109 2322 φανερόν
1129 2277 1183 2311 ὅτι
1205 2290 1372 2323 σφαιροει-

367 2287 442 2357 δής.
469 2319 568 2353 Οὕτω
593 2321 651 2363 μὲν
677 2319 735 2353 οὖν
761 2322 824 2354 τοῦ
850 2320 905 2354 ὅτι
923 2320 1062 2368 γέγονεν
1089 2324 1105 2355 ὀ
1130 2324 1368 2370 συλλογισμός·

369 2363 544 2398 ἀνάπαλιν
568 2360 606 2398 δὲ
631 2364 787 2404 τεθέντος
813 2367 877 2399 τοῦ
902 2367 1006 2408 μέσου
1031 2369 1094 2400 τοῦ
1111 2363 1217 2401 διότι·
1244 2367 1282 2401 οὗ
1304 2369 1369 2415 γάρ

367 2404 427 2442 διά
451 2410 514 2448 τοὶς
541 2408 698 2452 αὐξήσεις
733 2405 949 2455 σφαιροειδής
982 2410 1094 2452 ἐστιν,
1131 2410 1221 2446 ἀλλά
1243 2408 1303 2445 διαὶ
1327 2414 1368 2446 τὸ

366 2449 581 2499 σφαιροειδής
606 2452 692 2488 εἶναι
715 2455 885 2500 λαμβάνει
910 2457 973 2494 τοὶς
1002 2455 1159 2497 αὐξήσεις
1183 2457 1368 2496 τοιαύτας.

367 2498 497 2555 Σ,ελήνη
524 2497 577 2544 ἐφ’
606 2500 630 2542 ᾦ
654 2502 695 2541 Γ,
722 2496 936 2546 σφαιροειδής
962 2499 1011 2545 ἐφ’
1041 2502 1065 2544 ᾧ
1088 2504 1130 2544 Β,
1159 2502 1297 2544 αὔξησις
1317 2501 1365 2548 ἐφ’

293 2556 438 2631 Ἐφ“ῳῶν
464 2583 502 2621 δὲ
526 2588 576 2621 τοὶ
598 2592 687 2633 μέσα
712 2589 758 2634 μή
786 2587 1001 2635 ἀντιστρέφει
1025 2593 1083 2624 καὶ
1109 2591 1184 2624 ἔστι
1200 2591 1371 2638 γνωριμώ-

364 2644 464 2708 ἒερον
489 2633 531 2666 τὸ
559 2631 726 2675 ἀναίτιον,
754 2634 796 2667 τό
823 2634 877 2668 ὅτι
902 2635 962 2678 μὲν
987 2630 1184 2678 δείκνυται,
1212 2636 1253 2670 τό
1278 2631 1369 2669 διότι

424 2689 475 2710 ου.

358 2778 508 2807 Smorsts.
521 2795 555 2800 —
573 2789 596 2808 1.
618 2781 830 2817 Argumentum
852 2787 880 2809 et
900 2780 1003 2809 divisio
1025 2787 1127 2809 textus.
1140 2798 1159 2802 -
1176 2789 1203 2809 2.
1219 2780 1368 2816 Quoniam

297 2816 393 2846 differt
406 2818 478 2847 scire
492 2820 529 2847 de
549 2829 581 2848 re
601 2820 700 2857 aliqua
719 2821 787 2858 quia
801 2826 845 2849 est
865 2827 892 2849 et
902 2826 1028 2859 propter
1048 2821 1118 2858 quid
1136 2826 1187 2855 est,
1203 2821 1279 2856 ideo,
1301 2830 1368 2850 cum

297 2857 506 2887 demonstratio
530 2859 566 2887 sit
586 2860 769 2897 syllogismus
789 2860 898 2889 faciens
921 2861 1008 2896 scire,
1037 2861 1132 2889 differt
1157 2861 1368 2889 demonstratio

297 2896 366 2933 quia
385 2906 403 2926 a
423 2899 671 2928 demonstratione
692 2905 818 2938 propter
839 2901 917 2938 quid.
935 2917 953 2922 -
969 2901 994 2929 3.
1017 2902 1160 2929 Probatur
1185 2907 1293 2929 asserta
1313 2901 1368 2929 dif-

296 2935 417 2966 ferentia
437 2937 468 2966 in
493 2939 594 2967 eadem
616 2939 749 2975 scientia;
779 2946 807 2968 et
826 2940 923 2976 primo
944 2949 978 2968 ex
999 2949 1035 2968 eo
1057 2941 1138 2977 quod
1159 2941 1368 2969 demonstratio

293 2982 420 3014 propter
447 2978 516 3015 quid
544 2979 675 3015 procedit
701 2988 736 3007 ex
763 2979 937 3008 immediatis
967 2979 1114 3017 principiis
1144 2980 1185 3008 rei
1215 2990 1290 3018 quae
1318 2982 1368 3009 de-

297 3022 484 3045 monstratur.
507 3018 596 3052 Quod
618 3028 680 3047 non
700 3018 803 3047 accidit
825 3019 856 3047 in
879 3019 1126 3048 demonstratione
1147 3021 1253 3057 quia.-
1266 3030 1295 3055 4.
1311 3022 1368 3048 De·

296 3053 365 3084 inde
385 3057 527 3093 probatur.
545 3066 580 3086 ex
601 3067 652 3094 eo,
674 3059 756 3095 quod
777 3059 985 3088 demonstratio
1009 3060 1091 3097 quia,
1115 3060 1228 3088 etiamsi
1247 3060 1296 3088 fiat
1317 3070 1369 3097 per

296 3093 472 3131 immediata,
494 3106 555 3125 non
575 3097 608 3125 fit
627 3104 726 3135 tamen
747 3107 781 3126 ex
794 3098 969 3127 immediatis
983 3099 1090 3134 causis,
1105 3101 1157 3128 sed
1171 3109 1205 3128 ex
1219 3100 1367 3128 effectibus

296 3135 531 3165 convertibilibus
559 3143 588 3165 et
614 3137 806 3173 immediatis,
837 3138 887 3175 qui
915 3145 982 3167 sunt
1009 3139 1080 3176 quid
1107 3139 1187 3176 prius
1215 3146 1243 3168 et
1270 3140 1367 3168 notius

297 3176 395 3214 quoad
416 3185 481 3212 1105,
495 3177 547 3205 sed
567 3186 629 3205 non
648 3178 747 3214 quoad
768 3187 814 3206 se:
837 3178 1006 3215 oppositum
1026 3180 1182 3216 probatum
1203 3186 1246 3207 est
1260 3181 1296 3207 de
1317 3180 1367 3207 de-

474 3311 480 3314 .
501 3282 545 3319 ·,=
562 3285 739 3326 ostquam
754 3278 1011 3328 Philosophus
1027 3279 1295 3316 determinavit
1314 3279 1361 3316 de

428 3338 447 3354 ’ἢ
503 3330 547 3393 ξ’
562 3331 884 3368 demonstratione
930 3340 1087 3381 propter
1132 3332 1224 3381 quid
1239 3361 1248 3379 ‚
1301 3332 1362 3369 hic

506 3384 514 3398 '⁴
526 3385 546 3430 ’ξ
561 3384 726 3421 ostendit
740 3384 993 3422 differentiam
1013 3385 1110 3422 inter
1124 3384 1360 3422 demonstra-

361 3460 384 3466 α
448 3465 453 3477 2
505 3431 542 3462 ‘'¹1'‘
561 3437 705 3474 tionem
744 3438 853 3486 quia,
889 3446 925 3475 et
962 3438 1327 3475 demonstrationem
1342 3439 1363 3459 ³⁸

288 3496 447 3540 propter
460 3490 559 3539 quid.
581 3491 631 3527 Et
650 3490 749 3527 circa
767 3491 842 3527 hoc
862 3491 939 3528 duo
960 3491 1061 3527 facit:
1081 3491 1220 3540 prim0,
1238 3499 1362 3528 osten-

51 3554 268 3584 ·coaa.-1›1:po-
295 3544 384 3582 dit*
412 3543 665 3581 differentiam
684 3543 879 3593 utriusque
900 3543 938 3581 in
959 3543 1096 3581 eadem
1116 3544 1288 3591 scientia;
1306 3557 1362 3581 se-

295 3597 439 3645 cundo,
469 3597 508 3634 in
537 3596 711 3643 diversis;
741 3597 814 3634 ibi:
843 3597 929 3634 Alio
958 3603 1083 3634 autem
1111 3598 1223 3634 modo
1243 3599 1263 3619 *
1291 3605 1360 3634 etc.

1434 977 1451 996 *
1467 977 1529 1009 Sed
1552 978 1627 1019 quia
1646 978 1748 1009 differt
1764 986 1794 1010 et
1810 987 1940 1020 propter
1963 981 2040 1021 quid
2057 982 2151 1020 scire;
2166 983 2307 1022 primum
2326 984 2457 1025 quidem
2471 985 2505 1016 in

1502 1023 1613 1052 eadem
1632 1023 1770 1061 scientia,
1788 1031 1819 1055 et
1833 1024 1866 1054 in
1882 1024 1940 1055 hac
1957 1025 2142 1065 dupliciter3
2160 1037 2225 1058 uno
2245 1028 2376 1069 quidem
2391 1031 2503 1069 modo,

1501 1066 1526 1096 si
1550 1077 1615 1097 non
1640 1077 1696 1107 per
1728 1078 1792 1098 non
1827 1069 1970 1099 medium
1993 1069 2047 1100 fiat
2070 1071 2272 1111 syllogismus
2300 1071 2387 1115 (non
2418 1074 2504 1105 enim

1499 1111 1652 1151 accipitur
1675 1111 1776 1151 prima
1807 1121 1915 1151 causa;
1939 1114 1994 1143 sed
2017 1124 2098 1154 quae
2122 1123 2250 1156 propter
2273 1117 2351 1157 quid
2375 1118 2504 1150 scientia

1500 1162 1547 1186 est
1569 1156 1745 1186 secundum
1770 1157 1906 1196 primam
1929 1157 2087 1200 causam);
2111 1160 2173 1190 alio
2192 1170 2267 1191 vero
2291 1162 2389 1192 modo
2407 1163 2432 1193 si
2448 1173 2505 1203 per

1499 1209 1566 1230 non
1589 1201 1694 1231 media
1717 1201 1859 1241 quidem,
1876 1203 1930 1232 sed
1954 1212 2020 1232 non
2043 1213 2100 1242 per
2115 1214 2253 1243 causam,
2271 1206 2325 1236 sed
2348 1217 2404 1246 per
2427 1217 2503 1238 con·

1499 1245 1650 1276 vertentia
1684 1252 1715 1276 et
1746 1256 1802 1286 per
1834 1246 1951 1277 notius.
1986 1247 2135 1279 Prohibet
2170 1249 2255 1279 enim
2294 1250 2372 1281 nihil
2404 1261 2504 1293 aeque

1498 1289 1749 1329 praedicantium
1772 1290 1879 1321 notius
1896 1301 1962 1321 esse
1986 1291 2157 1332 aliquando
2175 1303 2241 1324 non
2264 1302 2408 1325 causam:
2426 1306 2503 1337 qua-

1500 1343 1532 1364 re
1556 1344 1612 1374 per
1635 1334 1716 1365 hanc
1740 1335 1797 1366 erit
1816 1335 2056 1374 demonstratio,

1431 1428 1468 1453 ut
1490 1423 1580 1463 quod
1603 1433 1703 1463 prope
1727 1430 1801 1454 sunt
1823 1424 1967 1464 planetae
1987 1434 2043 1465 per
2064 1425 2098 1455 id
2122 1426 2211 1467 quod
2233 1437 2300 1457 non
2324 1427 2502 1460 scintillant.

1498 1467 1567 1498 Sint
1590 1468 1617 1499 C
1642 1469 1801 1508 planetae,
1821 1469 1854 1499 in
1877 1479 1944 1510 quo
1967 1470 1993 1500 B
2017 1479 2083 1500 non
2114 1470 2302 1510 scintillare,
2327 1471 2360 1502 in
2383 1483 2450 1513 quo
2473 1476 2503 1504 A

1496 1522 1598 1553 prope
1621 1523 1698 1544 esse.
1715 1514 1836 1544 Verum
1859 1513 1953 1553 igitur
1976 1521 2023 1544 est
2044 1514 2071 1544 B
2095 1515 2133 1545 de
2158 1515 2185 1546 C
2208 1515 2331 1556 dicere,
2356 1517 2501 1557 planetae

1498 1557 1584 1587 enim
1614 1568 1679 1588 non
1710 1558 1889 1589 scintillant.
1917 1558 1978 1589 Sed
2002 1565 2033 1589 et
2055 1561 2085 1589 A
2109 1559 2147 1590 de
2171 1560 2215 1598 B,
2239 1571 2306 1591 non
2330 1562 2502 1593 scintillans

1498 1602 1584 1632 enim
1607 1612 1707 1643 prope
1731 1609 1794 1641 est;
1818 1602 1880 1634 hoc
1896 1610 2004 1633 autern
2027 1603 2179 1644 accipitur
2192 1614 2249 1644 per
2271 1605 2501 1646 inductionem,

1497 1654 1552 1678 aut
1575 1657 1631 1687 per
1647 1657 1786 1678 sensum.
1803 1648 1937 1678 Necesse
1954 1654 2000 1678 est
2016 1657 2090 1687 ergo
2114 1650 2143 1679 A
2159 1648 2219 1689 ipsi
2237 1649 2263 1680 C
2286 1650 2403 1689 inesse;
2424 1661 2501 1692 qua-

1497 1702 1530 1722 re
1554 1699 1766 1723 monstratum
1790 1699 1836 1722 est
1861 1692 1950 1733 quod
1974 1692 2119 1723 erraticae
2143 1703 2243 1734 prope
2267 1702 2350 1726 sunt.
2368 1695 2429 1727 Hic
2444 1696 2501 1736 igi-

1496 1743 1548 1767 tur
1570 1737 1774 1777 syllogismus
1798 1747 1864 1767 non
1888 1743 1934 1767 est
1962 1744 2093 1777 propter
2115 1738 2210 1778 quid,
2238 1739 2293 1769 sed
2315 1740 2408 1780 quia:
2434 1750 2501 1771 non

1497 1781 1583 1811 enim
1607 1791 1643 1812 ex
1667 1791 1705 1812 eo
1729 1781 1818 1823 quod
1842 1791 1908 1811 non
1932 1781 2101 1812 scintillant
2116 1792 2217 1823 prope
2241 1790 2329 1823 sunt,
2350 1785 2404 1815 sed
2427 1795 2500 1825 pro-

1496 1834 1565 1867 pter
1587 1826 1620 1857 id
1643 1826 1732 1867 quod
1755 1836 1855 1867 prope
1879 1833 1953 1857 sunt
1969 1836 2034 1856 non
2059 1826 2235 1858 scintillant.

1428 1916 1595 1957 Contingit
1617 1923 1725 1947 autem
1742 1923 1772 1947 et
1794 1926 1850 1957 per
1873 1916 2007 1946 alterum
2028 1916 2163 1947 alterum
2186 1923 2377 1956 monstrare;
2397 1924 2428 1948 et
2443 1917 2501 1949 erit

1494 1968 1625 2002 propter
1647 1961 1726 2002 quid
1749 1961 1993 1999 demonstratio;
2011 1967 2046 1992 ut
2069 1961 2108 1991 sit
2127 1960 2154 1991 C
2179 1962 2342 2001 erraticae,
2374 1962 2407 1992 in
2431 1972 2497 2003 quo

1494 2007 1520 2037 B
1544 2016 1645 2047 prope
1668 2016 1752 2044 esse,
1773 2008 1803 2036 A
1826 2016 1892 2036 non
1916 2005 2097 2044 scintillare;
2123 2012 2168 2036 est
2186 2006 2281 2046 igitur
2304 2013 2334 2037 et
2357 2007 2382 2037 B
2405 2006 2438 2036 in
2455 2007 2498 2038 C:

1494 2061 1591 2092 quare
1615 2058 1646 2082 et
1675 2051 1709 2081 in
1732 2051 1759 2082 C
1783 2053 1830 2089 A,
1863 2057 1893 2081 et
1921 2050 1954 2080 in
1976 2051 2002 2081 B
2026 2053 2075 2088 A,
2106 2051 2194 2091 quod
2223 2058 2269 2082 est
2291 2061 2357 2081 non
2382 2051 2498 2082 scintil-

1492 2096 1566 2126 lare.
1582 2096 1624 2126 Et
1643 2095 1700 2126 erit
1718 2102 1848 2136 propter
1863 2094 1941 2136 quid
1960 2095 2183 2136 syllogismus;
2201 2103 2328 2137 accepta
2344 2102 2390 2128 est
2413 2096 2499 2129 enim

1493 2140 1596 2181 prima
1619 2150 1723 2171 causa.

1426 2185 1504 2216 Item
1528 2185 1571 2216 sic
1594 2185 1705 2216 lunam
1730 2184 1947 2216 demonstrant
1970 2185 2045 2226 quia
2068 2195 2124 2225 per
2151 2185 2344 2218 incrementa
2368 2187 2498 2219 circula-

1492 2229 1533 2260 ris
1557 2229 1606 2261 sit.
1631 2229 1663 2260 Si
1687 2229 1772 2260 enim
1796 2230 1884 2270 quod
1905 2237 2038 2270 augetur
2056 2230 2111 2269 sic,
2135 2230 2282 2261 circulare
2301 2232 2432 2272 quidem
2448 2233 2497 2272 sit,

1492 2281 1625 2314 augetur
1648 2280 1755 2304 autem
1779 2274 1822 2304 sic
1845 2274 1931 2312 luna,
1951 2274 2156 2305 manifestum
2180 2276 2335 2316 quoniam
2364 2276 2494 2308 circula-

1491 2319 1543 2350 ris.
1573 2319 1623 2350 Sic
1647 2318 1777 2359 quidem
1805 2318 1900 2358 igitur
1929 2319 2028 2359 ipsius
2052 2319 2127 2359 quia
2155 2319 2255 2350 factus
2283 2321 2497 2362 est-syllogis—

1491 2371 1579 2402 mus;
1597 2374 1614 2394 e
1625 2373 1777 2394 converso
1792 2370 1900 2393 autem
1914 2363 2019 2403 posito
2034 2363 2152 2402 medio,
2162 2363 2262 2404 ipsius
2276 2373 2405 2405 propter
2419 2367 2498 2406 quid

1491 2408 1541 2447 fit;
1561 2418 1627 2439 non
1643 2408 1728 2438 enim
1743 2415 1872 2449 propter
1895 2415 2065 2448 augmenta
2082 2408 2239 2439 circularis
2262 2416 2325 2440 est:
2349 2411 2404 2440 sed
2419 2411 2494 2451 quia

1490 2453 1648 2484 circularis
1681 2459 1747 2491 est,
1779 2452 1892 2493 accipit
1919 2460 2088 2493 augmenta
2120 2453 2315 2485 huiusmodi.
2341 2456 2433 2486 Luna
2463 2455 2496 2486 in

1490 2508 1557 2539 quo
1582 2497 1627 2536 C,
1653 2497 1686 2528 in
1717 2506 1783 2539 quo
1807 2497 1834 2528 B
1866 2504 2075 2538 augmentum
2099 2498 2155 2537 sit,
2182 2499 2215 2529 in
2245 2509 2311 2540 quo
2339 2501 2370 2530 A
2394 2499 2491 2531 circu-

1489 2542 1572 2573 laris.

1424 2588 1459 2618 In
1482 2587 1600 2628 quibus
1631 2593 1738 2617 autem
1768 2586 1872 2617 media
1895 2596 1961 2617 non
1993 2594 2235 2627 convertuntur,
2260 2588 2315 2618 sed
2338 2594 2494 2620 transcen-

1491 2632 1581 2670 dunt,
1607 2638 1638 2662 et
1661 2638 1707 2662 est
1730 2631 1838 2662 notius
1861 2631 1952 2672 quod
1974 2641 2040 2662 non
2060 2639 2107 2663 est
2130 2642 2234 2672 causa,
2259 2632 2334 2673 quia
2362 2634 2494 2664 demon-

1489 2683 1604 2707 stratur
1626 2676 1768 2717 quidem,
1786 2676 1840 2707 sed
1864 2682 1994 2717 propter
2016 2676 2105 2717 quid,
2122 2687 2198 2708 non.

1422 2780 1632 2809 monstratione
1649 2786 1775 2818 propter
1795 2780 1873 2817 quid.
1886 2797 1905 2802 -
1919 2780 1944 2808 5.
1959 2781 2067 2808 Textus
2084 2780 2303 2809 subdivisiones.
2315 2799 2334 2803 -
2348 2783 2375 2810 6.
2391 2783 2492 2811 Decla-

1422 2827 1501 2849 ratur
1521 2820 1682 2848 differentia
1702 2820 1851 2857 utriusque
1877 2820 2132 2848 demonstrationis
2155 2821 2287 2857 exemplo
2311 2823 2491 2851 demonstra-

1421 2860 1509 2889 tionis
1535 2861 1602 2898 quia
1629 2870 1681 2897 per
1706 2860 1840 2888 effectum
1869 2860 2093 2888 convertibilem.
2109 2877 2128 2881 -
2144 2870 2170 2897 7.
2185 2861 2321 2889 Attamen
2349 2863 2419 2890 haec
2441 2863 2491 2891 de-

1422 2901 1595 2929 monstratio
1619 2901 1685 2937 quia
1713 2909 1764 2937 per
1791 2900 1925 2928 effectum
1949 2900 2164 2928 convertibilem
2188 2907 2282 2937 potest
2309 2902 2436 2930 converti
2460 2902 2490 2930 in

1422 2940 1701 2969 demonstrationem
1719 2945 1845 2978 propter
1858 2940 1935 2977 quid,
1958 2940 2099 2968 mutando
2120 2939 2261 2968 maiorem
2282 2942 2489 2970 extremitatem

1422 2980 1453 3008 in
1468 2980 1606 3015 medium,
1618 2987 1645 3008 et
1659 2980 1788 3007 medium
1802 2979 1832 3007 in
1847 2979 1988 3008 maiorem
2005 2979 2245 3008 extremitatem.-
2253 2981 2342 3014 Quod
2356 2982 2489 3018 exemplo

1422 3021 1590 3059 declaratur.
1607 3037 1626 3041 -
1641 3021 1667 3048 8.
1683 3019 1750 3048 Alio
1774 3019 1906 3056 exemplo
1922 3019 2047 3056 idipsum
2062 3021 2209 3056 probatur.
2222 3037 2240 3041 -
2251 3029 2279 3056 9.
2295 3022 2421 3055 Quando
2436 3031 2487 3049 au-

1421 3067 1480 3088 tem
1502 3059 1631 3088 medium
1653 3069 1714 3087 non
1729 3059 1904 3088 convertitur
1925 3069 1991 3088 cum
2013 3059 2155 3095 extremis,
2169 3067 2198 3088 et
2211 3060 2367 3088 assumitur
2380 3067 2412 3089 ut
2426 3071 2487 3090 rne-

1422 3099 1503 3127 dium
1531 3100 1612 3136 quod
1634 3106 1677 3127 est
1697 3098 1795 3128 notius
1824 3100 1922 3136 quoad
1943 3108 2014 3133 nos,
2041 3099 2114 3127 idest
2135 3100 2254 3136 quando
2276 3100 2405 3128 medium
2426 3110 2487 3129 non

1421 3146 1463 3167 est
1485 3149 1581 3174 causa,
1597 3140 1647 3167 sed
1669 3139 1761 3176 magis
1776 3139 1893 3167 effectus
1914 3148 1975 3167 non
1997 3139 2198 3175 convertibilis,
2214 3146 2256 3167 est
2277 3140 2486 3169 demonstratio

1421 3179 1496 3216 quia,
1512 3180 1562 3206 sed
1576 3188 1638 3207 non
1658 3185 1754 3215 potest
1775 3187 1836 3207 esse
1853 3184 1979 3216 propter
2000 3179 2077 3215 quid.

1417 3279 1528 3316 Circa
1560 3279 1728 3328 primum
1749 3279 1826 3316 duo
1851 3279 1954 3316 facit:
1983 3280 2127 3328 primo,
2157 3281 2264 3329 ponit
2292 3281 2484 3330 duplicem

1418 3332 1670 3377 differentiam
1696 3332 1891 3381 utriusque
1918 3333 2250 3370 demonstrationis
2279 3334 2316 3371 in
2346 3335 2482 3372 eadem

1417 3385 1590 3431 scientia;
1621 3385 1809 3431 secundo,
1840 3386 2054 3422 manifestat
2085 3399 2154 3435 per
2183 3388 2374 3436 exempla;
2409 3388 2492 3425 ibi:-

1422 3439 1471 3475 Ut
1506 3439 1607 3486 quod
1626 3450 1749 3486 prope
1774 3439 1850 3475 sint
1867 3438 2045 3486 planetae
2063 3439 2083 3460 *
2112 3447 2180 3477 etc.

1472 3503 1507 3528 2.
1524 3491 1623 3528 Dicit
1639 3503 1728 3539 ergo
1747 3491 1892 3540 primo:
1914 3491 2087 3540 superius
2105 3493 2124 3514 ’¹‘
2144 3492 2286 3529 dictum
2307 3501 2363 3530 est
2377 3494 2482 3542 quod

1418 3544 1690 3581 demonstratio
1734 3551 1789 3581 est
1827 3545 2067 3593 syllogismus
2109 3545 2250 3583 faciens
2287 3546 2406 3594 scire,
2446 3555 2483 3585 et

1418 3597 1523 3646 quod
1550 3598 1570 3618 *
1599 3598 1871 3634 demonstratio
1905 3610 1955 3634 ex
1989 3599 2111 3635 causis
2149 3599 2206 3636 rei
2239 3600 2413 3648 procedit
2448 3607 2485 3638 et

2435 286 2514 324 229

2532 999 2543 1010 ⁸
2556 999 2613 1027 Cap.
2628 1006 2677 1022 xm.

2532 1025 2600 1048 Text.
2610 1032 2648 1054 30.

2550 1091 2671 1161 7?ae
2703 1106 2788 1161 2!ss

2510 3453 2521 3463 ⁸
2531 3453 2602 3475 Num.
2616 3461 2636 3483 5.

2510 3508 2518 3515 ·
2526 3506 2725 3539 Lect.1v.-n:quod

2509 3539 2660 3562 sup.;1:qu1a
2669 3541 2721 3563 sup.

2510 3587 2518 3595 ·
2526 3592 2539 3606 o
2547 3588 2601 3612 (om.
2608 3589 2644 3611 et).-
2655 3588 2722 3615 quia,-

2509 3619 2539 3634 x:
2556 3615 2580 3634 et
2592 3614 2656 3641 quia.
