2788 4204
44 843 171 939 Ίιβξ

158 2797 305 2866 7227

1191 267 1302 303 CAP.
1336 268 1386 315 II,
1416 267 1566 304 LECT.
1598 267 1650 303 IV

2444 279 2514 314 149

1082 543 1383 598 LECTIo
1424 545 1765 620 QUARTA

761 689 845 729 DE
877 686 1136 729 NATURA
1169 685 1534 727 SYLLOGISMI
1567 687 2071 729 DEMONSTRATIVI

316 833 549 867 Ἐπίστασθαι
578 829 616 866 δέ
643 832 768 877 οἰόμεθ’
798 832 944 866 ἕκαστον
978 833 1112 873 ἁπλῶς,
1146 830 1236 864 ἀλλά
1260 831 1307 876 μη
1333 830 1392 863 τὸν

390 879 584 923 σοφιστικὸν
611 878 739 923 τρόπον
765 878 824 910 τὸν
850 877 946 910 κατοὶ
971 875 1195 922 συμβεβηκός,

324 923 410 957 ὅταν
428 923 492 960 τήν
515 922 540 956 τ’
564 923 680 955 αἰτίαν
708 921 856 966 οἰώμεθα
876 922 1048 968 γινώσκειν
1068 917 1106 952 δι’
1127 922 1167 957 ἦν
1186 920 1228 953 τὸ
1249 918 1394 965 πρᾶγμοί

390 967 504 1010 ἐστιν,
540 966 594 1000 ὅτι
621 966 749 999 ἐκείνου
779 967 878 999 αἰτία
910 965 1004 1008 ἐστί,
1037 967 1097 998 καὶ
1121 965 1168 1010 μὴ
1195 959 1392 1010 ἐνδέχεσθαι

390 1011 483 1045 τοῦτ’
515 1012 623 1050 ἄλλως
650 1013 750 1057 ἔχειν.

323 1058 430 1095 Δῆλον
445 1059 557 1089 τοίνυν
578 1055 631 1089 ὅτι
646 1055 806 1088 τοιοῦτόν
822 1054 911 1087 τιτὸ
929 1052 1137 1087 ἐπίστασθαί
1152 1054 1238 1085 ἐστι·
1255 1054 1314 1085 καὶ
1326 1052 1390 1098 γοίρ

390 1103 420 1133 οἱ
446 1101 493 1146 μή
519 1099 743 1143 ἐπιστάμενοι
760 1101 819 1131 καὶ
839 1102 867 1131 οἱ
890 1097 1113 1142 ἐπιστάμενοι
1133 1100 1161 1130 οἱ
1182 1097 1241 1141 μὲν
1261 1100 1392 1129 οἴονται

390 1143 491 1178 αὐτοὶ
523 1144 630 1182 οὕτως
657 1145 765 1190 ἔχειν,
792 1147 822 1176 οἱ
847 1139 877 1175 δ’
905 1142 1129 1187 ἐπιστάμενοι
1158 1144 1217 1174 καὶ
1244 1142 1390 1187 ἔχουσιν,

319 1189 408 1222 ὥστε
435 1189 472 1222 οὗ
500 1190 615 1227 οἱπλῶξ
637 1189 729 1222 ἐστὶν
749 1187 943 1233 ἐπιστήμη,
971 1186 1067 1222 τοῦτ’
1091 1182 1262 1220 ἀδύνατον
1283 1187 1391 1224 ἄλλως

390 1234 492 1279 ἔχειν.
1174 1244 1180 1247 ε

321 1278 359 1310 Εἰ
387 1280 446 1323 μέν
479 1276 534 1311 οὖν
567 1280 623 1310 καὶ
654 1277 768 1322 ἕτερός
800 1275 873 1310 ἐστι
906 1277 968 1309 τοῦ
999 1273 1207 1308 ἐπίστασθαι
1240 1274 1389 1317 τρόπος,

390 1322 528 1367 ὕστερον
556 1320 709 1366 ἐροῦμεν·

317 1363 494 1414 ’φαμὲνψδὲ
515 1369 573 1399 καὶ
599 1363 639 1399 δι’
672 1361 876 1407 ἀποδείξεως
902 1363 1040 1397 εἰδέναι.

314 1447 507 1492 Ἀπόδειξιν
532 1446 570 1482 δὲ
593 1449 682 1496 λέγω
709 1448 933 1495 συλλογισμὸν
961 1446 1239 1492 ἐπιστημονικόν·

321 1531 584 1576 ἐπιστημονικόν
610 1528 649 1564 δὲ
672 1532 762 1579 λέγω
786 1531 864 1565 καθ’
893 1533 926 1565 ὃν
945 1533 994 1574 τῷ
1013 1532 1100 1578 ἔχειν
1121 1529 1229 1564 αὐτόν
1249 1531 1392 1566 ἐπισταί-

387 1577 487 1622 μεθα.

320 1623 359 1654 Et
383 1623 496 1654 τοίνυν
523 1619 599 1653 ἐστὶ
623 1621 666 1653 τὸ
692 1619 901 1654 ἐπίστασθαι
927 1622 996 1653 οἷον
1021 1619 1150 1663 ἔθεμεν,
1175 1618 1306 1665 ἀνάγκη
1331 1624 1389 1654 καὶ

387 1667 452 1703 τήν
472 1663 716 1702 ἀποδεικτικῆν
742 1664 938 1710 ἐπιστήμην
965 1663 999 1706 ἐξ
1019 1664 1150 1702 ἀληθῶν
1169 1664 1199 1698 τ’
1221 1665 1307 1699 εἶναι
1329 1669 1388 1700 καὶ

387 1710 529 1756 πρώτων
554 1712 613 1742 καὶ
638 1709 772 1753 ἀμέσων
789 1713 847 1743 καὶ
864 1710 1124 1757 γνωριμωτέρων
1142 1713 1199 1742 καὶ
1218 1711 1388 1758 προτέρων

386 1757 446 1787 καὶ
471 1756 591 1787 αἰτίων
617 1757 680 1787 τοῦ
705 1755 1007 1800 συμπεράσματος·

322 1798 412 1832 οὕτω
430 1799 495 1846 γάρ
517 1799 656 1832 ἔσονται
679 1802 738 1831 καὶ
761 1802 796 1831 αἱ
817 1798 920 1846 ἀρχαὶ
940 1800 1060 1831 οἰκεῖαι
1078 1800 1141 1831 τοῦ
1159 1794 1386 1845 δεικνυμένου.

319 1844 548 1890 Συλλογισμός
575 1843 634 1888 μὲν
659 1844 724 1891 γοὶρ
751 1844 850 1877 ἔσται
874 1846 933 1876 καὶ
951 1844 1029 1876 ἄνευ
1047 1843 1195 1885 τούτων,
1217 1842 1388 1887 ἀπόδειξις

387 1886 418 1921 δ’
445 1887 504 1921 οὐκ
530 1890 643 1921 ἔσται·
672 1888 710 1921 οὗ
736 1889 802 1935 γοὶρ
827 1888 964 1925 ποιησει
989 1887 1196 1932 ἐπιστήμην.

313 1931 443 1972 Ἀληθῆ
468 1934 528 1978 μὲν
556 1931 612 1966 οὗν
636 1929 689 1965 δεῖ
712 1931 812 1975 εἶναι,
841 1933 894 1966 ὅτι
921 1933 979 1966 οὐκ.
1007 1933 1080 1966 ἔστι
1105 1933 1146 1966 τὸ
1171 1934 1218 1978 μη
1243 1934 1277 1968 ὃν
1296 1936 1388 1968 ἐπίσ-

387 1977 530 2019 τασθαι,
557 1979 625 2011 οἷον
654 1977 708 2011 ὅτι
733 1979 754 2015 ἡ
779 1974 962 2023 διάμετρος
987 1980 1190 2022 σύμμετρος.

309 2021 374 2055 Ἐκ
399 2021 542 2067 πρώτων
569 2019 597 2056 δ’
629 2021 902 2064 &vennensem-mv,
931 2023 984 2056 ὅτι
1011 2023 1070 2056 οὐκ
1096 2023 1325 2060 ἐπιστήσεται
1342 2024 1389 2069 μή

387 2067 472 2113 ἔχων
500 2063 675 2109 ἀπόδειξιν
702 2068 830 2100 αὐτῶν·
857 2069 899 2100 τὸ
924 2068 989 2115 γοὶρ
1015 2067 1225 2101 ἐπίστασθαι
1242 2069 1285 2100 ὢν
1305 2069 1391 2102 ἀπό-

386 2108 488 2153 δειξίς
513 2111 586 2145 ἐστι
611 2113 658 2158 μὴ
682 2112 780 2145 κατὰ
800 2112 1025 2156 συμβεβηκός,
1048 2113 1089 2145 τὸ
1109 2114 1196 2158 ἔχειν
1215 2110 1388 2156 ἀπόζειξίν

387 2156 493 2189 ἐστιν.

319 2200 423 2233 Ati-td
447 2214 485 2234 τε
509 2203 568 2234 καὶ
592 2201 830 2247 γνωριμώτερα
855 2197 907 2234 δεῖ
930 2199 1016 2234 εἶναι
1031 2204 1090 2234 καὶ
1108 2201 1271 2247 πρότερα·
1291 2205 1389 2236 αἴτια

388 2246 447 2291 μὲν
475 2246 528 2279 ὅτι
552 2246 637 2279 τότε
662 2245 880 2290 ἐπιστάμεθα
906 2245 991 2279 ὅταν
1013 2246 1077 2284 τήν
1100 2247 1217 2279 αἰτίαν
1235 2242 1387 2292 εἰδῶμεν,

386 2292 446 2323 καὶ
471 2290 639 2336 πρότερα,
665 2293 756 2335 εἴπερ
788 2293 907 2332 αἴτια,
938 2294 995 2324 καὶ
1026 2291 1324 2337 προγινωσκόμενα
1351 2293 1387 2324 οὐ

387 2334 488 2380 μόνον
515 2335 574 2368 τὸν
602 2334 716 2380 ἕτερον
742 2335 869 2378 τρόπον
895 2337 943 2376 τῷ
969 2336 1132 2378 ξυνιέναις
1151 2336 1241 2369 ἀλλοὶ
1264 2338 1388 2379 καὶτῷ

389 2375 516 2412 εἰδέναι
537 2379 591 2412 ὅτι
617 2380 722 2413 ἔστιν.
750 2380 901 2424 Πρότερα
925 2377 953 2413 δ’
983 2381 1056 2414 ἐστὶ
1074 2383 1132 2413 καὶ
1149 2381 1389 2428 γνωριμώτεροι

387 2419 503 2470 διχῶς·
529 2425 567 2457 οὐ
592 2424 657 2471 γὰρ
682 2425 815 2457 ταύτὸν
841 2425 1004 2470 πρότερον
1029 2426 1076 2469 τῇ
1101 2425 1196 2471 φύσει
1219 2428 1278 2458 καὶ
1308 2427 1389 2469 πρός

387 2470 478 2514 ἡμᾶς
505 2469 683 2524 πρότερον,
713 2465 790 2501 οὐδὲ
814 2470 1065 2516 γνωριμώτερον
1090 2473 1148 2503 καὶ
1174 2472 1252 2516 ἡμῖν
1275 2483 1390 2517 γνωρι-

388 2514 550 2558 μώτερον.
576 2516 667 2569 Λεγο
691 2509 729 2546 δὲ
754 2515 835 2558 πρὸς
861 2516 950 2559 ημᾶς
976 2515 1035 2560 μὲν
1062 2515 1213 2560 πρότερα
1229 2519 1287 2548 καὶ
1305 2529 1389 2562 γνω-

387 2557 559 2603 ριμώτερα
588 2571 636 2591 τα
665 2558 847 2614 ἐγγύτερον
878 2561 942 2598 τῆς
974 2559 1177 2602 αἰσθήσεως,
1211 2561 1326 2599 ἁπλῶς
1350 2556 1388 2593 δέ

389 2602 539 2648 πρότερα
563 2605 622 2635 καὶ
646 2615 886 2648 γνωριμώτερα
912 2605 960 2638 τοὶ
984 2604 1205 2650 πορρώτερον.
1226 2606 1326 2638 Ἐστι
1350 2600 1388 2637 δὲ

389 2646 601 2692 πορρωτάτω
626 2649 686 2691 μέν
711 2649 760 2681 τοὶ
782 2648 929 2681 καθόλου
955 2649 1122 2694 μάλιστα,
1142 2650 1325 2696 ἐγγυτάτω
1350 2645 1389 2682 δὲ

389 2691 438 2724 τοὶ
459 2691 534 2723 καθ’
564 2691 710 2725 ἕκαστα·
728 2696 785 2725 καὶ
806 2694 996 2727 ἀντίκειται
1016 2695 1114 2727 ταῦτ’
1134 2694 1308 2733 ἀλλήλοις.
1328 2695 1389 2726 Ἐκ

389 2735 530 2781 πρώτων
547 2731 577 2768 δ’
599 2737 673 2769 ἐστὶ
691 2737 732 2770 τὸ
747 2738 781 2779 ἐξ
801 2738 911 2784 ἀρχῶν
927 2739 1068 2771 οἰκείων·
1087 2739 1200 2773 ταύτὸ
1217 2740 1282 2786 γοὶρ
1299 2739 1389 2786 λέγω

389 2782 523 2826 πρῶτον
547 2783 605 2813 καὶ
633 2781 753 2826 ἀρχήν.

383 2888 533 2916 3ῩΝοΡςῐε.
545 2905 580 2908 -
601 2898 625 2916 1.
641 2889 853 2925 Argumentum
875 2888 961 2925 primi
983 2895 1010 2917 et
1031 2889 1149 2917 secundi
1164 2889 1229 2918 libri
1245 2889 1392 2917 Posterio-

323 2937 400 2956 rum.
410 2945 430 2950 -
439 2927 604 2956 Subdivisio
625 2928 712 2964 primi
733 2928 806 2956 libri.
817 2945 837 2950 -
849 2936 875 2956 2.
892 2929 968 2963 Quia
982 2929 1059 2957 scire
1073 2935 1115 2957 est
1130 2929 1195 2957 finis
1210 2930 1392 2957 demonstra-

322 2967 420 3003 tionis,
435 2976 468 2995 ex
482 2968 540 2995 hoc
553 2967 610 2995 fine
624 2967 798 3005 assignanda
812 2968 907 3004 primo
922 2975 964 2996 est
979 2969 1235 2997 demonstrationis
1250 2969 1393 3004 definitio,

322 3009 361 3035 et'
373 3016 408 3035 ex
428 3006 482 3035 ista
502 3007 703 3035 concludenda
723 3014 766 3036 est
787 3008 876 3036 altera
890 3008 1147 3036 demonstrationis
1162 3008 1302 3044 definitio,
1318 3017 1392 3045 quae

323 3053 367 3075 est
387 3055 421 3074 ex
435 3046 525 3082 ipsius
539 3047 794 3075 demonstrationis
809 3047 937 3076 materia.
950 3064 969 3069 -
982 3048 1007 3076 3.
1022 3049 1131 3076 Textus
1145 3048 1365 3076 subdivisiones.
1375 3065 1393 3069 -

323 3095 355 3121 4.
379 3085 474 3116 Scitur
493 3086 603 3122 aliquid
622 3087 804 3124 simpliciter,
827 3088 946 3124 quando
961 3088 1049 3116 scitur
1063 3087 1093 3115 in
1108 3087 1218 3124 seipso;
1240 3088 1328 3116 scitur
1342 3087 1393 3116 ali-

324 3125 396 3163 quid
417 3126 574 3154 secundum
596 3126 665 3163 quid
685 3135 736 3154 seu
753 3136 811 3164 per
831 3127 975 3161 accidens,
991 3128 1110 3164 quando
1132 3127 1219 3155 scitur
1240 3127 1269 3155 in
1291 3127 1348 3155 alio
1363 3127 1393 3155 in

325 3175 385 3203 quo
407 3171 465 3201 est,
486 3165 532 3193 vel
553 3165 626 3193 sicut
645 3175 712 3202 pars
733 3165 763 3193 in
784 3172 861 3201 toto,
883 3166 928 3194 vel
949 3167 1021 3195 sicut
1046 3167 1180 3195 accidens
1201 3167 1231 3195 in
1252 3167 1392 3201 subiecto,

324 3205 370 3234 vel
391 3205 464 3232 sicut
478 3204 595 3233 effectus
609 3205 639 3232 in
654 3214 749 3240 causa,
763 3206 808 3234 vel
822 3215 998 3243 quocunque
1019 3206 1104 3235 simili
1119 3208 1219 3235 modo.
1229 3223 1248 3228 -
1257 3207 1312 3234 Hic
1331 3216 1393 3234 non

325 3245 398 3273 scire
419 3254 470 3281 per
483 3244 618 3272 accidens
632 3246 724 3281 (quod
738 3252 781 3273 est
795 3246 901 3274 modus
920 3246 1029 3274 sciendi
1050 3246 1234 3283 sophisticus)
1249 3247 1300 3274 sed
1321 3246 1392 3274 scire

326 3284 493 3321 simpliciter
513 3291 556 3312 est
576 3284 846 3313 definiendum-5.
868 3286 915 3314 Ad
936 3286 1012 3314 scire
1031 3293 1128 3314 autem
1150 3286 1322 3323 simpliciter
1336 3292 1392 3313 tres

325 3324 509 3353 conditiones
523 3324 721 3360 requiruntur:
741 3329 770 3352 1a
784 3326 864 3361 quod
879 3325 915 3353 sit
924 3327 1061 3364 perfecta
1075 3326 1203 3364 cognitio
1219 3325 1268 3358 rei,
1280 3331 1308 3353 et
1322 3334 1392 3352 con-

325 3371 480 3401 sequenter
500 3364 625 3400 perfecta
646 3364 838 3400 apprehensio
859 3374 921 3393 non
940 3365 1036 3393 solum
1050 3365 1175 3393 veritatis
1197 3364 1327 3392 eiusdem
1342 3364 1392 3399 rei,

325 3405 379 3432 sed
400 3403 485 3431 etiam
507 3403 716 3440 principiorum
737 3403 841 3440 quibus
862 3413 907 3432 res
929 3404 991 3441 ipsa
1006 3404 1189 3432 constituitur
1203 3404 1232 3431 in
1248 3413 1309 3432 esse
1324 3412 1393 3431 suae

323 3443 452 3472 veritatis
474 3449 501 3471 et
522 3443 662 3478 entitatis;
673 3460 692 3464 -
704 3447 736 3471 2⁸
750 3444 830 3480 quod
852 3443 887 3471 sit
902 3444 1024 3472 actualis
1044 3443 1172 3482 cognitio
1187 3443 1228 3471 rei
1242 3443 1272 3471 in
1287 3452 1317 3471 se
1333 3443 1394 3479 ipsa

326 3490 356 3511 et
376 3493 437 3511 non
463 3483 558 3511 solum
579 3482 720 3518 virtualis,
743 3492 818 3519 quae
839 3489 881 3511 est
902 3483 1017 3519 proprie
1044 3483 1171 3520 cognitio
1197 3492 1258 3511 non
1280 3482 1321 3510 rei
1342 3483 1393 3510 sed

326 3522 468 3561 principii,
484 3523 514 3550 in
529 3532 588 3560 quo
603 3522 692 3559 ipsius
707 3522 747 3550 rei
762 3522 864 3550 veritas
878 3522 1034 3551 virtualiter
1048 3522 1227 3558 continetur;
1239 3539 1258 3544 ·-
1270 3523 1300 3550 3³
1314 3523 1395 3559 quod

327 3562 364 3591 sit
385 3568 465 3591 certa
486 3563 623 3601 cognitio,
646 3563 701 3591 hoc
723 3569 765 3590 est
786 3562 884 3597 firma3
907 3569 935 3590 et
956 3562 1023 3590 ideo
1044 3569 1196 3599 generetur
1217 3562 1253 3590 ab
1269 3561 1394 3597 obiecto,

328 3603 410 3640 quod
430 3602 470 3631 ita
490 3609 533 3631 est
553 3609 585 3631 ut
605 3612 666 3631 non
686 3602 778 3639 possit
798 3602 879 3631 aliter
899 3611 929 3630 se
951 3603 1065 3630 habere.
1080 3618 1099 3624 -
1115 3603 1142 3630 6.
1165 3603 1244 3630 Haec
1265 3601 1394 3630 definitio

1446 831 1463 850 *
1480 832 1564 862 Scire
1580 839 1687 863 autem
1704 834 1874 873 opinamur
1890 836 2147 876 unumquodque
2164 835 2357 876 simpliciter,
2375 837 2431 866 sed
2446 847 2512 867 non

1509 876 1682 916 sophistico
1707 878 1816 915 modo,
1842 879 1930 918 quod
1954 886 2000 909 est
2023 881 2200 910 secundum
2223 880 2377 919 accidens,

1446 930 1521 950 curn
1546 930 1674 950 causam
1697 922 1883 952 arbitramur
1907 932 2096 962 cognoscere
2119 931 2248 964 propter
2267 935 2364 965 quarn
2383 935 2431 955 res
2451 931 2510 958 est:

1509 970 1540 994 et
1563 965 1717 1004 quoniam
1740 965 1824 996 illius
1849 976 1942 996 causa
1965 974 2021 1005 est,
2046 974 2076 998 et
2099 978 2165 998 non
2189 975 2235 999 est
2250 969 2431 1009 contingere
2450 969 2512 1000 hoc

1514 1008 1602 1038 aliter
1626 1019 1658 1038 se
1682 1009 1805 1040 habere.

1446 1052 1651 1082 Manifestum
1674 1053 1768 1092 igitur
1787 1060 1833 1083 est
1856 1054 1942 1094 quod
1966 1054 2151 1085 huiusmodi
2175 1056 2293 1096 aliquid
2308 1056 2384 1087 scire
2403 1057 2458 1095 sit;
2482 1063 2513 1087 et

1513 1106 1652 1137 namque
1676 1107 1741 1127 non
1766 1097 1896 1128 scientes
1920 1104 1950 1128 et
1973 1099 2120 1137 scientes,
2145 1099 2176 1129 hi
2193 1100 2323 1140 quidem
2338 1101 2509 1140 opinantur

1512 1140 1573 1180 ipsi
1596 1141 1640 1170 sic
1664 1151 1696 1171 se
1719 1141 1844 1178 habere,
1870 1142 2001 1172 scientes
2026 1150 2133 1173 autem
2157 1151 2188 1174 et
2211 1154 2280 1174 eam
2296 1145 2422 1175 habent.

1445 1184 1552 1221 Quare
1582 1185 1672 1215 cuius
1707 1185 1888 1224 simpliciter
1918 1193 1963 1216 est
1987 1187 2131 1225 scientia,
2159 1188 2220 1218 hoc
2248 1188 2443 1228 impossibile
2467 1195 2513 1220 est

1514 1229 1602 1259 aliter
1625 1239 1658 1259 se
1682 1229 1807 1260 habere.

1446 1273 1479 1304 Si
1512 1273 1644 1314 quidem
1671 1273 1767 1313 igitur
1799 1280 1829 1304 et
1857 1274 1936 1304 alius
1965 1281 2011 1305 est
2040 1274 2157 1305 sciendi
2186 1276 2324 1315 modus,
2355 1276 2512 1317 posterius

1514 1317 1644 1348 dicetur.

1446 1361 1590 1392 Dicimus
1615 1368 1732 1400 autern,
1757 1362 1832 1402 quia
1855 1362 1931 1392 scire
1955 1373 2011 1402 per
2033 1363 2336 1394 demonstrationem
2356 1371 2402 1395 est
2421 1364 2512 1395 intel-

1512 1406 1619 1446 ligere.

1445 1449 1760 1481 Demonstrationem
1793 1457 1900 1480 autem
1937 1451 2007 1481 dico
2039 1451 2262 1492 syllogismum
2293 1452 2511 1492 apodicticon,

1513 1495 1594 1525 idest
1617 1494 1784 1524 facientem
1807 1495 1901 1532 scire;

1445 1539 1501 1569 sed
1524 1538 1717 1570 scientialem
1741 1539 1964 1579 syllogismum
1988 1539 2070 1579 dico,
2088 1540 2265 1571 secundum
2288 1550 2385 1581 quem
2408 1539 2441 1570 in
2459 1540 2513 1570 ha-

1512 1584 1618 1614 bendo
1642 1583 1750 1623 ipsum
1774 1583 1901 1614 scimus.

1444 1628 1477 1659 Si
1499 1628 1595 1668 igitur
1618 1634 1664 1658 est
1687 1627 1764 1657 scire
1788 1634 1823 1658 ut
1846 1627 2035 1669 posuimus,
2050 1638 2175 1658 necesse
2199 1635 2246 1659 est
2269 1635 2299 1659 et
2318 1628 2513 1658 demonstra-

1511 1672 1608 1703 tivam
1632 1671 1796 1702 scientiam
1819 1682 1856 1702 ex
1878 1672 1958 1702 veris
1975 1682 2052 1710 esse,
2069 1679 2099 1703 et
2117 1673 2242 1713 primis,
2261 1680 2291 1703 et
2306 1672 2512 1711 immediatis,

1511 1724 1542 1748 et
1564 1716 1753 1755 notioribus,
1778 1723 1808 1747 et
1830 1716 1998 1756 prioribus,
2018 1723 2048 1747 et
2071 1717 2172 1747 causis
2196 1717 2423 1748 conclusionis:

1444 1806 1488 1836 sic
1504 1805 1590 1836 enim
1606 1811 1698 1836 erunt
1713 1811 1744 1835 et
1759 1804 1912 1845 principia
1927 1805 2053 1845 propria
2070 1805 2148 1844 eius,
2165 1805 2253 1846 quod
2271 1805 2512 1835 demonstratur.

1444 1850 1655 1892 Syllogismus
1679 1849 1809 1890 quidem
1833 1850 1890 1880 erit
1913 1857 1943 1880 et
1967 1850 2033 1880 sine
2057 1850 2120 1888 his,
2151 1850 2377 1880 demonstratio
2407 1856 2514 1880 autem

1511 1904 1577 1925 non
1601 1894 1672 1931 erit;
1697 1904 1763 1924 non
1788 1893 1873 1923 enirn
1897 1893 1988 1924 faciet
2012 1894 2185 1925 scientiam.

1443 1940 1565 1980 Verum
1587 1938 1719 1979 quidem
1742 1938 1836 1978 igitur
1859 1945 1985 1978 oportet
2007 1948 2084 1977 esse,
2109 1938 2263 1979 quoniam
2286 1948 2351 1968 non
2376 1944 2422 1968 est
2438 1937 2514 1967 scire

1511 1983 1600 2024 quod
1617 1993 1683 2014 non
1707 1989 1764 2021 est,
1788 1989 1824 2013 ut
1843 1983 1932 2023 quod
1955 1983 2125 2013 diametros
2149 1983 2188 2013 sit
2211 1990 2411 2023 symmetros.

1444 2029 1492 2059 Ex
1514 2027 1626 2068 primis
1657 2035 1763 2058 autem
1793 2027 2127 2058 indemonstrabilibus
2158 2034 2215 2065 est,
2244 2027 2408 2067 quianon
2439 2026 2515 2057 sciet

1511 2083 1578 2103 non
1602 2072 1721 2102 habens
1741 2071 2045 2102 demonstrationem
2073 2072 2233 2112 ipsorum;
2258 2071 2335 2101 scire
2355 2071 2440 2101 enim
2469 2077 2515 2101 est

1510 2117 1624 2147 habere
1641 2116 1954 2155 demonstrationem,
1971 2126 2111 2157 quorum
2131 2115 2357 2146 demonstratio
2375 2122 2430 2153 est,
2448 2124 2514 2145 non

1512 2161 1690 2192 secundum
1713 2161 1867 2191 accidens.

1445 2205 1566 2237 Causas
1594 2215 1725 2246 quoque
1756 2205 1897 2236 notiores
1928 2211 2055 2245 oportet
2085 2215 2150 2235 esse
2180 2211 2211 2236 et
2238 2205 2355 2245 primas
2387 2212 2512 2235 causas:

1511 2250 1666 2291 quoniam
1697 2257 1773 2280 tunc
1804 2250 1936 2288 scimus,
1967 2260 2041 2280 cum
2071 2260 2180 2280 causas
2213 2249 2451 2289 cognoscimus3
2485 2256 2515 2280 et

1511 2295 1630 2335 priores
1653 2294 1678 2324 si
1705 2304 1796 2324 verae
1819 2300 1893 2324 suut
1922 2304 2048 2332 causae,
2073 2301 2103 2324 et
2126 2293 2281 2332 notiores,
2312 2304 2379 2324 non
2409 2294 2514 2324 solum

1511 2340 1608 2370 altero
1633 2339 1732 2369 modo
1756 2338 1972 2378 intelligendo,
1990 2338 2044 2368 sed
2063 2338 2096 2368 in
2111 2338 2238 2369 sciendo
2255 2338 2410 2379 quoniam
2429 2345 2513 2369 sunt.

1510 2384 1618 2414 Priora
1635 2390 1742 2413 autem
1762 2390 1792 2413 et
1811 2383 1936 2413 notiora
1953 2382 2118 2422 dupliciter
2134 2390 2223 2413 sunt:
2246 2393 2312 2413 non
2329 2383 2414 2413 enim
2429 2383 2512 2413 idem

1512 2435 1558 2458 est
1574 2435 1685 2458 natura
1701 2434 1731 2457 et
1747 2427 1786 2457 ad
1801 2437 1860 2457 nos
1876 2427 1981 2467 prius;
1999 2437 2102 2467 neque
2119 2427 2225 2458 notius
2242 2434 2353 2457 natura
2377 2434 2407 2458 et
2423 2427 2514 2457 nobis

1512 2473 1630 2503 notius.
1655 2472 1736 2502 Dico
1760 2478 1867 2502 autem
1891 2471 1997 2511 priora
2020 2472 2059 2501 ad
2083 2481 2142 2501 nos
2167 2479 2197 2502 et
2213 2471 2350 2510 notiora,
2370 2471 2515 2511 proxima

1511 2517 1633 2547 sensui:
1658 2516 1841 2556 simpliciter
1860 2522 1967 2546 autem
1983 2515 2087 2555 priora
2107 2523 2137 2546 et
2152 2515 2277 2546 notiora
2293 2526 2374 2556 quae
2388 2516 2514 2555 longius

1512 2568 1596 2591 sunt.
1621 2561 1702 2592 Sunt
1724 2567 1832 2591 autem
1855 2560 1985 2601 quidem
2001 2560 2145 2599 longiora
2160 2560 2358 2598 universalia,
2378 2560 2514 2590 maxime

1511 2613 1618 2636 autem
1646 2605 1875 2646 propinquiora
1898 2604 2003 2634 sensui
2033 2604 2218 2644 singularia;
2245 2611 2276 2635 et
2305 2612 2514 2644 opponuntur

1511 2650 1588 2680 haec
1611 2650 1650 2680 ad
1673 2649 1819 2680 invicem.
1844 2649 1891 2679 Ex
1914 2648 2023 2688 primis
2047 2656 2155 2679 autem
2179 2655 2226 2679 est
2264 2650 2353 2689 quod
2378 2659 2415 2679 ex
2440 2659 2512 2688 pro-

1511 2694 1586 2734 priis
1614 2694 1774 2734 principiis
1805 2701 1860 2724 est.
1895 2693 1961 2723 Iam
1990 2693 2076 2723 enim
2106 2693 2176 2724 dico
2206 2693 2291 2723 idem
2319 2692 2459 2732 primum
2483 2699 2514 2723 et

1511 2738 1715 2779 principium.

1446 2888 1496 2916 τοῦ
1520 2888 1596 2916 scire
1617 2889 1757 2924 probatur
1778 2897 1811 2916 ex
1832 2887 2049 2924 significatione,
2065 2896 2122 2923 qua
2142 2893 2204 2914 tum
2219 2896 2236 2914 a
2250 2887 2403 2915 scientibus
2418 2893 2480 2915 tum
2494 2897 2512 2916 a

1446 2938 1508 2956 non
1529 2928 1684 2956 scientibus
1706 2927 1844 2964 accipitur
1858 2927 2031 2955 vocabulum
2046 2926 2131 2955 scire.
2143 2943 2162 2947 —
2173 2936 2199 2962 7.
2216 2927 2418 2955 Corollarium.
2434 2929 2511 2964 Ergo

1447 2968 1593 2996 obiectum
1615 2967 1750 2996 scientiae
1765 2974 1807 2995 est
1820 2967 1929 3004 aliquid
1945 2966 2148 2994 necessarium.
2160 2983 2179 2987 -
2194 2967 2220 2994 8.
2236 2966 2313 2994 Scire
2328 2976 2379 3003 per
2393 2976 2511 2995 causam

1446 3017 1497 3036 seu
1518 3007 1660 3044 principia
1680 3007 1721 3035 rei
1743 3014 1785 3035 est
1804 3007 1937 3043 proprius
1951 3013 1978 3034 et
1993 3006 2132 3042 perfectus
2149 3006 2256 3033 sciendi
2271 3007 2392 3040 modus;
2408 3015 2510 3043 quam-

1446 3048 1488 3075 vis
1510 3047 1546 3075 sit
1566 3047 1638 3075 alius
1660 3047 1803 3084 legitimus
1818 3047 1923 3074 modus
1938 3046 2046 3074 sciendi
2061 3055 2111 3082 per
2125 3045 2267 3073 effectum.
2279 3062 2298 3067 -
2308 3055 2335 3082 9.
2352 3045 2427 3080 Quia
2441 3055 2510 3083 ergo

1446 3087 1519 3115 scire
1540 3093 1582 3114 est
1603 3087 1667 3114 finis
1689 3087 1747 3114 sive
1769 3086 1885 3114 effectus
1906 3085 2062 3122 syllogismi
2084 3085 2309 3119 demonstrativi,
2325 3085 2391 3113 ideo
2406 3095 2439 3113 ex
2454 3085 2511 3113 fine

1447 3126 1656 3154 demonstratio
1678 3126 1814 3154 definitur
1827 3126 2022 3164 syllogismus
2035 3125 2192 3153 scientialis
2206 3134 2257 3153 seu
2264 3124 2384 3163 faciens
2397 3125 2483 3153 scire.
2492 3141 2511 3146 —

1451 3164 1494 3194 102
1517 3166 1627 3194 Exinde
1649 3166 1768 3194 infertur
1789 3165 1917 3196 definitio
1933 3165 2187 3193 demonstrationis
2203 3174 2235 3192 ex
2250 3165 2384 3199 materia;
2405 3164 2511 3193 scilicet

1448 3205 1602 3233 materialis
1632 3205 1761 3233 definitio
1784 3205 2038 3233 demonstrationis
2060 3211 2119 3232 est:
2142 3204 2330 3241 Syllogismus
2351 3205 2510 3240 procedens

1447 3254 1480 3272 ex
1495 3244 1744 3281 propositionibus
1759 3244 1841 3279 veris,
1857 3245 1966 3280 primis,
1981 3244 2162 3279 immediatis,
2179 3251 2206 3272 et
2220 3244 2321 3271 iterum
2338 3243 2509 3279 notioribus,

1446 3284 1591 3320 prioribus
1612 3290 1640 3312 et
1661 3284 1753 3312 causis
1768 3283 1998 3312 conclusionis.-
2012 3293 2055 3312 11.
2071 3286 2112 3311 Ex
2127 3284 2182 3311 hoc
2197 3290 2293 3311 autem
2308 3284 2387 3320 quod
2402 3293 2510 3320 propo-

1447 3323 1565 3351 sitiones
1586 3323 1841 3351 demonstrationis
1863 3330 1929 3351 sunt
1950 3333 2052 3351 causae
2080 3322 2289 3357 conclusionis,
2311 3323 2440 3359 sequitur
2460 3324 2510 3352 de-

1448 3363 1698 3398 monstrationem,
1710 3364 1746 3390 de
1756 3372 1814 3399 qua
1828 3363 1895 3390 data
1909 3369 1952 3390 est
1966 3362 2095 3390 definitio
2110 3369 2138 3390 et
2152 3364 2187 3390 de
2202 3372 2259 3399 qua
2273 3362 2303 3390 in
2318 3372 2453 3399 praesens
2467 3370 2511 3391 est

1448 3412 1560 3438 sermo,
1582 3403 1687 3430 debere
1714 3402 1871 3438 procedere
1892 3411 1925 3430 ex
1942 3402 2076 3439 propriis
2101 3411 2151 3430 seu
2173 3411 2206 3430 ex
2231 3402 2377 3438 principiis
2398 3402 2439 3431 rei
2460 3404 2510 3431 des

1448 3448 1632 3470 monstratae.
1644 3458 1663 3463 -
1678 3449 1722 3469 12.
1745 3441 1947 3469 Corollarium.
1970 3441 2037 3469 Sine
2052 3441 2095 3469 his
2110 3441 2326 3470 conditionibus
2341 3442 2402 3470 dari
2417 3449 2511 3479 potest

1448 3482 1640 3518 syllogismus,
1655 3482 1706 3508 sed
1727 3490 1788 3509 non
1810 3481 2028 3509 demonstratio.
2051 3481 2134 3509 Ratio
2156 3488 2198 3509 est
2219 3481 2287 3518 quia
2301 3481 2362 3509 sine
2377 3482 2510 3518 praefatis

1449 3520 1664 3549 conditionibus
1685 3520 1894 3549 demonstratio
1915 3530 1976 3549 non
1991 3520 2095 3549 faceret
2115 3520 2205 3549 scire:
2228 3522 2308 3558 quod
2323 3527 2365 3549 est
2380 3521 2445 3550 finis
2460 3523 2510 3550 de-

1450 3560 1675 3589 monstrationis.
1691 3577 1710 3581 -
1729 3560 1772 3588 13.
1795 3561 1938 3588 Probatur
1958 3567 2065 3588 asserta
2085 3560 2158 3589 ratio
2182 3561 2356 3589 declarando
2385 3561 2511 3599 singulas

1449 3601 1589 3637 praefatas
1604 3599 1794 3629 conditiones.
1807 3617 1824 3621 -
1835 3600 1932 3628 Prima
1946 3599 2084 3635 conditio,
2099 3609 2139 3628 ex
2153 3601 2240 3629 veris.
2252 3617 2271 3622 -
2285 3610 2328 3636 14·
2343 3601 2512 3630 Declaratur

2541 847 2549 855 ’
2559 846 2616 873 Cap.
2632 852 2658 867 n.

2539 872 2609 894 Text.
2624 879 2646 900 5.
