2788 4204
1140 279 1250 315 CAP.
1283 280 1348 327 1V,
1380 280 1530 317 LECT.
1561 281 1620 330 XI⁴

41 369 53 379 ⁸
61 368 109 390 En
121 373 170 389 om.
179 373 225 389 uas.

282 357 465 405 triangulo
494 357 706 394 secundum
740 357 843 406 quod
876 358 1081 406 triangulus
1105 367 1159 395 est
1174 360 1194 380 ²¹²
1223 359 1348 396 insunt

40 424 132 463 Louoa
143 424 253 462 οιιιιῑιωιἶ
283 410 359 447 duo
389 410 490 457 recti,
517 411 613 448 idest
640 410 744 459 quod
766 412 786 432 ³²
804 411 905 447 valet
924 411 1021 448 duos
1042 419 1174 460 rectos⁷
1200 412 1288 460 quia
1306 413 1347 434 ²¹²*

41 450 176 506 masaa.-
191 455 253 472 ''⁰¹''
277 475 348 512 per
371 475 411 500 se
437 463 622 511 triangulo
651 464 756 500 inest.
891 496 893 498 .

335 517 371 553 6.
400 516 550 553 Deinde
587 528 676 553 cum
710 516 816 553 dicit:
851 518 1070 554 Universale
1101 524 1225 555 autem
1260 526 1345 565 etc.,

282 569 444 606 ostendit
468 569 560 617 quid
586 570 701 607 addat
719 569 932 607 universale
952 583 1066 619 supra
1090 571 1166 607 dici
1181 572 1227 608 de
1245 573 1350 608 omni

39 636 50 644 ·
67 633 174 682 mis
195 639 256 680 ¹2¹2}
282 629 319 658 et
335 634 408 670 per
433 634 483 658 se.
513 623 563 659 Et
586 622 684 660 circa
711 623 786 660 hoc
811 623 888 661 duo
917 623 1015 660 facit.
1029 623 1206 670 -Primo‚
1223 625 1311 662 dicit
1327 627 1347 647 ²³

37 667 104 735 {1:35
120 676 164 708 no'c
173 666 253 714 {fitm‘o
281 675 387 723 quod
413 682 503 711 tunc
532 683 587 712 est
613 675 826 713 universale
853 677 1125 725 praedicatum,
1157 690 1244 714 cum
1269 691 1347 716 non

99 729 105 734 '
138 749 154 773 η
280 728 406 764 solum
434 727 473 763 in
500 728 668 776 quolibet
691 737 746 766 est
778 730 824 766 de
854 743 931 778 quo
960 730 1198 779 praedicatur
1216 736 1245 777 '⁷,
1280 732 1346 769 sed

281 787 318 817 et
342 779 469 829 primo
505 781 784 819 demonstratur
817 783 938 820 inesse
968 783 1022 830 ei,
1057 783 1105 821 de
1133 796 1210 832 quo
1239 797 1346 833 prae-

37 839 251 889 hffidemomtra-
281 833 425 871 dicatur
454 834 484 871 *¹

81 883 87 889 “
334 899 370 935 7.
397 887 588 934 Secundo;
605 888 673 925 ibi:
700 890 750 927 Ut
765 889 858 925 duos
873 895 992 926 rectos
1009 890 1148 926 hahere
1167 897 1249 938 etc„
1266 903 1345 929 ma-

279 940 427 977 nisestat
453 954 522 990 per
557 943 792 990 exemplum,
823 942 951 979 dicens
977 943 1081 990 quod
1105 944 1247 980 habere
1271 952 1346 981 tres

35 1008 87 1056 {0⁰1¹
107 1009 145 1030 est
156 1008 250 1030 mum-
280 994 438 1041 angulos
453 996 630 1043 aequales
652 996 803 1033 duobus
819 996 938 1042 rectis,
955 1005 1034 1034 non
1052 997 1148 1033 inest
1163 997 1313 1034 cuilibet
1326 998 1347 1019 ³*

78 1051 85 1057 ”
279 1046 423 1095 figurae
455 1049 731 1086 universaliter:
761 1048 847 1088 licet
873 1050 947 1089 hoc
972 1050 1019 1087 de
1038 1050 1159 1098 figura
1187 1049 1345 1087 demonss

135 1112 150 1139 ο
279 1107 415 1136 stretur
438 1098 468 1148 θ,
489 1101 578 1149 quia
606 1103 654 1140 de
682 1102 867 1149 triangulo
895 1103 1176 1141 demonstratur
1198 1102 1263 1151 qui
1292 1111 1347 1140 est

34 1168 85 1216 ᾧ.
110 1166 184 1188 a.-1=:
208 1165 253 1188 :ea
278 1153 417 1201 figura;
447 1154 514 1191 sed
534 1163 664 1193 tamen
682 1167 760 1192 non
777 1156 797 1176 *
825 1157 975 1194 cuilibet
988 1158 1133 1205 figurae
1152 1155 1259 1203 inest,
1276 1169 1346 1193 nec

87 1209 94 1215 '
278 1205 560 1245 demonstrator
596 1209 634 1245 in
663 1222 731 1246 sua
760 1210 1084 1247 demonstratione
1110 1208 1227 1246 utitur
1254 1221 1344 1257 qua-

0 1297 2 1299 ,
277 1258 368 1295 libet
395 1261 527 1308 figura.
558 1262 851 1311 Quadrangulus
881 1263 982 1300 enim
1010 1263 1131 1310 figura
1155 1261 1345 1310 quaedam

0 1330 7 1366 ς
33 1323 250 1374 affigas*-
278 1320 345 1360 est,
370 1314 437 1351 sed
466 1327 544 1365 non
572 1315 687 1353 habet
714 1324 788 1353 tres
805 1315 990 1353 *duobus
1018 1315 1126 1353 rectis
1155 1316 1344 1363 aequales.

0 1372 3 1397 ζ
36 1378 60 1403 ιιι
77 1366 161 1400 'enm
181 1351 242 1399 &¹1⁶
240 1366 460 1405 i-Isosceles
475 1368 615 1415 autem,
627 1368 724 1406 idest
733 1369 937 1416 triangulus
953 1369 1117 1406 duorum
1129 1368 1344 1416 aequalium

0 1428 1 1434 ¹
33 1402 250 1427 ‘'mmm''
276 1419 448 1468 laterum,
478 1421 594 1458 habet
620 1422 776 1470 quidem
800 1422 1060 1459 universaliter
1086 1430 1160 1459 tres
1188 1422 1346 1470 angulos

277 1582 358 1645 00⁶3)
371 1582 859 1644 ἓέοὲῧέἕῧῧέέτῖᾞῗὶἠῗὲ
875 1583 971 1643 ’ἔὲιξῖῖῖῖ
982 1582 1146 1651 mit-152³?
1149 1582 1346 1650 &232³de

345 1636 353 1644 ·
698 1636 704 1642 ·
1142 1635 1149 1646 ‚
1338 1635 1344 1647 ν

275 1655 373 1684 etiaim·
390 1655 421 1685 L,
436 1658 463 1679 et
477 1653 515 1687 in)
524 1654 616 1686 primo
629 1653 829 1679 demonstratur
847 1653 930 1679 inesse
944 1653 968 1678 ei
987 1653 1020 1678 de
1037 1661 1089 1686 quo
1109 1651 1129 1687 (l
1148 1660 1200 1677 non
1218 1653 1292 1682 bene⁷
1313 1652 1346 1677 de

276 1697 329 1723 quo
337 1688 439 1724 primo)
454 1689 640 1722 praedicatur.
656 1689 690 1714 Et
707 1696 767 1714 cum
786 1688 826 1714 his
846 1689 978 1714 codicibus
993 1689 1077 1721 magis
1095 1696 1174 1721 quarn
1194 1696 1253 1713 curn
1267 1688 1346 1712 Piana

276 1726 367 1758 legunt
385 1725 461 1750 etiam
480 1725 555 1750 codd.
579 1724 640 1749 GN:
659 1731 719 1749 cum
739 1731 790 1749 non
814 1725 899 1749 solum
918 1724 944 1749 in
963 1724 1079 1757 quolibet
1096 1724 1132 1749 xit
1151 1721 1200 1756 (G,
1225 1722 1275 1758 est)
1299 1723 1346 1748 sed

276 1760 358 1787 etiam
379 1759 422 1795 (G,
441 1761 478 1793 et)
491 1759 584 1792 primo
602 1759 802 1785 demonstratur
816 1764 863 1784 etc.
869 1767 877 1791 3
897 1759 934 1790 Q:
952 1767 1046 1785 cum...
1061 1759 1130 1784 inest
1148 1758 1181 1783 de
1198 1766 1250 1791 quo
1262 1764 1346 1790 prae-

278 1795 393 1825 dicatur,
407 1796 455 1821 sed
468 1800 547 1820 etc.—-
556 1795 625 1825 Quid
639 1795 673 1819 sit
692 1794 840 1820 universale
854 1802 901 1820 seu
914 1794 1006 1827 primo
1020 1794 1159 1827 praedicari
1174 1794 1205 1821 de
1219 1793 1344 1823 subiecto,

276 1831 304 1857 in
317 1831 444 1864 superiori
459 1835 519 1855 nota
531 1830 723 1863 explicavimus.
738 1830 789 1854 Sed
803 1834 828 1854 et
841 1830 882 1855 his
897 1828 1082 1855 confirmantur
1096 1837 1162 1862 quae
1176 1829 1210 1853 ib.
1226 1829 1344 1860 diximus,

357 1874 373 1891 e
391 1866 547 1895 universale,
567 1866 600 1891 de
618 1873 672 1898 quo
690 1865 931 1898 impraesentiarum
956 1869 997 1890 est
1014 1872 1102 1890 sermo
1127 1863 1165 1898 (et
1182 1864 1253 1897 quod
1271 1872 1345 1897 prae-

277 1902 376 1928 dicatur
389 1901 422 1926 de
441 1901 556 1926 subiecto
569 1900 713 1926 secundum
732 1900 804 1933 quod
822 1901 917 1933 ipsum,
936 1905 962 1925 et
974 1899 1077 1934 primo)
1093 1907 1122 1925 se
1135 1899 1232 1924 habere
1245 1900 1277 1924 ad
1293 1900 1347 1925 dici

277 1937 311 1963 de
329 1937 403 1963 omni
420 1941 446 1961 et
463 1943 517 1969 per
533 1943 562 1962 se
581 1943 611 1961 ex
629 1935 759 1961 additione
774 1935 828 1970 (Cf.
848 1936 906 1961 lect.
924 1943 957 1966 11,
977 1940 1030 1960 not.
1049 1934 1080 1970 ε),
1107 1940 1132 1960 et
1153 1935 1211 1960 ideo
1231 1935 1262 1959 ab
1281 1935 1344 1968 ipsis

277 1971 399 2005 &stingui
417 1979 471 1997 non
488 1979 517 1996 re
531 1972 578 1996 sed
596 1971 702 1996 ratione.
720 1971 873 1996 Universale
889 1971 1010 1996 videlicet
1023 1976 1048 1995 et
1067 1975 1107 1995 est
1125 1970 1158 1996 de
1172 1970 1244 1995 omni
1263 1975 1288 1995 et
1306 1974 1346 1995 est

271 2014 326 2041 per·
335 2014 370 2037 se,
381 2011 408 2033 et
419 2015 497 2040 supra
506 2007 578 2037 haec,
588 2007 663 2040 quasi
678 2014 753 2032 suam
763 2007 894 2040 propriam
909 2006 1086 2036 differentiam,
1096 2005 1174 2030 habet
1187 2006 1235 2031 dici
1244 2006 1344 2038 primo.

331 2041 355 2078 0)
374 2042 450 2068 Licet
472 2042 520 2068 hoc
545 2042 579 2068 de
593 2042 691 2076 figura
718 2042 916 2068 demonstretur
940 2041 1108 2067 etc.—-Codd.
1129 2041 1188 2066 EN:
1213 2041 1261 2066 sed
1284 2041 1345 2066 licet

277 2078 327 2104 hoc
340 2083 415 2103 etc.—
424 2078 510 2103 AGH:
529 2078 590 2103 licet
604 2078 637 2103 de
647 2078 744 2111 figura
760 2075 819 2112 (hoc
832 2078 933 2103 additur
947 2077 972 2102 in
987 2085 1068 2109 marg.
1082 2075 1126 2111 A).
1135 2090 1155 2094 —
1164 2077 1215 2102 Sed
1229 2082 1255 2101 et
1268 2077 1344 2101 codd.

276 2121 370 2139 omnes
395 2114 434 2146 (Q
450 2114 567 2147 excepto)
587 2113 652 2138 infra
670 2114 773 2146 legunt:
799 2113 862 2146 quia
881 2113 914 2138 de
938 2113 1090 2146 triangulo,
1114 2112 1160 2145 qui
1181 2115 1221 2137 est
1238 2111 1342 2145 figura,

276 2149 376 2174 omisso
394 2149 524 2174 vocabulo
543 2149 755 2178 demonstratum
774 2149 821 2173 sed
840 2156 900 2173 meo
918 2148 1021 2179 iudicio,
1035 2148 1080 2172 illo
1093 2147 1220 2172 vocabulo
1234 2147 1343 2177 omisso,

276 2184 365 2210 minus
383 2185 520 2218 perspicua
537 2189 579 2209 est
597 2184 810 2209 lectio.-Cod.H
829 2184 863 2208 ob
882 2191 1018 2208 recursum
1041 2183 1156 2208 eiusdem
1175 2182 1293 2207 vocabuli
1305 2183 1343 2215 fi-

275 2227 356 2253 gnra,
370 2219 471 2250 omittit,
485 2220 533 2245 sed
550 2223 638 2245 tamen
654 2224 712 2251 etc„
726 2227 811 2252 usque
825 2219 857 2244 ad
871 2219 988 2252 qualibet
998 2219 1095 2251 figura
1108 2218 1240 2243 inclusive.
1249 2231 1267 2236 -
1277 2218 1343 2243 Infra

275 2255 353 2280 codd.
377 2255 665 2286 CDEIKLMNOQST:
692 2254 897 2288 quadrangulus
921 2254 991 2280 enim
1009 2254 1106 2287 figura
1135 2254 1266 2286 quaedam
1291 2257 1343 2283 επ,-

2394 282 2460 317 181

1403 360 1578 407 aequales
1607 359 1757 396 duobus
1783 359 1902 405 rectis,
1933 359 1999 396 sed
2028 371 2106 395 non
2136 358 2312 395 convenit
2339 359 2463 407 primo

1401 411 1565 459 isosceli,
1602 412 1669 449 sed
1702 412 1805 461 prius
1839 412 2041 460 triangulo,
2078 411 2166 459 quia
2200 411 2464 448 isosceli·con-

1400 464 1505 501 venit
1526 465 1561 512 *‚
1583 465 1621 501 in
1653 473 1838 513 quantum
1867 473 1922 501 est
1955 465 2169 512 triangulus.
2206 464 2322 511 Quod
2356 464 2465 512 igitur
2492 474 2645 521 '15²ff⁷‘³³²''⁰²
2656 476 2707 497 iso-

1400 517 1525 565 primo
1545 517 1824 554 demonstratur
1842 518 1983 554 habere
2004 517 2100 554 duos
2116 524 2247 563 rec-tos,
2265 524 2328 553 aut
2342 517 2463 564 quod—
2491 506 2503 521 ⁶
2520 503 2704 529 “mmmm

1402 582 1551 618 cunque
1571 570 1672 607 aliud
1692 572 1712 592 ‘¹‘
1731 570 1962 617 huiusmodi,
1982 570 2071 606 huic
2098 569 2223 618 primo
2247 569 2343 607 inest
2355 582 2463 618 prae·
2493 581 2652 609 ·c=a1i<1u1·d-

1401 622 1567 660 dicatum
1595 623 1808 660 universale
1835 624 1866 670 ³¹⁶,
1896 623 1990 659 sicut
2017 623 2213 671 triangulo.
2492 637 2653 668 ''Codd.-105²:
2674 644 2702 659 u-

1455 677 1489 712 8.
1506 676 1654 713 Deinde
1670 689 1757 712 curn
1774 676 1877 713 dicit:
1893 678 1944 712 Et
1955 676 2219 712 demonstratio
2235 682 2318 722 etc„
2339 683 2463 712 osten·
2491 664 2651 685 mmmm.

1401 728 1453 765 dit
1480 729 1638 777 qualiter
1656 729 1935 766 demonstrator
1955 729 2158 765 universali
2175 735 2310 775 utatur,
2328 735 2364 764 et
2378 728 2466 765 dicit

1400 782 1504 829 quod
1524 782 1795 819 demonstratio
1816 790 1871 818 est
1877 794 1951 830 per
1967 793 2007 818 se
2020 782 2129 818 huius
2145 781 2376 817 universalis:
2396 781 2464 818 sed

1399 835 1562 872 aliorum
1583 836 1671 872 est*
1685 835 1960 883 quodammodo
1984 840 2021 871 et
2037 846 2111 871 non
2129 845 2203 882 per
2224 845 2274 870 se.
2291 834 2462 870 Demon-

1400 895 1535 924 strator
1562 888 1664 924 enim
1694 888 1928 924 demonstrat
1955 887 2173 935 passionem
2192 887 2212 907 ⁸²
2231 886 2279 923 de
2306 886 2462 935 proprio

1400 941 1587 977 subiecto:
1609 948 1644 977 et
1659 940 1689 977 si
1703 940 1936 977 demonstret
1950 940 1998 976 de
2017 940 2143 987 aliquo
2159 940 2232 976 alio
2249 940 2279 985 *,
2295 940 2370 976 hoc
2384 952 2463 976 non
2485 930 2701 974 ζἰαἶιῗῖῗῖῗιὶῑεετο.

1400 1002 1456 1030 est
1482 993 1552 1030 nisi
1581 994 1618 1030 in
1646 1001 1830 1041 quantum
1859 992 2018 1041 pertinet
2045 993 2092 1029 ad
2122 993 2210 1029 illud
2239 992 2461 1029 subiectum.

1401 1047 1504 1083 Sicut
1531 1046 1750 1095 passionem
1777 1045 1947 1093 trianguli
1974 1046 2111 1095 probat
2126 1046 2172 1082 de
2187 1046 2307 1094 figura
2336 1053 2373 1082 et
2390 1046 2463 1082 iso-

1399 1100 1509 1145 scele,
1539 1099 1579 1135 in
1597 1107 1781 1147 quantum
1810 1098 2000 1146 quaedam
2019 1099 2140 1146 figura
2167 1098 2370 1147 triangulus
2395 1107 2461 1145 est,

1399 1160 1435 1188 et
1462 1152 1666 1199 triangulus
1694 1151 1850 1200 quidam
1883 1151 2058 1188 isosceles
2087 1159 2152 1188 est.
2183 1152 2298 1198 Quod
2335 1159 2463 1188 autem

1398 1218 1478 1242 non
1505 1205 1633 1253 primo
1655 1204 1788 1241 *inest
1816 1204 1960 1241 isosceli
1994 1205 2135 1240 habere
2163 1212 2253 1250 tres,
2283 1205 2357 1241 hoc
2385 1217 2463 1241 non
2490 1219 2705 1247 «σκαμμωνί-

1399 1266 1455 1295 est
1495 1258 1583 1306 quia
1626 1270 1704 1295 non
1744 1257 2002 1294 universaliter
2038 1257 2275 1306 praedicetur
2311 1258 2358 1294 de
2393 1269 2460 1304 eo,
2487 1251 2702 1302 ἶὲζωὲἐμῗνῗὲἕ

1399 1311 1467 1348 sed
1494 1311 1583 1359 quia
1612 1319 1666 1348 est
1688 1311 1939 1360 frequentius,
1970 1310 2064 1347 idest
2091 1310 2130 1347 in
2157 1310 2326 1359 pluribus
2345 1323 2462 1358 quam
2490 1299 2559 1319 ''¹³⁸''

1399 1364 1574 1401 isosceles
1609 1365 1645 1410 ²⁸,
1681 1376 1768 1400 cum
1801 1364 1876 1400 hoc
1905 1375 2111 1400 commune
2141 1363 2186 1400 sit
2218 1363 2323 1400 omni
2351 1363 2462 1400 trian-
2488 1375 2679 1423 affligi&

1399 1419 1486 1466 gulo
1510 1424 1529 1454 ³.
2592 1438 2600 1453 ι

2491 846 2500 854 '
2511 845 2586 867 Codd.
2596 858 2606 862 -
2615 853 2642 868 rc
2654 853 2702 871 om.

2491 874 2540 898 σιτ,-
2553 878 2588 894 oi:
2604 875 2632 894 et.

2491 900 2498 907 '
2513 905 2540 920 n:
2551 899 2676 930 propriam

1398 1581 1480 1606 ABG:
1495 1581 1617 1613 quadr...
1624 1581 1721 1614 figura
1734 1583 1774 1605 est
1791 1580 1897 1612 quidem
1912 1577 1952 1612 (Β,
1958 1580 2012 1613 fig.
2027 1578 2132 1611 quidem
2147 1577 2210 1612 est);
2230 1578 2280 1603 HR
2295 1579 2384 1611 legunt
2402 1586 2462 1604 cum

1399 1616 1434 1641 P:
1453 1616 1656 1649 quadrangulus
1667 1615 1763 1648 figura
1781 1619 1828 1644 est,
1847 1615 1894 1640 sed
1913 1619 1960 1639 etc.

1452 1651 1470 1685 ι)
1493 1652 1558 1676 Cum
1577 1652 1626 1676 hoc
1643 1657 1781 1676 commune
1799 1651 1834 1675 sit
1857 1650 1929 1675 omm'
1947 1650 2092 1682 triangqu.
2113 1649 2255 1682 Hucusque
2273 1649 2350 1673 editio
2369 1649 2461 1680 Piana,

1398 1687 1512 1712 Venetae
1526 1687 1586 1712 edit.
1599 1687 1692 1711 saeculi
1707 1686 1766 1716 XV,
1782 1691 1807 1711 et
1819 1686 1894 1710 codd.
1908 1693 2001 1710 omnes
2016 1684 2065 1718 (G,
2079 1692 2139 1710 cum
2152 1685 2201 1709 hoc
2215 1684 2278 1709 insit
2291 1684 2363 1709 omni
2377 1685 2461 1710 trian-

1397 1721 1480 1757 gulo),
1500 1727 1606 1755 excepto
1624 1722 1654 1752 Β,
1673 1721 1717 1754 qui
1735 1721 1784 1746 hoc
1803 1721 1882 1746 modo
1900 1720 2064 1753 prosequitur
2076 1725 2101 1744 et
2119 1719 2237 1745 terminat
2255 1719 2320 1744 hanc
2332 1727 2357 1744 11
2375 1720 2461 1745 lectio-

1398 1765 1472 1782 nem:
1487 1766 1501 1781 (ς
1512 1758 1578 1782 Nota
1597 1757 1667 1789 quod
1680 1757 1784 1782 isoceles
1797 1762 1836 1782 est
1848 1756 1990 1789 triangulus
2005 1755 2103 1780 habens
2122 1755 2169 1779 tria
2188 1755 2273 1785 latera,
2293 1755 2345 1780 duo
2361 1756 2462 1788 equaiia

1398 1801 1412 1816 ι
1428 1790 1454 1818 et
1471 1801 1554 1817 unum
1568 1793 1693 1825 inequale,
1706 1797 1734 1817 ut
1753 1797 1792 1817 est
1810 1792 1858 1816 iste
1872 1791 2042 1823 (describitur
2054 1791 2170 1825 figura).
2188 1790 2301 1815 Ascalon
2324 1795 2364 1815 est
2383 1790 2460 1815 trian-

1398 1837 1413 1852 »
1428 1829 1504 1860 gulus
1528 1828 1628 1853 habens
1646 1827 1734 1852 omnia
1756 1827 1897 1860 inequalia,
1920 1832 1948 1851 ut
1966 1827 2014 1851 iste
2036 1826 2163 1858 (ponitur
2179 1826 2296 1859 figura).
2321 1826 2461 1858 Ysoplerus

1381 1865 1386 1871 ”
1399 1874 1412 1887 ›
1428 1869 1468 1889 est
1481 1863 1580 1888 habens
1592 1863 1679 1888 omnia
1693 1863 1771 1888 latera
1785 1863 1894 1895 equalia,
1908 1868 1936 1888 ut
1949 1868 2053 1887 scutum
2067 1861 2191 1894 (additur
2195 1861 2312 1895 figura).
2322 1861 2355 1885 Et
2367 1869 2459 1887 omnes

1398 1909 1411 1922 »
1426 1904 1487 1924 sunt
1499 1899 1598 1932 species
1610 1898 1741 1931 trianguli;
1761 1898 1882 1923 omnibus
1896 1898 1965 1923 enim
1983 1898 2050 1922 inest
2062 1897 2157 1922 habere
2175 1902 2235 1927 tres,
2250 1896 2296 1921 sed
2310 1904 2362 1921 non
2376 1897 2460 1930 primo

1399 1944 1412 1958 1·
1428 1939 1454 1959 et
1470 1942 1516 1967 per
1534 1941 1571 1964 se,
1585 1934 1631 1959 sed
1649 1941 1696 1967 per
1708 1933 1874 1966 triangulum.
1890 1944 1903 1956 ι
1913 1948 1934 1952 -
1946 1934 2017 1958 Haec
2034 1937 2093 1957 nota
2110 1932 2228 1965 primitus
2246 1930 2272 1956 in
2288 1932 2402 1964 margine
2415 1941 2461 1966 ap-

1396 1970 1481 2003 posita
1497 1977 1512 1994 a
1524 1970 1609 2002 primo
1621 1969 1780 1999 amanuensi,
1791 1969 1865 2001 quasi
1880 1969 2028 2002 explicativa
2041 1972 2132 1997 textus,
2146 1967 2177 1992 ab
2192 1967 2272 1992 altero
2285 1973 2375 1998 postea
2390 1976 2460 1993 ama-

1396 2005 1488 2030 nuensi
1503 2005 1528 2029 in
1543 2005 1611 2029 calce
1621 2004 1735 2030 lectionis
1747 2004 1831 2037 posita
1843 2004 1889 2028 fuit
1903 2009 1928 2028 et
1940 2004 2018 2028 veluti
2032 2011 2054 2028 s.
2063 2003 2181 2028 Thomae
2195 2002 2272 2027 textui
2286 2001 2388 2031 inserta.
2402 2004 2460 2029 Non

1396 2040 1465 2065 enirn
1489 2047 1628 2073 processus
1646 2039 1872 2072 argumentationis
1896 2039 2070 2072 praecedentis
2088 2038 2155 2062 hanc
2173 2037 2249 2070 exigit
2267 2037 2461 2069 explicationem

1396 2075 1541 2108 specierum
1553 2075 1686 2107 trianguli,
1708 2080 1733 2100 et
1747 2083 1798 2099 non
1818 2074 1891 2099 facile
1909 2074 2055 2106 intelligitur
2068 2081 2147 2098 nexus
2167 2073 2231 2097 inter
2245 2074 2421 2105 praecedentia
2435 2080 2461 2099 et

1396 2111 1469 2136 Nota
1483 2111 1555 2144 quod
1574 2111 1678 2136 isoceles
1697 2115 1744 2135 etc.
1753 2124 1773 2130 —·
1782 2110 1944 2135 Vocabulum
1952 2109 2121 2144 frequentius
2135 2113 2174 2133 est
2188 2108 2215 2133 in
2232 2107 2351 2133 versione
2372 2114 2460 2135 nostra

1397 2146 1486 2176 latina,
1511 2151 1537 2171 et
1554 2146 1598 2171 illa
1617 2153 1684 2178 quae
1704 2145 1851 2178 praefigitur
1874 2144 2058 2170 commentario
2076 2143 2198 2168 Averrois
2223 2140 2280 2176 (Ed.
2296 2143 2336 2168 cit.
2351 2152 2406 2177 cap.
2419 2143 2456 2179 v).

1396 2181 1519 2206 Boethius
1534 2181 1543 2206 1
1558 2181 1668 2211 Foster„
1683 2189 1739 2213 cap,
1753 2189 1786 2211 tv,
1800 2180 1876 2205 vertit
1894 2181 1920 2205 in
1929 2181 1992 2212 plus
2006 2180 2072 2204 sicut
2085 2184 2167 2204 textus
2186 2185 2295 2211 graecus
2309 2178 2398 2204 habet:
2417 2177 2458 2204 ἐπὶ

1397 2215 1486 2242 πλέον.
1505 2217 1545 2241 Ad
1564 2224 1643 2249 quern
1662 2224 1769 2242 sensum
1787 2224 1809 2241 s.
1821 2215 1938 2241 Thomas
1956 2215 2063 2248 explicat
2081 2211 2110 2239 τὸ
2124 2213 2307 2247 frequentius,
2327 2215 2460 2240 addendo:

1397 2252 1465 2277 idest
1484 2252 1510 2277 in
1524 2252 1656 2284 pluribus.
