2788 4204
81 1614 90 1621 '¹
99 1613 134 1634 Cf.
147 1619 169 1635 n.
186 1612 294 1640 praeced.

329 239 376 275 82

327 319 372 355 sit
399 321 510 356 homo
540 319 705 356 iniustus.
726 340 750 346 -
771 317 1010 354 Affirmativa
1044 328 1137 352 vero
1168 315 1328 363 simplex
1355 314 1394 350 in

327 373 453 410 minus
483 380 537 409 est
566 384 682 421 quam
703 371 875 419 negativa
895 370 1059 406 infinita:
1085 368 1173 417 quia
1194 367 1299 416 quod
1318 380 1392 404 non

325 427 372 463 sit
404 429 515 463 homo
550 438 623 462 non
659 427 773 461 iustus
806 430 930 471 potest
965 422 1036 459 dici
1072 434 1149 457 non
1185 421 1310 457 solum
1346 420 1393 457 de

327 480 483 517 homine
512 480 620 524 iusto,
651 478 719 515 sed
748 477 861 513 etiam
886 476 933 512 de
954 488 999 511 eo
1021 474 1126 523 quod
1145 474 1294 523 penitus
1314 486 1393 510 non

328 541 383 570 est
401 534 532 570 homo.
554 554 578 560 -
600 531 777 568 Similiter
797 529 910 565 etiam
940 528 1114 575 negativa
1142 527 1330 576 privativa
1354 527 1392 564 in

326 588 410 635 plus
440 594 495 623 est
522 597 637 634 quam
667 582 839 631 negativa
867 581 1023 618 infinita.
1055 582 1170 628 Nam,
1192 580 1297 630 quod
1317 593 1391 617 non

326 641 372 677 sit
398 642 509 677 homo
539 639 709 682 iniustus,
739 642 863 685 potest
884 635 955 671 dici
976 647 1054 671 non
1087 635 1212 671 solum
1247 634 1295 670 de
1323 634 1390 670 ho-

327 695 429 730 mine
457 693 619 729 habente
648 690 819 727 habitum
849 688 1018 735 iustitiae,
1049 688 1117 724 sed
1142 687 1189 724 de
1219 700 1265 724 eo
1286 687 1391 736 quod

325 747 474 795 penitus
493 757 570 781 non
591 751 646 781 est
664 744 800 788 homo,
823 741 870 778 de
890 754 1055 790 quorum
1076 741 1245 789 quolibet
1267 748 1392 789 potest

327 800 398 837 dici
436 798 539 848 quod
569 810 642 835 non
670 797 717 834 sit
742 797 854 832 homo
884 809 957 832 non
987 795 1120 831 iustus:
1149 794 1217 831 sed
1235 795 1391 831 ulterius

324 861 448 903 potest
477 851 548 889 dici
579 852 625 888 de
655 850 834 887 omnibus
862 849 1097 896 hominibus,
1129 848 1192 897 qui
1222 853 1292 884 nec
1324 849 1389 884 ha-

326 909 415 944 bent
443 905 614 943 habitum
643 904 802 941 iustitiae
831 916 956 952 neque
985 903 1125 939 habent
1143 902 1315 938 habitum
1335 902 1389 938 in-

325 961 496 998 iustitiae.

383 1028 439 1052 10.
471 1013 539 1050 His
568 1014 678 1062 igitur
704 1013 811 1060 visis,
843 1012 949 1049 facile
978 1018 1033 1049 est
1063 1022 1252 1060 exponere
1280 1023 1388 1060 prae-

323 1076 470 1106 sentem
514 1068 674 1105 litteram
718 1068 792 1103 hoc
839 1066 970 1103 modo.
1014 1066 1208 1112 Quarum,
1252 1065 1390 1102 scilicet

323 1130 486 1171 quatuor
514 1121 823 1159 enunciationum
851 1120 1147 1168 praedictarum,
1186 1120 1283 1156 duae
1311 1120 1388 1167 qui-

322 1177 426 1222 dem,
461 1176 599 1213 scilicet
626 1174 815 1220 infinitae,
844 1186 883 1210 se
910 1175 1099 1211 habebunt
1132 1173 1183 1210 ad
1217 1174 1388 1222 affirma-

322 1230 459 1266 tionem
492 1235 528 1266 et
554 1229 813 1279 negationem,
847 1227 943 1264 idest
975 1228 1023 1264 ad
1053 1227 1147 1264 duas
1180 1227 1386 1275 simplices,

323 1295 485 1332 quarum
504 1295 581 1319 una
610 1289 665 1319 est
684 1281 912 1318 affirmativa
932 1288 968 1316 et
987 1282 1102 1318 altera
1128 1281 1313 1327 negativa,
1333 1292 1387 1316 se-

322 1337 485 1373 cundum
530 1335 855 1384 consequentiam,
896 1334 992 1371 idest
1025 1334 1062 1370 in
1100 1334 1219 1370 modo
1256 1346 1387 1370 conse—

322 1390 463 1440 quendi
497 1390 545 1427 ad
579 1402 660 1436 eas,
696 1394 736 1425 ut
761 1389 1008 1435 privationes,
1039 1387 1135 1424 idest
1167 1387 1261 1423 sicut
1290 1386 1387 1423 duae

320 1444 544 1494 privativae:
566 1443 654 1492 quia
677 1442 830 1490 scilicet,
858 1442 952 1478 sicut
975 1442 1024 1479 ad
1053 1441 1263 1489 simplicem
1288 1440 1387 1477 affir-

322 1498 504 1534 mativam
534 1497 701 1546 sequitur
728 1495 902 1542 negativa
930 1494 1095 1541 infinita,
1127 1502 1163 1531 et
1191 1506 1268 1530 non
1298 1506 1386 1530 con-

320 1552 478 1588 vertitur
506 1554 567 1597 (eo
598 1550 702 1599 quod
726 1549 900 1596 negativa
919 1548 1064 1585 infinita
1084 1556 1140 1585 est
1168 1548 1205 1585 in
1225 1548 1310 1597 plus
1334 1548 1384 1594 *),

320 1605 370 1642 ita
400 1605 511 1641 etiarn
532 1604 580 1641 ad
600 1603 811 1652 simplicem
831 1602 1099 1639 affirmativam
1129 1602 1298 1651 sequitur
1322 1614 1386 1638 ne-

320 1658 444 1706 gativa
472 1657 677 1706 privativa,
713 1669 811 1705 quae
841 1664 896 1693 est
924 1656 962 1693 in
985 1657 1087 1705 plus,
1120 1664 1156 1692 et
1184 1669 1262 1693 non
1297 1668 1385 1692 con-

320 1711 485 1748 vertitur.
518 1711 594 1747 Sed
623 1710 717 1747 sicut
745 1710 904 1758 simplex
933 1710 1108 1758 negativa
1141 1710 1309 1758 sequitur
1337 1709 1386 1746 ad

319 1765 504 1802 infinitam
525 1764 808 1810 affirmativam,
835 1776 934 1813 quae
954 1771 1010 1800 est
1028 1764 1067 1800 in
1092 1763 1230 1811 minus,
1253 1771 1289 1800 et
1307 1775 1384 1799 non

371 1926 396 1959 κ)
418 1926 459 1951 Ita
478 1925 558 1950 etiam
575 1923 700 1956 negativa
718 1923 834 1954 simplex
853 1921 1021 1947 etc.—Codd.
1040 1920 1121 1945 ACD:
1137 1920 1175 1945 ita
1194 1920 1274 1944 etiam
1294 1919 1331 1943 ad
1345 1926 1387 1943 ne-

317 1963 437 1996 gatiuam
454 1961 596 1992 simplicem
616 1959 736 1992 sequitur
749 1957 888 1990 privativa
907 1956 1141 1990 affirmativa.-B
1161 1956 1238 1980 habet
1257 1955 1388 1985 lacunam,

318 1998 411 2023 omittit
430 1997 512 2021 enirn:
528 1996 566 2021 ita
581 1995 661 2020 etiam
681 1994 818 2027 negativa,
834 2001 919 2025 usque
938 1993 969 2017 ad
985 1999 1036 2017 non
1051 1991 1216 2017 convertitur
1230 1989 1388 2014 inclusive.-

318 2035 423 2059 Pianam
439 2032 575 2057 lectionem
600 2031 676 2055 refert
701 2030 757 2055 cod.
777 2030 812 2054 E:
831 2029 870 2054 ita
889 2029 968 2054 etiam
988 2028 1103 2060 simplex
1126 2026 1252 2059 negativa
1270 2025 1388 2058 sequitur

312 2069 479 2103 privativam
494 2067 700 2101 affirmationem
715 2072 782 2098 quae
796 2068 835 2090 est
850 2065 974 2089 minimus
985 2063 1033 2096 (sic
1048 2068 1166 2095 corrupte
1181 2070 1228 2095 pro
1239 2062 1265 2086 in
1281 2060 1387 2093 minus).

318 2106 431 2130 Venetae
454 2104 512 2128 edd.
533 2108 599 2127 stant
624 2110 682 2127 cum
702 2101 779 2125 Piana
803 2106 828 2125 et
847 2108 905 2125 cum
929 2099 1048 2124 veritate:
1074 2098 1137 2123 falsa
1161 2098 1230 2122 enim
1256 2102 1295 2122 est
1314 2097 1388 2122 lectio

318 2149 396 2174 quam
411 2139 531 2164 exhibent
545 2144 597 2163 tres
614 2137 742 2171 praecitati
758 2136 867 2161 codices.
887 2136 952 2160 Nam
968 2134 1094 2167 imprimis
1113 2133 1238 2158 sententia
1256 2133 1388 2158 Ammonii

318 2183 357 2202 est
371 2176 441 2208 quod
460 2174 650 2208 propositiones
670 2172 781 2197 infinitae
797 2180 825 2196 se
840 2172 935 2196 habent
950 2171 981 2195 ad
996 2170 1136 2203 simpliceS,
1156 2169 1222 2193 sicut
1236 2169 1266 2193 ad
1282 2169 1344 2194 istas
1360 2177 1389 2193 se

317 2212 413 2237 habent
430 2210 578 2243 privativae.
598 2209 671 2234 Unde
696 2209 726 2233 ad
746 2206 924 2232 affirmativam
944 2206 1089 2239 simplicem
1109 2209 1252 2237 sequuntur
1271 2204 1388 2236 negativa

318 2247 414 2272 infinita
426 2252 451 2271 et
461 2246 578 2278 negativa
591 2244 727 2278 privativa;
747 2251 761 2268 e
776 2251 902 2268 converso
921 2248 1006 2267 autem
1019 2242 1135 2273 negativa
1150 2240 1259 2273 simplex
1273 2240 1388 2272 sequitur

318 2289 372 2308 tum
393 2283 424 2307 ad
443 2281 620 2306 affirmativam
640 2279 772 2310 infinitam,
798 2285 853 2303 tum
874 2279 905 2303 ad
929 2277 1107 2302 affirmativam
1126 2276 1287 2310 privativam.
1307 2276 1387 2300 Porro

318 2319 381 2343 haec
400 2317 531 2351 proportio
550 2316 680 2340 Ammonii
695 2315 832 2339 destruitur
845 2314 866 2338 si
881 2314 1028 2338 admittatur
1041 2313 1116 2337 lectio
1130 2313 1205 2337 codd.
1220 2311 1296 2336 ACD.
1316 2312 1388 2336 Patet

320 2355 395 2378 etiam
415 2354 508 2377 falsum
528 2360 586 2376 esse
602 2352 672 2384 quod
691 2351 722 2375 ad
743 2350 887 2382 negativam
907 2350 1050 2382 simplicem
1071 2354 1193 2381 sequatur
1211 2347 1335 2382 privativa
1350 2347 1387 2372 af-

320 2389 457 2418 firmativa;
480 2388 524 2412 sed
539 2387 687 2420 oppositum
706 2394 797 2411 verum
813 2392 859 2410 est.
879 2386 936 2410 Non
956 2386 1023 2410 valet
1042 2385 1110 2409 enim
1131 2384 1222 2409 illatio:
1237 2384 1316 2409 homo
1335 2390 1386 2407 non

320 2428 358 2449 est
378 2424 460 2449 iustus
484 2422 618 2455 (negativa
638 2421 777 2454 simplex);
803 2428 867 2454 ergo
886 2421 963 2445 homo
987 2424 1027 2445 est
1051 2421 1179 2445 iniustus:
1198 2426 1223 2444 et
1241 2419 1304 2444 ratio
1323 2418 1388 2443 assi-

320 2465 395 2491 gnata
420 2465 459 2484 est
483 2459 508 2483 in
532 2457 656 2490 superiori
680 2465 796 2482 numero.
820 2458 854 2481 At
872 2462 939 2481 recte
963 2456 1089 2487 arguitur:
1115 2456 1193 2480 homo
1211 2459 1251 2480 est
1275 2455 1388 2479 iniustus

321 2494 485 2529 <affirmativa
504 2493 658 2527 privativa);
678 2500 743 2525 ergo
762 2492 839 2517 homo
859 2500 909 2517 non
930 2495 969 2516 est
988 2492 1080 2516 iustus.

373 2530 401 2564 λ)
422 2531 481 2555 Non
497 2530 535 2554 ita
554 2537 581 2554 se
599 2528 703 2554 habent.
723 2529 758 2552 Ita
777 2528 968 2552 codd—Plana
988 2533 1085 2551 autem:
1106 2527 1144 2552 ita
1163 2535 1190 2552 se
1209 2527 1321 2555 habent,
1342 2526 1387 2550 sed

321 2574 436 2592 erronee.
452 2565 562 2598 Exponit
575 2565 644 2590 enim
659 2572 680 2588 s.
691 2563 807 2588 Thomas
818 2571 847 2588 ex
860 2563 998 2588 Ammonio
1012 2563 1205 2592 illud,m1'nime‚
1214 2562 1388 2586 introductum

321 2611 334 2626 a
354 2601 526 2633 Philosopho,
547 2608 641 2632 nempe
665 2600 734 2632 quod
760 2599 951 2631 propositiones
971 2598 1100 2630 simplices
1120 2606 1171 2622 non
1191 2598 1224 2623 ita
1248 2606 1276 2623 se
1295 2597 1389 2621 habent

321 2638 352 2662 ad
367 2637 556 2670 propositiones
572 2634 689 2664 infinitas,
701 2635 766 2659 sicut
776 2634 807 2658 ad
822 2642 865 2658 eas
881 2642 909 2658 se
924 2634 1018 2658 habent
1037 2634 1227 2666 propositiones
1242 2633 1388 2666 privativae.

374 2672 402 2707 μ)
419 2672 572 2704 Simplicior
589 2674 615 2696 et
629 2670 716 2703 magi-3
735 2670 891 2695 conveniens
910 2670 1014 2694 litterae
1027 2669 1178 2694 Aristotelis
1197 2673 1236 2694 est
1249 2674 1296 2693 etc.
1312 2669 1388 2692 Prae-

322 2714 370 2733 stat
384 2709 417 2733 ob
437 2708 526 2732 oculos
546 2707 637 2731 iterum
658 2713 754 2739 ponere
769 2711 865 2730 textum
881 2705 1071 2729 Aristotelicum
1087 2710 1282 2729 controversum
1302 2709 1326 2728 et
1345 2704 1389 2727 ad-

322 2745 382 2768 dere
401 2743 531 2768 schemata
546 2742 705 2767 diversarum
725 2741 779 2765 eius
800 2740 1045 2773 interpretationum,
1060 2748 1124 2772 quas
1145 2747 1165 2764 S.
1181 2739 1296 2764 Thomas
1311 2746 1389 2771 expo-

322 2780 380 2804 suit.
394 2779 491 2804 Textus
506 2783 558 2803 est:
577 2787 589 2800 α
603 2778 688 2807 Quare
704 2781 814 2809 quatuor
832 2781 906 2801 erunt
920 2776 977 2800 illae
991 2775 1073 2807 (duae
1088 2783 1180 2807 nempe
1194 2775 1389 2807 propositiones

324 2826 335 2837 »
352 2815 489 2847 simplices,
504 2821 548 2838 seu
561 2813 667 2846 finitae,
683 2812 744 2844 quia
752 2811 828 2844 finiti
843 2811 1008 2843 praedicati,
1029 2811 1097 2836 duae
1117 2818 1179 2836 vero
1198 2810 1325 2843 infinitae,
1344 2816 1388 2834 seu

323 2859 336 2873 »
354 2850 451 2883 infiniti
464 2848 655 2881 praedicati.—-
668 2848 708 2881 Cf.
722 2855 774 2879 seq.
796 2855 822 2872 n.
840 2845 910 2879 13),
932 2854 1041 2879 quarum
1062 2846 1126 2871 duae
1146 2846 1251 2879 quidem
1271 2846 1303 2870 ad
1323 2844 1389 2870 affir-

323 2895 336 2909 »
353 2886 491 2910 mationem
511 2890 536 2909 et
559 2884 721 2915 negationem
747 2890 805 2907 sese
830 2882 924 2907 habent
948 2882 1091 2907 secundum
1116 2881 1341 2914 consequentiam,
1363 2885 1390 2905 ut

323 2931 336 2944 >³
354 2921 520 2954 privationes3
542 2920 607 2944 duae
625 2927 687 2944 vero
706 2918 820 2943 minime.
837 2927 850 2941 »

688 2978 876 3011 Interpretatio
896 2978 1028 3003 Her-mini.

324 3043 394 3068 PAns
413 3050 503 3068 pruma.
514 3042 615 3066 —Duae
634 3041 739 3074 quidem
759 3038 848 3064 infiniti
868 3039 1019 3072 praedicati,
1034 3040 1127 3072 inquit,
1143 3047 1171 3064 se
1187 3039 1283 3064 habent
1301 3040 1332 3064 ad
1353 3040 1390 3064 af-

492 3077 663 3102 firmationem
679 3081 704 3101 et
717 3075 879 3107 negationem
893 3074 1022 3100 finitarum
1043 3075 1258 3108 propositionum,
1279 3075 1344 3099 sicut
1358 3076 1390 3101 ad

492 3121 535 3137 eas
549 3120 578 3137 se
592 3112 687 3136 habent
702 3111 892 3144 propositiones
907 3111 1059 3144 privativae:
1077 3115 1205 3143 quatenus
1216 3109 1348 3145 sciliceta)
1360 3119 1390 3136 ex

492 3147 562 3173 finita
577 3146 726 3172 affirmativa
741 3146 857 3179 sequitur
874 3146 991 3178 negativa
1006 3145 1095 3171 infiniti
1111 3146 1256 3179 praedicati,
1270 3146 1337 3171 sicut
1349 3155 1389 3172 se-

493 3184 579 3216 quitur
589 3183 705 3214 negativa
715 3182 845 3214 privativa:
857 3187 882 3207 et
895 3182 1013 3206 similiter
1024 3180 1048 3214 β)
1061 3182 1177 3213 negativa
1191 3180 1260 3206 finita
1274 3182 1391 3214 sequitur

492 3225 547 3244 tum
563 3227 592 3243 ex
607 3217 756 3243 affirmativa
775 3216 878 3247 infinita,
894 3223 948 3242 turn
963 3225 993 3242 ex
1008 3217 1157 3242 affirmativa
1180 3217 1310 3250 privativa.
1324 3218 1390 3243 Hinc

777 3284 903 3307 SCHEMA
917 3285 935 3306 1.

849 3338 865 3355 α

482 3394 489 3410 ι
559 3385 618 3410 Fin.
637 3384 736 3418 affirm.
970 3386 1056 3410 Homo
1075 3391 1116 3411 est
1134 3386 1216 3412 iustus
1223 3395 1230 3419 ;

1035 3429 1100 3454 ergo

558 3457 681 3488 Negativ.
698 3456 770 3488 infin.
969 3457 1055 3481 Homo
1074 3465 1125 3482 non
1145 3462 1184 3482 est
1202 3466 1254 3483 non
1273 3458 1364 3484 iustus.

481 3515 494 3532 2
560 3509 619 3533 Fin.
638 3509 736 3542 affirm.
971 3509 1058 3534 Homo
1077 3515 1117 3534 est
1135 3510 1231 3541 iustus;

1038 3552 1103 3578 ergo

560 3578 684 3611 Negativ.
695 3578 795 3610 privat.
969 3579 1056 3604 Homo
1075 3587 1127 3604 non
1146 3585 1186 3605 est
1205 3581 1320 3607 iniustus.

1074 238 1191 275 PERI
1227 237 1574 274 HERMENEIAS
1605 237 1699 275 LIB.
1731 239 1762 275 11

1452 316 1699 363 convertitur;
1730 317 1779 354 ita
1808 318 1921 355 etiam
1946 317 2121 367 negativa
2141 318 2300 367 simplex
2319 319 2517 368 “sequitur

1450 369 1498 406 ad
1526 370 1754 418 privativam
1784 372 2069 419 affirmativam,
2097 384 2194 421 quae
2224 378 2280 408 est
2311 371 2350 408 in
2377 373 2514 420 minus,

1450 430 1487 459 et
1514 435 1592 460 non
1613 424 1854 462 convertitur.
1877 426 1934 462 Ex
1955 438 2031 474 quo
2046 433 2149 474 patet
2170 425 2274 474 quod
2303 425 2440 462 eadem
2462 433 2517 463 est

1449 476 1632 514 habitudo
1653 477 1691 513 in
1711 479 1983 528 consequendo
2004 479 2236 516 infinitarum
2253 479 2302 515 ad
2323 479 2515 528 simplices

1450 541 1547 578 quae
1577 537 1632 567 est
1661 538 1773 567 etiam
1801 532 2088 580 privativarum.

1508 595 1564 620 ιι.
1596 584 1790 633 Sequitur,
1824 586 1922 622 duae
1954 591 2097 633 autem,
2134 585 2272 621 scilicet
2307 584 2512 633 simplices,

1447 648 1545 684 quae
1574 637 1850 686 relinquuntur,
1881 638 2036 676 remotis
2072 638 2236 686 duabus,
2266 638 2405 675 scilicet
2432 638 2515 676 infi-

1447 689 1551 737 nitis,
1582 703 1604 726 a
1642 698 1804 739 quatuor
1840 692 2077 740 praemissis,
2108 692 2282 738 minime,
2312 692 2409 729 idest
2436 704 2514 729 non

1446 743 1495 779 ita
1524 756 1564 780 se
1592 745 1734 780 habent
1751 742 1765 765 λ
1783 745 1832 781 ad
1852 745 2014 782 infinitas
2034 745 2072 781 in
2101 746 2389 794 consequendo,
2420 746 2515 782 sicut

1445 796 1653 844 privativae
1682 810 1722 834 se
1751 798 1893 834 habent
1921 798 1970 835 ad
2003 811 2087 844 eas;
2118 799 2206 847 quia
2237 799 2433 846 videlicet,
2469 811 2514 835 ex

1445 862 1522 886 una
1539 858 1645 898 parte
1675 851 1835 899 simplex
1863 851 2092 888 affirmativa
2120 859 2176 888 est
2194 853 2232 889 in
2252 852 2377 889 minus
2397 864 2514 901 quam

1446 904 1621 951 negativa
1640 904 1796 951 infinita,
1818 904 1887 941 sed
1906 905 2081 952 negativa
2098 905 2287 954 privativa
2307 913 2363 942 est
2377 905 2415 941 in
2428 906 2514 953 plus

1446 970 1562 1006 quam
1592 958 1766 1006 negativa
1794 957 1956 994 infinita:
1994 971 2039 995 ex
2068 959 2139 995 alia
2166 971 2260 995 vero
2289 966 2412 1007 parte,
2449 971 2513 995 ne-

1445 1012 1570 1060 gativa
1599 1012 1758 1061 simplex
1788 1019 1844 1048 est
1862 1011 1900 1048 in
1918 1012 2003 1060 plus
2028 1024 2145 1060 quam
2175 1012 2402 1049 affirmativa
2430 1011 2513 1048 infi-

1446 1067 1537 1114 nita,
1568 1066 1635 1103 sed
1655 1065 1883 1102 affirmativa
1902 1064 2089 1113 privativa
2119 1073 2174 1102 est
2192 1066 2231 1102 in
2250 1065 2376 1102 minus
2397 1077 2513 1114 quam

1445 1119 1589 1157 infinita
1613 1119 1850 1156 affirmativa.
1875 1119 1936 1156 Sic
1962 1131 2051 1166 ergo
2071 1127 2174 1168 patet
2199 1119 2303 1168 quod
2324 1118 2513 1168 simplices

1445 1187 1523 1211 non
1551 1174 1601 1210 ita
1629 1186 1670 1210 se
1698 1174 1840 1209 habent
1874 1173 1922 1210 ad
1951 1172 2115 1209 infinitas
2148 1173 2185 1209 in
2220 1172 2510 1221 consequendo,

1445 1228 1539 1265 sicut
1566 1226 1776 1276 privativae
1806 1239 1846 1263 se
1875 1226 2017 1263 habent
2044 1226 2093 1263 ad
2122 1226 2296 1263 infinitas.

1505 1293 1561 1318 12.
1590 1280 1778 1327 Quamvis
1804 1287 1932 1316 autem
1953 1279 2165 1316 secundum
2185 1280 2260 1316 hoc
2285 1279 2405 1315 littera
2424 1278 2512 1314 Phi—

1444 1334 1594 1383 losophi
1623 1333 1804 1384 subtiliter
1836 1335 2068 1381 exponatur;
2094 1340 2222 1369 tamen
2250 1332 2402 1370 videtur
2430 1343 2513 1368 esse

1444 1387 1717 1436 aliquantulum
1747 1387 1931 1435 expositio
1961 1394 2115 1423 extorta.
2145 1387 2249 1423 Nam
2278 1386 2397 1422 littera
2426 1384 2512 1422 Phi-

1443 1441 1593 1490 losophi
1620 1440 1771 1477 videtur
1799 1453 1935 1477 sonare
1965 1440 2134 1477 diversas
2162 1438 2401 1477 habitudines
2434 1451 2514 1476 non

1444 1507 1526 1531 esse
1561 1493 1808 1530 attendendas
1844 1501 2018 1542 respectu
2053 1494 2312 1539 diversorum;
2351 1493 2446 1529 sicut
2473 1491 2512 1528 in

1442 1547 1635 1596 praedicta
1669 1546 1903 1595 expositione
1937 1547 2062 1595 primo
2098 1546 2278 1595 accipitur
2305 1545 2511 1583 similitudo

1442 1600 1671 1638 habitudinis
1691 1599 1739 1637 ad
1765 1599 1971 1648 simplices,
1993 1607 2030 1636 et
2053 1607 2187 1648 postea
2213 1598 2513 1637 dissimilitudo*

1441 1653 1670 1691 habitudinis
1699 1661 1872 1702 respectu
1901 1653 2145 1690 infinitarum.
2177 1654 2225 1689 Et
2252 1653 2347 1690 ideo‘
2369 1651 2511 1700 simpli-

1443 1708 1521 1744 cior
1550 1715 1586 1744 et
1605 1707 1725 1755 magis
1755 1706 1988 1743 conveniens
2017 1706 2159 1743 litterae
2188 1705 2398 1743 Aristotelis
2416 1711 2436 1733 μ
2455 1713 2512 1743 est

1442 1761 1626 1810 expositio
1651 1760 1851 1809 Porphyrii
1879 1773 1994 1809 quam
2021 1760 2203 1797 Boethius
2229 1760 2351 1808 ponit;
2377 1771 2510 1795 secun-

1600 1996 1608 2013 ι

1598 2120 1611 2137 2
1633 2003 1652 2203 ἓ

1444 2254 1515 2279 Pal-<s
1534 2261 1646 2281 amana.
1657 2267 1675 2272 -
1686 2254 1758 2278 Duae
1777 2261 1839 2278 vero
1854 2254 1968 2285 minime,
1985 2262 2080 2288 nempe
2099 2255 2215 2287 negativa
2230 2254 2319 2280 infiniti
2338 2255 2445 2281 subiecti
2460 2263 2514 2281 non

1613 2289 1729 2322 sequitur
1748 2290 1779 2314 ad
1795 2288 1973 2315 affirmativam
1988 2289 2094 2322 finitam,
2110 2299 2157 2316 nec
2172 2291 2290 2324 negativa
2308 2290 2377 2316 finita
2396 2292 2514 2325 sequitur

1613 2326 1645 2350 ad
1664 2324 1843 2350 affirmativam
1863 2324 1952 2361 infiniti
1972 2326 2088 2351 subiecti.

1598 2478 1651 2683 23

1632 2734 1723 2759 Merito
1741 2734 1852 2760 reiicitur
1870 2735 1933 2760 haec
1952 2735 2133 2769 interpretatio,
2153 2736 2213 2770 quia
2231 2736 2321 2762 transit
2339 2737 2371 2762 ab
2390 2736 2513 2764 infinitate

1633 2769 1771 2802 praedicati
1790 2771 1822 2795 ad
1841 2769 1990 2796 infinitatem
2010 2771 2125 2797 subiecti.

1971 1918 1985 1951 β

1675 1989 1781 2023 Affirm.
1797 1989 1870 2022 infin.

1675 2059 1799 2093 Negativ.
1811 2060 1863 2093 fin.

1674 2113 1780 2147 Affirm.
1794 2113 1867 2145 priv.

1676 2184 1800 2217 Negativ.
1813 2184 1866 2217 fin.

2097 1989 2185 2013 Homo
2204 1994 2243 2013 est
2262 1996 2314 2014 non
2333 1989 2416 2014 iustus
2423 1997 2430 2020 3

2139 2032 2204 2058 ergo

2098 2060 2186 2084 Homo
2205 2068 2258 2084 non
2278 2065 2317 2085 est
2336 2060 2426 2085 iustuS.

2088 2114 2175 2138 Homo
2194 2119 2234 2139 est
2253 2114 2381 2143 iniustus;

2037 2179 2040 2182 Δ
2138 2156 2204 2182 ergo

2092 2185 2180 2210 Homo
2198 2193 2251 2210 non
2270 2190 2310 2210 est
2328 2185 2420 2211 iustus.

1891 2403 2018 2426 scut-:MA
2032 2404 2060 2426 u.

1673 2469 1808 2503 Affirmat.
1820 2469 1872 2502 fin.

1675 2539 1799 2572 Negativ.
1815 2540 1887 2573 infin.
1901 2541 2011 2566 subiecti

1675 2593 1811 2626 Affirmat.
1831 2594 1904 2627 infin.
1923 2595 2033 2620 subiecti

2106 2471 2192 2496 Homo
2211 2476 2251 2496 est
2269 2471 2366 2502 iustus3

2127 2514 2179 2531 non
2198 2507 2331 2540 sequitur:
2344 2514 2410 2540 ergo

2106 2542 2164 2567 Non
2183 2542 2264 2567 homo
2283 2550 2334 2567 non
2353 2548 2393 2568 est
2411 2542 2504 2568 iustus.

2109 2595 2166 2620 Non
2186 2594 2266 2620 homo
2285 2601 2325 2621 est
2343 2596 2426 2621 iustus
2433 2604 2440 2628 3

2141 2638 2192 2655 non
2211 2631 2345 2663 sequitur:
2362 2638 2428 2665 ergo

1675 2665 1774 2698 Negat.
1782 2665 1834 2698 fin.
2095 2667 2182 2691 Homo
2201 2674 2253 2690 non
2273 2671 2312 2691 est
2329 2666 2422 2692 iustus.

1821 2841 2010 2872 Interpretatio
2028 2841 2142 2866 aliorum

1877 2883 1915 2901 ex
1932 2877 2083 2902 Ammonio.

1446 2943 1517 2967 Pans
1536 2943 1740 2968 pamm-Duae
1758 2941 1947 2976 propositiones
1967 2943 2056 2970 infiniti
2075 2945 2212 2978 praedicati
2231 2953 2260 2971 se
2284 2946 2380 2972 habent
2403 2947 2434 2972 ad
2453 2955 2513 2981 pro-

1632 2979 1774 3011 positiones
1789 2978 1880 3010 finitas,
1896 2981 1981 3012 quoad
2001 2981 2114 3013 speciem
2134 2979 2309 3006 affirmationis
2322 2987 2348 3007 et
2362 2983 2512 3016 negationis,

1634 3014 1699 3038 sicut
1718 3015 1749 3039 ad
1764 3014 1825 3039 istas
1845 3023 1874 3039 se
1893 3015 1988 3040 habent
2007 3024 2054 3048 pro
2074 3016 2198 3042 ositiones
2217 3017 2370 3050 privativae;
2385 3023 2513 3052 quatenus

1633 3057 1728 3083 nempe
1747 3050 1889 3083 propositio
1908 3050 2005 3076 infinita
2067 3052 2182 3083 rmativa,
2198 3061 2251 3077 non
2270 3060 2346 3078 secus
2358 3062 2388 3079 ac
2402 3053 2512 3080 affirma-

1632 3085 1682 3110 tiva
1701 3085 1832 3118 privativa,
1847 3091 1888 3110 est
1907 3085 2040 3112 affirmatio
2060 3095 2112 3112 non
2132 3088 2281 3121 simpliciter
2300 3089 2346 3114 sed
2369 3091 2513 3116 secundum

1633 3120 1709 3153 quid3
1725 3126 1750 3145 et
1764 3121 1881 3146 similiter
1894 3121 1991 3147 infinita
2006 3123 2123 3155 negativa
2144 3128 2169 3148 et
2185 3123 2301 3156 negativa
2315 3124 2438 3157 privativa
2452 3129 2514 3151 aunt

1632 3156 1781 3188 negationes
1801 3157 1944 3182 secundum
1964 3158 2035 3191 quid,
2051 3163 2076 3183 et
2095 3166 2146 3183 non
2166 3158 2323 3192 simpliciter.

1446 3191 1517 3216 Pans
1536 3191 1759 3216 amum-Duae
1777 3200 1839 3216 vero
1858 3193 1973 3224 minime,
1994 3201 2088 3227 nempe
2107 3194 2250 3227 propositio
2269 3194 2339 3220 finita
2363 3194 2513 3222 affirmativa

1633 3231 1672 3252 est
1691 3227 1841 3287 sti-mpliciter
1856 3227 2007 3260 affirmati03
2023 3235 2048 3254 et
2066 3229 2182 3262 negativa
2207 3229 2277 3255 finita
2301 3235 2341 3256 est
2365 3230 2514 3266 simpliciter

1633 3269 1698 3295 nega
1711 3270 1743 3287 ιο.

1914 3334 2040 3357 sent-:MA

1602 3397 1610 3414 1
1678 3389 1766 3414 Homo
1785 3394 1825 3414 est
1843 3389 1925 3414 iustus

1679 3425 1767 3449 Homo
1786 3430 1825 3450 est
1844 3433 1897 3450 non
1916 3425 2000 3450 iustus

1679 3460 1766 3485 Homo
1785 3465 1826 3485 est
1843 3460 1953 3486 iniustus

2064 3389 2075 3424 (
2092 3389 2258 3424 affirmativa
2275 3389 2430 3423 sinpliciter

2055 3433 2273 3493 §firmamina
2290 3441 2432 3469 secundum
2447 3443 2513 3476 quid

1601 3519 1614 3537 2
1679 3513 1767 3538 Homo
1785 3521 1838 3538 non
1857 3518 1896 3538 est
1915 3514 1997 3539 iustus

1679 3549 1766 3573 Homo
1785 3556 1837 3574 non
1852 3554 1892 3574 est
1906 3557 1958 3574 non
1976 3549 2059 3575 iustus

1647 3596 1651 3602 =
1679 3584 1766 3608 Homo
1786 3591 1836 3609 non
1857 3589 1897 3609 est
1914 3584 2024 3610 iniustus

2070 3511 2081 3548 (
2099 3514 2225 3548 negativa
2241 3513 2396 3546 simpliciter

2069 3555 2082 3608 ξ
2105 3567 2244 3600 ”motivae
2265 3566 2409 3592 secundum
2429 3567 2494 3600 quid

2539 1603 2636 1634 ’.Ακι-
2646 1607 2676 1623 ιιι
2689 1601 2754 1633 3ιήιρ-

2539 1627 2671 1677 ‘'mis-,Pi
2683 1629 2750 1650 sinu-

2636 1701 2659 1747 st.

2537 1742 2687 1791 &iffi-¹3¹⁸·
