2548 4192
207 285 277 311 CXX

207 354 291 384 stino
316 359 346 384 et
368 352 498 383 Thoma
525 349 724 386 auctoribus,
749 357 812 388 qua
835 356 924 376 ruere
947 345 1068 375 Pharao
1092 344 1124 373 in
1148 349 1275 382 peccata

207 398 385 428 sinebatur:
410 405 520 426 verum
544 394 690 424 interiore
713 391 855 432 quodam
879 390 974 420 etiam
992 388 1141 418 instinctu
1165 396 1273 416 move-

207 443 299 473 batur
321 442 354 471 in
378 451 414 471 ea
437 440 575 470 facinora
597 436 772 477 Aegyptius
789 435 863 464 Rex.
889 432 1072 463 Interiorem
1088 431 1275 461 instinctum

207 485 349 525 theologi
373 486 488 515 docent
510 482 652 523 positum
675 489 741 510 esse
765 479 797 508 in
821 477 932 507 affectu
955 475 1182 525 indeliberato,
1206 485 1273 515 quo

206 530 348 560 volentes
365 529 507 559 nolentes
523 524 732 566 pertrahimur
747 523 780 552 in
797 520 927 561 aliquod
943 520 1077 557 bonum,
1093 526 1188 549 etiarn
1204 529 1273 559 par-

206 574 344 605 ticulare.
370 572 518 603 Tutelam
536 580 565 600 v.
582 579 611 608 g.
629 567 715 607 regni
732 566 781 596 sui
797 565 895 595 libero
913 564 1148 604 deliberatoque
1165 573 1273 593 amore

207 619 266 648 sub
290 617 406 648 iudicio
430 614 543 645 mentis
571 611 763 642 indifferente
793 608 873 639 velle
903 614 1027 648 poterat
1055 607 1193 638 Pharao:
1218 608 1273 637 sed

207 662 302 692 etiam
324 661 357 691 in
381 660 446 690 eius
477 657 570 689 corde
600 665 695 686 nemo
727 653 816 683 iverit
839 651 959 682 inficias
990 651 1232 682 indeliberatum
1255 661 1273 681 a

205 706 275 736 Deo
290 710 437 735 movente
451 700 589 742 imprimi
609 708 751 729 amorem
771 696 927 737 potuisse,
949 706 1015 736 quo
1032 705 1064 726 se
1080 702 1272 735 pertractum

204 750 237 780 in
260 748 391 779 tutelam
414 746 500 786 regni
524 744 573 775 sui
597 742 748 773 sentiebat
770 741 848 781 ipse,
865 740 962 770 veluti
981 740 1014 770 in
1033 740 1199 781 quoddam
1214 739 1271 770 bo-

204 802 292 823 num.
327 791 387 821 Hic
417 789 546 820 interior
572 793 703 817 vocatur
730 785 905 815 instinctus.
939 785 1038 814 Porro
1072 784 1176 814 media
1204 794 1271 814 non

203 837 340 873 deerant,
357 834 472 875 quibus
487 833 570 863 licite
593 836 732 861 uteretur
745 829 867 859 Pharao
884 829 924 858 ad
939 828 1019 859 illud
1035 828 1270 869 assequendum

202 881 325 910 bonum
348 878 436 919 quod
458 877 598 913 amabat,
616 873 869 905 incolumitatem
888 873 992 913 regni:
1013 879 1044 903 at
1062 882 1206 912 perverse
1222 872 1269 903 iu-

202 924 322 954 dicabat
350 922 438 952 utilia
459 921 573 958 media,
591 928 672 959 quae
696 917 873 948 adhibenda
897 917 1011 954 forent,
1027 917 1269 957 oppressionem

201 977 266 998 esse
284 963 774 1003 Iudaeorum‚masculorumque
791 961 933 992 caedem:
951 961 1126 1002 eademque
1137 962 1269 992 demum

200 1011 407 1043 concludebat
430 1009 581 1049 eligenda.
613 1007 815 1037 Permittente
839 1005 949 1046 utique
973 1006 1054 1044 Deo,
1079 1006 1199 1036 errabat
1221 1006 1268 1036 in-

199 1056 339 1087 tellectus
361 1053 544 1091 Pharaonis,
569 1053 699 1092 eiusque
722 1050 870 1081 voluntas
886 1050 919 1080 in
935 1060 1066 1090 pravam
1082 1050 1192 1081 incidit
1207 1050 1268 1081 ele-

199 1100 356 1131 ctionem:
382 1105 412 1129 at
435 1104 556 1138 praeter
582 1097 663 1127 hanc
691 1094 953 1135 permissionem,
978 1095 1102 1135 aliquid
1129 1095 1269 1135 amplius

200 1143 442 1184 intelligendum
467 1147 524 1180 est,
550 1142 685 1172 interior
702 1149 819 1179 nempe
839 1140 1009 1170 instinctus
1024 1149 1042 1169 a
1058 1139 1128 1170 Deo
1147 1139 1268 1169 immis-

199 1199 270 1226 suS,
295 1198 361 1228 quo
385 1187 424 1217 ad
451 1185 703 1217 incolumitatem
727 1183 814 1223 regni
837 1184 1003 1214 tutandam
1032 1183 1269 1224 pertrahebatur

200 1242 255 1264 cor
276 1227 465 1268 Pharaonis;
494 1240 599 1271 quove
626 1230 714 1269 ipse,
742 1227 839 1258 veluti
869 1227 1035 1258 occasione
1063 1228 1147 1258 bona
1177 1228 1267 1266 data,

198 1286 340 1317 perverse
359 1275 545 1306 abutebatur
562 1274 595 1304 in
612 1280 787 1314 peccatum.
808 1272 892 1303 Hinc
907 1282 982 1302 vero
1001 1273 1172 1303 verborum
1189 1273 1268 1304 Scri-

198 1328 308 1361 pturae
325 1319 482 1360 emphasis
499 1318 572 1349 satis
588 1318 742 1349 declarata
757 1323 882 1355 manet,
900 1326 982 1357 quae
996 1317 1195 1347 Pharaonem
1212 1327 1267 1348 ex-

198 1366 328 1396 citatum
353 1363 543 1404 pronunciat
565 1363 598 1393 in
614 1362 754 1400 malum,
778 1361 895 1391 scilicet
908 1362 1172 1393 occasionaliter:
1195 1371 1266 1392 cum

198 1411 280 1440 enim
305 1419 325 1439 a
348 1409 418 1439 Deo
442 1409 640 1438 excitaretur
661 1407 706 1437 ad
727 1406 824 1447 regni
837 1406 889 1436 sui
907 1405 1051 1443 tutelam,
1067 1406 1188 1436 abusus
1202 1407 1268 1447 ipse

198 1459 245 1484 est
262 1454 323 1484 hac
339 1454 530 1483 excitatione
546 1453 578 1482 in
601 1451 832 1482 crudelitatem.
858 1450 976 1487 Quam,
994 1456 1074 1490 puto
1091 1460 1162 1490 ego,
1178 1460 1267 1481 com-

196 1498 425 1528 mentationem
435 1497 589 1527 adducere
604 1496 636 1526 in
653 1494 804 1525 invidiam
823 1503 935 1525 censor
950 1493 1136 1534 imprudens
1147 1501 1262 1535 potest,

197 1552 293 1573 nemo
325 1542 436 1572 doctus
467 1551 534 1571 non
563 1540 779 1581 amplectatur.
814 1538 994 1569 Motionem
1022 1538 1116 1569 aliam
1139 1539 1198 1570 Dei
1227 1539 1267 1569 ad

196 1596 284 1625 eam,
309 1596 389 1627 quae
413 1585 527 1616 dicitur
549 1585 660 1616 entitas
684 1591 771 1615 actus
795 1583 924 1624 peccati,
949 1582 1011 1613 hoc
1035 1583 1108 1614 loco
1132 1590 1266 1624 praeter-

195 1631 300 1661 mitto.

262 1676 373 1715 Neque
397 1674 542 1704 interiore
566 1673 674 1704 solum
696 1672 866 1709 instinctu,
890 1681 957 1712 quo
981 1671 1122 1702 abutitur
1144 1672 1266 1711 homo,

197 1719 378 1759 contingere
402 1719 482 1749 hanc
512 1718 691 1748 motionem
713 1717 764 1747 vel
793 1715 1014 1747 excitationem
1042 1716 1074 1746 in
1101 1724 1268 1757 peccatum

196 1763 289 1793 docet
311 1763 482 1803 Angelicus
505 1763 667 1793 Thomas:
692 1761 747 1792 sed
770 1760 866 1791 etiam
890 1762 1056 1800 proposito
1080 1761 1189 1802 aliquo
1213 1772 1267 1793 ex·

195 1808 308 1838 teriori
329 1807 424 1848 quod,
449 1812 604 1848 quantum
625 1811 672 1837 est
684 1806 724 1836 de
735 1815 782 1842 se,
798 1810 846 1835 est
861 1805 1058 1836 inductivum
1073 1806 1117 1836 ad
1130 1806 1270 1844 bonum;

196 1862 262 1892 quo
286 1858 392 1882 tamen
411 1857 547 1892 propter
574 1861 666 1882 suam
695 1850 852 1880 malitiam
871 1859 1027 1889 perverse
1050 1851 1154 1881 utitur
1175 1851 1268 1882 homo

195 1896 239 1926 ad
261 1897 392 1926 malum.
418 1896 453 1926 ln
477 1895 591 1926 eodem
614 1895 778 1925 Pharaone
801 1903 870 1923 rem
885 1893 1116 1933 elegantissime
1136 1895 1270 1935 explicat

194 1941 404 1980 Augustinus,
421 1939 590 1977 beneficiis,
607 1949 690 1980 quae
704 1938 828 1979 populo
843 1938 1064 1969 Hebraeorum
1080 1949 1098 1969 a
1112 1939 1182 1970 Deo
1193 1950 1268 1970 con-

193 1984 257 2015 lata
280 1991 411 2015 noverat
433 1984 551 2024 impius
571 1990 602 2014 et
620 1983 746 2014 invidus
761 1983 838 2020 Rex,
859 1992 1002 2022 perverse
1025 1983 1184 2015 abutente.
1205 1985 1267 2015 Lo-

195 2039 269 2059 cum
283 2029 441 2069 integrum
464 2028 592 2069 profero
616 2038 653 2058 ex
669 2026 874 2058 Enarratione
894 2026 926 2056 in
941 2027 1106 2058 Psalmum
1125 2039 1184 2059 crv.
1203 2029 1269 2060 Rex

193 2073 353 2114 Propheta
374 2079 403 2104 v.
424 2074 461 2103 25
488 2072 547 2103 ait:
570 2072 736 2103 Convertit
755 2081 811 2102 cor
829 2080 939 2102 eorum
960 2069 1147 2113 (Pharaonis
1163 2080 1193 2104 et
1206 2075 1268 2104 Ae-

193 2115 392 2159 gyptiorum)
417 2122 453 2148 ut
475 2117 602 2148 odirent
618 2116 776 2157 populum
797 2117 876 2152 eius,
894 2121 925 2146 et
942 2116 1051 2146 dolum
1062 2116 1218 2157 facerent
1232 2119 1264 2148 in

191 2171 302 2192 servos
325 2162 403 2192 eius.
428 2161 560 2191 Perinde
590 2167 637 2191 est
659 2170 715 2191 cor
737 2160 971 2200 Aegyptiorum
998 2161 1137 2192 converti
1152 2171 1170 2192 a
1185 2162 1266 2201 Deo,

193 2212 288 2246 atque
305 2205 445 2236 suscitari
459 2205 509 2236 vel
523 2205 648 2235 excitari
662 2204 695 2235 in
710 2204 823 2235 odium
834 2204 979 2235 Hebraici
993 2205 1121 2245 populi:
1143 2207 1266 2237 «Num-

196 2262 211 2277 »
233 2250 310 2291 quid
334 2259 409 2280 nam
424 2248 495 2290 (ait
509 2248 735 2290 Augustinus)
751 2248 992 2288 intelligendum
1009 2256 1056 2280 est
1071 2250 1121 2280 vel
1139 2251 1266 2282 creden-

195 2307 210 2322 »
234 2294 312 2324 dum
336 2294 425 2335 quod
448 2294 535 2324 Deus
559 2303 614 2324 cor
640 2292 780 2324 hominis
804 2293 844 2323 ad
875 2292 1016 2324 facienda
1039 2302 1166 2334 peccata
1190 2305 1265 2326 con-

196 2351 211 2366 »
233 2336 349 2369 vertat?
371 2340 423 2368 An
447 2344 612 2378 peccatum
636 2347 702 2368 non
727 2344 783 2375 est,
800 2337 850 2368 vel
874 2347 1009 2377 parvum
1025 2346 1191 2378 peccatum
1208 2347 1265 2378 est,

195 2395 211 2410 ³>
234 2382 338 2413 odisse
354 2382 513 2422 populum
529 2382 587 2412 Dei
611 2389 642 2413 et
662 2382 775 2412 dolum
791 2381 891 2412 facere
907 2381 939 2412 in
957 2392 1063 2413 servos
1081 2382 1166 2415 eius?
1183 2385 1263 2422 Quis

195 2439 210 2454 2»
233 2427 295 2457 hoc
318 2424 445 2457 dixerit?
467 2426 635 2466 Numquid
654 2436 728 2465 ergo
747 2433 813 2456 tam
828 2425 972 2466 gravium
989 2434 1193 2467 peccatorum
1209 2439 1264 2460 au-

194 2483 209 2499 »
233 2478 300 2501 ctor
323 2477 369 2501 est
392 2471 498 2508 Deus,
523 2470 578 2511 qui
607 2470 725 2500 nullius
753 2470 803 2500 vel
827 2470 975 2501 levissimi
1007 2472 1125 2512 peccati
1153 2480 1265 2505 auctor

193 2527 208 2543 »
232 2515 404 2546 credendus
424 2512 489 2545 est?
504 2514 585 2551 Quis
604 2514 727 2554 sapiens
747 2521 777 2545 et
795 2514 947 2554 intelliget
965 2514 1060 2547 haec?
1073 2529 1087 2544 ›
1107 2516 1263 2557 Sapientis

191 2566 238 2590 est
267 2559 300 2588 id
322 2558 494 2598 intelligere
507 2559 716 2598 permissive:
739 2568 775 2589 ac
797 2559 946 2598 sapientis
961 2566 1017 2597 est,
1034 2567 1069 2592 ut
1084 2562 1262 2602 emphasim

191 2603 423 2643 Scripturarum
453 2609 655 2643 assequatur,
686 2602 810 2643 aliquid
832 2603 971 2643 amplius
1001 2605 1200 2646 intelligere;
1227 2613 1263 2638 ut

191 2647 467 2688 quemadmodum
482 2647 525 2678 ad
538 2647 620 2677 bona
638 2647 772 2678 inclinat
789 2647 881 2677 Deus
898 2647 1062 2679 hominum
1083 2650 1264 2682 voluntates

192 2691 312 2723 directe
335 2696 366 2722 et
383 2701 446 2732 per
459 2700 504 2728 se,
520 2696 682 2732 tamquam
697 2697 814 2722 auctor
827 2691 1004 2723 bonorum:
1026 2693 1069 2723 ita
1082 2693 1127 2724 ad
1140 2695 1261 2725 malum

192 2736 321 2767 dicatur
344 2735 519 2772 inclinare,
545 2736 595 2766 vel
617 2737 774 2766 suscitare
797 2733 868 2777 (vel
897 2735 1097 2779 convertere)
1121 2738 1264 2770 homines

193 2780 458 2818 occasionaliter,·
486 2780 518 2810 in
549 2785 704 2820 quantum
727 2780 848 2810 scilicet
869 2780 960 2810 Deus
991 2781 1112 2812 homini
1140 2782 1264 2823 aliquid

187 2825 351 2865 proponit,
377 2825 427 2855 vel
450 2825 586 2854 interius
609 2824 660 2854 vel
682 2825 825 2854 exterius
847 2823 949 2864 quod,
975 2830 1130 2865 quantum
1154 2832 1202 2857 est
1224 2827 1264 2858 de

192 2878 237 2906 se,
263 2874 309 2899 est
333 2868 529 2899 inductivum
548 2868 592 2899 ad
607 2868 722 2899 bonum
731 2875 745 2906 ;
766 2868 823 2898 sed
837 2868 929 2899 homo
936 2874 1074 2909 propter
1086 2879 1178 2900 suam
1194 2881 1263 2902 ma-

192 2913 294 2943 litiam
313 2922 467 2953 perverse
491 2913 594 2943 utitur
615 2912 660 2943 ad
682 2913 813 2942 malum.
838 2912 1017 2943 Motionem
1036 2913 1117 2944 hanc
1137 2912 1192 2954 p'er
1214 2915 1262 2946 in-

192 2957 339 2987 teriorem
362 2956 547 2987 instinctum
570 2956 635 2987 iarn
653 2956 879 2996 exposuimus;
904 2957 1113 2999 eamdemque
1133 2968 1189 2999 per
1207 2959 1263 2990 ali-

192 3001 281 3042 quod
305 3001 437 3031 exterius
461 3001 585 3031 bonum
601 3011 618 3031 a
634 3001 704 3031 Deo
729 3000 932 3040 propositum
955 3001 1056 3041 pergit
1074 3002 1148 3033 loco
1167 3003 1262 3034 citato

193 3045 356 3085 explanare
380 3045 588 3085 Augustinus.
613 3044 667 3075 Ait
685 3044 822 3085 quippe:
845 3045 944 3085 «Ipsa
963 3052 1010 3076 est
1034 3046 1087 3076 illa
1112 3047 1262 3078 mirabilis

194 3102 208 3116 ›
231 3089 290 3119 Dei
313 3089 448 3127 bonitas,
463 3099 527 3129 qua
550 3089 630 3119 bene
654 3088 753 3119 utitur
769 3088 863 3119 etiam
882 3089 973 3119 malis
995 3090 1045 3120 vel
1066 3091 1196 3131 Angelis
1211 3092 1262 3123 vel

194 3146 209 3161 »
232 3133 424 3164 hominibus.
459 3133 545 3164 Curn
568 3133 654 3163 enim
677 3133 737 3173 ipsi
761 3133 838 3164 vitio
862 3143 922 3164 suo
946 3134 1020 3164 mali
1044 3134 1123 3174 sint,
1147 3135 1198 3166 ille
1221 3136 1261 3166 de

194 3189 209 3205 »
232 3177 317 3207 malo
346 3187 458 3207 eorum
486 3177 566 3207 bene
595 3177 677 3208 facit.
709 3177 783 3207 Non
812 3177 897 3208 enim
921 3184 1092 3219 antequam
1121 3179 1262 3211 odissent

194 3234 209 3249 »
232 3221 390 3262 populurn
421 3221 488 3251 eius
527 3221 604 3251 boni
638 3228 743 3259 erant;
768 3222 823 3252 sed
851 3222 980 3262 maligni
1004 3229 1035 3254 et
1063 3223 1153 3264 impii
1183 3224 1261 3255 tales

194 3278 208 3293 »
231 3272 329 3303 erant,
353 3265 442 3306 quod
465 3265 555 3296 facile
577 3265 689 3296 incolis
713 3265 777 3296 suis
798 3265 941 3296 felicibus
957 3266 1140 3298 inviderent.
1167 3268 1202 3299 ln
1221 3279 1260 3299 eo

194 3323 208 3337 ›
232 3319 306 3350 ergo
322 3310 412 3351 quod
427 3309 587 3350 populum
602 3320 698 3340 suum
712 3310 944 3350 multiplicavit,
955 3310 1017 3342 hoc
1032 3311 1185 3343 beneficio
1200 3323 1260 3344 suo

194 3367 208 3381 ›
231 3354 333 3384 malos
357 3354 396 3384 ad
419 3353 627 3384 invidendum
650 3355 814 3385 convertit.
841 3354 959 3385 Invidia
978 3362 1024 3386 est
1043 3356 1128 3386 enim
1147 3357 1260 3388 odium

195 3411 208 3425 »
232 3398 385 3429 felicitatis
409 3398 536 3429 alienae.
562 3398 613 3429 Sic
637 3408 711 3438 ergo
735 3400 890 3430 convertit
913 3409 969 3430 cor
991 3410 1120 3438 eorum,
1147 3407 1261 3443 ut1per

194 3454 209 3469 n
232 3442 436 3473 invidentiam
459 3442 599 3473 odissent
613 3443 770 3483 populum
790 3444 869 3481 eius,
885 3448 916 3474 et
933 3443 1041 3475 dolum
1051 3444 1208 3486 facerent
1226 3447 1259 3477 in

195 3498 209 3513 »
231 3496 340 3517 servos
358 3488 435 3518 eius.
459 3487 534 3517 Non
550 3487 656 3527 itaque
671 3497 726 3518 cor
739 3487 869 3518 illorum
888 3488 1010 3519 malum
1033 3488 1190 3527 faciendo,
1205 3491 1259 3521 sed

195 3541 210 3556 ι
232 3531 354 3570 populo
385 3541 444 3561 suo
474 3531 718 3569 benefaciendo,
750 3541 804 3562 cor
833 3531 962 3562 illorum
992 3540 1106 3573 sponte
1136 3534 1259 3565 malum

168 3578 170 3580 ’
197 3586 210 3599 »
234 3576 387 3605 convertit
410 3575 449 3604 ad
473 3575 618 3606 odium...
642 3576 716 3605 Non
740 3575 812 3605 illos
832 3576 934 3606 malos
954 3576 1108 3614 faciendo,
1124 3578 1178 3608 sed
1193 3578 1259 3610 istis

196 3629 210 3643 x
233 3617 333 3655 bona,
349 3618 463 3658 quibus
487 3618 562 3649 mali
577 3619 723 3650 facillime
742 3626 872 3659 possent
890 3619 1039 3659 invidere,
1059 3621 1255 3662 largiendo.»

927 263 1385 303 DISSERTATIONES
1415 262 1663 300 CRITICAE

1329 342 1474 383 Utroque
1497 342 1598 372 modo
1627 342 1730 372 malos
1761 342 1909 373 homines
1932 343 2169 384 reprobosque,
2195 344 2331 374 interius
2353 344 2403 374 vel

1329 387 1482 424 exterius,
1507 386 1702 427 quandoque
1726 397 1744 417 a
1767 387 1836 417 Deo
1861 387 1982 418 moveri
2007 394 2037 418 et
2056 387 2191 426 excitari,
2208 388 2402 429 eosdemque

1329 436 1399 460 tum
1427 430 1567 461 interiori
1598 430 1651 460 illa
1678 431 1843 469 motione,
1874 438 1944 462 turn
1975 432 2161 462 excitatione
2190 432 2332 462 exteriori
2366 443 2403 463 ex

1328 474 1528 514 perversitate
1552 474 1655 505 cordis
1679 475 1776 513 abuti,
1801 476 1898 506 veluti
1923 476 2090 506 occasione
2114 483 2252 516 sumpta,
2273 477 2312 506 ad
2331 487 2402 517 per-

1329 519 1519 558 petrandum
1541 519 1665 549 malurn
1683 519 1734 550 vel
1758 519 1830 560 ipso
1857 520 2072 560 experimento
2092 527 2231 551 constat:
2257 521 2401 562 adeoque

1328 562 1505 603 Scripturae
1528 563 1633 602 verba,
1658 573 1740 604 quae
1763 563 1950 595 huiusmodi
1973 564 2194 595 excitationem
2218 565 2258 595 ad
2277 566 2401 596 malum

1328 607 1528 647 exprimunt,
1558 617 1616 647 par
1644 614 1727 646 erat,
1757 608 1979 648 sapientissimi
2009 609 2116 639 Patres
2139 609 2338 649 Augustinus
2371 617 2402 641 et

1327 651 1472 681 Thomas
1494 651 1538 682 ita
1560 651 1779 692 intelligerent,
1804 658 1840 683 ut
1862 652 2041 693 simplicem
2064 653 2308 693 permissionem
2333 665 2399 684 non

1327 694 1537 734 significarent
1567 695 1750 734 dumtaxat,
1781 696 1836 726 sed
1870 697 1994 738 aliquid
2024 697 2183 737 amplius,
2217 698 2400 729 interiorem

1326 749 1442 778 nempe
1465 739 1651 770 instinctum
1674 750 1692 770 a
1715 740 1786 770 Deo
1809 740 1842 770 in
1866 741 1951 772 hisce
1975 741 2098 772 casibus
2126 741 2325 780 immissum,
2349 743 2400 773 vel

1325 782 1512 813 exteriorem
1535 783 1669 814 alicuius
1692 784 1769 814 boni
1793 785 2060 825 propositionem,
2080 796 2115 816 ac
2139 786 2304 827 utriusque
2328 797 2399 827 per-

1324 837 1452 857 versum
1476 837 1582 857 usum.
1613 828 1721 864 Quam
1743 828 1839 868 longe
1862 838 1938 859 vero
1962 829 2039 859 haec
2063 836 2246 860 sanctorum
2269 831 2400 862 Patrurn

1325 871 1468 901 doctrina
1491 871 1530 901 ab
1555 881 1594 901 eo
1618 871 1795 902 calumniae
1828 872 1936 903 colore
1967 873 2078 912 distat,
2102 883 2168 914 quo
2193 884 2264 904 eam
2286 875 2399 906 illinire

1325 915 1446 945 censori
1470 915 1617 946 Simonio
1641 915 1777 956 placuit!

1390 960 1427 990 11.
1453 959 1529 990 Tria
1552 966 1723 1000 supersunt
1745 970 1782 990 ex
1806 960 1925 990 eisdem
1944 960 2191 991 Commentariis
2210 962 2401 1003 deprompta

1322 1003 1404 1042 loca,
1421 1014 1503 1045 quae
1522 1004 1693 1035 lectoribus
1713 1004 1990 1035 animadvertenda
2005 1005 2158 1046 proponit
2172 1015 2295 1044 censor,
2310 1007 2399 1037 nulla

1323 1048 1454 1088 quidem
1478 1048 1617 1079 adhibita
1641 1059 1783 1087 censura,
1808 1049 1862 1080 sed
1886 1059 1991 1090 neque
2015 1050 2175 1080 declarans
2197 1060 2262 1091 qua
2283 1050 2315 1081 id
2330 1050 2398 1091 ipse

1323 1093 1420 1132 egerit
1442 1099 1558 1124 mente.
1583 1093 1637 1124 Ait
1659 1101 1751 1124 vero:
1779 1106 1794 1121 κ
1807 1094 1855 1124 De
1877 1093 1997 1124 haeresi
2021 1093 2139 1125 fusiore
2159 1104 2305 1125 sermone
2329 1105 2398 1136 per—

1326 1149 1340 1164 »
1362 1143 1473 1168 tractat
1495 1137 1631 1168 lectione
1650 1148 1686 1168 ‘rv
1708 1138 1742 1168 in
1766 1144 1861 1179 caput
1882 1148 1915 1168 xr
1938 1138 2100 1179 Epistolae
2123 1138 2244 1179 primae
2267 1140 2307 1170 ad
2331 1139 2396 1171 Co·

1325 1194 1340 1209 2>
1362 1182 1516 1220 rinthios,
1541 1192 1576 1213 ac
1597 1182 1791 1213 haereticum
1817 1181 1927 1213 definit
1951 1184 2007 1224 qui
2023 1192 2180 1223 spernens
2194 1183 2396 1225 disciplinam

1326 1238 1340 1253 x·
1351 1226 1438 1267 fidei
1460 1224 1622 1268 (Thomae
1641 1227 1735 1257 verba
1759 1225 1846 1270 sunt)
1870 1237 1953 1268 quae
1971 1227 2125 1258 divinitus
2144 1228 2301 1266 traditur,
2318 1238 2396 1269 per-

1325 1282 1340 1298 »
1363 1272 1512 1302 tinaciter
1533 1272 1706 1312 proprium
1737 1281 1881 1302 errorem
1909 1277 2071 1303 sectatur:
2094 1272 2179 1302 unde
2202 1272 2397 1304 haereticum

1325 1327 1339 1342 x·
1362 1325 1429 1345 non
1453 1315 1567 1346 mentis
1583 1325 1670 1346 error
1684 1322 1810 1347 tantum
1826 1315 1910 1355 facit,
1927 1316 1982 1347 sed
1997 1316 2170 1348 voluntatis
2185 1317 2366 1357 pertinacia.
2378 1329 2394 1345 ιν

1323 1359 1358 1389 ld
1387 1366 1479 1390 antea
1501 1360 1701 1400 Augustinus
1733 1360 1929 1402 frequentius
1957 1360 2134 1392 tradiderat.
2166 1361 2263 1392 Libro
2288 1362 2329 1392 111
2357 1361 2398 1393 de

1321 1404 1439 1434 Anima
1463 1409 1494 1434 et
1517 1405 1586 1435 eius
1608 1405 1736 1446 origine
1759 1405 1860 1446 capite
1882 1415 1950 1444 x1v‚
1974 1415 2064 1436 num.
2083 1413 2140 1436 20:
2164 1406 2264 1437 Modo
2276 1406 2394 1447 proba,

1322 1449 1498 1486 carissime,
1519 1446 1591 1491 (ait)
1611 1459 1674 1480 non
1699 1455 1730 1480 te
1742 1449 1917 1490 fallaciter
1939 1451 2000 1480 ista
2019 1450 2150 1487 dixisse,
2168 1455 2203 1481 ut
2220 1451 2260 1481 de
2276 1456 2333 1481 tua
2348 1451 2396 1481 in-

1321 1492 1394 1523 dole
1408 1502 1471 1522 non
1485 1493 1589 1523 solum
1605 1494 1786 1534 ingeniosa,
1803 1504 1913 1525 verum
1929 1495 2024 1525 etiam
2040 1500 2148 1532 cauta,
2155 1495 2224 1536 pia,
2240 1495 2395 1533 modesta,

1320 1536 1466 1577 gaudeat
1488 1537 1644 1568 catholica
1667 1538 1825 1576 Ecclesia,
1847 1548 1910 1569 non
1934 1539 1975 1569 de
1997 1540 2193 1570 contentiosa
2210 1541 2396 1580 pertinacia

1321 1581 1483 1612 haeretica
1499 1581 1692 1613 exardescat
1710 1583 1849 1613 insania.
1870 1583 1911 1613 Et
1925 1583 2026 1624 capite
2044 1593 2096 1622 xv,
2115 1593 2205 1614 num.
2224 1584 2281 1615 23:
2300 1583 2397 1616 Haec

1321 1626 1350 1656 si
1357 1626 1572 1666 pertinaciter
1584 1627 1718 1668 singula
1731 1626 1962 1668 defendantur,
1978 1632 2024 1658 tot
2037 1628 2188 1659 haereses
2192 1627 2312 1669 facere
2321 1637 2397 1669 pos-

1321 1675 1408 1707 sunt,
1433 1675 1509 1711 quot
1528 1671 1692 1711 opiniones
1710 1681 1779 1702 esse
1798 1676 2023 1703 numerantur.
2043 1672 2236 1703 Pertinaciae
2252 1678 2399 1704 naturam

1323 1721 1354 1744 et
1376 1714 1519 1745 indolem
1539 1715 1669 1756 exponit
1686 1715 1768 1746 libro
1786 1716 1828 1747 IV
1851 1716 1892 1747 de
1906 1716 2072 1757 Baptismo
2088 1723 2198 1747 contra
2215 1716 2398 1748 Donatistae

1324 1758 1425 1799 capite
1447 1768 1510 1797 xv1,
1526 1769 1615 1790 num.
1635 1761 1692 1790 23:
1717 1760 1832 1798 Istum,
1857 1760 2015 1802 inquiens,
2040 1761 2182 1792 nondum
2201 1761 2398 1793 haereticum

1323 1803 1405 1841 dico,
1431 1804 1494 1834 nisi
1516 1803 1725 1845 manifestata
1748 1805 1809 1836 sibi
1831 1805 1979 1836 doctrina
2003 1805 2180 1836 catholicae
2191 1805 2293 1847 fidei,
2318 1806 2399 1837 resi·

1323 1853 1408 1878 stere
1439 1848 1601 1886 maluerit,
1633 1853 1664 1879 et
1694 1849 1776 1880 illud
1803 1849 1888 1890 quod
1918 1849 2044 1880 tenebat
2075 1850 2218 1891 elegerit.
2252 1850 2294 1881 Et
2321 1849 2399 1891 Epi-

1324 1891 1406 1922 stola
1420 1902 1506 1930 xtm,
1523 1892 1562 1923 al.
1575 1903 1666 1931 ean,
1683 1903 1773 1924 num.
1795 1901 1821 1924 1:
1840 1893 1906 1930 Qui
1918 1895 2108 1925 sententiam
2130 1903 2236 1932 suam,
2251 1895 2400 1936 quamvis

1315 1935 1443 1976 falsam
1467 1942 1564 1978 atque
1581 1947 1771 1977 perversam
1787 1938 1879 1968 nulla
1887 1939 2052 1978 pertinaci
2067 1939 2271 1970 animositate
2285 1938 2397 1980 defen-

1323 1980 1436 2012 dunt...
1462 1987 1624 2022 quaerunt
1637 1987 1744 2013 autem
1765 1987 1862 2013 cauta
1885 1982 2100 2014 sollicitudine
2124 1979 2301 2021 veritatem,
2326 1993 2396 2015 cor-

1323 2026 1391 2066 rigi
1407 2027 1522 2065 parati
1544 2036 1616 2057 cum
1641 2027 1833 2064 invenerint,
1859 2036 2060 2068 nequaquam
2079 2033 2156 2058 sunt
2179 2028 2264 2058 inter
2284 2028 2396 2059 haere-

1323 2070 1401 2100 ticos
1423 2069 1609 2110 deputandi.
1634 2070 1852 2102 Praetermitto
1876 2071 2008 2102 huiusce
2032 2071 2075 2102 rei
2090 2071 2210 2113 reliqua
2232 2072 2324 2112 plura
2338 2072 2396 2103 do-

1323 2121 1480 2145 cumenta.
1505 2115 1596 2145 Mens
1619 2115 1719 2155 ipsius
1742 2115 1890 2146 Thomae
1914 2115 1987 2146 alibi
2007 2115 2119 2146 eadem
2141 2122 2189 2147 est
2210 2116 2347 2148 lectione
2360 2126 2395 2147 m

1322 2157 1354 2188 in
1375 2165 1470 2198 caput
1485 2169 1518 2189 m
1534 2159 1697 2199 Epistolae
1713 2159 1753 2190 ad
1766 2159 1890 2198 Titum,
1911 2166 1942 2190 et
1961 2160 2003 2190 11⁸
2018 2160 2073 2190 11¹2
2087 2167 2208 2202 quaest.
2224 2171 2267 2199 xi,
2283 2160 2370 2192 artic.
2384 2170 2397 2192 1

1322 2209 1352 2233 et
1375 2213 1408 2241 n,
1432 2210 1463 2234 et
1481 2204 1520 2234 de
1540 2203 1626 2234 Malo
1649 2214 1703 2245 qu.
1720 2214 1786 2242 vm,
1803 2211 1858 2235 art.
1875 2214 1886 2234 ι
1905 2205 1944 2234 ad
1964 2215 1994 2246 7.
2021 2204 2236 2236 Consentiunt
2253 2204 2397 2246 theologi

1321 2257 1445 2285 omnes,
1465 2257 1606 2288 quorum
1629 2258 1733 2279 unum
1754 2248 1921 2279 dissidium
1937 2248 2048 2280 fervet:
2074 2259 2154 2280 num
2170 2249 2340 2290 pertinacia
2354 2249 2396 2280 nd

1320 2291 1492 2322 haereticae
1525 2302 1656 2334 quoque
1686 2293 1916 2334 propositionis
1947 2293 2133 2334 qualitatem
2161 2293 2270 2335 aliquo
2294 2293 2396 2325 modo

1320 2335 1484 2376 pertineat,
1500 2343 1531 2367 et
1550 2347 1615 2367 non
1631 2337 1738 2368 solum
1755 2337 1942 2378 proferentis
1958 2337 2103 2369 animum
2122 2337 2246 2377 afficiat,
2263 2337 2319 2380 qui
2335 2347 2395 2380 pro

1319 2380 1476 2411 haeretico
1499 2380 1664 2412 habendus
1688 2388 1743 2413 est.
1769 2381 1912 2413 Consule
1935 2382 2018 2413 illos.
2055 2399 2058 2405 ·

1385 2425 1489 2465 Pergit
1504 2425 1682 2456 Simonius:
1710 2439 1724 2454 ‹
1742 2426 1788 2457 Ea
1807 2427 1901 2457 verba
1915 2426 2064 2467 Apostoli
2083 2426 2156 2458 loco
2177 2426 2271 2458 citato
2289 2432 2319 2458 r.
2337 2427 2394 2458 23:

1322 2482 1336 2496 »
1359 2469 1433 2510 Ego
1457 2471 1539 2500 enim
1564 2471 1674 2511 accepi
1696 2480 1716 2501 a
1734 2471 1874 2501 Domino
1894 2477 1951 2502 etc.
1973 2471 2244 2502 commentatione
2267 2481 2325 2502 sua
2343 2481 2394 2502 ex-

1321 2526 1335 2541 »
1358 2523 1482 2554 ponens
1506 2514 1649 2555 Aquinas
1672 2515 1808 2546 lectione
1831 2525 1851 2545 v
1874 2515 2019 2546 funditus
2041 2516 2263 2557 quaestionem
2290 2522 2395 2547 verset

1321 2570 1335 2586 ι
1358 2558 1397 2588 de
1422 2558 1794 2590 Transubstantiatione:
1817 2559 1959 2601 nihilque
1980 2560 2209 2600 praetermittit,
2233 2560 2324 2601 quod
2341 2569 2394 2591 ve-

1321 2615 1335 2630 »
1357 2602 1433 2633 tusti
1463 2602 1648 2634 Scholastici
1676 2613 1713 2634 ea
1743 2604 1782 2634 de
1812 2614 1844 2634 re
1875 2604 2062 2635 docuerunt.
2085 2617 2100 2631 »
2127 2604 2252 2635 Addere
2281 2613 2394 2635 censor

1318 2646 1477 2677 debuisset
1501 2647 1579 2677 nihil
1605 2647 1701 2678 etiam
1720 2658 1738 2678 a
1752 2647 1882 2678 Thoma
1901 2647 2169 2688 praetermissum,
2189 2654 2226 2679 ut
2243 2647 2393 2689 Apostoli

1317 2690 1429 2728 verbis,
1453 2701 1536 2732 quae
1559 2691 1700 2722 divinam
1719 2691 1852 2722 afferunt
1875 2691 2111 2730 revelationem,
2134 2691 2277 2732 legitimo
2297 2700 2392 2723 sensu

1318 2734 1489 2775 explanatis
1519 2733 1615 2777 (quae
1639 2745 1805 2776 supremae
1829 2742 1904 2767 sunt
1931 2735 2072 2776 theologi
2100 2734 2218 2778 partes)
2242 2735 2392 2767 Euchari-

1318 2778 1394 2809 stiae
1417 2778 1609 2809 Sacramenti
1639 2779 1872 2810 institutionem
1905 2789 1940 2810 ac
1970 2779 2154 2820 dignitatem
2187 2779 2390 2821 patefaceret3

1317 2823 1543 2864 veritatemque
1555 2823 1696 2863 corporis
1707 2823 1835 2862 Christi,
1845 2823 2012 2866 ipsamque
2025 2824 2392 2856 transubstantiationem

1317 2873 1481 2905 tutaretur,
1505 2867 1736 2898 haereticorum
1760 2877 1863 2898 errore
1886 2867 2066 2908 profligato,
2091 2868 2298 2910 absurdisque
2321 2868 2391 2910 qui-

1307 2911 1452 2942 busdam
1485 2911 1722 2952 opinationibus
1755 2911 1885 2943 reiectis.
1917 2913 2005 2944 Haec
2042 2913 2151 2944 omnia
2188 2913 2261 2944 loco
2295 2913 2392 2945 citato

1317 2955 1438 2995 egregie
1462 2962 1597 2996 praestat
1620 2966 1644 2987 s.
1665 2955 1819 2987 Thomas.

1384 3000 1434 3030 111.
1456 2999 1618 3031 Laudibus
1636 3000 1768 3031 demum
1787 3007 1932 3031 sanctum
1946 3001 2121 3032 Doctorem
2140 3008 2286 3032 nostrum
2301 3011 2390 3033 exor-

1316 3050 1369 3074 nat
1383 3043 1557 3082 Simonius,
1573 3054 1630 3075 ceu
1649 3044 1925 3084 diligentissimum
1942 3045 2160 3086 interpretem,
2176 3046 2232 3087 qui
2246 3053 2391 3078 veterum

1316 3088 1600 3119 commentationes
1624 3098 1736 3119 omnes
1760 3095 1791 3120 et
1813 3095 1953 3128 noverat,
1978 3099 2014 3121 ac
2033 3090 2153 3130 profert
2175 3097 2207 3122 et
2225 3090 2388 3132 expendit:

1315 3142 1436 3173 quaeve
1455 3132 1553 3163 sumit
1569 3133 1785 3173 pertractanda
1804 3140 1989 3173 argumenta
2010 3134 2181 3175 omnigena
2200 3134 2389 3174 eruditione,

1315 3186 1396 3217 quae
1415 3183 1540 3217 praesto
1559 3176 1604 3207 illi
1623 3183 1698 3216 erat,
1718 3177 1869 3208 exhaurit.
1891 3178 1925 3208 ln
1946 3178 2127 3219 exemplum
2142 3179 2271 3210 adducit
2289 3178 2388 3211 Com-

1314 3220 1458 3251 mentarii
1481 3221 1591 3252 locum
1618 3221 1651 3252 in
1680 3221 1828 3262 Apostoli
1856 3223 1950 3253 verba
1978 3223 2079 3264 capite
2097 3233 2129 3254 xt
2156 3223 2323 3264 Epistolae.
2348 3223 2389 3254 td

1314 3265 1476 3295 Hebraeos
1503 3270 1532 3296 t.
1566 3273 1622 3296 22:
1652 3266 1732 3297 Fide
1760 3266 1857 3297 Iacob
1891 3268 2032 3298 moriens
2068 3268 2217 3309 singulos
2235 3267 2386 3310 filiorum

1314 3309 1428 3350 Ioseph
1443 3309 1618 3348 benedixit,
1639 3315 1671 3341 et
1687 3310 1837 3341 adoravit
1845 3310 2024 3352 fastigium
2043 3313 2158 3354 virgae
2176 3312 2255 3350 eius,
2271 3319 2388 3352 nempe

1315 3353 1439 3394 Ioseph.
1461 3354 1506 3385 lta
1525 3353 1686 3385 Geneseos
1705 3354 1805 3396 capite
1828 3365 1922 3394 xtvn,
1942 3365 2021 3386 vers.
2045 3356 2079 3387 31
2103 3356 2189 3387 iuxta
2206 3354 2387 3386 versionem

1314 3397 1380 3430 τῶν
1405 3408 1474 3429 ιιι.
1499 3398 1636 3429 Sensum
1658 3398 1774 3430 habeto
1798 3399 1883 3431 iuxta
1908 3399 2155 3441 frequentiorem
2177 3399 2385 3440 interpretum

1313 3442 1515 3474 sententiam:
1545 3443 1697 3474 Iacobum
1728 3443 1936 3483 morientem,
1968 3450 2140 3486 postquam
2169 3453 2203 3474 se
2231 3442 2387 3483 Iosephus

1313 3493 1508 3518 sacramento
1532 3487 1698 3519 obstrinxit
1720 3494 1757 3519 ut
1784 3498 1843 3529 pro
1870 3488 1954 3520 votis
1982 3488 2078 3529 patris
2101 3496 2216 3528 corpus
2239 3486 2306 3518 eius
2333 3487 2386 3517 de-

1313 3531 1444 3562 ferretur
1466 3531 1499 3562 in
1518 3531 1743 3563 Chananaeam
1766 3532 1929 3573 regionem
1948 3532 2177 3573 sepeliendum,
2200 3537 2384 3562 veneratum

1313 3585 1379 3606 esse
1404 3582 1563 3616 sceptrum
1582 3577 1670 3617 quod
1689 3576 1756 3617 ipse
1776 3577 1890 3618 Ioseph
1909 3577 2045 3617 gerebat,
2065 3585 2120 3607 seu
2139 3574 2258 3616 regiam
2276 3584 2294 3605 a
2312 3574 2383 3606 Deo

1313 3619 1357 3650 illi
1387 3620 1493 3651 datam
1520 3626 1719 3660 potestatem.
1744 3621 1866 3651 Eadem
1896 3626 2015 3652 retenta
2043 3619 2203 3658 versione,
2231 3618 2385 3650 variantes
