2548 4192
925 264 980 300 IN
1010 264 1048 300 S.
1070 263 1312 301 THOMAM
1339 264 1664 311 AQUINATEM

198 354 257 384 gus
280 344 313 374 in
336 343 513 374 Annalibus
535 343 630 373 verba
645 342 719 373 facit
742 343 783 373 ad
798 353 849 374 an.
871 353 952 384 1290
970 354 1059 375 num.
1083 344 1131 381 18,
1149 344 1271 384 ipsum-

198 398 262 429 que
284 394 378 419 vocat
392 387 519 418 Serium
537 388 632 417 nimis
651 387 875 428 indagatorem
893 398 1016 426 eorum,
1038 399 1122 430 quae
1137 389 1272 422 obiicere

192 438 303 473 posset
325 438 438 463 eontra
461 441 488 462 s.
513 431 676 462 Thomam.
694 432 867 472 Praecipua
883 433 1044 464 doctrinae
1061 433 1173 473 capita,
1190 444 1272 474 quae

200 476 380 517 oppugnari
403 485 517 516 posse,
547 475 646 506 veluti
680 476 846 516 praedictis
878 477 1017 508 censuris
1050 478 1114 508 iam
1143 485 1270 518 notata,

199 520 322 561 putavit
344 520 408 558 ille,
432 519 513 550 infra
536 520 682 550 dabimus
707 527 737 551 et
759 521 1001 552 vindicabimus.

266 565 302 594 ln
326 574 454 594 arenam
477 573 535 604 pro
559 564 689 594 Thoma
720 572 829 596 contra
862 567 1072 597 Lamaraeum
1105 568 1272 601 descende-

199 615 273 640 runt
296 608 482 639 consodales
507 607 624 648 plures,
644 609 700 649 qui
724 608 1095 650 doctrinae'praestantia
1114 622 1193 645 aevo
1216 615 1271 645 illo

200 653 365 684 florebant.
382 653 562 683 Memorant
585 653 774 684 Laurentius
798 654 933 695 Pignon,
959 656 1102 686 Leander
1125 657 1272 690 Albertus

201 703 233 728 et
256 697 319 735 alii,
342 697 465 737 insigne
489 697 527 727 ab
551 697 709 728 Richardo
733 699 890 739 Knapwel
913 709 968 730 seu
989 700 1138 741 Clapoel,
1165 704 1271 744 anglo,

200 751 304 772 sacrae
328 741 525 781 Theologiae
555 742 705 781 magistro
738 743 931 781 Oxoniensi,
961 745 1181 778 elucubratum
1213 749 1271 779 sub

200 785 299 816 finem
322 786 437 816 saeculi
460 796 515 816 xm
538 796 632 826 opUS,
653 787 774 818 Contra
794 790 1031 831 corruptorium
1041 789 1168 831 fratris
1191 794 1272 823 Tho-

200 839 273 860 mae
295 830 335 861 de
357 830 494 871 Aquino.
521 831 645 871 Nempe
672 831 911 863 Correctorium
945 835 983 864 ab
1013 834 1188 867 Guillelmo
1212 838 1272 868 La-

200 884 327 905 maraeo
352 874 557 915 inscriptum,
581 876 711 907 vocitari
735 877 856 908 solebat
874 878 1131 919 Corruptorium.
1156 881 1273 912 Similis

199 919 377 959 argumenti
393 929 487 959 opuS,
501 919 623 950 Contra
640 927 860 962 corruptorem
876 924 981 954 sancti
1001 924 1149 963 Thomae,
1162 926 1272 956 Ioanni

198 963 384 1002 Parisiensi,
408 974 507 1004 quem
529 965 705 995 secundum
738 966 834 997 huius
858 967 998 998 nominis
1033 970 1204 1009 appellant,
1233 971 1272 1000 ad

198 1007 386 1048 antiquioris
411 1008 599 1047 discrimen,
623 1009 679 1050 qui
702 1010 998 1051 Pungens-asinum
1027 1014 1272 1052 cognominaba-

198 1058 260 1090 tur,
285 1052 466 1083 adiudicant
487 1059 606 1083 veteres
630 1055 894 1086 nomenclatores.
920 1058 1016 1087 Anno
1041 1057 1159 1088 Christi
1190 1059 1271 1089 1300

198 1095 330 1127 florebat
352 1096 415 1127 ille.
435 1096 530 1127 Liber
552 1097 671 1137 prodiit
689 1098 840 1138 Venetiis,
857 1099 913 1140 qui
943 1100 1181 1132 Correctorium
1204 1112 1273 1133 cor-

199 1141 340 1180 ruptorii
353 1140 481 1181 fratris
508 1141 648 1172 Thomae
670 1142 859 1182 inscribitur,
883 1144 967 1185 typis
993 1145 1158 1176 Octaviani
1187 1147 1273 1177 Scoti

198 1194 284 1214 anno
314 1185 395 1214 1516
430 1184 452 1215 f.
476 1186 534 1216 sub
564 1186 696 1217 nomine
720 1186 774 1228 fr.
799 1188 930 1229 Aegidii
961 1189 1001 1220 de
1031 1189 1190 1221 Columna
1221 1201 1273 1221 ro-

201 1229 302 1266 mani,
327 1228 457 1260 Ordinis
481 1229 579 1261 sancti
602 1231 786 1270 Augustini,
809 1232 1048 1273 Archiepiscopi
1070 1233 1274 1266 Bituricensis

201 1282 288 1303 anno
317 1274 399 1303 1316
424 1274 539 1305 denari.
557 1275 672 1315 Operis
695 1275 822 1306 initium
845 1282 907 1307 est:
927 1289 942 1304 α
958 1277 1070 1314 Quare
1087 1278 1275 1310 detraxistis

203 1330 219 1346 2
239 1318 440 1354 sermonibus
463 1319 618 1357 veritatis,
639 1329 710 1350 cum
731 1330 773 1351 ex
790 1321 877 1352 vobis
900 1321 1010 1352 nullus
1027 1323 1079 1360 sit,
1099 1324 1155 1364 qui
1171 1325 1275 1364 possit

163 1381 166 1382 γ
201 1360 222 1390 J,
235 1362 386 1403 'arguere
395 1372 478 1394 me...
491 1361 573 1405 (Iob.
589 1362 672 1406 vr.)?
687 1364 840 1401 Quaestio
855 1366 1019 1406 proposita
1030 1367 1150 1407 optime
1161 1368 1193 1398 in
1205 1379 1273 1409 per-

202 1419 218 1435 »
239 1416 319 1437 sona
341 1406 378 1437 fr.
396 1407 543 1438 Thomae
568 1408 607 1438 de
629 1409 760 1449 Aquino
785 1409 933 1440 Doctoris
956 1410 1078 1450 eximii,
1102 1412 1192 1443 cuius
1216 1413 1274 1444 do—

202 1464 217 1479 »
237 1451 337 1482 ctrina
360 1451 460 1491 fulget
490 1448 650 1491 Ecclesia,
674 1460 779 1493 potest
811 1455 949 1495 proponi
982 1455 1194 1496 quibusdam,
1218 1458 1274 1498 qui

202 1508 218 1524 ι
237 1495 305 1526 eius
331 1495 525 1535 doctrinam,
550 1496 618 1527 imo
641 1497 822 1536 veritatem,
847 1509 945 1539 quam
972 1500 1082 1541 docuit
1105 1501 1274 1541 depravare

201 1553 217 1568 »
237 1539 392 1579 nituntur,
417 1540 520 1580 Ipsius
544 1542 744 1573 sermonibus
768 1543 896 1574 veritate
920 1543 1021 1584 plenis
1042 1551 1074 1575 et
1092 1545 1202 1585 spiritu
1222 1557 1273 1577 ve-

201 1596 218 1614 »
236 1584 334 1615 ritatis
355 1584 522 1625 instigante
543 1586 748 1627 conscriptis,
773 1587 969 1618 detrahentes
998 1595 1055 1620 etc.
1075 1601 1090 1616 »
1118 1590 1274 1621 Venetam

198 1628 339 1670 priorem
363 1629 458 1659 aliam
481 1630 556 1660 anni
586 1631 662 1661 1501
699 1631 831 1662 huiusce
863 1632 968 1672 operis
1001 1633 1174 1665 editionem
1206 1646 1272 1666 me-

199 1680 305 1705 morat
327 1673 520 1704 Guillelmus
544 1674 647 1706 Cave:
672 1675 831 1716 aliamque
859 1676 1089 1708 Coloniensem
1122 1689 1200 1709 aevo
1225 1690 1272 1710 se-

200 1718 313 1759 quiore
343 1728 399 1748 seu
433 1728 518 1749 anno
548 1720 631 1759 1624
655 1720 775 1751 curavit
803 1720 972 1752 Gualterus
1001 1722 1200 1753 Strevesdorf
1220 1734 1272 1754 co-

200 1762 351 1793 loniensis
375 1762 588 1794 Eremitarum
605 1774 629 1794 s.
647 1764 816 1804 Augustini
840 1765 947 1796 Prior:
964 1776 1000 1796 ac
1015 1767 1170 1797 recentior
1192 1768 1272 1798 Nea-

199 1806 342 1848 politana
365 1806 496 1837 demum
529 1814 651 1848 prostat
682 1818 767 1839 anno
797 1809 880 1849 1644
903 1817 1057 1841 accurata.
1083 1811 1273 1844 Prodierunt

199 1860 314 1882 omnes
336 1851 396 1881 sub
415 1851 558 1882 eiusdem
573 1852 697 1892 Aegidii
717 1853 756 1883 de
773 1853 935 1885 Columna
950 1855 1098 1886 nomine:
1117 1866 1272 1897 suamque

198 1895 339 1926 foedavit
368 1895 540 1926 editionem
573 1896 829 1928 Strevesdorffius
862 1898 1180 1939 interpolationibus,
1206 1901 1271 1931 ani-

199 1939 414 1970 madvertente
445 1939 564 1971 Carolo
595 1941 761 1981 Duplessis
785 1942 996 1982 d'Argentre‚
1019 1946 1125 1975 sancti
1152 1950 1183 1975 et
1205 1946 1271 1976 An-

197 1984 297 2026 gelici
318 1984 469 2015 Doctoris
492 1985 614 2016 adiecto
635 1993 862 2025 cognomento,
882 1988 1008 2028 quoties
1027 1988 1191 2019 Thomam
1214 2000 1272 2020 no-

198 2028 312 2059 minari
329 2028 495 2069 contingit,
511 2036 621 2060 contra
635 2029 732 2061 fidem
748 2031 897 2062 codicum
913 2042 989 2070 mss,
1006 2032 1062 2073 qui
1078 2033 1271 2064 Sorbonensi

198 2073 232 2104 in
255 2072 447 2104 bibliotheca
469 2074 691 2105 adservantur:
717 2085 904 2117 novumque
923 2076 1054 2107 titulum
1069 2086 1271 2110 commentus

198 2123 256 2156 est,
277 2117 404 2156 scilicet,
428 2118 660 2159 Defensorium
682 2129 739 2150 seu
763 2120 1003 2152 Correctorium
1021 2122 1176 2153 librorum
1195 2133 1271 2154 san-

198 2162 242 2193 cti
269 2162 408 2192 Thomae
430 2168 544 2193 contra
569 2163 734 2194 Guillelmi
756 2165 966 2197 Lamarensis
989 2166 1128 2197 Thomae
1151 2173 1272 2208 mastr-

199 2207 253 2248 gis
275 2208 525 2247 corruptorium.

267 2250 366 2291 Atqui
389 2261 466 2282 vero
488 2252 580 2292 plura
602 2262 638 2283 ac
667 2253 768 2284 solida
791 2253 958 2294 proferunt
979 2262 1164 2294 argumenta
1194 2256 1272 2287 Dar—

200 2301 367 2335 gentraeus
389 2295 463 2326 Ioco
487 2296 582 2327 citato
606 2303 637 2327 et
659 2297 823 2329 Echardus
846 2305 937 2329 tomo
962 2299 974 2329 1
998 2299 1196 2340 Scriptorum
1212 2301 1272 2332 Or-

201 2338 283 2370 dinis
301 2339 558 2371 Praedicatorurn
572 2351 644 2381 pag.
659 2343 732 2381 503,
749 2343 866 2384 quibus
881 2344 920 2374 ab
935 2344 1071 2384 Aegidio
1088 2344 1173 2375 idem
1189 2355 1272 2385 opus

200 2383 407 2423 abiudicatur,
431 2385 702 2427 tribuendumque
725 2387 878 2418 evincitur
893 2388 1021 2418 cuidam
1036 2388 1165 2420 Ordinis
1181 2389 1272 2419 Prae-

201 2427 380 2458 dicatorum
403 2428 553 2460 alumno:
571 2440 611 2460 an
627 2430 785 2462 Richardo
810 2431 966 2472 Clapoelo
987 2442 1028 2463 an
1052 2433 1163 2463 Ioanni
1186 2433 1269 2463 Pari-

199 2471 294 2502 siensi
317 2472 344 2503 11
367 2472 534 2504 incertum.
547 2474 765 2506 Nihilominus
781 2482 900 2507 veteres
923 2483 1126 2518 recentesque
1146 2484 1271 2517 praesto

199 2523 275 2547 sunt
297 2517 475 2557 scriptores,
492 2518 548 2558 qui
571 2519 655 2559 paris
671 2520 848 2559 argumenti
864 2521 1118 2552 lucubrationem
1142 2522 1271 2553 laudato

198 2560 334 2600 Aegidio
358 2562 397 2592 de
421 2561 584 2594 Columna
607 2563 797 2595 adiudicant.
815 2565 959 2605 Dignum
977 2565 1056 2596 illud
1075 2566 1271 2597 animadver-

199 2604 309 2643 sione,
329 2606 368 2636 ab
392 2606 510 2637 Ioanne
533 2607 610 2638 Pico
634 2608 856 2639 Mirandulano
876 2609 908 2640 in
924 2610 1095 2650 Apologia,
1112 2617 1233 2651 quaest.
1250 2621 1270 2641 r.

198 2649 240 2680 de
261 2649 415 2681 descensu
441 2650 563 2682 Christi
584 2652 628 2683 ad
650 2652 793 2693 inferos,
818 2653 926 2694 ipsum
957 2653 1065 2685 induci
1088 2655 1271 2695 Aegidium,

199 2693 256 2735 qui
280 2694 428 2732 adnotet,
454 2695 492 2726 de
515 2696 742 2728 Parisiensibus
774 2697 913 2729 articulis
945 2699 1000 2729 abs
1032 2699 1194 2739 Stephano
1219 2699 1271 2729 da-

201 2738 316 2769 mnatis
340 2739 421 2770 nihil
443 2749 511 2771 esse
534 2741 726 2780 curandum,
751 2743 827 2783 quia
842 2741 1093 2784 sueruntfacfi,
1110 2754 1173 2775 non
1198 2753 1272 2774 con-

201 2784 322 2814 vocatis
345 2784 491 2815 omnibus
512 2785 696 2817 doctoribus
717 2787 969 2825 Parisiensibus,
994 2788 1051 2818 sed
1073 2789 1117 2819 ad
1139 2789 1272 2829 requisi-

202 2828 318 2858 tionem
334 2829 547 2869 quorumdam
566 2829 794 2870 Capitusorum
811 2829 870 2874 (sic
887 2842 1003 2872 nempe
1018 2831 1162 2875 ibidem).
1179 2833 1271 2870 Quae

200 2872 316 2910 verba,
340 2882 435 2911 cum,
458 2874 671 2914 Dargentraeo
704 2882 802 2914 teste,
827 2885 893 2907 non
925 2876 1120 2916 reperiantur
1152 2887 1210 2908 nec
1239 2877 1272 2907 in

202 2915 441 2948 Sententiarum
460 2917 558 2956 libris,
582 2929 640 2949 nec
663 2919 695 2949 in
723 2919 920 2957 Quodlibetis
943 2921 982 2951 ab
1005 2922 1140 2961 Aegidio
1164 2922 1272 2952 elucu-

202 2959 297 2990 bratis
320 2970 378 2990 nec
407 2961 441 2991 in
465 2961 549 2992 edito
574 2964 632 2993 sub
657 2964 724 2994 eius
747 2964 879 2995 nomine
906 2964 1102 3006 Defensorio
1133 2975 1160 2997 s.
1191 2966 1272 2996 Tho-

202 3013 285 3041 mae,
311 3004 398 3034 aliud
420 3015 503 3045 opus
526 3006 663 3037 indicare
686 3007 852 3047 videntur,
877 3009 966 3049 quod
989 3009 1056 3050 ipse
1089 3020 1148 3050 pro
1172 3010 1272 3051 Aqui-

202 3054 274 3078 nate
298 3047 536 3080 elucubraverit.

265 3092 317 3122 111.
329 3092 583 3133 Manuscriptum
597 3096 843 3135 praetermittere
859 3107 925 3127 non
941 3097 1013 3128 licet
1031 3098 1270 3130 Correctorium

201 3135 367 3177 quoddam
394 3139 589 3178 corruptorii
618 3139 652 3169 in
682 3139 876 3171 Sorbonensi
906 3141 1096 3173 bibliotheca
1128 3143 1271 3174 adserva-

201 3187 284 3218 tum,
303 3180 394 3220 quod
415 3181 544 3221 incipit:
569 3182 740 3214 Sciendum
773 3190 820 3216 est
850 3186 969 3226 igitur:
994 3186 1022 3216 I.
1043 3197 1079 3227 p.
1108 3187 1271 3226 Summae,

201 3226 388 3265 quaestione
408 3235 452 3255 xn
474 3227 602 3266 quaerit
629 3237 656 3258 s.
682 3228 818 3260 Thomas
841 3236 898 3260 etc.
924 3230 1078 3261 Durando
1105 3231 1144 3261 de
1171 3234 1272 3262 Aure—

200 3269 303 3307 Iiaco,
327 3269 383 3309 qui
414 3269 513 3309 vulgo
545 3270 770 3303 Durandellus
802 3273 981 3311 dicebatur,
1015 3285 1098 3315 opus
1131 3276 1272 3306 attribuit

200 3313 382 3344 Echardus:
406 3323 474 3344 non
496 3314 553 3352 illi,
577 3315 633 3345 sed
655 3315 742 3346 alteri
765 3317 909 3357 scriptori
930 3318 1177 3349 adiudicandum
1200 3330 1270 3349 cen-

201 3364 248 3388 set
277 3368 313 3388 ac
343 3357 483 3388 evincere
516 3358 640 3389 videtur
662 3360 902 3400 Dargentraeus.
930 3362 1041 3402 Ipsum
1073 3363 1203 3393 consule
1225 3363 1271 3392 vi-

200 3411 275 3432 rum
298 3402 528 3433 doctissimum.
560 3403 668 3433 Simile
692 3414 775 3444 opus
798 3411 934 3445 praestat
956 3407 1055 3436 codex
1073 3407 1287 3437 membrana--

200 3455 275 3477 ceus
298 3446 332 3476 in
354 3456 387 3486 4,
407 3446 440 3477 in
454 3447 575 3478 Veneta
598 3457 638 3478 ss.
655 3448 782 3479 Ioannis
798 3454 830 3479 et
850 3449 941 3479 Pauli
955 3449 1156 3487 bibliotheca,
1172 3460 1271 3490 quem

200 3490 337 3531 propriis
360 3491 462 3521 oculis
479 3501 514 3522 ac
530 3491 687 3530 manibus,
705 3492 828 3523 favente
848 3493 1080 3523 humanissimo
1097 3494 1268 3524 Dominico

199 3533 380 3565 Berardello
404 3535 612 3566 bibliothecae
634 3536 814 3575 Praefecto,
845 3536 999 3578 inspicere
1026 3537 1116 3568 licuit
1145 3548 1181 3568 ac
1208 3544 1269 3568 tra-

201 3584 294 3610 ctare.
310 3580 456 3610 Primum
478 3580 511 3610 in
535 3590 574 3611 eo
597 3587 718 3621 prostat
733 3582 868 3619 Littera,
885 3591 981 3622 quam
1005 3591 1076 3612 ven.
1091 3582 1270 3622 Episcopus

190 3622 245 3662 sr.
263 3623 380 3655 Petrus
401 3625 442 3655 de
464 3625 587 3656 Palude
609 3625 687 3657 Ord.
707 3625 823 3657 Praed.
847 3626 958 3657 doctor
982 3627 1014 3656 in
1039 3630 1175 3667 utroque
1198 3627 1269 3657 iure

2267 281 2396 307 CCLxxx

1327 349 1357 374 et
1379 345 1536 385 magister
1559 346 1591 376 in
1616 346 1788 386 theologia,
1813 355 1853 376 ac
1875 346 2067 377 Patriarcha
2091 347 2393 388 lerosolrmitanus,

1326 390 1505 419 transmisit
1517 388 1628 430 fratri
1650 389 1790 430 Hugoni
1812 389 1852 420 de
1873 390 1975 421 Balsa
2000 390 2053 433 (de
2072 390 2270 434 Vauceman)
2290 395 2394 434 magi-

1325 438 1393 463 stro
1415 432 1549 464 Ordinis
1565 433 1723 474 praefati,
1747 435 1804 474 qui
1826 434 1866 465 ab
1889 434 1997 465 eodem
2017 435 2185 466 consilium
2196 436 2325 476 petebat
2333 447 2397 476 per

1326 477 1488 508 litteram:
1510 479 1557 516 si,
1583 478 1759 518 quomodo,
1783 479 1925 519 qualiter
1956 484 1987 509 et
2018 479 2147 520 quando
2165 479 2298 520 fratres
2320 481 2398 511 dicti

1330 520 1463 552 Ordinis
1475 523 1602 562 possint
1617 523 1762 554 redditus
1777 528 1808 553 et
1823 524 2050 554 anniversaria
2065 523 2184 554 habere
2199 529 2229 554 et
2244 525 2395 556 retinere.

1326 565 1511 605 Sequuntur
1532 576 1696 597 sermones
1718 567 1840 607 plures,
1865 567 1920 608 qui
1943 567 1983 598 de
2005 569 2142 598 mortuis
2166 568 2393 608 inscribuntur.

1327 610 1436 639 Tertio
1461 610 1593 641 demum
1615 611 1771 642 habentur
1793 611 1866 642 loco
1890 613 2092 652 quaestiones
2109 612 2307 643 Correctorii
2322 622 2396 643 con-

1327 658 1379 683 tra
1399 656 1636 695 corruptorium
1644 655 1771 696 fratris
1790 656 1929 687 Thomae
1943 657 1984 687 de
1998 657 2125 697 Aquino
2145 656 2279 688 Ordinis
2295 657 2396 687 Prae-

1326 698 1516 729 dicatorum.
1534 699 1699 739 Opuscula
1715 707 1790 730 sunt
1811 700 1845 730 in
1869 711 1972 731 unum
1995 700 2126 742 quidem
2150 707 2315 741 compacta
2337 711 2395 732 vo-

1326 742 1456 781 lumen,
1481 743 1604 774 diverso
1627 750 1734 774 tamen
1758 744 1949 775 charactere:
1976 745 2130 786 sequioris
2153 745 2261 776 aetatis
2290 745 2396 786 priora

1327 786 1392 816 duo
1416 797 1452 817 ac
1475 787 1654 818 remotioris
1677 788 1787 829 utique
1810 795 2019 829 postremum.

1394 831 1507 871 Incipit
1537 840 1632 862 vero:
1668 832 1764 863 Circa
1796 834 2012 873 quaestionem
2035 844 2078 863 xu
2110 831 2254 876 (primae
2280 834 2394 874 partis,

1327 874 1412 905 artic.
1428 873 1465 917 11)
1482 875 1601 906 dicitur
1619 877 1652 906 in
1670 877 1848 917 principali
1871 879 2087 917 responsione,
2110 879 2195 918 quod
2217 879 2397 919 requiritur

1326 919 1371 949 ad
1394 920 1564 950 videndum
1586 921 1692 950 Deum
1717 921 1827 961 aliqua
1843 922 2018 952 similitudo
2033 922 2097 952 Dei
2115 932 2172 953 seu
2197 923 2303 953 lumen
2322 923 2394 964 glo-

1327 964 1406 993 riae.
1436 963 1576 994 Desinit:
1601 964 1644 995 Et
1666 965 1713 995 sic
1729 969 1836 1004 potest
1858 966 2045 1006 responderi
2067 966 2111 996 ad
2133 976 2187 1004 ea,
2213 977 2296 1007 quae
2319 967 2395 997 obii-

1328 1008 1459 1037 ciuntur
1481 1013 1594 1038 contra
1607 1008 1662 1048 fr.
1687 1008 1838 1039 Thomam
1868 1010 1900 1039 in
1925 1010 2034 1040 Prima
2052 1015 2150 1050 parte
2173 1016 2204 1041 et
2226 1012 2258 1041 in
2282 1011 2394 1042 Prima

1328 1050 1511 1082 Secundae:
1535 1057 1565 1082 et
1582 1058 1658 1083 sunt
1680 1063 1740 1082 xnv
1764 1059 1875 1084 contra
1894 1052 2042 1084 Primam·
2046 1059 2175 1094 partem
2198 1060 2228 1085 et
2242 1065 2262 1085 x
2283 1061 2395 1086 contra

1327 1095 1470 1125 Primam
1485 1096 1663 1134 Secundae,
1680 1102 1709 1127 et
1728 1098 1774 1128 sic
1793 1099 1825 1128 in
1843 1098 1992 1128 universo
2011 1108 2051 1128 ιν
2071 1099 2252 1129 instantiae.
2274 1099 2394 1130 Natalis

1327 1139 1504 1170 Alexander
1526 1140 1751 1171 Dissertatione
1781 1151 1813 1172 vt
1843 1142 1876 1171 in
1896 1142 2069 1172 Historiam
2094 1143 2168 1173 eccl.
2198 1143 2320 1174 Saeculi
2343 1154 2397 1194 xm

1329 1189 1359 1213 et
1381 1193 1433 1213 x1v
1466 1184 1504 1214 de
1537 1184 1670 1215 Summa
1701 1185 1886 1226 scriptisque
1915 1186 2042 1216 caeteris
2073 1197 2098 1217 s.
2125 1186 2271 1217 Thomae
2297 1189 2396 1228 Aqui-

1328 1227 1419 1266 natis,
1444 1228 1576 1259 articulo
1600 1239 1622 1258 11
1646 1230 1786 1268 adnotat,
1812 1230 2022 1260 Guillelmum
2054 1231 2092 1260 de
2116 1231 2146 1261 Ia
2170 1232 2257 1261 Mare
2280 1241 2339 1261 suo
2363 1233 2396 1262 in

1328 1271 1420 1309 libro,
1445 1273 1665 1314 quadraginta
1690 1284 1801 1305 novem
1821 1275 1977 1305 articulos
1995 1284 2037 1305 ex
2058 1275 2168 1306 Prima
2187 1281 2284 1315 parte
2303 1275 2395 1306 Sum-

1329 1326 1400 1346 mae
1425 1317 1620 1358 theologiae,
1644 1318 1810 1349 duodecim
1834 1328 1876 1349 ex
1898 1319 2008 1349 Prima
2032 1319 2216 1358 Secundae,
2237 1320 2395 1350 sexdecim

1329 1370 1371 1390 ex
1393 1361 1541 1392 Secunda
1560 1362 1728 1393 Secundae
1751 1363 2003 1403 reprehendisse.
2027 1365 2079 1394 An
2095 1373 2170 1403 ergo
2193 1374 2344 1394 mancum
2368 1370 2398 1394 et

1328 1404 1550 1445 imperfectum
1574 1406 1667 1437 fuerit
1690 1417 1793 1447 opus,
1817 1407 1906 1448 quod
1922 1406 2142 1438 recensemus?
2165 1410 2216 1439 An
2240 1408 2307 1438 illas
2329 1415 2396 1439 tan-

1329 1455 1410 1487 tum,
1434 1459 1500 1481 non
1520 1451 1596 1481 alias
1619 1451 1770 1482 vindicias
1794 1452 1890 1492 egerit
1914 1450 2041 1482 auctor?

1395 1496 1478 1525 Ante
1501 1496 1738 1536 quaestionum,
1763 1506 1845 1537 quae
1868 1496 1901 1526 in
1925 1506 2020 1536 opere
2044 1502 2289 1536 pertractantur,
2313 1496 2397 1527 elen-

1329 1538 1446 1577 chum,
1477 1546 1554 1570 nota
1577 1539 1690 1579 legitur
1717 1540 1766 1570 his
1796 1540 1915 1571 verbis:
1945 1553 1960 1568 ‹
1981 1541 2086 1578 Nota,
2110 1541 2200 1581 quod
2230 1541 2268 1570 ab
2292 1541 2398 1570 Adam

1331 1595 1346 1610 »
1367 1593 1468 1624 usque
1492 1584 1532 1614 ad
1555 1584 1712 1615 diluvium
1736 1585 1864 1615 fuerunt
1887 1585 1962 1615 anni
1983 1594 2079 1624 2242.
2097 1587 2127 1615 A
2149 1585 2270 1615 diluvio
2296 1595 2398 1625 usque

1331 1639 1345 1654 >
1365 1627 1406 1656 ad
1428 1628 1589 1658 Abraham
1612 1629 1686 1658 anni
1710 1628 1838 1659 fuerunt
1866 1639 1957 1670 ¹¹74·
1975 1630 2025 1659 Ab
2048 1629 2210 1659 Abraham
2233 1639 2334 1670 usque
2358 1629 2398 1659 ad

1331 1671 1348 1698 ί
1365 1672 1512 1712 Moysem
1536 1672 1664 1703 fuerunt
1679 1673 1754 1703 anni
1768 1674 1844 1712 445.
1862 1675 1891 1704 A
1910 1674 2022 1714 Moyse
2046 1683 2147 1714 usque
2171 1673 2211 1703 ad
2234 1673 2398 1704 Christum

1332 1729 1346 1743 »
1366 1715 1494 1747 fuerunt
1517 1717 1591 1747 anni
1621 1718 1713 1748 1635.
1738 1720 1766 1747 A
1791 1717 1917 1748 Christo
1942 1728 2044 1758 usque
2068 1718 2167 1748 modo
2184 1715 2322 1759 (Pascha
2338 1717 2397 1748 fuit

1332 1772 1346 1787 »
1365 1760 1510 1792 videlicet
1533 1772 1552 1802 7
1577 1767 1709 1792 exeunte
1733 1760 1866 1804 martio)
1899 1762 1992 1792 1285:
2017 1772 2144 1792 summa
2167 1762 2264 1803 6775.
2288 1762 2397 1802 Usque

1331 1817 1346 1832 »
1365 1804 1398 1834 in
1421 1804 1518 1835 finem
1542 1806 1654 1836 mundi
1677 1806 1832 1836 incertum
1856 1806 2009 1836 habemus
2032 1816 2214 1836 numerum.
2229 1819 2243 1833 >
2271 1806 2395 1836 Primae

1329 1856 1359 1879 et
1382 1850 1538 1880 secundae
1561 1850 1690 1888 aetatis,
1714 1851 1753 1881 ab
1776 1851 1902 1881 Adamo
1927 1851 1966 1880 ad
1990 1850 2164 1888 diluvium,
2189 1860 2224 1880 ac
2256 1850 2330 1881 inde
2357 1850 2397 1880 ad

1329 1894 1567 1931 Abrahamum,
1592 1901 1818 1934 computantur
1841 1895 1915 1925 anni
1947 1895 2034 1925 iuxta
2065 1894 2307 1934 chronologiam
2329 1905 2396 1925 ver-

1329 1938 1426 1968 sionis
1449 1948 1577 1978 graecae
1601 1938 1668 1970 τῶν
1693 1940 1788 1970 LXX.
1810 1939 1944 1969 Summa
1966 1938 2072 1969 totalis
2096 1940 2180 1980 6775
2205 1938 2283 1969 vitio
2309 1939 2397 1969 labo-

1328 1989 1393 2013 rat:
1425 1983 1566 2023 singulae
1590 1993 1729 2024 namque
1753 1994 1897 2014 summac
1925 1983 2116 2014 accuratiore
2150 1982 2271 2014 calculo
2301 1983 2395 2013 colle-

1328 2034 1395 2058 ctae
1419 2037 1580 2058 summam
1604 2027 1744 2058 efficiunt
1767 2028 1864 2069 6781.
1889 2029 2002 2058 Annus
2030 2037 2119 2058 aerae
2150 2027 2286 2067 vulgaris
2315 2027 2395 2057 1285

1327 2071 1491 2102 incedebat
1516 2072 1684 2112 insignitus
1715 2072 1803 2113 cyclo
1828 2072 1922 2102 lunae
1944 2082 1999 2102 xm
2031 2078 2061 2102 et
2092 2071 2181 2113 cyclo
2213 2071 2288 2102 solis
2311 2082 2344 2102 v1
2368 2078 2399 2102 et

1327 2116 1429 2147 littera
1452 2116 1634 2147 dominicali
1659 2116 1699 2155 G,
1723 2117 1808 2147 unde
1839 2126 1964 2147 sacrum
1986 2116 2106 2147 Pascha
2135 2125 2219 2146 anno
2242 2116 2321 2146 1285
2348 2126 2397 2146 ce-

1327 2161 1484 2191 lebratum
1512 2160 1572 2191 fuit
1594 2161 1646 2191 die
1670 2171 1688 2201 7
1711 2166 1847 2192 exeunte
1870 2162 1987 2191 martio
2019 2170 2074 2191 seu
2103 2160 2153 2190 die
2185 2161 2223 2190 25
2257 2160 2399 2190 eiusdem

1328 2205 1462 2243 mensis,
1487 2205 1656 2242 dominica,
1678 2205 1763 2236 iuxta
1787 2204 1993 2245 computandi
2013 2214 2135 2234 morem
2159 2204 2215 2245 qui
2239 2214 2317 2234 aevo
2341 2204 2396 2234 illo

1328 2249 1499 2280 obtinebat.
1517 2252 1649 2280 Annum
1673 2260 1691 2279 a
1713 2249 1862 2280 Paschate
1886 2249 1925 2279 ad
1948 2249 2066 2279 Pascha
2082 2249 2267 2279 numerabat
2289 2254 2399 2278 auctor

1328 2301 1383 2324 aut
1406 2294 1547 2325 notarius
1571 2294 1653 2334 stylo
1682 2301 1800 2324 vetere:
1826 2293 2024 2334 scriptusque
2053 2293 2151 2323 codex
2176 2299 2231 2323 aut
2256 2292 2396 2332 comple-

1329 2345 1399 2369 tum
1422 2349 1504 2378 opus
1528 2338 1695 2368 innotescit
1718 2345 1791 2378 post
1815 2338 1900 2368 diem
1926 2339 1964 2367 25
1990 2337 2104 2375 martii,
2125 2347 2162 2367 ex
2185 2347 2249 2378 qua
2270 2336 2398 2367 initium

1328 2383 1473 2414 sumebat
1495 2393 1597 2413 annus
1626 2382 1706 2412 1285
1733 2382 1815 2423 stylo
1844 2389 1956 2412 vetere.
1981 2382 2065 2412 Hinc
2098 2381 2310 2411 animadverte
2342 2388 2396 2411 aut

1328 2427 1444 2458 codicis
1464 2434 1519 2457 aut
1537 2433 1617 2457 certe
1634 2426 1738 2467 operis
1754 2426 1984 2467 antiquitatem.
2002 2425 2192 2457 Guillelmus
2209 2426 2248 2456 de
2263 2425 2293 2455 la
2309 2426 2394 2456 Mare

1327 2482 1424 2502 suurn
1449 2478 1558 2502 contra
1580 2471 1744 2502 Thomam
1774 2470 1968 2512 Aquinatem
1999 2480 2083 2500 anno
2113 2470 2196 2509 1284
2224 2469 2397 2510 protulerat

1327 2516 1359 2546 in
1378 2516 1484 2546 lucem
1503 2515 1761 2546 Correctorium.-
1777 2525 1912 2556 suasque
1936 2525 2021 2545 anno
2037 2515 2222 2555 insequente
2245 2514 2395 2544 vindicias

1328 2560 1482 2601 opposuit
1504 2567 1624 2590 auctor.

1394 2605 1497 2635 Verba
1525 2604 1590 2643 illa,
1612 2604 1666 2644 die
1690 2614 1708 2644 7
1731 2609 1868 2634 exeunte
1891 2604 2018 2641 martio,
2043 2603 2236 2643 peculiarem
2259 2602 2398 2632 indicant

1328 2649 1464 2680 modum
1497 2647 1685 2679 numerandi
1710 2648 1775 2679 dies
1799 2647 1927 2686 mensis,
1952 2648 2007 2689 qui
2030 2654 2104 2688 post
2127 2657 2247 2677 annum
2277 2646 2395 2677 Christi

1328 2693 1536 2724 millesimum
1566 2693 1839 2734 frequentissimus
1872 2692 2007 2723 occurrit
2041 2692 2074 2722 in
2102 2691 2303 2722 membranis,
2335 2690 2397 2721 Sed

1328 2738 1414 2769 hunc
1437 2745 1575 2769 attamen
1594 2738 1690 2778 longe
1709 2737 1914 2768 vetustiorem
1933 2736 2056 2767 exhibet
2075 2736 2190 2774 charta,
2210 2746 2247 2765 ex
2265 2734 2393 2765 archivo

1327 2782 1597 2823 Archiepiscopali
1620 2781 1757 2814 Lucensi
1781 2781 1969 2822 deprompta
1987 2781 2073 2821 apud
2089 2779 2309 2810 doctissimum
2324 2780 2395 2809 Mu-

1327 2827 1481 2858 ratorium
1513 2827 1545 2857 in
1574 2826 1823 2867 Antiquitatibus
1846 2825 1956 2856 italicis
1988 2824 2084 2855 medii
2113 2824 2180 2854 aevi
2212 2830 2303 2854 tomo
2332 2823 2394 2861 III,

1328 2872 1448 2903 dissert.
1474 2881 1589 2902 xxxvn.
1615 2871 1655 2902 In
1681 2871 1808 2901 nomine
1835 2871 1967 2900 Domini
1995 2870 2106 2900 nostri.
2134 2869 2305 2908 Regnante
2326 2867 2393 2897 Do-

1327 2917 1413 2947 mino
1437 2921 1546 2946 nostro
1569 2915 1738 2946 Desiderio
1761 2915 1870 2955 Rege,
1895 2924 1981 2944 anno
2010 2914 2105 2954 regni
2133 2913 2201 2943 eius
2223 2913 2292 2942 Deo
2315 2921 2393 2951 pro-

1323 2962 1404 3002 pitio
1422 2962 1551 3001 primo,
1576 2961 1686 3001 quinto
1710 2959 1761 2990 die
1784 2960 1926 2989 intrante
1949 2967 2056 2988 mense
2079 2956 2280 2993 novembrio,
2312 2955 2394 2986 indi-

1327 3007 1431 3036 ctione
1454 3004 1640 3045 infeliciter
1663 3002 1762 3046 (anno
1787 3002 1902 3033 Christi
1922 3000 2011 3044 757).
2029 3001 2270 3041 Expositionem
2298 2999 2393 3030 subii-

1327 3059 1395 3080 cere
1417 3049 1509 3080 Iiceat
1532 3048 1713 3086 Rolandini,
1738 3047 1853 3078 saeculi
1883 3045 2079 3077 tertiidecimi
2102 3044 2272 3085 scripton's,
2296 3054 2395 3085 quam

1326 3094 1412 3134 apud
1436 3093 1607 3133 Cangium,
1631 3091 1855 3123 Mabillonium
1885 3091 2027 3131 aliosque
2055 3099 2130 3120 cum
2153 3089 2259 3129 aliqua
2281 3089 2391 3118 verbo-

1326 3148 1399 3168 rum
1431 3137 1607 3168 diversitate
1641 3136 1828 3176 descriptam
1855 3135 1938 3174 lego.
1964 3135 1999 3164 In
2031 3140 2163 3164 tractatu
2195 3133 2392 3163 Notularum

1326 3182 1391 3212 sive
1415 3182 1453 3211 de
1477 3188 1541 3212 arte
1556 3181 1715 3218 Notariae,
1738 3181 1814 3210 haec
1830 3179 1924 3209 habet
1946 3179 2040 3208 verba
2054 3179 2105 3208 De
2121 3177 2392 3218 publicationibus

1326 3228 1632 3262 instrumentorum,
1658 3225 1691 3255 in
1714 3224 1851 3255 editione
1874 3225 2036 3263 Augustae
2065 3222 2282 3253 Taurinorum
2310 3222 2391 3261 1607

1326 3280 1397 3310 pag.
1414 3277 1490 3311 714:
1511 3269 1671 3300 «Ponitur
1694 3268 1760 3299 dies
1783 3268 1816 3298 in
1839 3267 2055 3298 instrumentis
2078 3266 2298 3296 diversimode.
2318 3265 2391 3295 Uno

1328 3327 1342 3342 »
1363 3314 1462 3344 modo
1485 3313 1663 3344 secundum
1687 3312 1951 3343 consuetudinem
1966 3310 2213 3347 Bononiensem,
2231 3316 2266 3339 ut
2281 3309 2314 3339 in
2329 3309 2391 3338 hoc

1327 3370 1342 3384 »
1363 3357 1528 3397 exemplo:
1551 3358 1660 3397 primo
1684 3357 1735 3387 die
1758 3357 1836 3386 maii
1866 3354 2021 3395 (secundo
2044 3355 2095 3385 die
2125 3356 2267 3384 intrante
2290 3352 2390 3394 maio)

1327 3414 1342 3430 x>
1363 3408 1393 3432 et
1414 3402 1458 3431 ita
1490 3402 1529 3431 de
1562 3401 1693 3440 singulis
1726 3408 1827 3440 usque
1859 3400 1899 3429 ad
1929 3400 1976 3429 16.
2001 3398 2180 3429 Transactis
2210 3404 2317 3427 autem
2354 3398 2389 3426 16

1327 3458 1342 3473 ι
1361 3443 1500 3487 (diebus)
1525 3451 1651 3484 ponunt
1678 3444 1758 3474 hanc
1782 3443 1970 3473 dictionem:
2001 3443 2035 3472 15
2061 3442 2113 3472 die
2135 3447 2272 3472 exeunte
2293 3442 2388 3478 maio,

1326 3501 1341 3516 ›
1361 3488 1419 3531 (14
1442 3489 1493 3519 die
1509 3493 1646 3525 exeunte
1664 3485 1763 3529 maio)
1781 3494 1811 3518 et
1829 3487 1873 3517 sic
1889 3487 1928 3517 de
1947 3486 2078 3526 singulis
2095 3495 2198 3526 usque
2216 3486 2256 3515 ad
2279 3485 2390 3526 penul-

1326 3545 1340 3561 »
1360 3533 1476 3563 timum
1500 3532 1599 3570 diem;
1624 3532 1679 3562 ubi
1702 3531 1826 3569 dicitur,
1838 3531 2018 3571 penultimo
2040 3531 2092 3561 die
2111 3531 2188 3560 maii
2205 3536 2235 3560 et
2250 3530 2393 3560 similiter

1326 3590 1340 3604 ›
1361 3577 1483 3614 dicitur,
1501 3577 1612 3606 ultimo
1631 3576 1684 3606 die
1706 3577 1793 3606 maii.
1811 3575 1851 3605 Et
1866 3575 1909 3605 ita
1928 3575 1966 3605 de
1986 3574 2117 3615 singulis
2136 3574 2196 3605 illis
2217 3574 2390 3612 mensibus,

1327 3634 1340 3649 ι
1360 3621 1415 3662 qui
1430 3621 1547 3651 habent
1563 3621 1597 3651 31
1614 3620 1690 3651 dies.
1709 3620 1743 3650 ln
1759 3619 1819 3650 illis
1834 3629 1921 3657 vero,
1933 3619 1988 3660 qui
2003 3619 2119 3650 habent
2138 3620 2178 3649 30
2189 3618 2268 3657 dies,
2278 3628 2390 3659 proce-
