<?xml version="1.0" encoding="UTF-8"?>
<!DOCTYPE html PUBLIC "-//W3C//DTD XHTML 1.0 Transitional//EN"
    "http://www.w3.org/TR/xhtml1/DTD/xhtml1-transitional.dtd">
<html xmlns="http://www.w3.org/1999/xhtml" xml:lang="en" lang="en">
 <head>
  <title>
</title>
<meta http-equiv="Content-Type" content="text/html;charset=utf-8" />
  <meta name='ocr-system' content='tesseract 3.04.00' />
  <meta name='ocr-capabilities' content='ocr_page ocr_carea ocr_par ocr_line ocrx_word'/>
</head>
<body>
  <div class='ocr_page' id='page_1' title='image "./operaomniaiussui01thom_0160.png"; bbox 0 0 2548 4192; ppageno 0'>
   <div class='ocr_carea' id='block_1_1' title="bbox 193 284 347 309">
    <p class='ocr_par' dir='ltr' id='par_1_1' title="bbox 193 284 347 309">
     <span class='ocr_line' id='line_1_1' title="bbox 193 284 347 309; baseline 0 -1"><span class='ocrx_word' id='word_1_1' title='bbox 193 284 347 309; x_wconf 81' lang='lat' dir='ltr'>CXXXVIII</span> 
     </span>
    </p>
   </div>
   <div class='ocr_carea' id='block_1_2' title="bbox 838 556 1701 622">
    <p class='ocr_par' dir='ltr' id='par_1_2' title="bbox 838 556 1701 622">
     <span class='ocr_line' id='line_1_2' title="bbox 838 556 1701 622; baseline 0.002 -3"><span class='ocrx_word' id='word_1_2' title='bbox 838 589 840 591; x_wconf 95' lang='lat'>·</span> <span class='ocrx_word' id='word_1_3' title='bbox 881 556 1527 622; x_wconf 85' lang='lat' dir='ltr'>DISSERTATIO</span> <span class='ocrx_word' id='word_1_4' title='bbox 1584 559 1701 621; x_wconf 91' lang='lat' dir='ltr'>IX.</span> 
     </span>
    </p>
   </div>
   <div class='ocr_carea' id='block_1_3' title="bbox 257 731 2323 855">
    <p class='ocr_par' dir='ltr' id='par_1_3' title="bbox 257 731 2323 855">
     <span class='ocr_line' id='line_1_3' title="bbox 257 731 2323 782; baseline 0.001 -9"><span class='ocrx_word' id='word_1_5' title='bbox 257 734 323 773; x_wconf 92' lang='lat' dir='ltr'>De</span> <span class='ocrx_word' id='word_1_6' title='bbox 341 734 428 773; x_wconf 89' lang='lat' dir='ltr'>fide</span> <span class='ocrx_word' id='word_1_7' title='bbox 447 732 648 772; x_wconf 83' lang='lat' dir='ltr'>auctoris</span> <span class='ocrx_word' id='word_1_8' title='bbox 670 731 880 781; x_wconf 88' lang='lat' dir='ltr'>operum,</span> <span class='ocrx_word' id='word_1_9' title='bbox 900 743 1016 782; x_wconf 87' lang='lat' dir='ltr'>quae</span> <span class='ocrx_word' id='word_1_10' title='bbox 1044 732 1183 782; x_wconf 82' lang='lat' dir='ltr'>vulgo</span> <span class='ocrx_word' id='word_1_11' title='bbox 1204 732 1527 782; x_wconf 87' lang='lat' dir='ltr'>Areopagitica</span> <span class='ocrx_word' id='word_1_12' title='bbox 1547 733 1765 782; x_wconf 85' lang='lat' dir='ltr'>dicuntur,</span> <span class='ocrx_word' id='word_1_13' title='bbox 1793 746 1854 774; x_wconf 86' lang='lat' dir='ltr'>an</span> <span class='ocrx_word' id='word_1_14' title='bbox 1874 734 2170 775; x_wconf 85' lang='lat' dir='ltr'>orthodoxus</span> <span class='ocrx_word' id='word_1_15' title='bbox 2189 735 2323 776; x_wconf 86' lang='lat' dir='ltr'>fuerit</span> 
     </span>
     <span class='ocr_line' id='line_1_4' title="bbox 400 801 2171 855; baseline 0.003 -14"><span class='ocrx_word' id='word_1_16' title='bbox 400 815 460 842; x_wconf 87' lang='lat' dir='ltr'>an</span> <span class='ocrx_word' id='word_1_17' title='bbox 488 801 772 850; x_wconf 88' lang='lat' dir='ltr'>Haereticus‚</span> <span class='ocrx_word' id='word_1_18' title='bbox 800 802 878 849; x_wconf 87' lang='lat' dir='ltr'>vel</span> <span class='ocrx_word' id='word_1_19' title='bbox 905 801 1237 852; x_wconf 86' lang='lat' dir='ltr'>Apollinarista</span> <span class='ocrx_word' id='word_1_20' title='bbox 1268 802 1345 842; x_wconf 91' lang='lat' dir='ltr'>vel</span> <span class='ocrx_word' id='word_1_21' title='bbox 1373 802 1689 852; x_wconf 81' lang='lat' dir='ltr'>Eutychianus</span> <span class='ocrx_word' id='word_1_22' title='bbox 1718 815 1803 843; x_wconf 88' lang='lat' dir='ltr'>seu</span> <span class='ocrx_word' id='word_1_23' title='bbox 1830 803 2171 855; x_wconf 85' lang='lat' dir='ltr'>Monophysita.</span> 
     </span>
    </p>
   </div>
   <div class='ocr_carea' id='block_1_4' title="bbox 590 1232 851 1270">
    <p class='ocr_par' dir='ltr' id='par_1_4' title="bbox 590 1232 851 1270">
     <span class='ocr_line' id='line_1_5' title="bbox 590 1232 851 1270; baseline 0.008 -2"><span class='ocrx_word' id='word_1_24' title='bbox 590 1232 790 1270; x_wconf 90' lang='lat' dir='ltr'><strong>CAPUT</strong></span> <span class='ocrx_word' id='word_1_25' title='bbox 824 1233 851 1270; x_wconf 94' lang='lat' dir='ltr'>I.</span> 
     </span>
    </p>
   </div>
   <div class='ocr_carea' id='block_1_5' title="bbox 189 1335 1257 1439">
    <p class='ocr_par' dir='ltr' id='par_1_5' title="bbox 189 1335 1257 1439">
     <span class='ocr_line' id='line_1_6' title="bbox 189 1335 1255 1368; baseline 0 -7"><span class='ocrx_word' id='word_1_26' title='bbox 189 1335 330 1362; x_wconf 77' lang='lat' dir='ltr'>orthodoxi</span> <span class='ocrx_word' id='word_1_27' title='bbox 346 1335 460 1368; x_wconf 86' lang='lat' dir='ltr'>quinque</span> <span class='ocrx_word' id='word_1_28' title='bbox 474 1335 595 1368; x_wconf 81' lang='lat' dir='ltr'>Episcopi</span> <span class='ocrx_word' id='word_1_29' title='bbox 619 1335 644 1360; x_wconf 88' lang='lat' dir='ltr'>in</span> <span class='ocrx_word' id='word_1_30' title='bbox 665 1335 802 1361; x_wconf 86' lang='lat' dir='ltr'>collatione</span> <span class='ocrx_word' id='word_1_31' title='bbox 823 1335 1106 1368; x_wconf 82' lang='lat' dir='ltr'>Constantinopolitana</span> <span class='ocrx_word' id='word_1_32' title='bbox 1121 1343 1190 1361; x_wconf 85' lang='lat' dir='ltr'>anno</span> <span class='ocrx_word' id='word_1_33' title='bbox 1206 1335 1255 1361; x_wconf 80' lang='lat'>532</span> 
     </span>
     <span class='ocr_line' id='line_1_7' title="bbox 261 1371 1257 1404; baseline 0.001 -9"><span class='ocrx_word' id='word_1_34' title='bbox 261 1371 378 1396; x_wconf 82' lang='lat' dir='ltr'>videntur</span> <span class='ocrx_word' id='word_1_35' title='bbox 395 1379 475 1404; x_wconf 86' lang='lat' dir='ltr'>opera</span> <span class='ocrx_word' id='word_1_36' title='bbox 499 1372 578 1403; x_wconf 90' lang='lat' dir='ltr'>vulgo</span> <span class='ocrx_word' id='word_1_37' title='bbox 597 1371 775 1403; x_wconf 84' lang='lat' dir='ltr'>Areopagitica</span> <span class='ocrx_word' id='word_1_38' title='bbox 803 1371 932 1401; x_wconf 81' lang='lat' dir='ltr'>reiecisse,</span> <span class='ocrx_word' id='word_1_39' title='bbox 951 1371 1031 1396; x_wconf 82' lang='lat' dir='ltr'>veluti</span> <span class='ocrx_word' id='word_1_40' title='bbox 1055 1372 1139 1396; x_wconf 83' lang='lat' dir='ltr'>foetus</span> <span class='ocrx_word' id='word_1_41' title='bbox 1158 1372 1257 1404; x_wconf 89' lang='lat' dir='ltr'>Apolli-</span> 
     </span>
     <span class='ocr_line' id='line_1_8' title="bbox 260 1406 1144 1439; baseline 0.001 -8"><span class='ocrx_word' id='word_1_42' title='bbox 260 1407 421 1431; x_wconf 86' lang='lat' dir='ltr'>naristarum.</span> <span class='ocrx_word' id='word_1_43' title='bbox 441 1406 535 1431; x_wconf 86' lang='lat' dir='ltr'>Natalis</span> <span class='ocrx_word' id='word_1_44' title='bbox 554 1406 691 1431; x_wconf 82' lang='lat' dir='ltr'>Alexandri</span> <span class='ocrx_word' id='word_1_45' title='bbox 710 1407 848 1439; x_wconf 86' lang='lat' dir='ltr'>responsio</span> <span class='ocrx_word' id='word_1_46' title='bbox 867 1407 899 1432; x_wconf 84' lang='lat' dir='ltr'>ad</span> <span class='ocrx_word' id='word_1_47' title='bbox 918 1415 1027 1432; x_wconf 82' lang='lat' dir='ltr'>examen</span> <span class='ocrx_word' id='word_1_48' title='bbox 1045 1413 1144 1432; x_wconf 78' lang='lat' dir='ltr'>vocata.</span> 
     </span>
    </p>
   </div>
   <div class='ocr_carea' id='block_1_6' title="bbox 299 1498 1258 1632">
    <p class='ocr_par' dir='ltr' id='par_1_6' title="bbox 299 1498 1258 1686">
     <span class='ocr_line' id='line_1_9' title="bbox 299 1498 1257 1542; baseline 0.001 -14"><span class='ocrx_word' id='word_1_49' title='bbox 299 1506 303 1507; x_wconf 51' lang='lat'><em>⁷</em></span> <span class='ocrx_word' id='word_1_50' title='bbox 322 1518 329 1534; x_wconf 53' lang='lat' dir='ltr'>u</span> <span class='ocrx_word' id='word_1_51' title='bbox 356 1523 366 1526; x_wconf 72' lang='grc'><strong><em>,</em></strong></span> <span class='ocrx_word' id='word_1_52' title='bbox 392 1532 408 1542; x_wconf 29' lang='lat' dir='ltr'>x</span> <span class='ocrx_word' id='word_1_53' title='bbox 515 1498 607 1528; x_wconf 91' lang='lat' dir='ltr'>imiae</span> <span class='ocrx_word' id='word_1_54' title='bbox 619 1498 807 1529; x_wconf 84' lang='lat' dir='ltr'>credulitatis</span> <span class='ocrx_word' id='word_1_55' title='bbox 826 1505 881 1529; x_wconf 89' lang='lat' dir='ltr'>aut</span> <span class='ocrx_word' id='word_1_56' title='bbox 895 1498 1069 1538; x_wconf 70' lang='lat' dir='ltr'>imperitiae</span> <span class='ocrx_word' id='word_1_57' title='bbox 1077 1499 1257 1529; x_wconf 81' lang='lat' dir='ltr'>notamim-</span> 
     </span>
     <span class='ocr_line' id='line_1_10' title="bbox 390 1501 1258 1632; baseline 0.001 -60"><span class='ocrx_word' id='word_1_58' title='bbox 390 1501 601 1632; x_wconf 54' lang='grc' dir='ltr'>ᾚρίηὲἰ</span> <span class='ocrx_word' id='word_1_59' title='bbox 624 1543 697 1573; x_wconf 90' lang='lat' dir='ltr'>divo</span> <span class='ocrx_word' id='word_1_60' title='bbox 717 1543 864 1573; x_wconf 91' lang='lat' dir='ltr'>Thomae</span> <span class='ocrx_word' id='word_1_61' title='bbox 886 1543 1039 1582; x_wconf 89' lang='lat' dir='ltr'>Angelico</span> <span class='ocrx_word' id='word_1_62' title='bbox 1060 1543 1258 1583; x_wconf 89' lang='lat' dir='ltr'>Praeceptori</span> 
     </span>
    </p>
   </div>
   <div class='ocr_carea' id='block_1_7' title="bbox 235 1494 390 1778">
    <p class='ocr_par' dir='ltr' id='par_1_7' title="bbox 235 1494 390 1778">
     <span class='ocr_line' id='line_1_11' title="bbox 235 1494 322 1542; baseline 0 -32"><span class='ocrx_word' id='word_1_63' title='bbox 235 1494 322 1542; x_wconf 95' lang='lat' dir='ltr'>   </span> <span class='ocrx_word' id='word_1_64' title='bbox 309 1533 322 1542; x_wconf 95' lang='lat' dir='ltr'> </span> 
     </span>
     <span class='ocr_line' id='line_1_12' title="bbox 288 1543 390 1778; baseline 0.02 -119"><span class='ocrx_word' id='word_1_65' title='bbox 288 1543 390 1778; x_wconf 95' lang='lat' dir='ltr'>    </span> <span class='ocrx_word' id='word_1_66' title='bbox 360 1659 390 1691; x_wconf 95' lang='lat' dir='ltr'>  </span> 
     </span>
    </p>
   </div>
   <div class='ocr_carea' id='block_1_8' title="bbox 236 1542 260 1619">
    <p class='ocr_par' dir='ltr' id='par_1_8' title="bbox 236 1542 260 1619">
     <span class='ocr_line' id='line_1_13' title="bbox 236 1542 260 1619; baseline 0 -28"><span class='ocrx_word' id='word_1_67' title='bbox 236 1542 260 1619; x_wconf 95' lang='lat' dir='ltr'>   </span> 
     </span>
    </p>
   </div>
   <div class='ocr_carea' id='block_1_9' title="bbox 187 1538 1259 2202">
    <p class='ocr_par' dir='ltr' id='par_1_9' title="bbox 187 1538 1259 2202">
     <span class='ocr_line' id='line_1_14' title="bbox 241 1568 425 1580; baseline 0.011 -2"><span class='ocrx_word' id='word_1_68' title='bbox 241 1568 246 1578; x_wconf 64' lang='lat'><em>1</em></span> <span class='ocrx_word' id='word_1_69' title='bbox 419 1571 425 1580; x_wconf 39' lang='lat' dir='ltr'>t</span> 
     </span>
     <span class='ocr_line' id='line_1_15' title="bbox 241 1538 1258 1654; baseline 0 -36"><span class='ocrx_word' id='word_1_70' title='bbox 241 1565 288 1636; x_wconf 51' lang='lat' dir='ltr'>‘ivd</span> <span class='ocrx_word' id='word_1_71' title='bbox 305 1538 415 1654; x_wconf 37' lang='lat' dir='ltr'>&amp;RQ</span> <span class='ocrx_word' id='word_1_72' title='bbox 516 1587 635 1617; x_wconf 88' lang='lat' dir='ltr'>nullam</span> <span class='ocrx_word' id='word_1_73' title='bbox 664 1597 757 1627; x_wconf 91' lang='lat' dir='ltr'>posse</span> <span class='ocrx_word' id='word_1_74' title='bbox 789 1587 821 1617; x_wconf 90' lang='lat' dir='ltr'>in</span> <span class='ocrx_word' id='word_1_75' title='bbox 845 1587 1070 1618; x_wconf 88' lang='lat' dir='ltr'>Dissertatione</span> <span class='ocrx_word' id='word_1_76' title='bbox 1096 1587 1258 1627; x_wconf 87' lang='lat' dir='ltr'>superiore</span> 
     </span>
     <span class='ocr_line' id='line_1_16' title="bbox 237 1620 1259 1735; baseline 0.002 -75"><span class='ocrx_word' id='word_1_77' title='bbox 237 1620 288 1735; x_wconf 43' lang='grc' dir='ltr'>’ζῇ</span> <span class='ocrx_word' id='word_1_78' title='bbox 323 1622 359 1651; x_wconf 54' lang='lat'>*⁶*</span> <span class='ocrx_word' id='word_1_79' title='bbox 515 1631 747 1669; x_wconf 88' lang='lat' dir='ltr'>adnotavimus,</span> <span class='ocrx_word' id='word_1_80' title='bbox 762 1631 851 1672; x_wconf 90' lang='lat' dir='ltr'>quod</span> <span class='ocrx_word' id='word_1_81' title='bbox 866 1631 983 1662; x_wconf 91' lang='lat' dir='ltr'>librum</span> <span class='ocrx_word' id='word_1_82' title='bbox 997 1632 1037 1662; x_wconf 91' lang='lat' dir='ltr'>de</span> <span class='ocrx_word' id='word_1_83' title='bbox 1050 1632 1178 1662; x_wconf 82' lang='lat' dir='ltr'>Divinis</span> <span class='ocrx_word' id='word_1_84' title='bbox 1193 1632 1259 1662; x_wconf 92' lang='lat' dir='ltr'>No-</span> 
     </span>
     <span class='ocr_line' id='line_1_17' title="bbox 249 1674 1257 1716; baseline 0.002 -11"><span class='ocrx_word' id='word_1_85' title='bbox 249 1674 260 1683; x_wconf 87' lang='lat'><em>&#39;</em></span> <span class='ocrx_word' id='word_1_86' title='bbox 356 1675 363 1685; x_wconf 94' lang='lat'><em>&#39;</em></span> <span class='ocrx_word' id='word_1_87' title='bbox 440 1687 450 1699; x_wconf 64' lang='lat'>¹</span> <span class='ocrx_word' id='word_1_88' title='bbox 499 1676 651 1706; x_wconf 86' lang='lat' dir='ltr'>minibus</span> <span class='ocrx_word' id='word_1_89' title='bbox 677 1686 735 1716; x_wconf 91' lang='lat' dir='ltr'>pro</span> <span class='ocrx_word' id='word_1_90' title='bbox 761 1675 848 1706; x_wconf 88' lang='lat' dir='ltr'>foetu</span> <span class='ocrx_word' id='word_1_91' title='bbox 874 1675 1020 1716; x_wconf 91' lang='lat' dir='ltr'>Dionysii</span> <span class='ocrx_word' id='word_1_92' title='bbox 1048 1676 1257 1716; x_wconf 85' lang='lat' dir='ltr'>Areopagitae</span> 
     </span>
     <span class='ocr_line' id='line_1_18' title="bbox 235 1673 1256 1782; baseline 0 -32"><span class='ocrx_word' id='word_1_93' title='bbox 235 1673 286 1782; x_wconf 47' lang='lat'>153</span> <span class='ocrx_word' id='word_1_94' title='bbox 359 1738 373 1745; x_wconf 52' lang='lat' dir='ltr'><em>s</em></span> <span class='ocrx_word' id='word_1_95' title='bbox 410 1750 448 1765; x_wconf 10' lang='grc' dir='ltr'>ἓν</span> <span class='ocrx_word' id='word_1_96' title='bbox 482 1720 493 1726; x_wconf 68' lang='lat'><em>⁴</em></span> <span class='ocrx_word' id='word_1_97' title='bbox 515 1720 599 1750; x_wconf 88' lang='lat' dir='ltr'>iuxta</span> <span class='ocrx_word' id='word_1_98' title='bbox 610 1720 842 1760; x_wconf 85' lang='lat' dir='ltr'>praevalentem</span> <span class='ocrx_word' id='word_1_99' title='bbox 867 1730 904 1750; x_wconf 91' lang='lat' dir='ltr'>ea</span> <span class='ocrx_word' id='word_1_100' title='bbox 914 1727 1013 1751; x_wconf 86' lang='lat' dir='ltr'>aetate</span> <span class='ocrx_word' id='word_1_101' title='bbox 1031 1720 1256 1760; x_wconf 88' lang='lat' dir='ltr'>theologorum</span> 
     </span>
     <span class='ocr_line' id='line_1_19' title="bbox 382 1759 1255 1805; baseline 0.001 -11"><span class='ocrx_word' id='word_1_102' title='bbox 382 1759 446 1778; x_wconf 45' lang='lat'>“⁸¹³⁵</span> <span class='ocrx_word' id='word_1_103' title='bbox 482 1759 702 1804; x_wconf 57' lang='lat' dir='ltr'>‘&#39;opinionem</span> <span class='ocrx_word' id='word_1_104' title='bbox 725 1764 895 1805; x_wconf 89' lang='lat' dir='ltr'>acceperit,</span> <span class='ocrx_word' id='word_1_105' title='bbox 919 1764 1091 1805; x_wconf 88' lang='lat' dir='ltr'>ipsumque</span> <span class='ocrx_word' id='word_1_106' title='bbox 1107 1764 1255 1795; x_wconf 88' lang='lat' dir='ltr'>omnium</span> 
     </span>
     <span class='ocr_line' id='line_1_20' title="bbox 188 1808 1254 1849; baseline 0.001 -11"><span class='ocrx_word' id='word_1_107' title='bbox 188 1819 242 1839; x_wconf 92' lang='lat' dir='ltr'>ore</span> <span class='ocrx_word' id='word_1_108' title='bbox 266 1809 457 1839; x_wconf 88' lang='lat' dir='ltr'>celebratum</span> <span class='ocrx_word' id='word_1_109' title='bbox 476 1809 705 1839; x_wconf 90' lang='lat' dir='ltr'>commentario</span> <span class='ocrx_word' id='word_1_110' title='bbox 730 1808 949 1849; x_wconf 87' lang='lat' dir='ltr'>explanaverit.</span> <span class='ocrx_word' id='word_1_111' title='bbox 971 1809 1044 1839; x_wconf 93' lang='lat' dir='ltr'>Non</span> <span class='ocrx_word' id='word_1_112' title='bbox 1062 1809 1104 1839; x_wconf 89' lang='lat' dir='ltr'>ita</span> <span class='ocrx_word' id='word_1_113' title='bbox 1124 1809 1254 1840; x_wconf 83' lang='lat' dir='ltr'>fortasse</span> 
     </span>
     <span class='ocr_line' id='line_1_21' title="bbox 189 1853 1255 1894; baseline 0 -11"><span class='ocrx_word' id='word_1_114' title='bbox 189 1863 314 1883; x_wconf 84' lang='lat' dir='ltr'>summa</span> <span class='ocrx_word' id='word_1_115' title='bbox 331 1860 360 1883; x_wconf 90' lang='lat' dir='ltr'>et</span> <span class='ocrx_word' id='word_1_116' title='bbox 380 1853 518 1892; x_wconf 84' lang='lat' dir='ltr'>egregia,</span> <span class='ocrx_word' id='word_1_117' title='bbox 543 1863 606 1894; x_wconf 91' lang='lat' dir='ltr'>qua</span> <span class='ocrx_word' id='word_1_118' title='bbox 630 1853 769 1893; x_wconf 90' lang='lat' dir='ltr'>pollebat</span> <span class='ocrx_word' id='word_1_119' title='bbox 792 1853 1047 1893; x_wconf 89' lang='lat' dir='ltr'>theologicorum</span> <span class='ocrx_word' id='word_1_120' title='bbox 1067 1853 1255 1893; x_wconf 86' lang='lat' dir='ltr'>dogmatum</span> 
     </span>
     <span class='ocr_line' id='line_1_22' title="bbox 188 1897 1254 1938; baseline 0 -11"><span class='ocrx_word' id='word_1_121' title='bbox 188 1897 297 1938; x_wconf 89' lang='lat' dir='ltr'>peritia</span> <span class='ocrx_word' id='word_1_122' title='bbox 321 1897 353 1927; x_wconf 91' lang='lat' dir='ltr'>in</span> <span class='ocrx_word' id='word_1_123' title='bbox 377 1904 446 1927; x_wconf 91' lang='lat' dir='ltr'>tuto</span> <span class='ocrx_word' id='word_1_124' title='bbox 471 1897 569 1935; x_wconf 86' lang='lat' dir='ltr'>foret,</span> <span class='ocrx_word' id='word_1_125' title='bbox 594 1897 619 1927; x_wconf 90' lang='lat' dir='ltr'>si</span> <span class='ocrx_word' id='word_1_126' title='bbox 643 1897 941 1937; x_wconf 87' lang='lat' dir='ltr'>Apollinaristarum</span> <span class='ocrx_word' id='word_1_127' title='bbox 970 1897 1085 1927; x_wconf 89' lang='lat' dir='ltr'>deliriis</span> <span class='ocrx_word' id='word_1_128' title='bbox 1114 1904 1145 1928; x_wconf 93' lang='lat' dir='ltr'>et</span> <span class='ocrx_word' id='word_1_129' title='bbox 1168 1908 1254 1928; x_wconf 93' lang='lat' dir='ltr'>com-</span> 
     </span>
     <span class='ocr_line' id='line_1_23' title="bbox 189 1941 1254 1982; baseline 0.001 -11"><span class='ocrx_word' id='word_1_130' title='bbox 189 1942 302 1972; x_wconf 90' lang='lat' dir='ltr'>mentis</span> <span class='ocrx_word' id='word_1_131' title='bbox 321 1941 620 1982; x_wconf 89' lang='lat' dir='ltr'>Monophysitarum</span> <span class='ocrx_word' id='word_1_132' title='bbox 640 1948 769 1972; x_wconf 87' lang='lat' dir='ltr'>scateret</span> <span class='ocrx_word' id='word_1_133' title='bbox 788 1951 871 1982; x_wconf 90' lang='lat' dir='ltr'>opus</span> <span class='ocrx_word' id='word_1_134' title='bbox 890 1941 980 1978; x_wconf 91' lang='lat' dir='ltr'>illud,</span> <span class='ocrx_word' id='word_1_135' title='bbox 1000 1948 1036 1972; x_wconf 87' lang='lat' dir='ltr'>ut</span> <span class='ocrx_word' id='word_1_136' title='bbox 1050 1948 1163 1982; x_wconf 88' lang='lat' dir='ltr'>putant</span> <span class='ocrx_word' id='word_1_137' title='bbox 1182 1952 1254 1982; x_wconf 90' lang='lat' dir='ltr'>pro-</span> 
     </span>
     <span class='ocr_line' id='line_1_24' title="bbox 188 1985 1254 2027; baseline 0.001 -12"><span class='ocrx_word' id='word_1_138' title='bbox 188 1996 251 2027; x_wconf 92' lang='lat' dir='ltr'>que</span> <span class='ocrx_word' id='word_1_139' title='bbox 270 1993 353 2016; x_wconf 91' lang='lat' dir='ltr'>certo</span> <span class='ocrx_word' id='word_1_140' title='bbox 376 1986 491 2016; x_wconf 88' lang='lat' dir='ltr'>habent</span> <span class='ocrx_word' id='word_1_141' title='bbox 508 1985 664 2016; x_wconf 88' lang='lat' dir='ltr'>nonnulli.</span> <span class='ocrx_word' id='word_1_142' title='bbox 689 1985 910 2016; x_wconf 85' lang='lat' dir='ltr'>orthodoxam</span> <span class='ocrx_word' id='word_1_143' title='bbox 933 1986 1070 2016; x_wconf 88' lang='lat' dir='ltr'>auctoris</span> <span class='ocrx_word' id='word_1_144' title='bbox 1091 1985 1187 2016; x_wconf 90' lang='lat' dir='ltr'>fidem</span> <span class='ocrx_word' id='word_1_145' title='bbox 1207 1986 1254 2016; x_wconf 89' lang='lat' dir='ltr'>in-</span> 
     </span>
     <span class='ocr_line' id='line_1_25' title="bbox 189 2029 1256 2072; baseline 0.001 -12"><span class='ocrx_word' id='word_1_146' title='bbox 189 2030 349 2060; x_wconf 88' lang='lat' dir='ltr'>concussis</span> <span class='ocrx_word' id='word_1_147' title='bbox 373 2030 564 2069; x_wconf 88' lang='lat' dir='ltr'>argumentis</span> <span class='ocrx_word' id='word_1_148' title='bbox 584 2029 732 2060; x_wconf 87' lang='lat' dir='ltr'>vindicari</span> <span class='ocrx_word' id='word_1_149' title='bbox 750 2040 843 2070; x_wconf 85' lang='lat' dir='ltr'>posse</span> <span class='ocrx_word' id='word_1_150' title='bbox 866 2030 998 2060; x_wconf 82' lang='lat' dir='ltr'>arbitror</span> <span class='ocrx_word' id='word_1_151' title='bbox 1017 2037 1090 2070; x_wconf 89' lang='lat' dir='ltr'>ego:</span> <span class='ocrx_word' id='word_1_152' title='bbox 1112 2031 1256 2072; x_wconf 88' lang='lat' dir='ltr'>adeoque</span> 
     </span>
     <span class='ocr_line' id='line_1_26' title="bbox 188 2074 1255 2115; baseline 0.001 -11"><span class='ocrx_word' id='word_1_153' title='bbox 188 2074 312 2105; x_wconf 89' lang='lat' dir='ltr'>miratio</span> <span class='ocrx_word' id='word_1_154' title='bbox 332 2074 452 2104; x_wconf 84' lang='lat' dir='ltr'>tollitur</span> <span class='ocrx_word' id='word_1_155' title='bbox 471 2074 587 2112; x_wconf 90' lang='lat' dir='ltr'>omnis,</span> <span class='ocrx_word' id='word_1_156' title='bbox 604 2074 745 2104; x_wconf 89' lang='lat' dir='ltr'>haereses</span> <span class='ocrx_word' id='word_1_157' title='bbox 762 2074 793 2104; x_wconf 88' lang='lat' dir='ltr'>in</span> <span class='ocrx_word' id='word_1_158' title='bbox 814 2084 852 2104; x_wconf 93' lang='lat' dir='ltr'>eo</span> <span class='ocrx_word' id='word_1_159' title='bbox 869 2085 964 2115; x_wconf 92' lang='lat' dir='ltr'>opere</span> <span class='ocrx_word' id='word_1_160' title='bbox 984 2074 1202 2105; x_wconf 83' lang='lat' dir='ltr'>acutissimum</span> <span class='ocrx_word' id='word_1_161' title='bbox 1220 2085 1255 2106; x_wconf 89' lang='lat' dir='ltr'>ac</span> 
     </span>
     <span class='ocr_line' id='line_1_27' title="bbox 188 2118 1252 2159; baseline 0.002 -11"><span class='ocrx_word' id='word_1_162' title='bbox 188 2119 294 2148; x_wconf 88' lang='lat' dir='ltr'>nobile</span> <span class='ocrx_word' id='word_1_163' title='bbox 311 2118 374 2148; x_wconf 87' lang='lat' dir='ltr'>divi</span> <span class='ocrx_word' id='word_1_164' title='bbox 385 2118 531 2148; x_wconf 89' lang='lat' dir='ltr'>Thomae</span> <span class='ocrx_word' id='word_1_165' title='bbox 547 2119 710 2158; x_wconf 84' lang='lat' dir='ltr'>ingenium</span> <span class='ocrx_word' id='word_1_166' title='bbox 726 2129 791 2149; x_wconf 93' lang='lat' dir='ltr'>non</span> <span class='ocrx_word' id='word_1_167' title='bbox 806 2118 931 2156; x_wconf 89' lang='lat' dir='ltr'>vidisse,</span> <span class='ocrx_word' id='word_1_168' title='bbox 949 2129 1030 2159; x_wconf 91' lang='lat' dir='ltr'>quae</span> <span class='ocrx_word' id='word_1_169' title='bbox 1047 2119 1151 2149; x_wconf 89' lang='lat' dir='ltr'>nullae</span> <span class='ocrx_word' id='word_1_170' title='bbox 1168 2126 1252 2150; x_wconf 89' lang='lat' dir='ltr'>sunt.</span> 
     </span>
     <span class='ocr_line' id='line_1_28' title="bbox 187 2162 589 2202; baseline 0 -10"><span class='ocrx_word' id='word_1_171' title='bbox 187 2164 268 2193; x_wconf 89' lang='lat' dir='ltr'>Rem</span> <span class='ocrx_word' id='word_1_172' title='bbox 291 2163 393 2202; x_wconf 88' lang='lat' dir='ltr'>ipsam</span> <span class='ocrx_word' id='word_1_173' title='bbox 417 2162 589 2202; x_wconf 87' lang='lat' dir='ltr'>aggredior.</span> 
     </span>
    </p>
   </div>
   <div class='ocr_carea' id='block_1_10' title="bbox 253 2207 1255 2247">
    <p class='ocr_par' dir='ltr' id='par_1_10' title="bbox 253 2207 1255 2247">
     <span class='ocr_line' id='line_1_29' title="bbox 253 2207 1255 2247; baseline 0.001 -9"><span class='ocrx_word' id='word_1_174' title='bbox 253 2207 359 2247; x_wconf 88' lang='lat' dir='ltr'>Opera</span> <span class='ocrx_word' id='word_1_175' title='bbox 382 2217 463 2247; x_wconf 89' lang='lat' dir='ltr'>quae</span> <span class='ocrx_word' id='word_1_176' title='bbox 487 2207 584 2246; x_wconf 90' lang='lat' dir='ltr'>vulgo</span> <span class='ocrx_word' id='word_1_177' title='bbox 607 2207 827 2247; x_wconf 85' lang='lat' dir='ltr'>Areopagitica</span> <span class='ocrx_word' id='word_1_178' title='bbox 855 2207 989 2238; x_wconf 87' lang='lat' dir='ltr'>audiunt</span> <span class='ocrx_word' id='word_1_179' title='bbox 1019 2207 1084 2238; x_wconf 91' lang='lat' dir='ltr'>sive</span> <span class='ocrx_word' id='word_1_180' title='bbox 1114 2207 1255 2239; x_wconf 90' lang='lat' dir='ltr'>testimo-</span> 
     </span>
    </p>
   </div>
   <div class='ocr_carea' id='block_1_11' title="bbox 510 1659 511 1727">
    <p class='ocr_par' dir='ltr' id='par_1_11' title="bbox 510 1659 511 1727">
     <span class='ocr_line' id='line_1_30' title="bbox 510 1659 511 1727; baseline 0 2465"><span class='ocrx_word' id='word_1_181' title='bbox 510 1659 511 1727; x_wconf 95' lang='lat' dir='ltr'> </span> 
     </span>
    </p>
   </div>
   <div class='ocr_carea' id='block_1_12' title="bbox 184 2251 1257 3662">
    <p class='ocr_par' dir='ltr' id='par_1_12' title="bbox 184 2251 1256 3167">
     <span class='ocr_line' id='line_1_31' title="bbox 186 2251 1254 2293; baseline 0.002 -12"><span class='ocrx_word' id='word_1_182' title='bbox 186 2251 236 2281; x_wconf 90' lang='lat' dir='ltr'>nia</span> <span class='ocrx_word' id='word_1_183' title='bbox 251 2251 406 2292; x_wconf 87' lang='lat' dir='ltr'>quaedam</span> <span class='ocrx_word' id='word_1_184' title='bbox 422 2261 458 2281; x_wconf 88' lang='lat' dir='ltr'>ex</span> <span class='ocrx_word' id='word_1_185' title='bbox 473 2251 533 2281; x_wconf 88' lang='lat' dir='ltr'>illis</span> <span class='ocrx_word' id='word_1_186' title='bbox 550 2251 748 2291; x_wconf 89' lang='lat' dir='ltr'>deprompta,</span> <span class='ocrx_word' id='word_1_187' title='bbox 765 2251 867 2291; x_wconf 90' lang='lat' dir='ltr'>prima</span> <span class='ocrx_word' id='word_1_188' title='bbox 881 2252 948 2282; x_wconf 90' lang='lat' dir='ltr'>vice</span> <span class='ocrx_word' id='word_1_189' title='bbox 964 2262 1070 2282; x_wconf 90' lang='lat' dir='ltr'>coram</span> <span class='ocrx_word' id='word_1_190' title='bbox 1086 2252 1254 2293; x_wconf 80' lang='lat' dir='ltr'>palamque</span> 
     </span>
     <span class='ocr_line' id='line_1_32' title="bbox 184 2295 1256 2337; baseline 0.002 -12"><span class='ocrx_word' id='word_1_191' title='bbox 184 2296 315 2335; x_wconf 88' lang='lat' dir='ltr'>allegata</span> <span class='ocrx_word' id='word_1_192' title='bbox 338 2305 356 2325; x_wconf 92' lang='lat' dir='ltr'>a</span> <span class='ocrx_word' id='word_1_193' title='bbox 379 2295 552 2326; x_wconf 89' lang='lat' dir='ltr'>Severianis</span> <span class='ocrx_word' id='word_1_194' title='bbox 580 2295 741 2326; x_wconf 89' lang='lat' dir='ltr'>haereticis</span> <span class='ocrx_word' id='word_1_195' title='bbox 771 2295 971 2334; x_wconf 87' lang='lat' dir='ltr'>invenimus,</span> <span class='ocrx_word' id='word_1_196' title='bbox 995 2296 1050 2337; x_wconf 89' lang='lat' dir='ltr'>qui</span> <span class='ocrx_word' id='word_1_197' title='bbox 1075 2296 1256 2328; x_wconf 86' lang='lat' dir='ltr'>Constanti-</span> 
     </span>
     <span class='ocr_line' id='line_1_33' title="bbox 185 2339 1255 2380; baseline 0.003 -11"><span class='ocrx_word' id='word_1_198' title='bbox 185 2340 295 2380; x_wconf 90' lang='lat' dir='ltr'>nopoli</span> <span class='ocrx_word' id='word_1_199' title='bbox 313 2339 516 2370; x_wconf 90' lang='lat' dir='ltr'>collationem</span> <span class='ocrx_word' id='word_1_200' title='bbox 540 2349 614 2370; x_wconf 90' lang='lat' dir='ltr'>curn</span> <span class='ocrx_word' id='word_1_201' title='bbox 630 2340 815 2370; x_wconf 88' lang='lat' dir='ltr'>orthodoxis</span> <span class='ocrx_word' id='word_1_202' title='bbox 835 2340 1002 2380; x_wconf 88' lang='lat' dir='ltr'>Episcopis</span> <span class='ocrx_word' id='word_1_203' title='bbox 1018 2350 1102 2371; x_wconf 87' lang='lat' dir='ltr'>anno</span> <span class='ocrx_word' id='word_1_204' title='bbox 1122 2341 1183 2371; x_wconf 85' lang='lat'>532</span> <span class='ocrx_word' id='word_1_205' title='bbox 1201 2341 1255 2372; x_wconf 88' lang='lat' dir='ltr'>ha-</span> 
     </span>
     <span class='ocr_line' id='line_1_34' title="bbox 185 2384 1253 2426; baseline 0.002 -12"><span class='ocrx_word' id='word_1_206' title='bbox 185 2385 330 2414; x_wconf 89' lang='lat' dir='ltr'>buerunt.</span> <span class='ocrx_word' id='word_1_207' title='bbox 348 2384 516 2414; x_wconf 86' lang='lat' dir='ltr'>Severiani</span> <span class='ocrx_word' id='word_1_208' title='bbox 530 2391 616 2414; x_wconf 91' lang='lat' dir='ltr'>erant</span> <span class='ocrx_word' id='word_1_209' title='bbox 630 2384 728 2424; x_wconf 90' lang='lat' dir='ltr'>impia</span> <span class='ocrx_word' id='word_1_210' title='bbox 746 2394 889 2424; x_wconf 88' lang='lat' dir='ltr'>propago</span> <span class='ocrx_word' id='word_1_211' title='bbox 906 2384 1180 2426; x_wconf 87' lang='lat' dir='ltr'>Eutychianorum</span> <span class='ocrx_word' id='word_1_212' title='bbox 1197 2395 1253 2416; x_wconf 89' lang='lat' dir='ltr'>seu</span> 
     </span>
     <span class='ocr_line' id='line_1_35' title="bbox 185 2428 1255 2468; baseline 0.002 -10"><span class='ocrx_word' id='word_1_213' title='bbox 185 2428 495 2468; x_wconf 83' lang='lat' dir='ltr'>Monophysitarum‚</span> <span class='ocrx_word' id='word_1_214' title='bbox 512 2428 567 2468; x_wconf 91' lang='lat' dir='ltr'>qui</span> <span class='ocrx_word' id='word_1_215' title='bbox 592 2438 690 2458; x_wconf 88' lang='lat' dir='ltr'>unam</span> <span class='ocrx_word' id='word_1_216' title='bbox 713 2428 745 2458; x_wconf 93' lang='lat' dir='ltr'>in</span> <span class='ocrx_word' id='word_1_217' title='bbox 771 2428 898 2459; x_wconf 88' lang='lat' dir='ltr'>Christo</span> <span class='ocrx_word' id='word_1_218' title='bbox 923 2436 1068 2460; x_wconf 90' lang='lat' dir='ltr'>naturam</span> <span class='ocrx_word' id='word_1_219' title='bbox 1085 2436 1193 2460; x_wconf 87' lang='lat' dir='ltr'>contra</span> <span class='ocrx_word' id='word_1_220' title='bbox 1218 2429 1255 2460; x_wconf 83' lang='lat' dir='ltr'>fi-</span> 
     </span>
     <span class='ocr_line' id='line_1_36' title="bbox 187 2472 1255 2514; baseline 0.003 -12"><span class='ocrx_word' id='word_1_221' title='bbox 187 2473 260 2502; x_wconf 89' lang='lat' dir='ltr'>dem</span> <span class='ocrx_word' id='word_1_222' title='bbox 278 2472 464 2502; x_wconf 86' lang='lat' dir='ltr'>catholicam</span> <span class='ocrx_word' id='word_1_223' title='bbox 480 2482 515 2502; x_wconf 89' lang='lat' dir='ltr'>ac</span> <span class='ocrx_word' id='word_1_224' title='bbox 531 2472 644 2513; x_wconf 90' lang='lat' dir='ltr'>synodi</span> <span class='ocrx_word' id='word_1_225' title='bbox 661 2472 929 2503; x_wconf 86' lang='lat' dir='ltr'>Calchedonensis</span> <span class='ocrx_word' id='word_1_226' title='bbox 945 2473 1163 2504; x_wconf 85' lang='lat' dir='ltr'>definitionem</span> <span class='ocrx_word' id='word_1_227' title='bbox 1181 2484 1255 2514; x_wconf 91' lang='lat' dir='ltr'>pro-</span> 
     </span>
     <span class='ocr_line' id='line_1_37' title="bbox 187 2516 1254 2558; baseline 0.003 -12"><span class='ocrx_word' id='word_1_228' title='bbox 187 2517 379 2557; x_wconf 84' lang='lat' dir='ltr'>pugnabant.</span> <span class='ocrx_word' id='word_1_229' title='bbox 400 2517 526 2546; x_wconf 91' lang='lat' dir='ltr'>Nomen</span> <span class='ocrx_word' id='word_1_230' title='bbox 550 2516 714 2547; x_wconf 88' lang='lat' dir='ltr'>obtinuere</span> <span class='ocrx_word' id='word_1_231' title='bbox 738 2527 756 2546; x_wconf 88' lang='lat' dir='ltr'>a</span> <span class='ocrx_word' id='word_1_232' title='bbox 777 2517 904 2555; x_wconf 89' lang='lat' dir='ltr'>Severo,</span> <span class='ocrx_word' id='word_1_233' title='bbox 928 2517 983 2558; x_wconf 90' lang='lat' dir='ltr'>qui</span> <span class='ocrx_word' id='word_1_234' title='bbox 1007 2518 1149 2558; x_wconf 88' lang='lat' dir='ltr'>primum</span> <span class='ocrx_word' id='word_1_235' title='bbox 1172 2518 1254 2549; x_wconf 89' lang='lat' dir='ltr'>Petri</span> 
     </span>
     <span class='ocr_line' id='line_1_38' title="bbox 187 2560 1254 2601; baseline 0.004 -11"><span class='ocrx_word' id='word_1_236' title='bbox 187 2560 298 2600; x_wconf 87' lang='lat' dir='ltr'>Mongi</span> <span class='ocrx_word' id='word_1_237' title='bbox 322 2567 423 2600; x_wconf 92' lang='lat' dir='ltr'>partes</span> <span class='ocrx_word' id='word_1_238' title='bbox 446 2561 594 2591; x_wconf 88' lang='lat' dir='ltr'>adversus</span> <span class='ocrx_word' id='word_1_239' title='bbox 617 2560 827 2591; x_wconf 86' lang='lat' dir='ltr'>Timotheum</span> <span class='ocrx_word' id='word_1_240' title='bbox 851 2561 1114 2601; x_wconf 89' lang='lat' dir='ltr'>Solophaciolum</span> <span class='ocrx_word' id='word_1_241' title='bbox 1147 2563 1254 2594; x_wconf 91' lang='lat' dir='ltr'>catho-</span> 
     </span>
     <span class='ocr_line' id='line_1_39' title="bbox 188 2604 1254 2647; baseline 0.003 -13"><span class='ocrx_word' id='word_1_242' title='bbox 188 2605 287 2635; x_wconf 91' lang='lat' dir='ltr'>licum</span> <span class='ocrx_word' id='word_1_243' title='bbox 310 2604 515 2635; x_wconf 87' lang='lat' dir='ltr'>Alexandriae</span> <span class='ocrx_word' id='word_1_244' title='bbox 531 2604 713 2635; x_wconf 88' lang='lat' dir='ltr'>Antistitem</span> <span class='ocrx_word' id='word_1_245' title='bbox 729 2612 863 2636; x_wconf 87' lang='lat' dir='ltr'>sectatus</span> <span class='ocrx_word' id='word_1_246' title='bbox 879 2612 939 2636; x_wconf 82' lang='lat' dir='ltr'>est:</span> <span class='ocrx_word' id='word_1_247' title='bbox 957 2613 1027 2636; x_wconf 91' lang='lat' dir='ltr'>tum</span> <span class='ocrx_word' id='word_1_248' title='bbox 1051 2607 1089 2636; x_wconf 92' lang='lat' dir='ltr'>ab</span> <span class='ocrx_word' id='word_1_249' title='bbox 1114 2606 1182 2637; x_wconf 89' lang='lat' dir='ltr'>eius</span> <span class='ocrx_word' id='word_1_250' title='bbox 1198 2617 1254 2647; x_wconf 93' lang='lat' dir='ltr'>po-</span> 
     </span>
     <span class='ocr_line' id='line_1_40' title="bbox 187 2648 1254 2690; baseline 0.003 -12"><span class='ocrx_word' id='word_1_251' title='bbox 187 2656 252 2679; x_wconf 86' lang='lat' dir='ltr'>stea</span> <span class='ocrx_word' id='word_1_252' title='bbox 284 2648 512 2679; x_wconf 90' lang='lat' dir='ltr'>communione</span> <span class='ocrx_word' id='word_1_253' title='bbox 545 2649 713 2686; x_wconf 90' lang='lat' dir='ltr'>abstinuit,</span> <span class='ocrx_word' id='word_1_254' title='bbox 738 2649 875 2680; x_wconf 89' lang='lat' dir='ltr'>Zenonis</span> <span class='ocrx_word' id='word_1_255' title='bbox 908 2650 1107 2690; x_wconf 84' lang='lat' dir='ltr'>Imperatoris</span> <span class='ocrx_word' id='word_1_256' title='bbox 1131 2651 1254 2689; x_wconf 91' lang='lat' dir='ltr'>edicto,</span> 
     </span>
     <span class='ocr_line' id='line_1_41' title="bbox 188 2693 1254 2735; baseline 0.002 -12"><span class='ocrx_word' id='word_1_257' title='bbox 188 2693 277 2734; x_wconf 91' lang='lat' dir='ltr'>quod</span> <span class='ocrx_word' id='word_1_258' title='bbox 300 2693 480 2723; x_wconf 86' lang='lat' dir='ltr'>Henoticon</span> <span class='ocrx_word' id='word_1_259' title='bbox 496 2701 621 2730; x_wconf 89' lang='lat' dir='ltr'>vocant,</span> <span class='ocrx_word' id='word_1_260' title='bbox 637 2693 829 2724; x_wconf 87' lang='lat' dir='ltr'>subscribere</span> <span class='ocrx_word' id='word_1_261' title='bbox 846 2694 968 2731; x_wconf 89' lang='lat' dir='ltr'>nolens,</span> <span class='ocrx_word' id='word_1_262' title='bbox 981 2701 1090 2734; x_wconf 90' lang='lat' dir='ltr'>utpote</span> <span class='ocrx_word' id='word_1_263' title='bbox 1107 2705 1172 2735; x_wconf 94' lang='lat' dir='ltr'>quo</span> <span class='ocrx_word' id='word_1_264' title='bbox 1190 2705 1254 2725; x_wconf 92' lang='lat' dir='ltr'>non</span> 
     </span>
     <span class='ocr_line' id='line_1_42' title="bbox 187 2737 1255 2779; baseline 0.002 -12"><span class='ocrx_word' id='word_1_265' title='bbox 187 2737 260 2768; x_wconf 89' lang='lat' dir='ltr'>satis</span> <span class='ocrx_word' id='word_1_266' title='bbox 285 2737 535 2768; x_wconf 89' lang='lat' dir='ltr'>Calchedonensi</span> <span class='ocrx_word' id='word_1_267' title='bbox 559 2737 706 2768; x_wconf 90' lang='lat' dir='ltr'>Concilio</span> <span class='ocrx_word' id='word_1_268' title='bbox 732 2737 872 2777; x_wconf 85' lang='lat' dir='ltr'>derogari</span> <span class='ocrx_word' id='word_1_269' title='bbox 897 2739 1051 2771; x_wconf 89' lang='lat' dir='ltr'>censebat:</span> <span class='ocrx_word' id='word_1_270' title='bbox 1077 2738 1255 2779; x_wconf 88' lang='lat' dir='ltr'>ducemque</span> 
     </span>
     <span class='ocr_line' id='line_1_43' title="bbox 187 2781 1254 2822; baseline 0.002 -11"><span class='ocrx_word' id='word_1_271' title='bbox 187 2782 316 2812; x_wconf 89' lang='lat' dir='ltr'>illorum</span> <span class='ocrx_word' id='word_1_272' title='bbox 340 2791 372 2812; x_wconf 88' lang='lat' dir='ltr'>se</span> <span class='ocrx_word' id='word_1_273' title='bbox 396 2781 556 2821; x_wconf 89' lang='lat' dir='ltr'>praebuit,</span> <span class='ocrx_word' id='word_1_274' title='bbox 581 2781 636 2822; x_wconf 90' lang='lat' dir='ltr'>qui</span> <span class='ocrx_word' id='word_1_275' title='bbox 660 2782 698 2811; x_wconf 91' lang='lat' dir='ltr'>ab</span> <span class='ocrx_word' id='word_1_276' title='bbox 723 2782 837 2812; x_wconf 90' lang='lat' dir='ltr'>eodem</span> <span class='ocrx_word' id='word_1_277' title='bbox 861 2782 981 2822; x_wconf 91' lang='lat' dir='ltr'>Mongo</span> <span class='ocrx_word' id='word_1_278' title='bbox 1012 2783 1190 2813; x_wconf 89' lang='lat' dir='ltr'>secedentes</span> <span class='ocrx_word' id='word_1_279' title='bbox 1219 2793 1254 2813; x_wconf 86' lang='lat' dir='ltr'>ac</span> 
     </span>
     <span class='ocr_line' id='line_1_44' title="bbox 187 2825 1255 2867; baseline 0.001 -11"><span class='ocrx_word' id='word_1_280' title='bbox 187 2826 266 2856; x_wconf 90' lang='lat' dir='ltr'>nulli</span> <span class='ocrx_word' id='word_1_281' title='bbox 290 2827 543 2866; x_wconf 89' lang='lat' dir='ltr'>obtemperantes</span> <span class='ocrx_word' id='word_1_282' title='bbox 566 2825 740 2866; x_wconf 86' lang='lat' dir='ltr'>Episcopo,</span> <span class='ocrx_word' id='word_1_283' title='bbox 765 2825 838 2856; x_wconf 91' lang='lat' dir='ltr'>dicti</span> <span class='ocrx_word' id='word_1_284' title='bbox 865 2833 939 2857; x_wconf 92' lang='lat' dir='ltr'>sunt</span> <span class='ocrx_word' id='word_1_285' title='bbox 961 2827 1123 2867; x_wconf 86' lang='lat' dir='ltr'>Acephali.</span> <span class='ocrx_word' id='word_1_286' title='bbox 1150 2827 1255 2857; x_wconf 88' lang='lat' dir='ltr'>Thro-</span> 
     </span>
     <span class='ocr_line' id='line_1_45' title="bbox 187 2869 1256 2912; baseline 0.001 -12"><span class='ocrx_word' id='word_1_287' title='bbox 187 2880 267 2900; x_wconf 92' lang='lat' dir='ltr'>num</span> <span class='ocrx_word' id='word_1_288' title='bbox 291 2870 426 2911; x_wconf 90' lang='lat' dir='ltr'>denique</span> <span class='ocrx_word' id='word_1_289' title='bbox 448 2869 686 2900; x_wconf 89' lang='lat' dir='ltr'>Antiochenurn</span> <span class='ocrx_word' id='word_1_290' title='bbox 709 2880 794 2900; x_wconf 88' lang='lat' dir='ltr'>anno</span> <span class='ocrx_word' id='word_1_291' title='bbox 817 2871 877 2900; x_wconf 85' lang='lat'>512</span> <span class='ocrx_word' id='word_1_292' title='bbox 902 2870 1026 2907; x_wconf 90' lang='lat' dir='ltr'>invasit,</span> <span class='ocrx_word' id='word_1_293' title='bbox 1043 2870 1097 2901; x_wconf 90' lang='lat' dir='ltr'>ubi</span> <span class='ocrx_word' id='word_1_294' title='bbox 1114 2870 1256 2912; x_wconf 88' lang='lat' dir='ltr'>quinque</span> 
     </span>
     <span class='ocr_line' id='line_1_46' title="bbox 186 2913 1255 2955; baseline 0.001 -11"><span class='ocrx_word' id='word_1_295' title='bbox 186 2924 287 2945; x_wconf 88' lang='lat' dir='ltr'>annos</span> <span class='ocrx_word' id='word_1_296' title='bbox 302 2921 332 2945; x_wconf 91' lang='lat' dir='ltr'>et</span> <span class='ocrx_word' id='word_1_297' title='bbox 347 2914 468 2955; x_wconf 88' lang='lat' dir='ltr'>aliquot</span> <span class='ocrx_word' id='word_1_298' title='bbox 482 2924 606 2944; x_wconf 90' lang='lat' dir='ltr'>menses</span> <span class='ocrx_word' id='word_1_299' title='bbox 621 2913 820 2955; x_wconf 89' lang='lat' dir='ltr'>tyrannidem</span> <span class='ocrx_word' id='word_1_300' title='bbox 835 2914 980 2945; x_wconf 87' lang='lat' dir='ltr'>exercuit.</span> <span class='ocrx_word' id='word_1_301' title='bbox 997 2915 1138 2945; x_wconf 84' lang='lat' dir='ltr'>Foedam</span> <span class='ocrx_word' id='word_1_302' title='bbox 1153 2915 1255 2946; x_wconf 88' lang='lat' dir='ltr'>adhuc</span> 
     </span>
     <span class='ocr_line' id='line_1_47' title="bbox 187 2958 1256 3000; baseline 0.001 -11"><span class='ocrx_word' id='word_1_303' title='bbox 187 2959 283 2989; x_wconf 90' lang='lat' dir='ltr'>vitam</span> <span class='ocrx_word' id='word_1_304' title='bbox 299 2959 409 2998; x_wconf 87' lang='lat' dir='ltr'>agebat</span> <span class='ocrx_word' id='word_1_305' title='bbox 418 2968 504 2988; x_wconf 90' lang='lat' dir='ltr'>anno</span> <span class='ocrx_word' id='word_1_306' title='bbox 522 2959 595 2996; x_wconf 85' lang='lat'>536,</span> <span class='ocrx_word' id='word_1_307' title='bbox 611 2968 678 2999; x_wconf 93' lang='lat' dir='ltr'>quo</span> <span class='ocrx_word' id='word_1_308' title='bbox 693 2958 841 2999; x_wconf 89' lang='lat' dir='ltr'>Synodus</span> <span class='ocrx_word' id='word_1_309' title='bbox 857 2958 1152 2999; x_wconf 88' lang='lat' dir='ltr'>Constantinopoli,</span> <span class='ocrx_word' id='word_1_310' title='bbox 1167 2969 1256 3000; x_wconf 91' lang='lat' dir='ltr'>prae-</span> 
     </span>
     <span class='ocr_line' id='line_1_48' title="bbox 188 3002 1256 3044; baseline 0.001 -11"><span class='ocrx_word' id='word_1_311' title='bbox 188 3003 254 3033; x_wconf 89' lang='lat' dir='ltr'>side</span> <span class='ocrx_word' id='word_1_312' title='bbox 270 3003 397 3041; x_wconf 90' lang='lat' dir='ltr'>Menna,</span> <span class='ocrx_word' id='word_1_313' title='bbox 413 3003 603 3033; x_wconf 89' lang='lat' dir='ltr'>celebratum</span> <span class='ocrx_word' id='word_1_314' title='bbox 620 3010 675 3033; x_wconf 90' lang='lat' dir='ltr'>est.</span> <span class='ocrx_word' id='word_1_315' title='bbox 693 3002 835 3033; x_wconf 91' lang='lat' dir='ltr'>Consule</span> <span class='ocrx_word' id='word_1_316' title='bbox 851 3002 1038 3033; x_wconf 89' lang='lat' dir='ltr'>Michaelem</span> <span class='ocrx_word' id='word_1_317' title='bbox 1056 3003 1256 3044; x_wconf 90' lang='lat' dir='ltr'>Lequienum</span> 
     </span>
     <span class='ocr_line' id='line_1_49' title="bbox 189 3046 1256 3078; baseline 0 0"><span class='ocrx_word' id='word_1_318' title='bbox 189 3047 316 3078; x_wconf 89' lang='lat' dir='ltr'>Ordinis</span> <span class='ocrx_word' id='word_1_319' title='bbox 349 3047 603 3078; x_wconf 86' lang='lat' dir='ltr'>Praedicatorum</span> <span class='ocrx_word' id='word_1_320' title='bbox 636 3046 668 3077; x_wconf 91' lang='lat' dir='ltr'>in</span> <span class='ocrx_word' id='word_1_321' title='bbox 702 3046 831 3077; x_wconf 85' lang='lat' dir='ltr'>Oriente</span> <span class='ocrx_word' id='word_1_322' title='bbox 861 3047 1030 3078; x_wconf 89' lang='lat' dir='ltr'>christiano</span> <span class='ocrx_word' id='word_1_323' title='bbox 1067 3054 1098 3078; x_wconf 94' lang='lat' dir='ltr'>et</span> <span class='ocrx_word' id='word_1_324' title='bbox 1128 3048 1256 3078; x_wconf 87' lang='lat' dir='ltr'>Petrum</span> 
     </span>
     <span class='ocr_line' id='line_1_50' title="bbox 189 3091 1256 3131; baseline 0 -9"><span class='ocrx_word' id='word_1_325' title='bbox 189 3091 361 3122; x_wconf 90' lang='lat' dir='ltr'>Boschium</span> <span class='ocrx_word' id='word_1_326' title='bbox 386 3091 548 3122; x_wconf 87' lang='lat' dir='ltr'>Societatis</span> <span class='ocrx_word' id='word_1_327' title='bbox 572 3091 641 3121; x_wconf 88' lang='lat' dir='ltr'>lesu</span> <span class='ocrx_word' id='word_1_328' title='bbox 665 3091 697 3121; x_wconf 90' lang='lat' dir='ltr'>in</span> <span class='ocrx_word' id='word_1_329' title='bbox 714 3091 855 3122; x_wconf 85' lang='lat' dir='ltr'>Historia</span> <span class='ocrx_word' id='word_1_330' title='bbox 878 3091 1102 3131; x_wconf 89' lang='lat' dir='ltr'>chronologica</span> <span class='ocrx_word' id='word_1_331' title='bbox 1125 3091 1256 3122; x_wconf 87' lang='lat' dir='ltr'>Patriar-</span> 
     </span>
     <span class='ocr_line' id='line_1_51' title="bbox 189 3135 1256 3167; baseline 0 -1"><span class='ocrx_word' id='word_1_332' title='bbox 189 3135 319 3166; x_wconf 90' lang='lat' dir='ltr'>charum</span> <span class='ocrx_word' id='word_1_333' title='bbox 343 3135 529 3166; x_wconf 88' lang='lat' dir='ltr'>Antiochiae</span> <span class='ocrx_word' id='word_1_334' title='bbox 562 3135 641 3166; x_wconf 92' lang='lat' dir='ltr'>inter</span> <span class='ocrx_word' id='word_1_335' title='bbox 673 3138 751 3166; x_wconf 89' lang='lat' dir='ltr'>Acta</span> <span class='ocrx_word' id='word_1_336' title='bbox 775 3135 964 3166; x_wconf 85' lang='lat' dir='ltr'>Sanctorum</span> <span class='ocrx_word' id='word_1_337' title='bbox 997 3142 1087 3166; x_wconf 90' lang='lat' dir='ltr'>tomo</span> <span class='ocrx_word' id='word_1_338' title='bbox 1111 3136 1153 3166; x_wconf 90' lang='lat' dir='ltr'>lV</span> <span class='ocrx_word' id='word_1_339' title='bbox 1177 3136 1256 3167; x_wconf 90' lang='lat' dir='ltr'>iulii.</span> 
     </span>
    </p>

    <p class='ocr_par' dir='ltr' id='par_1_13' title="bbox 188 3179 1257 3662">
     <span class='ocr_line' id='line_1_52' title="bbox 255 3179 1255 3220; baseline 0.001 -11"><span class='ocrx_word' id='word_1_340' title='bbox 255 3180 381 3209; x_wconf 89' lang='lat' dir='ltr'>Nomen</span> <span class='ocrx_word' id='word_1_341' title='bbox 412 3179 506 3210; x_wconf 87' lang='lat' dir='ltr'>etiam</span> <span class='ocrx_word' id='word_1_342' title='bbox 530 3179 884 3220; x_wconf 79' lang='lat' dir='ltr'>Semieutychianorum</span> <span class='ocrx_word' id='word_1_343' title='bbox 910 3179 1083 3210; x_wconf 85' lang='lat' dir='ltr'>Severianis</span> <span class='ocrx_word' id='word_1_344' title='bbox 1110 3179 1255 3211; x_wconf 87' lang='lat' dir='ltr'>inhaesit.</span> 
     </span>
     <span class='ocr_line' id='line_1_53' title="bbox 190 3223 1255 3264; baseline 0.002 -11"><span class='ocrx_word' id='word_1_345' title='bbox 190 3223 269 3253; x_wconf 86' lang='lat' dir='ltr'>lstos</span> <span class='ocrx_word' id='word_1_346' title='bbox 279 3223 358 3253; x_wconf 88' lang='lat' dir='ltr'>inter</span> <span class='ocrx_word' id='word_1_347' title='bbox 373 3234 407 3253; x_wconf 90' lang='lat' dir='ltr'>ac</span> <span class='ocrx_word' id='word_1_348' title='bbox 422 3223 638 3264; x_wconf 83' lang='lat' dir='ltr'>Eutychianos</span> <span class='ocrx_word' id='word_1_349' title='bbox 653 3223 820 3254; x_wconf 88' lang='lat' dir='ltr'>discrimen</span> <span class='ocrx_word' id='word_1_350' title='bbox 837 3223 982 3254; x_wconf 84' lang='lat' dir='ltr'>Petavius</span> <span class='ocrx_word' id='word_1_351' title='bbox 1006 3230 1127 3255; x_wconf 87' lang='lat' dir='ltr'>enarrat</span> <span class='ocrx_word' id='word_1_352' title='bbox 1148 3224 1228 3256; x_wconf 92' lang='lat' dir='ltr'>libro</span> <span class='ocrx_word' id='word_1_353' title='bbox 1244 3225 1255 3255; x_wconf 86' lang='lat'>1</span> 
     </span>
     <span class='ocr_line' id='line_1_54' title="bbox 189 3267 1256 3308; baseline 0.001 -11"><span class='ocrx_word' id='word_1_354' title='bbox 189 3267 228 3298; x_wconf 92' lang='lat' dir='ltr'>de</span> <span class='ocrx_word' id='word_1_355' title='bbox 244 3267 470 3304; x_wconf 73' lang='lat' dir='ltr'>lncarnafione,</span> <span class='ocrx_word' id='word_1_356' title='bbox 481 3267 581 3308; x_wconf 85' lang='lat' dir='ltr'>capite</span> <span class='ocrx_word' id='word_1_357' title='bbox 596 3278 669 3306; x_wconf 87' lang='lat' dir='ltr'>xvn,</span> <span class='ocrx_word' id='word_1_358' title='bbox 681 3278 769 3298; x_wconf 89' lang='lat' dir='ltr'>num.</span> <span class='ocrx_word' id='word_1_359' title='bbox 781 3279 799 3308; x_wconf 88' lang='lat'>9</span> <span class='ocrx_word' id='word_1_360' title='bbox 811 3278 847 3298; x_wconf 86' lang='lat' dir='ltr'>ex</span> <span class='ocrx_word' id='word_1_361' title='bbox 862 3268 1013 3299; x_wconf 92' lang='lat' dir='ltr'>Facundo</span> <span class='ocrx_word' id='word_1_362' title='bbox 1025 3268 1256 3306; x_wconf 88' lang='lat' dir='ltr'>Hermianensi,</span> 
     </span>
     <span class='ocr_line' id='line_1_55' title="bbox 188 3311 1257 3353; baseline 0.001 -11"><span class='ocrx_word' id='word_1_363' title='bbox 188 3311 243 3352; x_wconf 92' lang='lat' dir='ltr'>qui</span> <span class='ocrx_word' id='word_1_364' title='bbox 268 3311 390 3352; x_wconf 89' lang='lat' dir='ltr'>primus</span> <span class='ocrx_word' id='word_1_365' title='bbox 412 3311 536 3342; x_wconf 88' lang='lat' dir='ltr'>videtur</span> <span class='ocrx_word' id='word_1_366' title='bbox 558 3312 912 3353; x_wconf 68' lang='lat' dir='ltr'>Semieutychianorum</span> <span class='ocrx_word' id='word_1_367' title='bbox 943 3312 1137 3343; x_wconf 85' lang='lat' dir='ltr'>vocabulum</span> <span class='ocrx_word' id='word_1_368' title='bbox 1166 3323 1257 3343; x_wconf 86' lang='lat' dir='ltr'>usur-</span> 
     </span>
     <span class='ocr_line' id='line_1_56' title="bbox 189 3355 1257 3397; baseline 0.001 -11"><span class='ocrx_word' id='word_1_369' title='bbox 189 3363 296 3396; x_wconf 87' lang='lat' dir='ltr'>passe;</span> <span class='ocrx_word' id='word_1_370' title='bbox 320 3356 407 3396; x_wconf 93' lang='lat' dir='ltr'>quod</span> <span class='ocrx_word' id='word_1_371' title='bbox 431 3355 509 3386; x_wconf 91' lang='lat' dir='ltr'>meri</span> <span class='ocrx_word' id='word_1_372' title='bbox 529 3356 717 3397; x_wconf 85' lang='lat' dir='ltr'>Eutychiani</span> <span class='ocrx_word' id='word_1_373' title='bbox 743 3367 840 3387; x_wconf 90' lang='lat' dir='ltr'>unam</span> <span class='ocrx_word' id='word_1_374' title='bbox 863 3357 1088 3387; x_wconf 87' lang='lat' dir='ltr'>tantummodo</span> <span class='ocrx_word' id='word_1_375' title='bbox 1112 3364 1257 3388; x_wconf 89' lang='lat' dir='ltr'>naturam</span> 
     </span>
     <span class='ocr_line' id='line_1_57' title="bbox 189 3400 1254 3440; baseline 0.001 -10"><span class='ocrx_word' id='word_1_376' title='bbox 189 3410 321 3440; x_wconf 90' lang='lat' dir='ltr'>eamque</span> <span class='ocrx_word' id='word_1_377' title='bbox 346 3400 533 3440; x_wconf 85' lang='lat' dir='ltr'>simplicem,</span> <span class='ocrx_word' id='word_1_378' title='bbox 553 3407 626 3440; x_wconf 86' lang='lat' dir='ltr'>post</span> <span class='ocrx_word' id='word_1_379' title='bbox 648 3400 825 3431; x_wconf 89' lang='lat' dir='ltr'>unitionem</span> <span class='ocrx_word' id='word_1_380' title='bbox 845 3400 995 3431; x_wconf 86' lang='lat' dir='ltr'>mansisse</span> <span class='ocrx_word' id='word_1_381' title='bbox 1015 3401 1047 3431; x_wconf 89' lang='lat' dir='ltr'>in</span> <span class='ocrx_word' id='word_1_382' title='bbox 1064 3401 1191 3432; x_wconf 88' lang='lat' dir='ltr'>Christo</span> <span class='ocrx_word' id='word_1_383' title='bbox 1208 3401 1254 3431; x_wconf 88' lang='lat' dir='ltr'>di-</span> 
     </span>
     <span class='ocr_line' id='line_1_58' title="bbox 190 3444 1254 3486; baseline 0.001 -12"><span class='ocrx_word' id='word_1_384' title='bbox 190 3445 310 3481; x_wconf 90' lang='lat' dir='ltr'>cebant,</span> <span class='ocrx_word' id='word_1_385' title='bbox 334 3444 398 3474; x_wconf 89' lang='lat' dir='ltr'>sive</span> <span class='ocrx_word' id='word_1_386' title='bbox 422 3444 453 3474; x_wconf 92' lang='lat' dir='ltr'>in</span> <span class='ocrx_word' id='word_1_387' title='bbox 478 3444 706 3475; x_wconf 84' lang='lat' dir='ltr'>humanitatem</span> <span class='ocrx_word' id='word_1_388' title='bbox 730 3445 900 3476; x_wconf 89' lang='lat' dir='ltr'>Divinitate</span> <span class='ocrx_word' id='word_1_389' title='bbox 930 3455 1079 3476; x_wconf 90' lang='lat' dir='ltr'>conversa</span> <span class='ocrx_word' id='word_1_390' title='bbox 1108 3445 1172 3476; x_wconf 91' lang='lat' dir='ltr'>sive</span> <span class='ocrx_word' id='word_1_391' title='bbox 1196 3455 1254 3486; x_wconf 93' lang='lat' dir='ltr'>po-</span> 
     </span>
     <span class='ocr_line' id='line_1_59' title="bbox 189 3488 1254 3530; baseline 0.002 -12"><span class='ocrx_word' id='word_1_392' title='bbox 189 3488 251 3518; x_wconf 85' lang='lat' dir='ltr'>tius</span> <span class='ocrx_word' id='word_1_393' title='bbox 274 3488 468 3519; x_wconf 83' lang='lat' dir='ltr'>humanitate</span> <span class='ocrx_word' id='word_1_394' title='bbox 492 3489 524 3519; x_wconf 90' lang='lat' dir='ltr'>in</span> <span class='ocrx_word' id='word_1_395' title='bbox 539 3488 742 3520; x_wconf 89' lang='lat' dir='ltr'>Divinitatem</span> <span class='ocrx_word' id='word_1_396' title='bbox 757 3490 914 3530; x_wconf 86' lang='lat' dir='ltr'>absorpta,</span> <span class='ocrx_word' id='word_1_397' title='bbox 931 3496 986 3520; x_wconf 89' lang='lat' dir='ltr'>aut</span> <span class='ocrx_word' id='word_1_398' title='bbox 1005 3500 1061 3530; x_wconf 90' lang='lat' dir='ltr'>per</span> <span class='ocrx_word' id='word_1_399' title='bbox 1084 3499 1154 3520; x_wconf 88' lang='lat' dir='ltr'>eam</span> <span class='ocrx_word' id='word_1_400' title='bbox 1178 3499 1254 3520; x_wconf 93' lang='lat' dir='ltr'>con-</span> 
     </span>
     <span class='ocr_line' id='line_1_60' title="bbox 190 3533 1255 3575; baseline 0.003 -14"><span class='ocrx_word' id='word_1_401' title='bbox 190 3539 334 3571; x_wconf 82' lang='lat' dir='ltr'>sumpta;</span> <span class='ocrx_word' id='word_1_402' title='bbox 357 3533 445 3573; x_wconf 92' lang='lat' dir='ltr'>quod</span> <span class='ocrx_word' id='word_1_403' title='bbox 478 3533 619 3574; x_wconf 85' lang='lat' dir='ltr'>plerique</span> <span class='ocrx_word' id='word_1_404' title='bbox 651 3543 688 3563; x_wconf 90' lang='lat' dir='ltr'>ex</span> <span class='ocrx_word' id='word_1_405' title='bbox 721 3533 777 3564; x_wconf 88' lang='lat' dir='ltr'>ista</span> <span class='ocrx_word' id='word_1_406' title='bbox 811 3533 930 3564; x_wconf 89' lang='lat' dir='ltr'>haeresi</span> <span class='ocrx_word' id='word_1_407' title='bbox 963 3534 1184 3575; x_wconf 84' lang='lat' dir='ltr'>sequebantur.</span> <span class='ocrx_word' id='word_1_408' title='bbox 1211 3535 1255 3564; x_wconf 91' lang='lat' dir='ltr'>At</span> 
     </span>
     <span class='ocr_line' id='line_1_61' title="bbox 191 3575 1254 3618; baseline 0.004 -14"><span class='ocrx_word' id='word_1_409' title='bbox 191 3575 455 3616; x_wconf 87' lang='lat' dir='ltr'>Semieutychiani</span> <span class='ocrx_word' id='word_1_410' title='bbox 479 3587 576 3607; x_wconf 83' lang='lat' dir='ltr'>unam</span> <span class='ocrx_word' id='word_1_411' title='bbox 593 3587 642 3607; x_wconf 68' lang='grc' dir='ltr'>ἐκ·</span> <span class='ocrx_word' id='word_1_412' title='bbox 663 3577 788 3608; x_wconf 89' lang='lat' dir='ltr'>duabus</span> <span class='ocrx_word' id='word_1_413' title='bbox 811 3585 956 3608; x_wconf 82' lang='lat' dir='ltr'>naturam</span> <span class='ocrx_word' id='word_1_414' title='bbox 976 3578 1187 3618; x_wconf 81' lang='lat' dir='ltr'>compositam</span> <span class='ocrx_word' id='word_1_415' title='bbox 1210 3577 1254 3608; x_wconf 90' lang='lat' dir='ltr'>sic</span> 
     </span>
     <span class='ocr_line' id='line_1_62' title="bbox 192 3620 1255 3662; baseline 0.004 -14"><span class='ocrx_word' id='word_1_416' title='bbox 192 3628 258 3648; x_wconf 88' lang='lat' dir='ltr'>esse</span> <span class='ocrx_word' id='word_1_417' title='bbox 274 3620 514 3658; x_wconf 86' lang='lat' dir='ltr'>constituebant,</span> <span class='ocrx_word' id='word_1_418' title='bbox 531 3621 805 3661; x_wconf 86' lang='lat' dir='ltr'>quemadmodum</span> <span class='ocrx_word' id='word_1_419' title='bbox 821 3631 857 3652; x_wconf 91' lang='lat' dir='ltr'>ex</span> <span class='ocrx_word' id='word_1_420' title='bbox 873 3621 978 3652; x_wconf 87' lang='lat' dir='ltr'>anima</span> <span class='ocrx_word' id='word_1_421' title='bbox 994 3629 1024 3652; x_wconf 91' lang='lat' dir='ltr'>et</span> <span class='ocrx_word' id='word_1_422' title='bbox 1043 3631 1174 3662; x_wconf 91' lang='lat' dir='ltr'>corpore</span> <span class='ocrx_word' id='word_1_423' title='bbox 1191 3632 1255 3652; x_wconf 84' lang='lat' dir='ltr'>una</span> 
     </span>
    </p>
   </div>
   <div class='ocr_carea' id='block_1_13' title="bbox 1299 1233 2388 3662">
    <p class='ocr_par' dir='ltr' id='par_1_14' title="bbox 1311 1233 2388 1586">
     <span class='ocr_line' id='line_1_63' title="bbox 1312 1233 2388 1275; baseline 0.003 -12"><span class='ocrx_word' id='word_1_424' title='bbox 1312 1233 1474 1273; x_wconf 88' lang='lat' dir='ltr'>consurgit</span> <span class='ocrx_word' id='word_1_425' title='bbox 1497 1233 1618 1273; x_wconf 82' lang='lat' dir='ltr'>integra</span> <span class='ocrx_word' id='word_1_426' title='bbox 1641 1240 1752 1264; x_wconf 92' lang='lat' dir='ltr'>natura</span> <span class='ocrx_word' id='word_1_427' title='bbox 1771 1233 1930 1272; x_wconf 88' lang='lat' dir='ltr'>humana;</span> <span class='ocrx_word' id='word_1_428' title='bbox 1947 1240 1983 1264; x_wconf 93' lang='lat' dir='ltr'>ut</span> <span class='ocrx_word' id='word_1_429' title='bbox 1999 1234 2111 1264; x_wconf 92' lang='lat' dir='ltr'>eadem</span> <span class='ocrx_word' id='word_1_430' title='bbox 2127 1240 2294 1275; x_wconf 85' lang='lat' dir='ltr'>propterea</span> <span class='ocrx_word' id='word_1_431' title='bbox 2316 1235 2388 1266; x_wconf 92' lang='lat' dir='ltr'>Deo</span> 
     </span>
     <span class='ocr_line' id='line_1_64' title="bbox 1311 1277 2388 1320; baseline 0.003 -13"><span class='ocrx_word' id='word_1_432' title='bbox 1311 1277 1394 1308; x_wconf 90' lang='lat' dir='ltr'>Patri</span> <span class='ocrx_word' id='word_1_433' title='bbox 1410 1284 1442 1308; x_wconf 92' lang='lat' dir='ltr'>et</span> <span class='ocrx_word' id='word_1_434' title='bbox 1457 1277 1581 1308; x_wconf 89' lang='lat' dir='ltr'>homini</span> <span class='ocrx_word' id='word_1_435' title='bbox 1597 1278 1871 1308; x_wconf 88' lang='lat' dir='ltr'>consubstantialis</span> <span class='ocrx_word' id='word_1_436' title='bbox 1887 1285 1978 1309; x_wconf 87' lang='lat' dir='ltr'>esset.</span> <span class='ocrx_word' id='word_1_437' title='bbox 1996 1277 2137 1319; x_wconf 77' lang='lat' dir='ltr'>impium</span> <span class='ocrx_word' id='word_1_438' title='bbox 2153 1278 2250 1309; x_wconf 90' lang='lat' dir='ltr'>hocce</span> <span class='ocrx_word' id='word_1_439' title='bbox 2269 1279 2388 1320; x_wconf 83' lang='lat' dir='ltr'>dogma</span> 
     </span>
     <span class='ocr_line' id='line_1_65' title="bbox 1312 1321 2386 1362; baseline 0.003 -11"><span class='ocrx_word' id='word_1_440' title='bbox 1312 1321 1385 1352; x_wconf 85' lang='lat' dir='ltr'>satis</span> <span class='ocrx_word' id='word_1_441' title='bbox 1409 1322 1583 1352; x_wconf 90' lang='lat' dir='ltr'>obscurum</span> <span class='ocrx_word' id='word_1_442' title='bbox 1607 1329 1638 1353; x_wconf 93' lang='lat' dir='ltr'>et</span> <span class='ocrx_word' id='word_1_443' title='bbox 1660 1322 1837 1362; x_wconf 88' lang='lat' dir='ltr'>implexum</span> <span class='ocrx_word' id='word_1_444' title='bbox 1860 1322 1903 1353; x_wconf 85' lang='lat' dir='ltr'>ita</span> <span class='ocrx_word' id='word_1_445' title='bbox 1926 1322 2086 1353; x_wconf 86' lang='lat' dir='ltr'>declarant</span> <span class='ocrx_word' id='word_1_446' title='bbox 2109 1323 2172 1361; x_wconf 87' lang='lat' dir='ltr'>alii,</span> <span class='ocrx_word' id='word_1_447' title='bbox 2193 1329 2230 1354; x_wconf 92' lang='lat' dir='ltr'>ut</span> <span class='ocrx_word' id='word_1_448' title='bbox 2252 1324 2319 1354; x_wconf 85' lang='lat' dir='ltr'>sine</span> <span class='ocrx_word' id='word_1_449' title='bbox 2342 1324 2386 1354; x_wconf 87' lang='lat' dir='ltr'>al—</span> 
     </span>
     <span class='ocr_line' id='line_1_66' title="bbox 1311 1366 2387 1406; baseline 0.003 -10"><span class='ocrx_word' id='word_1_450' title='bbox 1311 1366 1459 1396; x_wconf 89' lang='lat' dir='ltr'>terutrius</span> <span class='ocrx_word' id='word_1_451' title='bbox 1483 1373 1612 1397; x_wconf 88' lang='lat' dir='ltr'>naturae</span> <span class='ocrx_word' id='word_1_452' title='bbox 1636 1366 1869 1406; x_wconf 87' lang='lat' dir='ltr'>permutatione</span> <span class='ocrx_word' id='word_1_453' title='bbox 1892 1367 1942 1397; x_wconf 89' lang='lat' dir='ltr'>vel</span> <span class='ocrx_word' id='word_1_454' title='bbox 1966 1366 2166 1406; x_wconf 89' lang='lat' dir='ltr'>confusione,</span> <span class='ocrx_word' id='word_1_455' title='bbox 2191 1378 2255 1398; x_wconf 91' lang='lat' dir='ltr'>una</span> <span class='ocrx_word' id='word_1_456' title='bbox 2279 1374 2387 1399; x_wconf 88' lang='lat' dir='ltr'>tamen</span> 
     </span>
     <span class='ocr_line' id='line_1_67' title="bbox 1311 1410 2386 1453; baseline 0.004 -14"><span class='ocrx_word' id='word_1_457' title='bbox 1311 1410 1365 1439; x_wconf 91' lang='lat' dir='ltr'>illa</span> <span class='ocrx_word' id='word_1_458' title='bbox 1389 1417 1486 1440; x_wconf 86' lang='lat' dir='ltr'>esset:</span> <span class='ocrx_word' id='word_1_459' title='bbox 1504 1420 1568 1441; x_wconf 90' lang='lat' dir='ltr'>una</span> <span class='ocrx_word' id='word_1_460' title='bbox 1583 1410 1729 1441; x_wconf 91' lang='lat' dir='ltr'>videlicet</span> <span class='ocrx_word' id='word_1_461' title='bbox 1751 1418 1863 1442; x_wconf 89' lang='lat' dir='ltr'>natura</span> <span class='ocrx_word' id='word_1_462' title='bbox 1884 1411 1990 1441; x_wconf 87' lang='lat' dir='ltr'>divina</span> <span class='ocrx_word' id='word_1_463' title='bbox 2006 1411 2123 1451; x_wconf 87' lang='lat' dir='ltr'>primas</span> <span class='ocrx_word' id='word_1_464' title='bbox 2145 1419 2255 1452; x_wconf 88' lang='lat' dir='ltr'>agente</span> <span class='ocrx_word' id='word_1_465' title='bbox 2271 1419 2386 1453; x_wconf 88' lang='lat' dir='ltr'>partes,</span> 
     </span>
     <span class='ocr_line' id='line_1_68' title="bbox 1313 1454 2387 1498; baseline 0.003 -14"><span class='ocrx_word' id='word_1_466' title='bbox 1313 1454 1364 1484; x_wconf 91' lang='lat' dir='ltr'>cui</span> <span class='ocrx_word' id='word_1_467' title='bbox 1388 1454 1550 1485; x_wconf 90' lang='lat' dir='ltr'>accesserit</span> <span class='ocrx_word' id='word_1_468' title='bbox 1572 1454 1724 1493; x_wconf 90' lang='lat' dir='ltr'>humana,</span> <span class='ocrx_word' id='word_1_469' title='bbox 1748 1455 1836 1486; x_wconf 87' lang='lat' dir='ltr'>velut</span> <span class='ocrx_word' id='word_1_470' title='bbox 1859 1455 2118 1494; x_wconf 88' lang='lat' dir='ltr'>instrumentum,</span> <span class='ocrx_word' id='word_1_471' title='bbox 2143 1466 2199 1496; x_wconf 90' lang='lat' dir='ltr'>per</span> <span class='ocrx_word' id='word_1_472' title='bbox 2222 1457 2311 1498; x_wconf 90' lang='lat' dir='ltr'>quod</span> <span class='ocrx_word' id='word_1_473' title='bbox 2333 1456 2387 1487; x_wconf 89' lang='lat' dir='ltr'>illa</span> 
     </span>
     <span class='ocr_line' id='line_1_69' title="bbox 1313 1498 2386 1540; baseline 0.003 -12"><span class='ocrx_word' id='word_1_474' title='bbox 1313 1498 1452 1528; x_wconf 88' lang='lat' dir='ltr'>actiones</span> <span class='ocrx_word' id='word_1_475' title='bbox 1476 1499 1581 1530; x_wconf 87' lang='lat' dir='ltr'>ederet</span> <span class='ocrx_word' id='word_1_476' title='bbox 1610 1499 1660 1529; x_wconf 92' lang='lat' dir='ltr'>vel</span> <span class='ocrx_word' id='word_1_477' title='bbox 1684 1500 1773 1540; x_wconf 91' lang='lat' dir='ltr'>quod</span> <span class='ocrx_word' id='word_1_478' title='bbox 1796 1499 1959 1539; x_wconf 88' lang='lat' dir='ltr'>passiones</span> <span class='ocrx_word' id='word_1_479' title='bbox 1983 1499 2158 1531; x_wconf 85' lang='lat' dir='ltr'>forinsecus</span> <span class='ocrx_word' id='word_1_480' title='bbox 2173 1500 2285 1531; x_wconf 89' lang='lat' dir='ltr'>inlatas</span> <span class='ocrx_word' id='word_1_481' title='bbox 2309 1500 2386 1531; x_wconf 89' lang='lat' dir='ltr'>reci-</span> 
     </span>
     <span class='ocr_line' id='line_1_70' title="bbox 1313 1543 2383 1586; baseline 0.004 -14"><span class='ocrx_word' id='word_1_482' title='bbox 1313 1549 1410 1583; x_wconf 86' lang='lat' dir='ltr'>peret.</span> <span class='ocrx_word' id='word_1_483' title='bbox 1428 1543 1497 1573; x_wconf 88' lang='lat' dir='ltr'>Hac</span> <span class='ocrx_word' id='word_1_484' title='bbox 1521 1543 1559 1573; x_wconf 92' lang='lat' dir='ltr'>de</span> <span class='ocrx_word' id='word_1_485' title='bbox 1583 1553 1615 1573; x_wconf 92' lang='lat' dir='ltr'>re</span> <span class='ocrx_word' id='word_1_486' title='bbox 1638 1543 1742 1574; x_wconf 90' lang='lat' dir='ltr'>adhuc</span> <span class='ocrx_word' id='word_1_487' title='bbox 1766 1543 1847 1574; x_wconf 90' lang='lat' dir='ltr'>infra</span> <span class='ocrx_word' id='word_1_488' title='bbox 1871 1544 2068 1584; x_wconf 90' lang='lat' dir='ltr'>diligentiore</span> <span class='ocrx_word' id='word_1_489' title='bbox 2093 1554 2190 1585; x_wconf 88' lang='lat' dir='ltr'>opera</span> <span class='ocrx_word' id='word_1_490' title='bbox 2212 1545 2383 1586; x_wconf 85' lang='lat' dir='ltr'>agendum.</span> 
     </span>
    </p>

    <p class='ocr_par' dir='ltr' id='par_1_15' title="bbox 1299 1586 2388 3266">
     <span class='ocr_line' id='line_1_71' title="bbox 1380 1586 2386 1628; baseline 0.003 -11"><span class='ocrx_word' id='word_1_491' title='bbox 1380 1586 1467 1617; x_wconf 89' lang='lat' dir='ltr'>Cum</span> <span class='ocrx_word' id='word_1_492' title='bbox 1490 1587 1538 1617; x_wconf 90' lang='lat' dir='ltr'>his</span> <span class='ocrx_word' id='word_1_493' title='bbox 1562 1587 1735 1618; x_wconf 89' lang='lat' dir='ltr'>Haereticis</span> <span class='ocrx_word' id='word_1_494' title='bbox 1751 1587 2032 1628; x_wconf 86' lang='lat' dir='ltr'>Constantinopoli</span> <span class='ocrx_word' id='word_1_495' title='bbox 2048 1598 2133 1619; x_wconf 89' lang='lat' dir='ltr'>anno</span> <span class='ocrx_word' id='word_1_496' title='bbox 2156 1590 2216 1620; x_wconf 83' lang='lat'>532</span> <span class='ocrx_word' id='word_1_497' title='bbox 2243 1589 2386 1620; x_wconf 87' lang='lat' dir='ltr'>collatio-</span> 
     </span>
     <span class='ocr_line' id='line_1_72' title="bbox 1313 1631 2387 1674; baseline 0.003 -13"><span class='ocrx_word' id='word_1_498' title='bbox 1313 1641 1387 1662; x_wconf 90' lang='lat' dir='ltr'>nem</span> <span class='ocrx_word' id='word_1_499' title='bbox 1411 1631 1548 1662; x_wconf 87' lang='lat' dir='ltr'>habuere</span> <span class='ocrx_word' id='word_1_500' title='bbox 1566 1631 1735 1662; x_wconf 86' lang='lat' dir='ltr'>orthodoxi</span> <span class='ocrx_word' id='word_1_501' title='bbox 1752 1632 1895 1673; x_wconf 88' lang='lat' dir='ltr'>quinque</span> <span class='ocrx_word' id='word_1_502' title='bbox 1910 1632 2086 1670; x_wconf 86' lang='lat' dir='ltr'>Antistites,</span> <span class='ocrx_word' id='word_1_503' title='bbox 2103 1643 2245 1674; x_wconf 87' lang='lat' dir='ltr'>quorum</span> <span class='ocrx_word' id='word_1_504' title='bbox 2263 1633 2387 1674; x_wconf 79' lang='lat' dir='ltr'>primus</span> 
     </span>
     <span class='ocr_line' id='line_1_73' title="bbox 1312 1676 2385 1717; baseline 0.002 -11"><span class='ocrx_word' id='word_1_505' title='bbox 1312 1682 1377 1706; x_wconf 91' lang='lat' dir='ltr'>erat</span> <span class='ocrx_word' id='word_1_506' title='bbox 1400 1676 1559 1717; x_wconf 87' lang='lat' dir='ltr'>Hypatius</span> <span class='ocrx_word' id='word_1_507' title='bbox 1584 1676 1764 1716; x_wconf 89' lang='lat' dir='ltr'>Episcopus</span> <span class='ocrx_word' id='word_1_508' title='bbox 1788 1676 1979 1716; x_wconf 89' lang='lat' dir='ltr'>Ephesinus.</span> <span class='ocrx_word' id='word_1_509' title='bbox 2004 1677 2110 1707; x_wconf 88' lang='lat' dir='ltr'>Patres</span> <span class='ocrx_word' id='word_1_510' title='bbox 2134 1677 2309 1708; x_wconf 91' lang='lat' dir='ltr'>nonnullos</span> <span class='ocrx_word' id='word_1_511' title='bbox 2331 1687 2385 1708; x_wconf 87' lang='lat' dir='ltr'>ve-</span> 
     </span>
     <span class='ocr_line' id='line_1_74' title="bbox 1312 1720 2386 1762; baseline 0.003 -12"><span class='ocrx_word' id='word_1_512' title='bbox 1312 1727 1425 1758; x_wconf 89' lang='lat' dir='ltr'>tustos,</span> <span class='ocrx_word' id='word_1_513' title='bbox 1449 1720 1547 1751; x_wconf 90' lang='lat' dir='ltr'>veluti</span> <span class='ocrx_word' id='word_1_514' title='bbox 1573 1730 1671 1751; x_wconf 88' lang='lat' dir='ltr'>unam</span> <span class='ocrx_word' id='word_1_515' title='bbox 1698 1726 1850 1751; x_wconf 87' lang='lat' dir='ltr'>naturam</span> <span class='ocrx_word' id='word_1_516' title='bbox 1874 1721 1938 1751; x_wconf 89' lang='lat' dir='ltr'>Dei</span> <span class='ocrx_word' id='word_1_517' title='bbox 1966 1721 2059 1752; x_wconf 84' lang='lat' dir='ltr'>Verbi</span> <span class='ocrx_word' id='word_1_518' title='bbox 2085 1721 2293 1753; x_wconf 83' lang='lat' dir='ltr'>decernentes</span> <span class='ocrx_word' id='word_1_519' title='bbox 2309 1727 2386 1762; x_wconf 82' lang='lat' dir='ltr'>post</span> 
     </span>
     <span class='ocr_line' id='line_1_75' title="bbox 1312 1765 2384 1807; baseline 0.003 -13"><span class='ocrx_word' id='word_1_520' title='bbox 1312 1765 1507 1802; x_wconf 87' lang='lat' dir='ltr'>unitionem,</span> <span class='ocrx_word' id='word_1_521' title='bbox 1529 1765 1705 1804; x_wconf 84' lang='lat' dir='ltr'>allegabant</span> <span class='ocrx_word' id='word_1_522' title='bbox 1724 1765 1918 1796; x_wconf 89' lang='lat' dir='ltr'>Heterodoxi</span> <span class='ocrx_word' id='word_1_523' title='bbox 1938 1765 2096 1804; x_wconf 85' lang='lat' dir='ltr'>homines,</span> <span class='ocrx_word' id='word_1_524' title='bbox 2120 1766 2247 1797; x_wconf 87' lang='lat' dir='ltr'>beatum</span> <span class='ocrx_word' id='word_1_525' title='bbox 2273 1766 2384 1807; x_wconf 78' lang='lat' dir='ltr'>Cyrit-</span> 
     </span>
     <span class='ocr_line' id='line_1_76' title="bbox 1310 1809 2383 1851; baseline 0.004 -13"><span class='ocrx_word' id='word_1_526' title='bbox 1310 1809 1377 1839; x_wconf 88' lang='lat' dir='ltr'>lum</span> <span class='ocrx_word' id='word_1_527' title='bbox 1401 1814 1432 1839; x_wconf 86' lang='lat' dir='ltr'>et</span> <span class='ocrx_word' id='word_1_528' title='bbox 1454 1809 1579 1839; x_wconf 89' lang='lat' dir='ltr'>beatum</span> <span class='ocrx_word' id='word_1_529' title='bbox 1599 1809 1812 1840; x_wconf 83' lang='lat' dir='ltr'>Athanasium</span> <span class='ocrx_word' id='word_1_530' title='bbox 1832 1810 2078 1840; x_wconf 84' lang='lat' dir='ltr'>Alexandrinae</span> <span class='ocrx_word' id='word_1_531' title='bbox 2096 1811 2234 1841; x_wconf 82' lang='lat' dir='ltr'>civitatis</span> <span class='ocrx_word' id='word_1_532' title='bbox 2252 1811 2383 1851; x_wconf 85' lang='lat' dir='ltr'>Episco-</span> 
     </span>
     <span class='ocr_line' id='line_1_77' title="bbox 1304 1853 2383 1896; baseline 0.003 -13"><span class='ocrx_word' id='word_1_533' title='bbox 1304 1863 1376 1893; x_wconf 86' lang='lat' dir='ltr'>pos,</span> <span class='ocrx_word' id='word_1_534' title='bbox 1393 1853 1531 1884; x_wconf 86' lang='lat' dir='ltr'>Felicem</span> <span class='ocrx_word' id='word_1_535' title='bbox 1552 1858 1582 1883; x_wconf 87' lang='lat' dir='ltr'>et</span> <span class='ocrx_word' id='word_1_536' title='bbox 1601 1853 1722 1884; x_wconf 87' lang='lat' dir='ltr'>Iulium</span> <span class='ocrx_word' id='word_1_537' title='bbox 1737 1854 1905 1884; x_wconf 88' lang='lat' dir='ltr'>Romanae</span> <span class='ocrx_word' id='word_1_538' title='bbox 1919 1854 2094 1891; x_wconf 86' lang='lat' dir='ltr'>Ecclesiae,</span> <span class='ocrx_word' id='word_1_539' title='bbox 2113 1854 2308 1896; x_wconf 83' lang='lat' dir='ltr'>Gregorium</span> <span class='ocrx_word' id='word_1_540' title='bbox 2325 1856 2383 1886; x_wconf 89' lang='lat' dir='ltr'>mi-</span> 
     </span>
     <span class='ocr_line' id='line_1_78' title="bbox 1310 1897 2384 1940; baseline 0.003 -13"><span class='ocrx_word' id='word_1_541' title='bbox 1310 1897 1460 1928; x_wconf 86' lang='lat' dir='ltr'>rabilium</span> <span class='ocrx_word' id='word_1_542' title='bbox 1487 1897 1653 1938; x_wconf 85' lang='lat' dir='ltr'>factorem</span> <span class='ocrx_word' id='word_1_543' title='bbox 1687 1903 1718 1928; x_wconf 90' lang='lat' dir='ltr'>et</span> <span class='ocrx_word' id='word_1_544' title='bbox 1749 1898 1945 1938; x_wconf 80' lang='lat' dir='ltr'>Dionysium</span> <span class='ocrx_word' id='word_1_545' title='bbox 1977 1899 2226 1940; x_wconf 86' lang='lat' dir='ltr'>Areopagitam.·</span> <span class='ocrx_word' id='word_1_546' title='bbox 2254 1899 2384 1939; x_wconf 75' lang='lat' dir='ltr'>Spun’as</span> 
     </span>
     <span class='ocr_line' id='line_1_79' title="bbox 1310 1941 2383 1985; baseline 0.003 -14"><span class='ocrx_word' id='word_1_547' title='bbox 1310 1941 1416 1972; x_wconf 89' lang='lat' dir='ltr'>invehi</span> <span class='ocrx_word' id='word_1_548' title='bbox 1448 1952 1485 1972; x_wconf 87' lang='lat' dir='ltr'>ac</span> <span class='ocrx_word' id='word_1_549' title='bbox 1508 1941 1661 1972; x_wconf 86' lang='lat' dir='ltr'>venditari</span> <span class='ocrx_word' id='word_1_550' title='bbox 1685 1952 1804 1973; x_wconf 91' lang='lat' dir='ltr'>merces</span> <span class='ocrx_word' id='word_1_551' title='bbox 1835 1942 1915 1972; x_wconf 92' lang='lat' dir='ltr'>nihil</span> <span class='ocrx_word' id='word_1_552' title='bbox 1938 1942 2095 1973; x_wconf 87' lang='lat' dir='ltr'>haesitans</span> <span class='ocrx_word' id='word_1_553' title='bbox 2125 1943 2251 1984; x_wconf 91' lang='lat' dir='ltr'>reponit</span> <span class='ocrx_word' id='word_1_554' title='bbox 2274 1944 2383 1985; x_wconf 85' lang='lat' dir='ltr'>Hypa-</span> 
     </span>
     <span class='ocr_line' id='line_1_80' title="bbox 1310 1985 2383 2030; baseline 0.003 -14"><span class='ocrx_word' id='word_1_555' title='bbox 1310 1986 1388 2016; x_wconf 88' lang='lat' dir='ltr'>tius:</span> <span class='ocrx_word' id='word_1_556' title='bbox 1413 1985 1453 2016; x_wconf 90' lang='lat' dir='ltr'>In</span> <span class='ocrx_word' id='word_1_557' title='bbox 1474 1991 1598 2017; x_wconf 89' lang='lat' dir='ltr'>tantum</span> <span class='ocrx_word' id='word_1_558' title='bbox 1609 1985 1724 2027; x_wconf 86' lang='lat' dir='ltr'>salsae</span> <span class='ocrx_word' id='word_1_559' title='bbox 1742 1992 1828 2024; x_wconf 86' lang='lat' dir='ltr'>sunt,</span> <span class='ocrx_word' id='word_1_560' title='bbox 1840 1986 2008 2030; x_wconf 75' lang='lat' dir='ltr'>inquiens,</span> <span class='ocrx_word' id='word_1_561' title='bbox 2028 1987 2191 2027; x_wconf 86' lang='lat' dir='ltr'>epistolae,</span> <span class='ocrx_word' id='word_1_562' title='bbox 2211 1989 2279 2018; x_wconf 81' lang='lat' dir='ltr'>sive</span> <span class='ocrx_word' id='word_1_563' title='bbox 2297 1989 2383 2019; x_wconf 89' lang='lat' dir='ltr'>testi-</span> 
     </span>
     <span class='ocr_line' id='line_1_81' title="bbox 1299 2030 2384 2072; baseline 0.002 -11"><span class='ocrx_word' id='word_1_564' title='bbox 1299 2030 1476 2071; x_wconf 82' lang='lat' dir='ltr'>ficat1&#39;ones</span> <span class='ocrx_word' id='word_1_565' title='bbox 1495 2030 1581 2068; x_wconf 85' lang='lat' dir='ltr'>illae,</span> <span class='ocrx_word' id='word_1_566' title='bbox 1601 2040 1683 2071; x_wconf 87' lang='lat' dir='ltr'>quas</span> <span class='ocrx_word' id='word_1_567' title='bbox 1701 2031 1816 2068; x_wconf 88' lang='lat' dir='ltr'>dicitis,</span> <span class='ocrx_word' id='word_1_568' title='bbox 1838 2036 1873 2061; x_wconf 91' lang='lat' dir='ltr'>ut</span> <span class='ocrx_word' id='word_1_569' title='bbox 1892 2041 1994 2072; x_wconf 87' lang='lat' dir='ltr'>neque</span> <span class='ocrx_word' id='word_1_570' title='bbox 2013 2041 2111 2062; x_wconf 88' lang='lat' dir='ltr'>unam</span> <span class='ocrx_word' id='word_1_571' title='bbox 2128 2041 2170 2062; x_wconf 82' lang='lat' dir='ltr'>ex</span> <span class='ocrx_word' id='word_1_572' title='bbox 2188 2032 2254 2062; x_wconf 85' lang='lat' dir='ltr'>illis</span> <span class='ocrx_word' id='word_1_573' title='bbox 2271 2032 2384 2063; x_wconf 88' lang='lat' dir='ltr'>beatus</span> 
     </span>
     <span class='ocr_line' id='line_1_82' title="bbox 1313 2075 2385 2117; baseline 0.002 -12"><span class='ocrx_word' id='word_1_574' title='bbox 1313 2075 1461 2115; x_wconf 81' lang='lat' dir='ltr'>Cyrillus</span> <span class='ocrx_word' id='word_1_575' title='bbox 1481 2075 1618 2105; x_wconf 88' lang='lat' dir='ltr'>voluerit</span> <span class='ocrx_word' id='word_1_576' title='bbox 1637 2075 1813 2117; x_wconf 84' lang='lat' dir='ltr'>recordari.</span> <span class='ocrx_word' id='word_1_577' title='bbox 1835 2075 2059 2116; x_wconf 89' lang='lat' dir='ltr'>Suspicionem</span> <span class='ocrx_word' id='word_1_578' title='bbox 2075 2075 2145 2106; x_wconf 85' lang='lat' dir='ltr'>falsi</span> <span class='ocrx_word' id='word_1_579' title='bbox 2168 2076 2295 2107; x_wconf 83' lang='lat' dir='ltr'>amoliri</span> <span class='ocrx_word' id='word_1_580' title='bbox 2319 2083 2385 2107; x_wconf 90' lang='lat' dir='ltr'>stu-</span> 
     </span>
     <span class='ocr_line' id='line_1_83' title="bbox 1311 2118 2387 2161; baseline 0.002 -12"><span class='ocrx_word' id='word_1_581' title='bbox 1311 2119 1386 2150; x_wconf 90' lang='lat' dir='ltr'>dent</span> <span class='ocrx_word' id='word_1_582' title='bbox 1410 2118 1567 2149; x_wconf 90' lang='lat' dir='ltr'>Severiani</span> <span class='ocrx_word' id='word_1_583' title='bbox 1592 2126 1623 2149; x_wconf 91' lang='lat' dir='ltr'>et</span> <span class='ocrx_word' id='word_1_584' title='bbox 1646 2118 1751 2149; x_wconf 87' lang='lat' dir='ltr'>aiunt:</span> <span class='ocrx_word' id='word_1_585' title='bbox 1773 2119 1860 2156; x_wconf 84' lang='lat' dir='ltr'>Quid</span> <span class='ocrx_word' id='word_1_586' title='bbox 1879 2129 1959 2160; x_wconf 82' lang='lat' dir='ltr'>ergo</span> <span class='ocrx_word' id='word_1_587' title='bbox 1984 2121 2211 2160; x_wconf 81' lang='lat' dir='ltr'>suspicamini,</span> <span class='ocrx_word' id='word_1_588' title='bbox 2231 2122 2308 2161; x_wconf 84' lang='lat' dir='ltr'>quia</span> <span class='ocrx_word' id='word_1_589' title='bbox 2328 2130 2387 2152; x_wconf 88' lang='lat' dir='ltr'>nos</span> 
     </span>
     <span class='ocr_line' id='line_1_84' title="bbox 1311 2163 2386 2204; baseline 0.002 -10"><span class='ocrx_word' id='word_1_590' title='bbox 1311 2173 1366 2194; x_wconf 90' lang='lat' dir='ltr'>eas</span> <span class='ocrx_word' id='word_1_591' title='bbox 1374 2163 1602 2204; x_wconf 83' lang='lat' dir='ltr'>falsavimus?</span> <span class='ocrx_word' id='word_1_592' title='bbox 1618 2164 1691 2193; x_wconf 94' lang='lat' dir='ltr'>Non</span> <span class='ocrx_word' id='word_1_593' title='bbox 1708 2163 1795 2203; x_wconf 91' lang='lat' dir='ltr'>ipsis,</span> <span class='ocrx_word' id='word_1_594' title='bbox 1813 2164 1867 2194; x_wconf 91' lang='lat' dir='ltr'>sed</span> <span class='ocrx_word' id='word_1_595' title='bbox 1884 2163 2022 2204; x_wconf 86' lang='lat' dir='ltr'>antiquis</span> <span class='ocrx_word' id='word_1_596' title='bbox 2045 2164 2280 2204; x_wconf 84' lang='lat' dir='ltr'>Apollinaristis</span> <span class='ocrx_word' id='word_1_597' title='bbox 2304 2164 2386 2196; x_wconf 84' lang='lat' dir='ltr'>hanc</span> 
     </span>
     <span class='ocr_line' id='line_1_85' title="bbox 1311 2207 2388 2250; baseline 0.002 -12"><span class='ocrx_word' id='word_1_598' title='bbox 1311 2218 1377 2238; x_wconf 92' lang='lat' dir='ltr'>esse</span> <span class='ocrx_word' id='word_1_599' title='bbox 1402 2207 1601 2242; x_wconf 87' lang='lat' dir='ltr'>tribuendam</span> <span class='ocrx_word' id='word_1_600' title='bbox 1621 2207 1766 2238; x_wconf 89' lang='lat' dir='ltr'>fraudem</span> <span class='ocrx_word' id='word_1_601' title='bbox 1782 2215 1812 2238; x_wconf 93' lang='lat' dir='ltr'>et</span> <span class='ocrx_word' id='word_1_602' title='bbox 1834 2208 2046 2248; x_wconf 87' lang='lat' dir='ltr'>imposturam</span> <span class='ocrx_word' id='word_1_603' title='bbox 2068 2208 2111 2239; x_wconf 90' lang='lat' dir='ltr'>ait</span> <span class='ocrx_word' id='word_1_604' title='bbox 2126 2209 2304 2250; x_wconf 83' lang='lat' dir='ltr'>Hypatius:</span> <span class='ocrx_word' id='word_1_605' title='bbox 2328 2209 2388 2241; x_wconf 84' lang='lat' dir='ltr'>Vos</span> 
     </span>
     <span class='ocr_line' id='line_1_86' title="bbox 1312 2253 2385 2293; baseline 0.003 -11"><span class='ocrx_word' id='word_1_606' title='bbox 1312 2254 1377 2283; x_wconf 85' lang='lat' dir='ltr'>non&#39;</span> <span class='ocrx_word' id='word_1_607' title='bbox 1403 2253 1626 2292; x_wconf 84' lang='lat' dir='ltr'>suspicamur,</span> <span class='ocrx_word' id='word_1_608' title='bbox 1651 2253 1708 2283; x_wconf 88' lang='lat' dir='ltr'>sed</span> <span class='ocrx_word' id='word_1_609' title='bbox 1735 2253 1884 2293; x_wconf 77' lang='lat' dir='ltr'>antiquos</span> <span class='ocrx_word' id='word_1_610' title='bbox 1914 2253 2092 2283; x_wconf 87' lang='lat' dir='ltr'>haereticos</span> <span class='ocrx_word' id='word_1_611' title='bbox 2122 2253 2385 2293; x_wconf 85' lang='lat' dir='ltr'>Apollinaristas.</span> 
     </span>
     <span class='ocr_line' id='line_1_87' title="bbox 1310 2296 2386 2338; baseline 0.003 -12"><span class='ocrx_word' id='word_1_612' title='bbox 1310 2297 1399 2327; x_wconf 90' lang='lat' dir='ltr'>Turn</span> <span class='ocrx_word' id='word_1_613' title='bbox 1424 2296 1627 2327; x_wconf 87' lang='lat' dir='ltr'>contentione</span> <span class='ocrx_word' id='word_1_614' title='bbox 1652 2303 1739 2327; x_wconf 90' lang='lat' dir='ltr'>mota</span> <span class='ocrx_word' id='word_1_615' title='bbox 1763 2297 1804 2327; x_wconf 94' lang='lat' dir='ltr'>ob</span> <span class='ocrx_word' id='word_1_616' title='bbox 1830 2296 1940 2327; x_wconf 87' lang='lat' dir='ltr'>citatos</span> <span class='ocrx_word' id='word_1_617' title='bbox 1964 2296 2075 2338; x_wconf 89' lang='lat' dir='ltr'>Cyrilli</span> <span class='ocrx_word' id='word_1_618' title='bbox 2107 2297 2204 2328; x_wconf 86' lang='lat' dir='ltr'>libros</span> <span class='ocrx_word' id='word_1_619' title='bbox 2235 2297 2386 2330; x_wconf 83' lang='lat' dir='ltr'>adversus</span> 
     </span>
     <span class='ocr_line' id='line_1_88' title="bbox 1310 2341 2384 2383; baseline 0.002 -12"><span class='ocrx_word' id='word_1_620' title='bbox 1310 2341 1492 2372; x_wconf 89' lang='lat' dir='ltr'>Diodorum</span> <span class='ocrx_word' id='word_1_621' title='bbox 1516 2347 1546 2371; x_wconf 89' lang='lat' dir='ltr'>et</span> <span class='ocrx_word' id='word_1_622' title='bbox 1569 2341 1791 2379; x_wconf 90' lang='lat' dir='ltr'>Theodorum,</span> <span class='ocrx_word' id='word_1_623' title='bbox 1812 2341 1850 2371; x_wconf 93' lang='lat' dir='ltr'>de</span> <span class='ocrx_word' id='word_1_624' title='bbox 1873 2341 1990 2382; x_wconf 89' lang='lat' dir='ltr'>quibus</span> <span class='ocrx_word' id='word_1_625' title='bbox 2013 2341 2115 2382; x_wconf 90' lang='lat' dir='ltr'>capite</span> <span class='ocrx_word' id='word_1_626' title='bbox 2139 2349 2308 2383; x_wconf 85' lang='lat' dir='ltr'>sequente,</span> <span class='ocrx_word' id='word_1_627' title='bbox 2332 2352 2384 2373; x_wconf 82' lang='lat' dir='ltr'>ex-</span> 
     </span>
     <span class='ocr_line' id='line_1_89' title="bbox 1309 2385 2384 2428; baseline 0.003 -13"><span class='ocrx_word' id='word_1_628' title='bbox 1309 2385 1447 2426; x_wconf 90' lang='lat' dir='ltr'>pendere</span> <span class='ocrx_word' id='word_1_629' title='bbox 1470 2385 1572 2425; x_wconf 88' lang='lat' dir='ltr'>pergit</span> <span class='ocrx_word' id='word_1_630' title='bbox 1595 2385 1775 2425; x_wconf 89' lang='lat' dir='ltr'>Ephesinus</span> <span class='ocrx_word' id='word_1_631' title='bbox 1791 2385 1930 2416; x_wconf 90' lang='lat' dir='ltr'>Antistes</span> <span class='ocrx_word' id='word_1_632' title='bbox 1946 2385 2128 2416; x_wconf 88' lang='lat' dir='ltr'>testimonia</span> <span class='ocrx_word' id='word_1_633' title='bbox 2143 2386 2284 2424; x_wconf 84' lang='lat' dir='ltr'>Patrum,</span> <span class='ocrx_word' id='word_1_634' title='bbox 2301 2396 2384 2428; x_wconf 84' lang='lat' dir='ltr'>quae</span> 
     </span>
     <span class='ocr_line' id='line_1_90' title="bbox 1310 2429 2384 2470; baseline 0.001 -10"><span class='ocrx_word' id='word_1_635' title='bbox 1310 2429 1415 2470; x_wconf 88' lang='lat' dir='ltr'>primo</span> <span class='ocrx_word' id='word_1_636' title='bbox 1439 2429 1512 2460; x_wconf 94' lang='lat' dir='ltr'>loco</span> <span class='ocrx_word' id='word_1_637' title='bbox 1536 2429 1695 2460; x_wconf 87' lang='lat' dir='ltr'>Severiani</span> <span class='ocrx_word' id='word_1_638' title='bbox 1724 2429 1908 2460; x_wconf 84' lang='lat' dir='ltr'>attulerant:</span> <span class='ocrx_word' id='word_1_639' title='bbox 1933 2430 2019 2461; x_wconf 85' lang='lat' dir='ltr'>Nam</span> <span class='ocrx_word' id='word_1_640' title='bbox 2049 2435 2079 2460; x_wconf 86' lang='lat' dir='ltr'>et</span> <span class='ocrx_word' id='word_1_641' title='bbox 2107 2430 2191 2461; x_wconf 84' lang='lat' dir='ltr'>beati</span> <span class='ocrx_word' id='word_1_642' title='bbox 2219 2430 2314 2468; x_wconf 85' lang='lat' dir='ltr'>Iulii,</span> <span class='ocrx_word' id='word_1_643' title='bbox 2335 2430 2384 2462; x_wconf 91' lang='lat' dir='ltr'>in-</span> 
     </span>
     <span class='ocr_line' id='line_1_91' title="bbox 1309 2473 2384 2516; baseline 0.002 -12"><span class='ocrx_word' id='word_1_644' title='bbox 1309 2473 1443 2515; x_wconf 88' lang='lat' dir='ltr'>quiens,</span> <span class='ocrx_word' id='word_1_645' title='bbox 1463 2473 1631 2515; x_wconf 81' lang='lat' dir='ltr'>famosam</span> <span class='ocrx_word' id='word_1_646' title='bbox 1666 2474 1755 2504; x_wconf 86' lang='lat' dir='ltr'>illam</span> <span class='ocrx_word' id='word_1_647' title='bbox 1781 2474 1946 2514; x_wconf 86' lang='lat' dir='ltr'>epistolam</span> <span class='ocrx_word' id='word_1_648' title='bbox 1980 2474 2152 2515; x_wconf 68' lang='lat' dir='ltr'>manifeste</span> <span class='ocrx_word' id='word_1_649' title='bbox 2183 2475 2384 2516; x_wconf 82' lang='lat' dir='ltr'>Apollinaris</span> 
     </span>
     <span class='ocr_line' id='line_1_92' title="bbox 1309 2517 2382 2559; baseline 0.002 -11"><span class='ocrx_word' id='word_1_650' title='bbox 1309 2518 1506 2549; x_wconf 82' lang='lat' dir='ltr'>ostendimus</span> <span class='ocrx_word' id='word_1_651' title='bbox 1515 2517 1636 2558; x_wconf 86' lang='lat' dir='ltr'>fuisse,</span> <span class='ocrx_word' id='word_1_652' title='bbox 1657 2519 1808 2558; x_wconf 83' lang='lat' dir='ltr'>scriptam</span> <span class='ocrx_word' id='word_1_653' title='bbox 1829 2518 1872 2549; x_wconf 88' lang='lat' dir='ltr'>ad</span> <span class='ocrx_word' id='word_1_654' title='bbox 1887 2519 2083 2559; x_wconf 85' lang='lat' dir='ltr'>Dionysium</span> <span class='ocrx_word' id='word_1_655' title='bbox 2095 2541 2103 2549; x_wconf 93' lang='lat'>.</span> <span class='ocrx_word' id='word_1_656' title='bbox 2115 2542 2123 2550; x_wconf 93' lang='lat'>.</span> <span class='ocrx_word' id='word_1_657' title='bbox 2135 2542 2143 2550; x_wconf 94' lang='lat'>.</span> <span class='ocrx_word' id='word_1_658' title='bbox 2167 2519 2262 2556; x_wconf 89' lang='lat' dir='ltr'>Quod</span> <span class='ocrx_word' id='word_1_659' title='bbox 2275 2524 2382 2551; x_wconf 85' lang='lat' dir='ltr'>autem</span> 
     </span>
     <span class='ocr_line' id='line_1_93' title="bbox 1304 2562 2382 2603; baseline 0.003 -11"><span class='ocrx_word' id='word_1_660' title='bbox 1304 2563 1401 2603; x_wconf 86' lang='lat' dir='ltr'>pr1‘us</span> <span class='ocrx_word' id='word_1_661' title='bbox 1419 2562 1483 2593; x_wconf 87' lang='lat' dir='ltr'>dici</span> <span class='ocrx_word' id='word_1_662' title='bbox 1500 2562 1617 2599; x_wconf 86' lang='lat' dir='ltr'>debuit,</span> <span class='ocrx_word' id='word_1_663' title='bbox 1637 2562 1697 2593; x_wconf 88' lang='lat' dir='ltr'>hoc</span> <span class='ocrx_word' id='word_1_664' title='bbox 1715 2563 1748 2592; x_wconf 88' lang='lat' dir='ltr'>in</span> <span class='ocrx_word' id='word_1_665' title='bbox 1769 2563 1881 2593; x_wconf 88' lang='lat' dir='ltr'>ultimo</span> <span class='ocrx_word' id='word_1_666' title='bbox 1900 2563 1969 2593; x_wconf 88' lang='lat' dir='ltr'>Ioco</span> <span class='ocrx_word' id='word_1_667' title='bbox 1988 2563 2143 2594; x_wconf 86' lang='lat' dir='ltr'>dicimus:</span> <span class='ocrx_word' id='word_1_668' title='bbox 2161 2564 2219 2594; x_wconf 86' lang='lat' dir='ltr'>illa</span> <span class='ocrx_word' id='word_1_669' title='bbox 2234 2565 2317 2594; x_wconf 87' lang='lat' dir='ltr'>enim</span> <span class='ocrx_word' id='word_1_670' title='bbox 2337 2569 2382 2595; x_wconf 84' lang='lat' dir='ltr'>te-</span> 
     </span>
     <span class='ocr_line' id='line_1_94' title="bbox 1308 2607 2383 2648; baseline 0.001 -11"><span class='ocrx_word' id='word_1_671' title='bbox 1308 2608 1470 2644; x_wconf 82' lang='lat' dir='ltr'>stimonia,</span> <span class='ocrx_word' id='word_1_672' title='bbox 1490 2616 1574 2647; x_wconf 84' lang='lat' dir='ltr'>quae</span> <span class='ocrx_word' id='word_1_673' title='bbox 1594 2616 1648 2637; x_wconf 80' lang='lat' dir='ltr'>vos</span> <span class='ocrx_word' id='word_1_674' title='bbox 1667 2607 1821 2648; x_wconf 79' lang='lat' dir='ltr'>Dionysii</span> <span class='ocrx_word' id='word_1_675' title='bbox 1838 2608 2057 2648; x_wconf 82' lang='lat' dir='ltr'>Areopagitae</span> <span class='ocrx_word' id='word_1_676' title='bbox 2079 2607 2202 2644; x_wconf 86' lang='lat' dir='ltr'>dicitis,</span> <span class='ocrx_word' id='word_1_677' title='bbox 2224 2608 2310 2638; x_wconf 88' lang='lat' dir='ltr'>unde</span> <span class='ocrx_word' id='word_1_678' title='bbox 2322 2617 2383 2648; x_wconf 90' lang='lat' dir='ltr'>po-</span> 
     </span>
     <span class='ocr_line' id='line_1_95' title="bbox 1310 2650 2383 2691; baseline 0.002 -10"><span class='ocrx_word' id='word_1_679' title='bbox 1310 2652 1398 2681; x_wconf 88' lang='lat' dir='ltr'>testis</span> <span class='ocrx_word' id='word_1_680' title='bbox 1416 2650 1584 2681; x_wconf 86' lang='lat' dir='ltr'>ostendere</span> <span class='ocrx_word' id='word_1_681' title='bbox 1603 2660 1680 2682; x_wconf 74' lang='lat' dir='ltr'>vera</span> <span class='ocrx_word' id='word_1_682' title='bbox 1700 2660 1778 2687; x_wconf 86' lang='lat' dir='ltr'>esse,</span> <span class='ocrx_word' id='word_1_683' title='bbox 1799 2652 1882 2681; x_wconf 86' lang='lat' dir='ltr'>sicut</span> <span class='ocrx_word' id='word_1_684' title='bbox 1899 2652 2110 2691; x_wconf 85' lang='lat' dir='ltr'>suspicamini</span> <span class='ocrx_word' id='word_1_685' title='bbox 2117 2651 2136 2682; x_wconf 71' lang='lat'>9</span> <span class='ocrx_word' id='word_1_686' title='bbox 2154 2651 2190 2681; x_wconf 90' lang='lat' dir='ltr'>Si</span> <span class='ocrx_word' id='word_1_687' title='bbox 2209 2652 2293 2682; x_wconf 88' lang='lat' dir='ltr'>enim</span> <span class='ocrx_word' id='word_1_688' title='bbox 2314 2653 2383 2683; x_wconf 84' lang='lat' dir='ltr'>eius</span> 
     </span>
     <span class='ocr_line' id='line_1_96' title="bbox 1310 2695 2382 2735; baseline 0.002 -11"><span class='ocrx_word' id='word_1_689' title='bbox 1310 2700 1415 2731; x_wconf 87' lang='lat' dir='ltr'>erant,</span> <span class='ocrx_word' id='word_1_690' title='bbox 1437 2704 1499 2725; x_wconf 90' lang='lat' dir='ltr'>non</span> <span class='ocrx_word' id='word_1_691' title='bbox 1515 2695 1694 2734; x_wconf 83' lang='lat' dir='ltr'>potuissent</span> <span class='ocrx_word' id='word_1_692' title='bbox 1709 2695 1811 2725; x_wconf 90' lang='lat' dir='ltr'>latere</span> <span class='ocrx_word' id='word_1_693' title='bbox 1829 2695 1955 2725; x_wconf 87' lang='lat' dir='ltr'>beatum</span> <span class='ocrx_word' id='word_1_694' title='bbox 1974 2695 2148 2735; x_wconf 79' lang='lat' dir='ltr'>Cyrillum.</span> <span class='ocrx_word' id='word_1_695' title='bbox 2173 2695 2260 2732; x_wconf 86' lang='lat' dir='ltr'>Quid</span> <span class='ocrx_word' id='word_1_696' title='bbox 2274 2701 2382 2726; x_wconf 86' lang='lat' dir='ltr'>autem</span> 
     </span>
     <span class='ocr_line' id='line_1_97' title="bbox 1309 2738 2384 2779; baseline 0.002 -11"><span class='ocrx_word' id='word_1_697' title='bbox 1309 2739 1350 2769; x_wconf 88' lang='lat' dir='ltr'>de</span> <span class='ocrx_word' id='word_1_698' title='bbox 1368 2739 1459 2769; x_wconf 87' lang='lat' dir='ltr'>beato</span> <span class='ocrx_word' id='word_1_699' title='bbox 1481 2738 1609 2779; x_wconf 80' lang='lat' dir='ltr'>Cyrillo</span> <span class='ocrx_word' id='word_1_700' title='bbox 1637 2738 1734 2769; x_wconf 80' lang='lat' dir='ltr'>dico?</span> <span class='ocrx_word' id='word_1_701' title='bbox 1755 2738 1894 2775; x_wconf 86' lang='lat' dir='ltr'>Quando</span> <span class='ocrx_word' id='word_1_702' title='bbox 1920 2743 1951 2769; x_wconf 89' lang='lat' dir='ltr'>et</span> <span class='ocrx_word' id='word_1_703' title='bbox 1979 2739 2090 2770; x_wconf 88' lang='lat' dir='ltr'>beatus</span> <span class='ocrx_word' id='word_1_704' title='bbox 2107 2739 2326 2777; x_wconf 82' lang='lat' dir='ltr'>Athanasius,</span> <span class='ocrx_word' id='word_1_705' title='bbox 2354 2741 2384 2771; x_wconf 89' lang='lat' dir='ltr'>si</span> 
     </span>
     <span class='ocr_line' id='line_1_98' title="bbox 1304 2782 2382 2823; baseline 0.003 -11"><span class='ocrx_word' id='word_1_706' title='bbox 1304 2793 1368 2823; x_wconf 87' lang='lat' dir='ltr'>pro</span> <span class='ocrx_word' id='word_1_707' title='bbox 1387 2787 1473 2813; x_wconf 87' lang='lat' dir='ltr'>certo</span> <span class='ocrx_word' id='word_1_708' title='bbox 1491 2783 1602 2813; x_wconf 84' lang='lat' dir='ltr'>scisset</span> <span class='ocrx_word' id='word_1_709' title='bbox 1621 2783 1690 2813; x_wconf 86' lang='lat' dir='ltr'>eius</span> <span class='ocrx_word' id='word_1_710' title='bbox 1706 2782 1831 2823; x_wconf 85' lang='lat' dir='ltr'>fuisse,</span> <span class='ocrx_word' id='word_1_711' title='bbox 1853 2788 1928 2813; x_wconf 87' lang='lat' dir='ltr'>ante</span> <span class='ocrx_word' id='word_1_712' title='bbox 1946 2784 2054 2814; x_wconf 88' lang='lat' dir='ltr'>omnia</span> <span class='ocrx_word' id='word_1_713' title='bbox 2079 2784 2111 2813; x_wconf 87' lang='lat' dir='ltr'>in</span> <span class='ocrx_word' id='word_1_714' title='bbox 2132 2784 2276 2814; x_wconf 87' lang='lat' dir='ltr'>Nicaeno</span> <span class='ocrx_word' id='word_1_715' title='bbox 2298 2783 2382 2815; x_wconf 86' lang='lat' dir='ltr'>Con—</span> 
     </span>
     <span class='ocr_line' id='line_1_99' title="bbox 1309 2826 2382 2869; baseline 0.001 -11"><span class='ocrx_word' id='word_1_716' title='bbox 1309 2827 1382 2858; x_wconf 87' lang='lat' dir='ltr'>cilio</span> <span class='ocrx_word' id='word_1_717' title='bbox 1401 2827 1441 2857; x_wconf 88' lang='lat' dir='ltr'>de</span> <span class='ocrx_word' id='word_1_718' title='bbox 1467 2826 1731 2858; x_wconf 83' lang='lat' dir='ltr'>consubstantiali</span> <span class='ocrx_word' id='word_1_719' title='bbox 1759 2827 1916 2858; x_wconf 79' lang='lat' dir='ltr'>Trinitate</span> <span class='ocrx_word' id='word_1_720' title='bbox 1941 2827 2051 2858; x_wconf 87' lang='lat' dir='ltr'>eadem</span> <span class='ocrx_word' id='word_1_721' title='bbox 2072 2829 2252 2858; x_wconf 85' lang='lat' dir='ltr'>testimonia</span> <span class='ocrx_word' id='word_1_722' title='bbox 2267 2833 2382 2869; x_wconf 86' lang='lat' dir='ltr'>protu-</span> 
     </span>
     <span class='ocr_line' id='line_1_100' title="bbox 1310 2870 2383 2912; baseline 0.002 -11"><span class='ocrx_word' id='word_1_723' title='bbox 1310 2871 1397 2902; x_wconf 89' lang='lat' dir='ltr'>lisset</span> <span class='ocrx_word' id='word_1_724' title='bbox 1415 2871 1572 2902; x_wconf 84' lang='lat' dir='ltr'>adversus</span> <span class='ocrx_word' id='word_1_725' title='bbox 1599 2871 1672 2901; x_wconf 88' lang='lat' dir='ltr'>Arii</span> <span class='ocrx_word' id='word_1_726' title='bbox 1698 2870 1845 2902; x_wconf 82' lang='lat' dir='ltr'>diversae</span> <span class='ocrx_word' id='word_1_727' title='bbox 1872 2871 2070 2902; x_wconf 86' lang='lat' dir='ltr'>substantiae</span> <span class='ocrx_word' id='word_1_728' title='bbox 2097 2871 2320 2912; x_wconf 84' lang='lat' dir='ltr'>blasphemias.</span> <span class='ocrx_word' id='word_1_729' title='bbox 2346 2873 2383 2903; x_wconf 91' lang='lat' dir='ltr'>Si</span> 
     </span>
     <span class='ocr_line' id='line_1_101' title="bbox 1310 2915 2381 2957; baseline 0.001 -11"><span class='ocrx_word' id='word_1_730' title='bbox 1310 2921 1416 2946; x_wconf 86' lang='lat' dir='ltr'>autem</span> <span class='ocrx_word' id='word_1_731' title='bbox 1437 2915 1548 2946; x_wconf 87' lang='lat' dir='ltr'>nullus</span> <span class='ocrx_word' id='word_1_732' title='bbox 1567 2924 1608 2945; x_wconf 87' lang='lat' dir='ltr'>ex</span> <span class='ocrx_word' id='word_1_733' title='bbox 1626 2916 1767 2955; x_wconf 85' lang='lat' dir='ltr'>antiquis</span> <span class='ocrx_word' id='word_1_734' title='bbox 1781 2915 1971 2946; x_wconf 87' lang='lat' dir='ltr'>recordatus</span> <span class='ocrx_word' id='word_1_735' title='bbox 1985 2921 2032 2946; x_wconf 89' lang='lat' dir='ltr'>est</span> <span class='ocrx_word' id='word_1_736' title='bbox 2051 2925 2100 2953; x_wconf 89' lang='lat' dir='ltr'>ea,</span> <span class='ocrx_word' id='word_1_737' title='bbox 2119 2917 2204 2947; x_wconf 88' lang='lat' dir='ltr'>unde</span> <span class='ocrx_word' id='word_1_738' title='bbox 2223 2926 2310 2947; x_wconf 89' lang='lat' dir='ltr'>nunc</span> <span class='ocrx_word' id='word_1_739' title='bbox 2323 2926 2381 2957; x_wconf 83' lang='lat' dir='ltr'>po-</span> 
     </span>
     <span class='ocr_line' id='line_1_102' title="bbox 1311 2959 2382 3001; baseline 0.001 -11"><span class='ocrx_word' id='word_1_740' title='bbox 1311 2960 1398 2990; x_wconf 85' lang='lat' dir='ltr'>testis</span> <span class='ocrx_word' id='word_1_741' title='bbox 1422 2959 1589 2990; x_wconf 86' lang='lat' dir='ltr'>ostendere</span> <span class='ocrx_word' id='word_1_742' title='bbox 1616 2960 1692 2999; x_wconf 85' lang='lat' dir='ltr'>quia</span> <span class='ocrx_word' id='word_1_743' title='bbox 1721 2959 1809 2990; x_wconf 86' lang='lat' dir='ltr'>illius</span> <span class='ocrx_word' id='word_1_744' title='bbox 1835 2961 1919 2997; x_wconf 91' lang='lat' dir='ltr'>sint,</span> <span class='ocrx_word' id='word_1_745' title='bbox 1950 2960 2065 2991; x_wconf 86' lang='lat' dir='ltr'>nescio.</span> <span class='ocrx_word' id='word_1_746' title='bbox 2091 2960 2142 2991; x_wconf 90' lang='lat' dir='ltr'>Ad</span> <span class='ocrx_word' id='word_1_747' title='bbox 2165 2970 2262 3001; x_wconf 84' lang='lat' dir='ltr'>opera</span> <span class='ocrx_word' id='word_1_748' title='bbox 2286 2960 2382 3001; x_wconf 83' lang='lat' dir='ltr'>igitur</span> 
     </span>
     <span class='ocr_line' id='line_1_103' title="bbox 1310 3003 2382 3044; baseline 0.003 -11"><span class='ocrx_word' id='word_1_749' title='bbox 1310 3004 1408 3043; x_wconf 86' lang='lat' dir='ltr'>vulgo</span> <span class='ocrx_word' id='word_1_750' title='bbox 1431 3003 1652 3044; x_wconf 85' lang='lat' dir='ltr'>Areopagitica</span> <span class='ocrx_word' id='word_1_751' title='bbox 1675 3003 1764 3044; x_wconf 90' lang='lat' dir='ltr'>quod</span> <span class='ocrx_word' id='word_1_752' title='bbox 1781 3003 1901 3042; x_wconf 85' lang='lat' dir='ltr'>attinet,</span> <span class='ocrx_word' id='word_1_753' title='bbox 1918 3003 2024 3044; x_wconf 89' lang='lat' dir='ltr'>spuria</span> <span class='ocrx_word' id='word_1_754' title='bbox 2042 3011 2072 3035; x_wconf 92' lang='lat' dir='ltr'>et</span> <span class='ocrx_word' id='word_1_755' title='bbox 2089 3004 2223 3035; x_wconf 84' lang='lat' dir='ltr'>conficta</span> <span class='ocrx_word' id='word_1_756' title='bbox 2246 3004 2299 3035; x_wconf 84' lang='lat' dir='ltr'>illa</span> <span class='ocrx_word' id='word_1_757' title='bbox 2315 3015 2382 3036; x_wconf 83' lang='lat' dir='ltr'>esse</span> 
     </span>
     <span class='ocr_line' id='line_1_104' title="bbox 1310 3047 2383 3091; baseline 0.002 -13"><span class='ocrx_word' id='word_1_758' title='bbox 1310 3047 1495 3078; x_wconf 86' lang='lat' dir='ltr'>ostendebat</span> <span class='ocrx_word' id='word_1_759' title='bbox 1518 3047 1677 3088; x_wconf 86' lang='lat' dir='ltr'>Hypatius</span> <span class='ocrx_word' id='word_1_760' title='bbox 1707 3057 1744 3078; x_wconf 86' lang='lat' dir='ltr'>ex</span> <span class='ocrx_word' id='word_1_761' title='bbox 1775 3054 1918 3079; x_wconf 88' lang='lat' dir='ltr'>veterum</span> <span class='ocrx_word' id='word_1_762' title='bbox 1942 3048 2067 3079; x_wconf 89' lang='lat' dir='ltr'>silentio</span> <span class='ocrx_word' id='word_1_763' title='bbox 2093 3049 2294 3090; x_wconf 84' lang='lat' dir='ltr'>maximeque</span> <span class='ocrx_word' id='word_1_764' title='bbox 2318 3049 2383 3091; x_wconf 85' lang='lat' dir='ltr'>Cy-</span> 
     </span>
     <span class='ocr_line' id='line_1_105' title="bbox 1311 3091 2382 3134; baseline 0.002 -12"><span class='ocrx_word' id='word_1_765' title='bbox 1311 3092 1371 3122; x_wconf 90' lang='lat' dir='ltr'>rilli</span> <span class='ocrx_word' id='word_1_766' title='bbox 1404 3098 1435 3122; x_wconf 90' lang='lat' dir='ltr'>et</span> <span class='ocrx_word' id='word_1_767' title='bbox 1458 3091 1642 3130; x_wconf 86' lang='lat' dir='ltr'>Athanasii,</span> <span class='ocrx_word' id='word_1_768' title='bbox 1666 3091 1841 3133; x_wconf 83' lang='lat' dir='ltr'>eademque</span> <span class='ocrx_word' id='word_1_769' title='bbox 1874 3092 1999 3123; x_wconf 88' lang='lat' dir='ltr'>videtur</span> <span class='ocrx_word' id='word_1_770' title='bbox 2031 3092 2178 3123; x_wconf 88' lang='lat' dir='ltr'>habuisse</span> <span class='ocrx_word' id='word_1_771' title='bbox 2211 3103 2270 3134; x_wconf 91' lang='lat' dir='ltr'>pro</span> <span class='ocrx_word' id='word_1_772' title='bbox 2294 3092 2382 3125; x_wconf 80' lang='lat' dir='ltr'>foetu</span> 
     </span>
     <span class='ocr_line' id='line_1_106' title="bbox 1311 3135 2382 3177; baseline 0.002 -11"><span class='ocrx_word' id='word_1_773' title='bbox 1311 3135 1620 3176; x_wconf 84' lang='lat' dir='ltr'>Apollinaristarum,</span> <span class='ocrx_word' id='word_1_774' title='bbox 1637 3136 1912 3177; x_wconf 89' lang='lat' dir='ltr'>quemadmodum</span> <span class='ocrx_word' id='word_1_775' title='bbox 1937 3143 1967 3167; x_wconf 93' lang='lat' dir='ltr'>et</span> <span class='ocrx_word' id='word_1_776' title='bbox 1990 3137 2126 3168; x_wconf 88' lang='lat' dir='ltr'>aliorum</span> <span class='ocrx_word' id='word_1_777' title='bbox 2143 3137 2273 3168; x_wconf 77' lang='lat' dir='ltr'>Parrum</span> <span class='ocrx_word' id='word_1_778' title='bbox 2296 3137 2382 3168; x_wconf 78' lang='lat' dir='ltr'>testi·</span> 
     </span>
     <span class='ocr_line' id='line_1_107' title="bbox 1311 3179 2380 3223; baseline 0.003 -13"><span class='ocrx_word' id='word_1_779' title='bbox 1311 3179 1438 3218; x_wconf 88' lang='lat' dir='ltr'>monia,</span> <span class='ocrx_word' id='word_1_780' title='bbox 1462 3185 1544 3221; x_wconf 84' lang='lat' dir='ltr'>quae</span> <span class='ocrx_word' id='word_1_781' title='bbox 1567 3180 1775 3220; x_wconf 88' lang='lat' dir='ltr'>allegaverant</span> <span class='ocrx_word' id='word_1_782' title='bbox 1798 3180 1973 3211; x_wconf 88' lang='lat' dir='ltr'>Severiani:</span> <span class='ocrx_word' id='word_1_783' title='bbox 2005 3181 2065 3212; x_wconf 90' lang='lat' dir='ltr'>Vos</span> <span class='ocrx_word' id='word_1_784' title='bbox 2084 3191 2147 3212; x_wconf 89' lang='lat' dir='ltr'>non</span> <span class='ocrx_word' id='word_1_785' title='bbox 2166 3182 2380 3223; x_wconf 84' lang='lat' dir='ltr'>suspicamur,</span> 
     </span>
     <span class='ocr_line' id='line_1_108' title="bbox 1311 3224 2188 3266; baseline 0.002 -12"><span class='ocrx_word' id='word_1_786' title='bbox 1311 3224 1469 3265; x_wconf 87' lang='lat' dir='ltr'>inquiens,</span> <span class='ocrx_word' id='word_1_787' title='bbox 1492 3224 1549 3254; x_wconf 87' lang='lat' dir='ltr'>sed</span> <span class='ocrx_word' id='word_1_788' title='bbox 1567 3226 1715 3265; x_wconf 88' lang='lat' dir='ltr'>antiquos</span> <span class='ocrx_word' id='word_1_789' title='bbox 1733 3225 1910 3256; x_wconf 87' lang='lat' dir='ltr'>haereticos</span> <span class='ocrx_word' id='word_1_790' title='bbox 1928 3225 2188 3266; x_wconf 85' lang='lat' dir='ltr'>Apollinaristas.</span> 
     </span>
    </p>

    <p class='ocr_par' dir='ltr' id='par_1_16' title="bbox 1312 3268 2382 3662">
     <span class='ocr_line' id='line_1_109' title="bbox 1380 3268 2382 3309; baseline 0.001 -11"><span class='ocrx_word' id='word_1_791' title='bbox 1380 3269 1416 3299; x_wconf 90' lang='lat'>11.</span> <span class='ocrx_word' id='word_1_792' title='bbox 1433 3269 1480 3299; x_wconf 92' lang='lat' dir='ltr'>De</span> <span class='ocrx_word' id='word_1_793' title='bbox 1495 3268 1581 3298; x_wconf 89' lang='lat' dir='ltr'>libris</span> <span class='ocrx_word' id='word_1_794' title='bbox 1598 3269 1825 3309; x_wconf 84' lang='lat' dir='ltr'>Areopagiticis</span> <span class='ocrx_word' id='word_1_795' title='bbox 1840 3269 1927 3300; x_wconf 89' lang='lat' dir='ltr'>litem</span> <span class='ocrx_word' id='word_1_796' title='bbox 1952 3269 1984 3300; x_wconf 90' lang='lat' dir='ltr'>in</span> <span class='ocrx_word' id='word_1_797' title='bbox 2008 3269 2066 3301; x_wconf 88' lang='lat' dir='ltr'>hac</span> <span class='ocrx_word' id='word_1_798' title='bbox 2083 3269 2263 3300; x_wconf 87' lang='lat' dir='ltr'>Collatione</span> <span class='ocrx_word' id='word_1_799' title='bbox 2280 3275 2382 3300; x_wconf 81' lang='lat' dir='ltr'>actam</span> 
     </span>
     <span class='ocr_line' id='line_1_110' title="bbox 1312 3312 2382 3353; baseline 0.001 -11"><span class='ocrx_word' id='word_1_800' title='bbox 1312 3323 1378 3343; x_wconf 90' lang='lat' dir='ltr'>non</span> <span class='ocrx_word' id='word_1_801' title='bbox 1412 3313 1507 3343; x_wconf 87' lang='lat' dir='ltr'>fuisse</span> <span class='ocrx_word' id='word_1_802' title='bbox 1540 3319 1630 3353; x_wconf 86' lang='lat' dir='ltr'>putat</span> <span class='ocrx_word' id='word_1_803' title='bbox 1661 3313 1780 3343; x_wconf 89' lang='lat' dir='ltr'>Natalis</span> <span class='ocrx_word' id='word_1_804' title='bbox 1803 3313 1980 3344; x_wconf 90' lang='lat' dir='ltr'>Alexander</span> <span class='ocrx_word' id='word_1_805' title='bbox 2011 3313 2132 3345; x_wconf 86' lang='lat' dir='ltr'>dissert.</span> <span class='ocrx_word' id='word_1_806' title='bbox 2155 3314 2241 3344; x_wconf 84' lang='lat' dir='ltr'>xxn</span> <span class='ocrx_word' id='word_1_807' title='bbox 2265 3312 2382 3343; x_wconf 77' lang='lat' dir='ltr'>saeculi</span> 
     </span>
     <span class='ocr_line' id='line_1_111' title="bbox 1312 3357 2380 3398; baseline -0.001 -11"><span class='ocrx_word' id='word_1_808' title='bbox 1312 3357 1423 3397; x_wconf 85' lang='lat' dir='ltr'>primi;</span> <span class='ocrx_word' id='word_1_809' title='bbox 1447 3357 1501 3387; x_wconf 92' lang='lat' dir='ltr'>sed</span> <span class='ocrx_word' id='word_1_810' title='bbox 1525 3357 1710 3388; x_wconf 86' lang='lat' dir='ltr'>intentatam</span> <span class='ocrx_word' id='word_1_811' title='bbox 1736 3357 1986 3398; x_wconf 85' lang='lat' dir='ltr'>postulationem</span> <span class='ocrx_word' id='word_1_812' title='bbox 2010 3357 2079 3388; x_wconf 84' lang='lat' dir='ltr'>falsi</span> <span class='ocrx_word' id='word_1_813' title='bbox 2111 3358 2260 3388; x_wconf 82' lang='lat' dir='ltr'>adversus</span> <span class='ocrx_word' id='word_1_814' title='bbox 2283 3366 2380 3387; x_wconf 85' lang='lat' dir='ltr'>unam</span> 
     </span>
     <span class='ocr_line' id='line_1_112' title="bbox 1313 3401 2380 3443; baseline -0.001 -12"><span class='ocrx_word' id='word_1_815' title='bbox 1313 3401 1475 3432; x_wconf 89' lang='lat' dir='ltr'>dumtaxat</span> <span class='ocrx_word' id='word_1_816' title='bbox 1490 3401 1658 3442; x_wconf 90' lang='lat' dir='ltr'>epistolam</span> <span class='ocrx_word' id='word_1_817' title='bbox 1681 3401 1731 3432; x_wconf 91' lang='lat' dir='ltr'>vel</span> <span class='ocrx_word' id='word_1_818' title='bbox 1747 3402 1904 3443; x_wconf 89' lang='lat' dir='ltr'>quaedam</span> <span class='ocrx_word' id='word_1_819' title='bbox 1927 3401 2118 3439; x_wconf 89' lang='lat' dir='ltr'>testimonia,</span> <span class='ocrx_word' id='word_1_820' title='bbox 2135 3411 2216 3442; x_wconf 85' lang='lat' dir='ltr'>quae</span> <span class='ocrx_word' id='word_1_821' title='bbox 2232 3401 2265 3431; x_wconf 88' lang='lat' dir='ltr'>in</span> <span class='ocrx_word' id='word_1_822' title='bbox 2281 3402 2380 3431; x_wconf 87' lang='lat' dir='ltr'>Areo—</span> 
     </span>
     <span class='ocr_line' id='line_1_113' title="bbox 1312 3445 2380 3486; baseline -0.001 -11"><span class='ocrx_word' id='word_1_823' title='bbox 1312 3445 1434 3486; x_wconf 85' lang='lat' dir='ltr'>pagitae</span> <span class='ocrx_word' id='word_1_824' title='bbox 1449 3445 1571 3486; x_wconf 90' lang='lat' dir='ltr'>scriptis</span> <span class='ocrx_word' id='word_1_825' title='bbox 1595 3445 1747 3476; x_wconf 90' lang='lat' dir='ltr'>contineri</span> <span class='ocrx_word' id='word_1_826' title='bbox 1770 3446 2001 3477; x_wconf 89' lang='lat' dir='ltr'>contendebant</span> <span class='ocrx_word' id='word_1_827' title='bbox 2015 3445 2184 3477; x_wconf 82' lang='lat' dir='ltr'>Severiani.</span> <span class='ocrx_word' id='word_1_828' title='bbox 2199 3445 2297 3482; x_wconf 91' lang='lat' dir='ltr'>Quod</span> <span class='ocrx_word' id='word_1_829' title='bbox 2321 3454 2380 3484; x_wconf 87' lang='lat' dir='ltr'>ego</span> 
     </span>
     <span class='ocr_line' id='line_1_114' title="bbox 1313 3489 2380 3528; baseline -0.003 -8"><span class='ocrx_word' id='word_1_830' title='bbox 1313 3499 1377 3520; x_wconf 92' lang='lat' dir='ltr'>non</span> <span class='ocrx_word' id='word_1_831' title='bbox 1402 3489 1444 3520; x_wconf 82' lang='lat' dir='ltr'>ita</span> <span class='ocrx_word' id='word_1_832' title='bbox 1467 3489 1607 3520; x_wconf 91' lang='lat' dir='ltr'>solidum</span> <span class='ocrx_word' id='word_1_833' title='bbox 1631 3490 1805 3520; x_wconf 89' lang='lat' dir='ltr'>doctissimi</span> <span class='ocrx_word' id='word_1_834' title='bbox 1828 3489 1886 3520; x_wconf 89' lang='lat' dir='ltr'>viri</span> <span class='ocrx_word' id='word_1_835' title='bbox 1914 3489 2156 3521; x_wconf 85' lang='lat' dir='ltr'>existimaverim</span> <span class='ocrx_word' id='word_1_836' title='bbox 2179 3497 2380 3528; x_wconf 83' lang='lat' dir='ltr'>responsum,</span> 
     </span>
     <span class='ocr_line' id='line_1_115' title="bbox 1312 3531 2380 3575; baseline -0.003 -11"><span class='ocrx_word' id='word_1_837' title='bbox 1312 3544 1386 3565; x_wconf 88' lang='lat' dir='ltr'>curn</span> <span class='ocrx_word' id='word_1_838' title='bbox 1410 3541 1531 3565; x_wconf 91' lang='lat' dir='ltr'>certum</span> <span class='ocrx_word' id='word_1_839' title='bbox 1555 3534 1594 3565; x_wconf 89' lang='lat' dir='ltr'>sit</span> <span class='ocrx_word' id='word_1_840' title='bbox 1617 3541 1892 3575; x_wconf 89' lang='lat' dir='ltr'>compertumque,</span> <span class='ocrx_word' id='word_1_841' title='bbox 1909 3534 2031 3565; x_wconf 88' lang='lat' dir='ltr'>obiecta</span> <span class='ocrx_word' id='word_1_842' title='bbox 2047 3534 2085 3564; x_wconf 85' lang='lat' dir='ltr'>ab</span> <span class='ocrx_word' id='word_1_843' title='bbox 2102 3531 2311 3563; x_wconf 87' lang='lat' dir='ltr'>Heterodoxis</span> <span class='ocrx_word' id='word_1_844' title='bbox 2335 3539 2380 3562; x_wconf 89' lang='lat' dir='ltr'>te-</span> 
     </span>
     <span class='ocr_line' id='line_1_116' title="bbox 1312 3575 2380 3619; baseline -0.003 -11"><span class='ocrx_word' id='word_1_845' title='bbox 1312 3578 1461 3608; x_wconf 89' lang='lat' dir='ltr'>stimonia</span> <span class='ocrx_word' id='word_1_846' title='bbox 1480 3578 1512 3608; x_wconf 93' lang='lat' dir='ltr'>in</span> <span class='ocrx_word' id='word_1_847' title='bbox 1532 3577 1608 3618; x_wconf 86' lang='lat' dir='ltr'>ipsis</span> <span class='ocrx_word' id='word_1_848' title='bbox 1623 3578 1775 3609; x_wconf 85' lang='lat' dir='ltr'>contineri</span> <span class='ocrx_word' id='word_1_849' title='bbox 1790 3578 1888 3616; x_wconf 86' lang='lat' dir='ltr'>libris,</span> <span class='ocrx_word' id='word_1_850' title='bbox 1903 3587 1985 3619; x_wconf 89' lang='lat' dir='ltr'>quae</span> <span class='ocrx_word' id='word_1_851' title='bbox 1999 3577 2093 3608; x_wconf 90' lang='lat' dir='ltr'>tribui</span> <span class='ocrx_word' id='word_1_852' title='bbox 2109 3575 2265 3616; x_wconf 90' lang='lat' dir='ltr'>Dionysio</span> <span class='ocrx_word' id='word_1_853' title='bbox 2282 3578 2380 3606; x_wconf 87' lang='lat' dir='ltr'>Areo-</span> 
     </span>
     <span class='ocr_line' id='line_1_117' title="bbox 1313 3620 2380 3662; baseline -0.003 -10"><span class='ocrx_word' id='word_1_854' title='bbox 1313 3621 1435 3662; x_wconf 85' lang='lat' dir='ltr'>pagitae</span> <span class='ocrx_word' id='word_1_855' title='bbox 1459 3622 1571 3653; x_wconf 90' lang='lat' dir='ltr'>solent.</span> <span class='ocrx_word' id='word_1_856' title='bbox 1605 3622 1651 3652; x_wconf 83' lang='lat' dir='ltr'>Ex</span> <span class='ocrx_word' id='word_1_857' title='bbox 1680 3621 1878 3653; x_wconf 81' lang='lat' dir='ltr'>collectaneis</span> <span class='ocrx_word' id='word_1_858' title='bbox 1910 3631 1985 3652; x_wconf 80' lang='lat' dir='ltr'>mss.</span> <span class='ocrx_word' id='word_1_859' title='bbox 2010 3627 2118 3652; x_wconf 87' lang='lat' dir='ltr'>contra</span> <span class='ocrx_word' id='word_1_860' title='bbox 2154 3620 2284 3650; x_wconf 89' lang='lat' dir='ltr'>eosdem</span> <span class='ocrx_word' id='word_1_861' title='bbox 2308 3620 2380 3650; x_wconf 87' lang='lat' dir='ltr'>hae-</span> 
     </span>
    </p>
   </div>
  </div>
 </body>
</html>
