2548 4192
212 281 328 308 CCCXX

214 350 309 380 factas
333 349 493 379 versiones
516 348 593 378 vitio
617 347 793 377 laborantes
824 350 968 381 noverat;
994 342 1049 383 qui
1077 351 1113 371 ex
1136 341 1284 380 interpre-

213 393 385 425 tationibus
414 402 517 432 neque
542 391 633 422 bonis
661 400 764 430 neque
792 389 871 418 veris
896 397 954 427 pro
979 396 1038 416 suo
1069 384 1186 425 ingenii
1210 394 1284 434 acu-

214 438 300 468 mine
322 439 379 467 aut
401 447 507 466 veram
538 442 592 465 aut
622 434 872 464 verisimiliorem
902 438 1069 460 auctorum
1097 435 1284 459 sententiam

214 481 344 521 adsequi
368 480 486 520 potuit;
511 479 566 519 qui
589 486 730 508 veterum
754 477 835 506 dicta
858 475 1013 514 plurima,
1042 473 1138 502 dubia
1162 479 1192 503 et
1215 482 1284 512 per-

213 526 321 565 plexa,
352 525 479 554 iubente
510 524 645 553 Summo
676 520 847 556 Pontifice,
878 526 943 548 tam
974 524 1116 547 accurate
1140 517 1285 547 discussit

214 569 433 608 exposuitque,
451 575 486 597 ut
500 566 588 596 omni
605 566 726 595 sublata
743 562 917 594 calumniae
934 569 964 592 et
979 561 1090 591 erroris
1106 561 1283 598 occasione,

214 613 253 643 ad
281 612 377 642 fidem
405 611 609 641 adserendam
637 608 725 638 utilia
754 607 971 643 redderentur;
1001 605 1056 646 qui
1080 605 1213 634 demum
1236 605 1283 634 in-

213 656 410 696 terpretibus,
430 654 485 694 qui
506 664 541 683 ex
561 663 624 683 una
643 653 750 692 lingua
769 652 801 680 in
822 650 915 680 aliam
935 659 1066 689 operam
1082 648 1282 686 transferunt,

214 700 350 739 optimas
369 699 490 738 regulas
509 696 645 733 tradidit,
666 703 702 727 ut
718 704 893 726 consonam
912 701 1006 734 atque
1026 693 1189 733 propriam
1208 703 1283 723 con-

214 743 304 774 ficere
327 742 503 772 versionem
527 738 668 770 valeant?

280 786 363 816 Hinc
379 792 464 825 patet
479 786 568 825 copia
586 784 737 819 lectionis,
756 792 854 823 quam
870 782 903 812 in
920 782 1078 822 Aquinate
1095 790 1161 810 non
1178 780 1284 820 potuit

212 831 279 870 ipse
308 830 484 860 Bruckerus
515 839 581 858 non
614 827 855 864 commendare,
887 836 953 856 non
977 825 1131 855 admirari.
1164 825 1283 855 Mirum

213 884 286 914 ergo
318 874 422 903 ieiuna
451 873 504 903 illa
531 873 626 902 verba
654 871 793 902 excidere
823 881 840 900 e
869 871 990 900 calamo
1021 869 1163 909 potuisse
1187 869 1282 899 critici

211 917 286 955 viri,
318 917 373 957 qui
404 927 486 956 opus
515 917 624 957 gallice
654 916 860 955 inscriptum,
890 915 1038 944 Examen
1069 913 1124 943 des
1153 913 1283 954 defauts

212 962 446 1002 the'ologiques,
470 971 554 991 anno
584 970 666 1002 1744
698 959 850 1000 vulgavit:
877 959 1074 999 Magistrum
1105 957 1281 987 Sententia-

212 1016 303 1043 rum,
329 1005 518 1045 inquientis,
543 1005 669 1046 legerat
698 1005 835 1034 Thomas
858 1009 889 1033 et
911 1003 1072 1043 Epistolas
1092 1002 1185 1032 Ponti
1209 1012 1280 1031 cum

210 1050 398 1080 Decretales
421 1059 460 1080 ac
483 1051 644 1090 integrum
672 1048 821 1078 Gratiani
840 1048 1034 1083 Decretum;
1058 1056 1093 1076 ac
1110 1046 1135 1075 si
1151 1046 1279 1076 Patrum

212 1100 354 1132 excerpta
377 1094 534 1134 quaedam
558 1092 676 1133 legerit,
701 1102 782 1132 quae
806 1092 838 1122 in
858 1090 1022 1131 praedictis
1042 1090 1280 1120 collectionibus

213 1144 359 1167 contenta
382 1137 596 1175 inveniuntur,
616 1137 703 1176 ipsos
722 1146 796 1166 vero
822 1136 924 1166 fontes
943 1135 1071 1165 adiverit
1091 1142 1279 1174 numquam:

211 1181 353 1221 aliosque
383 1188 501 1211 veteres
530 1191 587 1211 nec
615 1181 756 1218 noverit,
783 1190 841 1210 nec
868 1179 1044 1210 lustraverit
1066 1186 1220 1209 auctores.
1246 1179 1281 1208 ld

211 1225 237 1255 si
261 1226 431 1256 contendat
453 1226 577 1256 criticus
600 1225 719 1263 homo,
744 1231 812 1255 toto
840 1224 948 1264 ipsum
971 1232 1071 1253 errare
1099 1223 1181 1253 ostio
1205 1233 1281 1253 mox

211 1269 392 1300 dicendum.

277 1313 471 1354 Aquinatem
501 1313 608 1343 laudat
630 1313 702 1351 ille,
733 1312 830 1342 veluti
860 1312 1032 1352 diligenter
1062 1316 1223 1342 versatum
1248 1312 1279 1341 in

211 1358 355 1399 legendis
377 1358 519 1388 Arabum
539 1357 800 1397 philosophorum
825 1357 990 1396 operibus,·
1006 1362 1172 1395 propterea
1191 1355 1280 1395 quod

212 1411 249 1432 ea
274 1403 441 1443 negligere
463 1407 568 1432 aetate
598 1402 654 1431 illa
679 1410 771 1431 nemo
790 1405 935 1440 poterat,
964 1400 1018 1439 qui
1041 1399 1153 1429 doctus
1181 1399 1282 1430 videri

211 1447 314 1477 vellet.
340 1446 438 1476 Suam
461 1445 591 1486 quidem
614 1445 647 1475 in
666 1445 750 1475 hisce
774 1443 976 1474 discutiendis
995 1444 1138 1473 Arabum
1160 1443 1280 1482 scriptis

211 1490 404 1530 diligentiam
428 1490 563 1520 exercuit
586 1490 746 1519 Thomas:
779 1498 843 1518 non
868 1498 907 1517 eo
935 1494 1041 1517 tamen
1066 1487 1217 1524 consilio,
1246 1494 1282 1517 ut

210 1535 322 1565 doctus
336 1534 472 1574 tempori
489 1533 624 1563 serviens
641 1533 818 1563 videretur:
834 1532 887 1562 sed
898 1531 1070 1571 Religionis
1086 1531 1281 1562 Christianae

210 1578 394 1619 gravissimo
418 1577 546 1618 negotio
570 1584 606 1607 ut
628 1576 803 1613 inserviret,
828 1576 917 1616 quod
940 1575 1084 1605 Saraceni
1108 1575 1153 1605 illi
1177 1575 1281 1615 philo-

211 1622 304 1662 sophi
334 1622 452 1662 putidis
481 1621 609 1651 invectis
640 1620 828 1651 commentis
858 1619 1043 1650 labefactare
1074 1620 1280 1652 conabantur.

211 1667 294 1696 Hinc
317 1668 512 1703 Avicennae,
541 1666 739 1705 Avempacis,
768 1666 922 1695 Averrois
951 1669 981 1694 et
1002 1664 1202 1694 Avicebronis
1226 1674 1280 1694 cu-

210 1711 335 1741 iusdam
358 1710 540 1740 lustraverat
563 1717 675 1749 opera:
700 1719 781 1749 quae
807 1709 845 1738 ab
868 1708 944 1748 ipsis
968 1708 1192 1748 Philosophica
1215 1709 1281 1748 pla-

211 1755 270 1785 cita
298 1755 419 1784 invecta
451 1754 573 1785 fuerant
611 1753 754 1794 apprime
789 1753 935 1783 callebat:
961 1762 1084 1793 proque
1115 1762 1172 1782 sua
1201 1752 1282 1783 virili

211 1798 388 1839 profligavit
419 1808 547 1829 errores.
579 1798 662 1828 Inter
693 1797 844 1835 ludaeos,
874 1797 928 1838 qui
958 1797 1125 1827 Arabicam
1155 1797 1282 1827 coluere

210 1842 458 1883 philosophiam,
479 1843 561 1872 duos
580 1841 763 1881 praesertim
782 1848 938 1871 memorat
955 1841 1108 1881 Aquinas,
1129 1840 1280 1872 Isaacum

211 1892 241 1917 et
264 1888 412 1927 Moysem
438 1886 678 1923 Maimonidem‚
704 1892 867 1916 auctorem
890 1885 960 1916 libri
984 1886 1079 1916 More
1097 1886 1280 1922 Nebochim,

211 1941 308 1972 quem
332 1931 424 1961 titulo
448 1931 597 1961 Doctoris
620 1931 831 1961 dubitantium
856 1930 983 1960 laudare
1007 1929 1172 1960 consuevit
1196 1930 1282 1960 idem

211 1975 364 2005 Thomas.

278 2019 445 2049 Memorati
464 2018 611 2049 Averrois
631 2018 755 2048 obitum
779 2018 818 2048 ad
839 2028 959 2048 annum
979 2018 1112 2059 Hegirae
1136 2019 1196 2059 595
1217 2018 1281 2055 alii,

210 2063 326 2104 aliique
352 2063 391 2093 ad
416 2073 536 2093 annum
560 2063 623 2093 603
649 2062 799 2093 referunt:
825 2063 909 2093 unde
925 2073 1011 2093 mors
1029 2063 1095 2093 eius
1114 2063 1147 2093 in
1167 2063 1283 2094 saeculi

210 2107 323 2137 decimi
343 2107 422 2137 tertii
445 2106 533 2137 initia
552 2107 671 2137 circiter
689 2106 806 2137 incidit.
828 2107 975 2138 Errorem
999 2107 1147 2138 insanum
1167 2107 1283 2138 invexit

210 2151 262 2182 ille
286 2151 325 2182 de
349 2161 412 2182 uno
436 2152 468 2181 in
492 2151 637 2181 omnibus
659 2151 838 2181 hominibus
861 2152 1041 2189 intellectu,
1072 2161 1171 2197 quern
1194 2151 1282 2182 scioli

209 2196 315 2235 plures
339 2205 374 2225 ac
398 2195 574 2235 petulantes
597 2195 778 2225 Academici
803 2194 1032 2235 profitebantur
1051 2203 1082 2226 et
1099 2196 1280 2237 vulgabant.

209 2240 361 2270 Putidum
378 2246 598 2269 commentum
615 2249 653 2269 ne
670 2238 880 2276 invalesceret,
901 2241 973 2270 data
989 2250 1086 2280 opera
1105 2240 1283 2281 profligavit

210 2284 423 2314 sanctissimus
440 2284 560 2314 Doctor
579 2283 611 2313 in
628 2283 807 2323 Opusculo,
825 2285 914 2324 quod
934 2291 980 2315 est
996 2285 1283 2316 sextumdecimum

209 2328 241 2358 in
266 2328 403 2358 editione
427 2328 572 2358 Romana
592 2328 650 2358 sub
667 2327 724 2358 Pio
742 2328 781 2364 V,
798 2335 867 2358 turn
891 2329 1111 2369 grandioribus
1131 2329 1226 2360 etiam
1249 2330 1282 2360 in

211 2372 369 2412 Operibus
386 2382 443 2412 pro
462 2372 532 2402 data
548 2372 724 2402 occasione.
750 2372 913 2403 Guillelmi
938 2373 977 2403 de
994 2374 1105 2404 Tocco
1122 2373 1282 2404 referenda

210 2417 303 2446 verba
327 2423 410 2454 sunt,
435 2426 516 2457 quae
540 2415 571 2445 in
596 2416 663 2446 eius
687 2416 758 2446 Vita
782 2427 849 2456 cap.
870 2428 911 2454 1v‚
929 2427 1019 2449 num.
1050 2428 1086 2458 19
1111 2417 1280 2449 habentur:

214 2473 228 2488 α
250 2460 374 2490 Praeter
397 2470 511 2500 magna
537 2460 735 2490 volumina...
761 2461 792 2491 in
819 2461 935 2502 quibus
965 2462 1110 2503 antiquas
1140 2462 1282 2493 haereses

214 2517 228 2532 »
252 2504 436 2541 confutavit,
457 2502 516 2534 suo
540 2503 634 2534 etiam
653 2512 775 2535 exortas
798 2512 952 2545 tempore,
973 2506 1080 2536 divino
1100 2506 1210 2546 spiritu
1236 2517 1282 2537 re-

214 2561 229 2576 »
251 2548 372 2578 velante
394 2548 558 2578 destruxit:
577 2558 713 2588 quarum
735 2548 900 2579 haeresum
922 2550 1023 2589 prima
1043 2550 1102 2581 fuit
1119 2552 1280 2589 Averrois,

214 2605 228 2620 ³
252 2592 307 2633 qui
323 2592 413 2622 dixit:
438 2592 543 2622 Unum
570 2602 638 2622 esse
663 2593 694 2622 in
720 2593 865 2623 omnibus
884 2594 1063 2625 hominibus
1076 2596 1281 2626 intellectum.

213 2649 227 2664 »
252 2636 317 2674 Qui
334 2646 419 2666 error
435 2636 594 2666 malorum
609 2635 731 2667 favebat
746 2637 902 2667 erroribus
920 2645 950 2668 et
965 2638 1153 2670 Sanctorum
1163 2639 1283 2670 virtuti-

214 2694 228 2708 »
251 2681 311 2711 bus
328 2680 521 2710 detrahebat:
543 2681 621 2710 dum
638 2690 704 2711 uno
729 2681 876 2712 existente
893 2681 925 2711 in
942 2682 1092 2713 omnibus
1112 2683 1282 2721 intellectu,

214 2738 228 2753 »
252 2725 339 2755 nulla
355 2731 434 2755 esset
457 2724 627 2754 differentia
646 2725 827 2762 hominurn,
846 2735 902 2756 nec
919 2725 1064 2757 distantia
1085 2728 1282 2758 meritorum.

214 2783 228 2796 »
252 2770 316 2806 Qui
331 2776 455 2799 tantum
470 2769 602 2799 invaluit
617 2769 709 2799 etiam
726 2769 757 2799 in
773 2769 966 2809 simplicium
983 2770 1140 2801 mentibus
1151 2794 1159 2809 ,
1176 2772 1283 2811 sicque

215 2827 229 2841 »
253 2823 285 2843 se
305 2813 480 2852 periculose
500 2812 630 2850 infudit,
650 2820 685 2843 ut
704 2813 872 2854 requisitus
892 2814 1023 2854 quidam
1039 2815 1129 2845 miles
1148 2815 1283 2851 Parisiis,

214 2871 229 2885 a>
253 2864 360 2887 utrum
385 2857 423 2887 de
447 2857 511 2887 suis
536 2857 719 2888 criminibus
743 2867 776 2888 se
795 2867 928 2897 purgare
947 2859 1050 2894 vellet,
1071 2859 1281 2899 responderit:

216 2915 230 2930 >›
254 2902 288 2931 Si
311 2902 421 2931 anima
444 2901 528 2931 beati
550 2902 638 2931 Petri
661 2907 707 2932 est
730 2902 822 2932 salva
846 2907 877 2932 et
895 2912 955 2942 ego
973 2903 1134 2940 salvabor,
1159 2905 1233 2944 quia
1257 2905 1285 2934 si

216 2958 230 2973 ›
254 2955 317 2975 uno
350 2946 510 2977 intellectu
542 2947 782 2986 cognoscimus,
815 2955 878 2976 uno
902 2947 976 2987 fine
1006 2948 1094 2978 exitii
1113 2948 1283 2988 finiemur.

216 3002 230 3017 ›
254 2990 361 3026 Quem
378 2999 515 3019 errorem
533 2999 607 3019 curn
624 2997 726 3020 essent
747 2989 904 3020 scholares
922 2990 1096 3022 Golardiae
1115 2991 1283 3033 imitantes,

217 3047 231 3061 »
255 3033 309 3073 qui
334 3033 480 3063 Averrois
504 3041 591 3064 erant
615 3034 827 3065 communiter
856 3041 1023 3073 sectantes;
1051 3042 1175 3075 poterat
1197 3046 1284 3076 prae-

216 3091 231 3105 »
255 3077 355 3115 dictus
373 3087 458 3107 error
476 3078 581 3117 plures
601 3077 736 3113 inficere,
756 3078 873 3118 quibus
892 3079 1070 3118 potuissent
1089 3080 1285 3119 praedictum

217 3134 231 3149 »
255 3131 393 3151 errorem
418 3121 595 3161 sophisticis
626 3122 799 3152 rationibus
829 3123 1024 3163 persuadere.
1056 3124 1148 3154 Unde
1177 3131 1286 3155 contra

218 3178 232 3192 »
255 3165 340 3195 hunc
360 3174 497 3195 errorem
521 3165 697 3205 praedictus
717 3167 838 3197 Doctor
861 3166 933 3197 fecit
952 3167 1111 3208 Scriptum
1131 3168 1283 3200 mirabile:

218 3223 233 3238 »
255 3209 287 3239 in
311 3219 378 3250 quo
402 3216 525 3249 praeter
547 3209 683 3240 rationes
707 3209 779 3241 fidei
804 3211 920 3251 quibus
944 3212 1121 3251 praedictus
1140 3222 1226 3244 error
1248 3213 1285 3243 il-

217 3266 231 3280 »
254 3253 371 3290 liditur,
396 3263 452 3292 per
476 3253 557 3284 dicta
582 3254 676 3284 etiam
700 3254 888 3290 Aristotelis,
919 3265 1000 3296 quae
1024 3258 1179 3287 Averroes
1203 3257 1285 3288 male

219 3311 232 3325 n
256 3297 447 3328 intellexerat
470 3308 488 3328 a
512 3297 613 3328 radice
638 3298 760 3337 evellit,
791 3306 821 3330 et
844 3299 921 3330 nihil
945 3300 1073 3331 rationis
1096 3301 1209 3332 habere
1233 3301 1285 3332 de—

219 3355 233 3369 »
257 3348 419 3372 monstrat.
439 3353 453 3368 »

283 3386 395 3426 Neque
410 3386 516 3416 solum
531 3385 706 3417 Aristotelis
722 3386 900 3418 testimonia
916 3388 1048 3428 profert:
1065 3398 1176 3419 verum
1192 3389 1286 3420 etiam

218 3439 341 3467 eorum,
359 3429 413 3470 qui
431 3429 663 3470 Philosophum
679 3431 912 3462 commentariis
934 3432 1173 3470 illustraverant,
1188 3433 1284 3464 Grae-

220 3483 330 3503 corum
347 3475 552 3515 Arabumque
576 3475 793 3506 auctoritatem
818 3475 958 3515 adhibet,
982 3477 1174 3508 uberrimam
1197 3487 1286 3518 prae-

220 3516 319 3546 ferens
343 3517 484 3548 lectionis
509 3518 644 3558 copiam'.
663 3519 750 3550 Loco
773 3519 947 3551 Golardiae
962 3522 1178 3562 reponendam
1204 3521 1286 3552 Gar-

220 3560 349 3590 landiae
380 3571 512 3597 vocem,
538 3562 624 3592 iubet
648 3562 904 3602 diligentissimus
938 3565 1070 3596 lacobus
1102 3566 1286 3597 Echardus:

223 3603 411 3642 Garlandia,
434 3605 599 3645 inquiens,
616 3606 752 3647 feodum
779 3613 825 3638 est
848 3609 879 3638 in
905 3610 982 3639 urbe
1005 3610 1226 3648 Parisiorum,
1252 3611 1284 3641 in

946 261 1406 302 DISSERTATIONES
1436 261 1684 298 CRITICAE

1343 349 1405 380 quo
1422 346 1469 371 est
1485 342 1573 371 vicus
1587 343 1794 379 stramineus,
1810 343 1930 383 gallice
1945 343 1985 374 de
2000 344 2158 382 Fouarre,
2178 345 2310 376 celebris
2325 347 2413 384 olim,

1343 384 1427 424 quod
1450 385 1481 414 in
1506 395 1542 414 eo
1565 386 1633 415 solo
1651 387 1872 426 philosophiae
1895 387 2099 428 professores
2122 399 2232 419 omnes
2254 390 2414 421 docerent.

1344 428 1436 458 Unde
1459 429 1621 460 scholares
1647 429 1845 460 Garlandiae
1868 431 1952 469 dicti,
1971 432 2027 472 qui
2044 433 2210 473 magistros
2234 443 2272 463 eo
2296 434 2328 464 in
2343 434 2414 465 vico

1343 473 1493 502 docentes
1516 473 1754 513 philosophiam
1777 475 1956 506 audiebant.
1975 476 2104 506 Errores
2133 477 2290 517 plurimos
2313 479 2414 509 Aver-

1343 517 1420 553 rois,
1437 518 1629 555 Avicennae,
1647 519 1822 559 Algazelis,
1838 520 1987 550 Alchindi
2012 526 2043 551 et
2057 521 2158 551 Rabbi
2173 522 2311 562 Moysis,
2329 533 2414 553 anno

1343 560 1462 590 circiter
1491 571 1572 601 1290
1597 562 1693 592 simul
1716 563 1840 593 Parisiis
1864 564 2013 594 collectos
2042 565 2165 595 exhibet
2188 565 2324 596 Carolus
2347 567 2414 597 Du-

1342 604 1452 644 plessis
1476 605 1661 645 d’Argentre
1685 613 1776 637 tomo
1801 607 1812 637 1
1838 606 2044 638 Collectionis
2067 608 2260 640 iudiciorum
2291 611 2330 641 de
2355 621 2413 641 no-

1341 648 1388 677 vis
1404 649 1570 680 erroribus.
1588 651 1707 680 Arabes
1724 661 1800 681 vero
1823 651 2044 692 philosophos,
2062 662 2144 693 quos
2165 655 2415 685 memoravimus

1342 692 1484 732 aliosque
1508 701 1680 731 recensent,
1697 701 1734 725 ut
1748 702 1886 725 caeteros
1909 703 2112 735 praeteream,
2131 697 2176 728 Io.
2199 699 2265 728 Leo
2289 699 2366 729 Afer
2381 699 2414 729 in

1341 735 1448 766 libello
1481 738 1568 776 apud
1600 738 1780 768 Fabricium
1813 739 1845 769 in
1874 739 2023 771 Biblioth.
2058 741 2176 771 Graeca
2206 749 2297 773 tomo
2322 744 2414 781 Xlll,

1342 779 1592 820 Christophorus
1625 781 1765 812 Wolfius
1788 783 1821 813 in
1853 783 2050 815 Bibliotheca
2081 785 2255 825 Hebraica,
2282 787 2415 817 lacobus

1340 824 1518 854 Bruckerus
1540 825 1614 855 loco
1639 825 1744 856 citato.

1407 869 1590 899 Admonere
1606 877 1742 909 praestat
1765 870 1902 910 prolixas
1924 870 1957 900 in
1973 872 2087 902 eodem
2112 879 2221 904 contra
2239 876 2414 905 Averroem

1340 913 1499 951 opusculo
1523 912 1628 943 referri
1657 914 1820 944 Themistii
1843 915 2023 954 sententias,
2041 926 2123 956 quae
2147 917 2179 946 in
2197 917 2286 948 editis
2311 929 2415 949 exem-

1340 955 1399 996 plis
1422 956 1572 996 leguntur
1595 957 1681 988 iuxta
1712 958 1844 988 latinam
1867 959 1906 988 ab
1931 959 2107 990 Hermolao
2140 960 2278 992 Barbaro
2307 963 2415 993 confe-

1340 1007 1423 1030 ctam
1445 1001 1636 1032 versionem.
1662 1002 1834 1032 Vetustum
1858 1013 1917 1033 mS.
1945 1003 2088 1034 codicem
2111 1004 2243 1035 lustrare
2273 1006 2352 1036 mihi
2379 1007 2415 1037 li—

1340 1044 1415 1082 cuit,
1432 1045 1465 1074 in
1491 1045 1610 1076 Veneta
1636 1053 1819 1076 sanctorum
1836 1047 1962 1077 Ioannis
1986 1054 2017 1078 et
2040 1048 2129 1078 Pauli
2146 1049 2337 1080 bibliotheca
2360 1052 2415 1081 ad-

1339 1096 1509 1128 servatum,
1534 1090 1567 1120 in
1591 1100 1658 1131 quo
1681 1091 1777 1130 longe
1801 1090 1923 1121 diversa
1956 1091 2099 1122 eiusdem
2122 1093 2291 1124 Themistii
2318 1095 2416 1126 latina

1338 1133 1499 1164 translatio
1524 1134 1676 1164 occurrit:
1697 1145 1779 1175 quae
1803 1145 1919 1176 nempe
1943 1136 2090 1167 Thomae
2118 1144 2218 1168 aetate
2247 1138 2414 1170 ferebatur.

1338 1177 1407 1207 Hac
1431 1178 1470 1207 de
1493 1188 1526 1208 re
1550 1188 1610 1208 suo
1633 1179 1706 1209 loco
1731 1179 1878 1209 uberiora
1911 1180 2067 1211 dedimus.
2092 1181 2220 1211 Interim
2245 1183 2416 1214 consilium

1338 1221 1498 1252 editorum
1526 1232 1621 1253 nemo
1647 1223 1840 1261 laudaverit,
1867 1224 1922 1264 qui
1946 1225 2154 1255 recentiorem
2177 1226 2260 1257 hanc
2286 1227 2415 1258 Barbari

1337 1266 1527 1304 versionem,
1544 1267 1669 1307 praevia
1693 1267 1780 1298 nulla
1796 1269 2026 1306 admonitione,
2043 1269 2076 1299 in
2096 1269 2300 1310 Opusculum
2324 1271 2415 1302 Tho-

1338 1319 1408 1339 mae
1432 1310 1593 1341 invexere:
1613 1322 1649 1342 ac
1665 1322 1739 1341 sane
1756 1313 1972 1352 redarguenda
1987 1320 2034 1344 est
2049 1313 2147 1344 nimia
2162 1315 2326 1345 Ambrosii
2341 1316 2415 1346 Bar-

1338 1354 1454 1384 bavarii
1478 1355 1620 1394 facilitas,
1636 1356 1692 1397 qui
1717 1366 1800 1396 opus
1824 1356 1909 1387 idem
1933 1358 2095 1398 praedicto
2119 1368 2156 1388 ex
2173 1359 2274 1400 capite
2297 1359 2329 1390 in
2354 1361 2414 1390 du-

1338 1397 1428 1427 bium
1451 1399 1586 1430 vocavit.

1405 1443 1579 1483 Avempaci
1602 1443 1719 1474 librum
1742 1445 1794 1475 De
1808 1446 1925 1483 causis,
1945 1455 2043 1486 quem
2060 1446 2302 1477 Commentario
2325 1447 2415 1478 Tho-

1338 1495 1406 1515 mas
1423 1487 1580 1526 exposuit,
1596 1488 1743 1519 nonnulli
1760 1489 1946 1528 attribuunt,
1962 1490 2014 1520 alii
2030 1490 2204 1522 Alfarabio.
2216 1491 2266 1522 Sic
2282 1491 2325 1522 ait
2338 1502 2414 1523 vero

1337 1530 1482 1570 Aquinas
1505 1531 1641 1562 lectione
1664 1539 1693 1562 1:
1715 1546 1729 1560 α
1749 1533 1958 1564 Inveniuntur
1981 1534 2078 1574 igitur
2101 1536 2260 1576 quaedam
2283 1536 2324 1566 de
2340 1537 2412 1578 pri—

1341 1585 1355 1599 »
1379 1576 1439 1604 mis
1457 1576 1626 1615 principiis
1649 1576 1837 1616 conscripta,
1858 1587 1915 1618 per
1937 1578 2083 1609 diversas
2109 1581 2343 1620 propositiones
2366 1579 2414 1611 di-

1341 1630 1355 1644 »
1378 1618 1501 1658 stincta,
1518 1619 1609 1660 quasi
1634 1630 1689 1660 per
1712 1621 1849 1651 modum
1873 1621 2033 1662 sigillatim
2066 1623 2337 1655 considerantium
2360 1624 2416 1655 ali-

1341 1674 1355 1689 »
1378 1672 1457 1703 quas
1489 1663 1649 1694 veritates:
1675 1670 1706 1695 et
1728 1666 1760 1695 in
1783 1675 1904 1706 graeco
1937 1666 2069 1706 quidem
2092 1667 2272 1707 invenitur,
2297 1667 2418 1700 scilicet

1339 1719 1354 1733 »
1377 1708 1509 1738 traditus
1532 1708 1611 1738 liber
1642 1709 1774 1739 Proculi
1796 1710 1971 1747 Platonici,
1999 1711 2166 1742 continens
2198 1712 2354 1743 ducentas
2384 1718 2417 1744 et

1339 1763 1352 1777 »
1376 1761 1487 1783 novem
1506 1753 1753 1793 propositiones,
1771 1754 1826 1794 qui
1844 1754 2032 1793 intitulatur,
2057 1755 2205 1787 Elevatio
2229 1757 2415 1797 theologica.

1339 1808 1353 1823 »
1377 1796 1412 1826 ln
1435 1797 1564 1827 arabico
1587 1807 1663 1828 vero
1687 1797 1845 1828 invenitur
1867 1798 1918 1829 hic
1941 1799 2030 1836 liber,
2047 1800 2103 1841 qui
2123 1801 2209 1840 apud
2224 1800 2340 1831 latinos
2362 1801 2416 1832 De

1338 1853 1352 1866 »
1375 1842 1482 1871 causis
1505 1841 1636 1872 dicitur:
1657 1851 1755 1882 quem
1771 1849 1894 1873 constat
1917 1843 1957 1873 de
1971 1844 2101 1874 arabico
2125 1854 2192 1875 esse
2216 1845 2416 1885 translatum,

1339 1897 1352 1911 a·
1376 1891 1407 1915 et
1430 1886 1462 1915 in
1485 1895 1607 1926 graeco
1623 1886 1750 1926 penitus
1767 1896 1833 1917 non
1857 1887 1974 1917 haberi.
1993 1888 2086 1918 Unde
2101 1888 2226 1919 videtur
2241 1891 2280 1920 ab
2304 1889 2414 1931 aliquo

1339 1941 1352 1955 »
1376 1929 1647 1970 philosophorum
1678 1931 1822 1961 Arabum
1845 1941 1883 1962 ex
1907 1932 2068 1971 praedicto
2101 1932 2183 1963 libro
2207 1933 2336 1964 Proculi
2361 1943 2414 1964 ex-

1340 1986 1353 2000 »
1377 1980 1513 2014 cerptus,
1530 1974 1714 2014 praesertim
1738 1975 1814 2016 quia
1837 1975 1964 2013 omnia,
1990 1985 2073 2017 quae
2096 1976 2130 2007 in
2152 1977 2214 2007 hoc
2237 1977 2319 2008 libro
2336 1976 2414 2019 (De

1340 2030 1354 2044 »
1376 2017 1499 2060 causis)
1524 2018 1737 2057 continentur,
1757 2019 1861 2050 multo
1878 2020 2002 2060 plenius
2027 2027 2058 2051 et
2083 2020 2227 2052 diffusius
2251 2022 2415 2053 continen-

1340 2077 1353 2089 »
1377 2069 1428 2093 tur
1451 2062 1484 2092 in
1508 2062 1563 2093 illo
1588 2062 1730 2104 (graece
1752 2063 1897 2105 scripto).
1919 2076 1933 2091 w
1961 2064 2094 2095 Librum
2123 2065 2283 2106 integrum
2310 2066 2415 2097 Procli

1337 2106 1598 2146 distinguendum
1613 2107 1701 2138 iubet
1715 2107 1859 2148 Aquinas
1873 2108 1912 2138 ab
1928 2108 2072 2139 eiusdem
2087 2116 2244 2150 excerpto.
2256 2109 2311 2141 Ait
2324 2119 2413 2150 vero,

1337 2151 1421 2181 istud
1445 2151 1532 2191 apud
1555 2151 1671 2182 latinos
1694 2151 1821 2182 inscribi
1844 2152 1896 2182 De
1919 2154 2046 2190 causis,
2073 2163 2110 2184 ex
2133 2154 2260 2185 arabico
2282 2154 2414 2186 transla-

1337 2202 1407 2226 tum
1431 2205 1509 2233 esse,
1526 2195 1559 2225 in
1582 2205 1695 2235 graeco
1719 2196 1940 2236 penitus-non
1964 2204 2103 2236 exstare,
2130 2198 2415 2240 compositumque

1337 2239 1434 2270 fuisse
1458 2240 1496 2270 ab
1521 2240 1630 2280 aliquo
1651 2240 1921 2281 philosophorum
1945 2242 2098 2273 Arabum.
2116 2242 2171 2273 Ait
2186 2242 2293 2281 etiam,
2310 2239 2415 2275 Procli

1337 2284 1455 2315 librum
1479 2283 1633 2315 fusiorem
1657 2294 1735 2322 esse,
1752 2284 1784 2315 in
1801 2295 1914 2324 graeco
1937 2285 2083 2324 inveniri,
2100 2293 2132 2317 et
2145 2287 2273 2318 inscribi
2296 2287 2414 2319 Eleva-

1338 2329 1454 2359 tionem
1479 2327 1549 2371 (seu
1574 2328 1682 2369 potius
1706 2329 2003 2372 elementationem)
2028 2331 2250 2372 theologicam.
2275 2332 2417 2363 Noverat

1338 2383 1413 2413 ergo
1439 2383 1475 2403 ac
1495 2373 1612 2412 legerat
1627 2379 1800 2414 utrumque
1816 2373 1978 2405 Thomas:
2000 2374 2131 2415 eiusque
2153 2375 2323 2407 innotescit
2343 2382 2415 2408 tum

1338 2422 1410 2457 erga
1425 2427 1571 2457 graecam
1587 2417 1800 2448 eruditionem
1815 2419 1970 2460 studium,
1986 2425 2056 2449 tum
2071 2418 2216 2450 lectionis
2232 2426 2414 2460 auctorum,

1337 2461 1432 2492 etiam
1452 2461 1606 2497 Arabum,
1624 2461 1725 2502 copia.

1405 2505 1442 2536 11.
1469 2506 1582 2546 Neque
1605 2513 1725 2536 veteres
1749 2505 1828 2536 alios
1851 2516 1887 2537 ac
1909 2506 1977 2538 aevi
2002 2507 2051 2537 sui
2074 2514 2231 2546 recentes,
2254 2518 2360 2540 sacros
2383 2515 2416 2540 et

1338 2550 1501 2590 profanos,
1519 2550 1664 2580 evolvere
1688 2549 1854 2590 scriptores
1873 2551 2098 2591 praetermisit:
2119 2558 2155 2582 ut
2179 2552 2314 2584 nimium
2335 2563 2414 2594 pue-

1338 2594 1393 2625 rile
1418 2593 1531 2632 fuerit,
1555 2594 1645 2635 quod
1668 2593 1799 2634 gallicus
1823 2595 1957 2635 scriptor
1985 2592 2224 2634 animadvertit,
2248 2597 2413 2630 Thomam

1338 2638 1449 2678 legisse
1471 2639 1669 2678 Magistrum
1687 2638 1939 2676 Sententiarum,
1956 2639 2118 2679 Epistulas
2136 2641 2324 2682 Pontificum
2348 2642 2414 2672 De-

1338 2682 1474 2713 cretales
1489 2691 1528 2712 ac
1544 2683 1706 2723 integrum
1726 2681 1876 2712 Gratiani
1883 2683 2068 2714 Decretum.
2086 2684 2169 2715 Intra
2186 2691 2337 2724 angustos
2353 2685 2413 2716 hu-

1338 2725 1478 2756 iusmodi
1502 2725 1617 2755 limites
1641 2725 1811 2756 lectionem
1835 2733 1867 2756 et
1889 2726 2100 2758 eruditionem
2132 2728 2301 2768 Aquinatis
2325 2739 2412 2760 coar-

1339 2770 1413 2801 ctari
1434 2779 1499 2800 non
1517 2779 1610 2810 posse
1635 2769 1907 2810 frequentissimus
1931 2770 2045 2802 evincit
2059 2778 2203 2802 veterum
2219 2782 2412 2804 monumen-

1339 2821 1446 2844 torum
1470 2823 1547 2844 usus
1570 2813 1603 2843 in
1627 2813 1694 2843 eius
1719 2812 1888 2854 Operibus.
1916 2814 2022 2845 Unam
2046 2815 2175 2856 seligere
2197 2817 2290 2848 liceat
2317 2817 2412 2848 Sum—

1339 2868 1426 2888 mam
1444 2857 1675 2897 theologicam,
1699 2866 1798 2898 quam
1815 2858 1960 2889 extremis
1983 2859 2064 2891 vitae
2092 2859 2182 2890 annis
2206 2860 2413 2893 elucubravit.

1340 2903 1374 2933 ln
1391 2902 1529 2932 editione
1544 2901 1692 2932 Patavina
1709 2901 1783 2932 anni
1804 2902 1885 2942 1698
1901 2909 2021 2942 prostat
2030 2903 2136 2935 Index
2150 2914 2254 2936 nonus
2269 2912 2360 2937 tomo
2371 2905 2411 2946 V,

1339 2947 1395 2988 qui
1427 2947 1613 2988 catalogum
1647 2945 1770 2976 exhibet
1802 2947 2086 2987 philosophorum,
2121 2949 2286 2980 rhetorum
2316 2955 2413 2992 atque

1334 2996 1520 3031 poetarum,
1546 2990 1748 3031 Pontificum,
1775 2989 1992 3022 Conciliorum
2014 2997 2045 3023 et
2064 2993 2252 3024 doctorum:
2269 3002 2412 3035 quorum

1340 3034 1593 3072 auctoritatibus,
1610 3034 1759 3073 decretis,
1776 3034 2024 3074 definitionibus,
2041 3036 2230 3068 testimoniis
2255 3037 2354 3069 utitur
2376 3047 2414 3069 ac

1340 3079 1450 3109 nititur
1472 3078 1615 3120 Aquinas
1639 3078 1671 3109 in
1699 3078 1737 3109 iis
1764 3079 1944 3110 adserendis
1972 3080 2158 3121 theologicis
2187 3081 2411 3122 dogmatibus,

1340 3133 1421 3164 quae
1445 3123 1587 3154 illustrat.
1606 3123 1641 3153 In
1666 3133 1732 3153 uno
1752 3123 1850 3153 hocce
1874 3133 1969 3164 opere
1992 3124 2163 3156 laudantur
2186 3135 2271 3157 unus
2286 3131 2318 3157 et
2331 3134 2411 3167 qua-

1339 3167 1493 3208 draginta
1518 3168 1682 3197 Romanae
1714 3166 1871 3197 Ecclesiae
1896 3167 2084 3199 Pontifices:
2105 3168 2249 3201 concilia
2272 3179 2410 3211 praeser-

1340 3211 1398 3242 tim
1421 3211 1620 3248 adhibentur,
1636 3218 1706 3242 tum
1721 3212 1891 3252 generalia
1914 3221 1997 3253 quae
2020 3213 2165 3251 Nicaeae,
2182 3213 2411 3246 Constantino-

1341 3255 1418 3296 poli,
1435 3255 1569 3296 Ephesi,
1587 3254 1790 3286 Calchedone
1807 3262 1838 3286 et
1853 3255 1885 3286 in
1902 3257 2056 3288 Laterano
2073 3257 2226 3289 celebrata
2240 3265 2325 3296 sunt,
2341 3264 2411 3288 tum

1341 3299 1400 3330 alia
1423 3299 1676 3340 quatuordecim,
1693 3309 1775 3340 quae
1799 3299 1948 3340 peculiari
1971 3300 2004 3331 in
2028 3301 2168 3332 Ecclesia
2194 3302 2334 3342 gaudent
2355 3310 2410 3332 au-

1341 3344 1499 3375 ctoritate:
1524 3344 1639 3374 vetusti
1667 3344 1772 3374 Patres
1799 3351 1830 3375 et
1858 3344 1983 3375 scholae
2011 3345 2157 3376 doctores
2188 3345 2244 3387 qui
2272 3354 2412 3386 praeces—

1341 3395 1454 3425 serant,
1471 3394 1679 3418 numerantur
1700 3389 1838 3429 quinque
1853 3393 1884 3419 et
1898 3389 2128 3430 quadraginta,
2145 3396 2267 3431 praeter
2282 3389 2412 3420 Glossas

1341 3433 1457 3473 plures,
1474 3431 1558 3462 varia
1572 3432 1714 3470 Decreta,
1729 3431 1872 3473 vitasque
1896 3432 2103 3464 Sanctorum:
2123 3443 2158 3464 ac
2178 3433 2308 3465 demum
2330 3442 2410 3474 qua-

1340 3477 1494 3518 draginta
1517 3486 1576 3507 sex
1598 3483 1799 3507 recensentur
1821 3476 2005 3518 philosophi
2028 3477 2132 3517 latini,
2153 3476 2269 3518 graeci,
2291 3477 2410 3516 arabes,

1341 3528 1481 3551 oratores
1504 3520 1599 3551 etiam
1623 3527 1653 3551 et
1676 3527 1798 3561 poetae.

1407 3565 1518 3606 Neque
1542 3571 1645 3605 putes,
1662 3571 1710 3595 tot
1729 3564 1918 3605 scriptorum
1934 3564 2022 3596 arido
2039 3564 2182 3607 quodam
2197 3564 2297 3595 modo
2321 3564 2406 3595 testi-

1341 3608 1450 3639 monia
1473 3608 1596 3639 adduci.
1623 3608 1740 3639 Placita
1763 3618 1876 3639 eorum
1899 3608 2102 3649 proferuntur
2129 3608 2162 3638 in
2187 3608 2349 3647 medium,
2374 3615 2412 3639 ut
