2788 4204
318 257 391 303 372

314 340 502 380 nerantur,
525 340 579 368 est
606 330 795 379 quaedam
823 326 1020 365 conversio
1047 323 1245 381 circularis,
1277 322 1370 358 dum

315 387 452 424 scilicet
470 399 492 422 a
510 385 634 434 primo
654 390 831 431 generato
853 379 1049 417 devenitur
1063 377 1112 436 ad
1131 377 1318 420 ultimum,
1336 381 1372 410 et

315 441 362 477 ab
382 440 514 476 ultimo
536 437 675 474 reditur
694 436 742 472 ad
760 435 944 483 primum,
971 443 1048 467 non
1072 430 1174 466 1dem
1195 439 1369 473 numero,

315 493 382 530 sed
419 492 521 529 idem
550 489 672 538 specie
702 490 741 534 ⁴⁵,
771 495 812 523 ut
838 492 940 534 patet
975 484 1014 520 in
1052 484 1083 519 11
1116 483 1176 519 De
1211 492 1371 530 genera-

316 547 413 583 tione
433 546 462 581 *.
491 546 539 581 Et
566 543 615 579 ita
642 553 720 578 non
748 539 915 586 sequitur
942 536 1046 585 quod
1079 535 1182 572 idern
1208 545 1371 570 numero

316 599 361 636 sit
387 598 490 647 prius
519 604 554 632 et
580 593 785 644 posterius,
816 591 971 627 effectus
1002 597 1037 626 et
1066 600 1190 625 causa.
1222 588 1271 623 Et
1297 587 1373 623 hoc

315 652 440 701 ipsum
469 647 647 697 competit
678 643 871 694 processui
908 641 1293 686 demonstrationum,
1326 651 1372 676 eo

175 719 191 744 γ
316 705 430 753 quod,
452 710 492 739 ut
515 702 553 738 in
578 698 888 748 praecedentibus
915 696 1056 733 dictum
1084 703 1139 731 est
1158 699 1184 740 ⁷,
1201 693 1372 751 quando-

317 770 390 806 que
415 753 672 792 conclusiones
701 757 982 796 convertuntur,
1012 756 1053 784 ut
1081 747 1221 784 scilicet
1246 759 1291 783 ex
1321 757 1373 805 els

79 823 289 851 *msyuogtzetur
316 808 574 858 syllogizentur
599 805 745 853 aliquae
770 804 789 822 '¹‘
814 802 1129 852 praemissarum;
1163 801 1238 836 hoc
1271 811 1373 836 enlm

80 851 288 901 fflffii‘iibststecx-
316 870 370 900 est
403 861 540 897 circulo
578 858 836 894 demonstrare
867 856 898 892 ³¹².
930 855 1046 902 Quod
1080 853 1258 902 quamvis
1295 864 1375 888 non

80 910 125 929 viu,
137 909 160 924 n.
171 908 190 928 2,
202 907 266 928 seqq.

78 507 87 515 '
97 505 170 527 Codd.
178 515 188 520 -
195 511 214 525 r:
226 503 285 525 idem

77 533 128 554 ivse
142 531 227 559 specie.

77 563 87 574 ⁸
99 562 153 583 Loc.
162 561 209 585 cit„
218 566 240 581 n.
265 571 288 580 .-

80 589 171 610 Comm.
200 593 218 607 S.
244 565 289 607 ih.

80 615 130 636 lect.
146 614 186 635 cit.

316 921 504 962 competat
522 912 551 948 si
572 910 728 947 omnino
749 909 794 946 sit
812 922 934 945 unum
960 916 995 945 et
1022 908 1125 945 idern
1146 906 1249 956 quod
1269 905 1374 954 prius

314 968 379 1005 fuit
407 965 615 1010 conclusio,
647 971 681 999 et
709 971 842 1010 postea
871 969 926 998 est
947 961 1175 1010 principium
1202 966 1375 1008 respectu

79 1032 287 1061 *codd..exc-1>q=
316 1020 484 1058 eiusdem
512 1028 672 1054 numero
702 1016 734 1062 *,
756 1028 803 1052 ne
833 1015 878 1052 sit
906 1015 1009 1052 idem
1038 1014 1163 1051 notius
1194 1020 1229 1050 et
1248 1012 1374 1049 minus

79 1061 288 1108 ἷῗιιῖἶῖἷῖνῗιῑνῗὲνῗ
312 1081 468 1117 ἴηοωῐιῑς
489 1071 519 1107 si
547 1078 674 1107 tamen
694 1081 772 1105 non
801 1068 846 1105 sit
866 1068 1026 1105 omnino
1055 1068 1155 1105 idern
1170 1096 1179 1114 ,
1200 1066 1296 1103 sicut
1315 1078 1375 1102 ac-

316 1126 402 1164 cidit
429 1125 466 1161 in
494 1123 551 1160 his
580 1135 677 1171 quae
708 1122 846 1158 circulo
873 1129 1111 1170 generantur,
1146 1120 1294 1157 nullum
1322 1119 1375 1156 in-

316 1177 544 1217 conveniens
575 1184 638 1213 est.

370 1234 403 1269 3.
424 1230 570 1268 Deinde
592 1241 679 1265 cum
699 1228 803 1265 dicit:
823 1229 869 1264 In
890 1228 1063 1276 operibus
1087 1233 1212 1264 autem
1231 1226 1378 1264 videtur

78 1297 89 1308 ⁴
104 1293 289 1341 Dehi⁵.0f·¹111³2
313 1286 366 1323 sic
386 1293 466 1331 etc.,
488 1283 700 1321 manifestat
719 1281 823 1330 quod
843 1281 988 1318 dixerat
1005 1293 1075 1329 per
1094 1281 1269 1329 exempla
1289 1280 1320 1326 *,
1343 1286 1379 1315 et

77 1323 290 1370 wemma-mc.
316 1339 402 1377 dicit
429 1337 533 1387 quod
561 1337 599 1373 in
627 1335 716 1384 ipsis
749 1334 929 1383 operibus
957 1343 1114 1371 naturae
1145 1333 1298 1370 videtur
1325 1332 1378 1369 sie

317 1392 477 1438 evenire,
487 1390 590 1440 quod
606 1390 651 1426 sit
665 1388 821 1437 quidam
842 1387 1031 1424 circularis
1046 1399 1260 1437 processus.
1277 1385 1379 1432 Quia

315 1447 346 1483 si
373 1454 470 1483 terra
489 1445 534 1481 sit
554 1444 759 1492 compluta,
789 1453 944 1478 necesse
973 1448 1029 1478 est
1047 1441 1158 1489 quod>
1177 1452 1246 1489 per
1265 1439 1379 1476 actio-

316 1512 405 1536 nem
425 1499 512 1535 solis
531 1509 653 1546 vapor
674 1497 693 1517 ’¹‘
713 1507 758 1532 ex
778 1507 822 1532 ea
842 1495 1070 1541 resolvatur;
1101 1506 1179 1542 quo
1210 1494 1376 1530 resoluto

316 1561 352 1590 et
385 1564 533 1589 sursum
568 1552 733 1596 elevato,
769 1560 924 1585 necesse
954 1555 1008 1584 est
1040 1547 1145 1597 quod
1180 1554 1380 1595 generetur

315 1607 451 1651 nubes;
482 1613 517 1641 et
544 1605 615 1641 hac
644 1610 835 1651 generata,
866 1613 1020 1639 necesse
1050 1609 1106 1638 est
1133 1601 1238 1649 quod
1267 1613 1379 1649 gene-

315 1667 415 1698 retur
447 1670 546 1706 aqua
578 1656 750 1706 pluviae;
789 1667 864 1704 qua
896 1663 1097 1703 generata,
1136 1666 1291 1691 necesse
1326 1661 1381 1690 est

316 1713 418 1763 quod
448 1711 585 1748 cadens
613 1711 633 1731 '¹‘
661 1721 774 1758 super
801 1717 940 1746 terram
968 1709 1161 1758 compluat
1194 1721 1292 1745 eam.
1332 1708 1381 1744 Et

315 1769 390 1804 hoc
410 1773 463 1802 est
491 1764 594 1813 quod
615 1763 894 1812 accipiebamus
914 1763 934 1784 '¹‘
958 1762 1066 1811 quasi
1094 1762 1280 1811 primum:
1301 1773 1380 1798 non

315 1828 444 1858 tamen
460 1826 514 1855 est
529 1817 664 1854 eadem
685 1816 892 1865 complutio
911 1824 1032 1852 terrae
1049 1815 1098 1852 ad
1113 1828 1230 1864 quam
1246 1814 1379 1852 ultimo

316 1872 543 1923 pervenitur,
574 1879 609 1908 et
641 1883 663 1907 a
698 1883 773 1919 qua
800 1870 925 1919 primo
961 1869 1219 1919 incipiebatur.
1248 1870 1297 1907 Et
1328 1868 1381 1905 sic

318 1925 558 1964 manifestum
579 1931 633 1961 est
661 1924 765 1973 quod
794 1924 912 1960 factus
933 1931 987 1960 est
1010 1923 1166 1972 quidam
1187 1923 1380 1969 circuitus,

317 1981 540 2028 inquantum
568 1990 645 2014 uno
675 1990 809 2014 eorum
838 1977 1016 2013 existente
1045 1977 1088 2014 fit
1116 1977 1232 2023 aliud,
1263 1984 1299 2013 et
1318 1976 1381 2013 illo

319 2033 496 2070 existente
526 2032 568 2068 fit
595 2031 749 2079 aliquod
778 2031 894 2076 aliud;
924 2042 1000 2079 quo
1032 2030 1209 2067 existente
1243 2029 1384 2068 reditur

318 2087 368 2123 ad
395 2085 573 2135 primurn,
603 2097 680 2121 non
699 2084 802 2121 idem
831 2096 1005 2130 numero,
1026 2084 1094 2121 sed
1122 2084 1223 2122 idem
1244 2083 1382 2133 specie.

319 2142 390 2177 Iste
410 2147 538 2176 tamen
558 2150 758 2175 causarum
788 2137 960 2175 circuitus
980 2137 1139 2174 inveniri
1159 2150 1237 2175 non
1262 2144 1385 2187 potest

318 2192 528 2230 secundum
566 2192 740 2229 ordinem
773 2190 838 2239 qui
870 2190 1058 2228 invenitur
1089 2191 1128 2228 in
1163 2191 1284 2228 causis
1316 2203 1385 2240 per

318 2259 374 2283 se:
405 2246 456 2283 sic
485 2246 587 2283 enim
616 2257 769 2282 necesse
799 2252 854 2282 est
875 2245 1074 2294 pervenire
1104 2245 1153 2282 ad
1171 2258 1293 2283 unum
1312 2245 1385 2295 pri-

319 2312 427 2337 mum
456 2300 494 2336 in
521 2299 688 2347 quolibet
716 2311 853 2346 genere
883 2311 1100 2345 causarum,
1134 2307 1176 2335 ut
1202 2299 1386 2348 probatur

82 2363 292 2411 :commEZ-ghffi
320 2353 357 2390 in
387 2355 418 2390 ll
438 2353 641 2401 Metaphys
661 2353 692 2388 ⁴.
715 2352 831 2399 Quod
852 2359 980 2389 autem
1000 2365 1100 2401 aqua
1119 2361 1320 2401 generetur
1340 2365 1385 2389 ex

83 2394 291 2444 litif'fiitcaeipfn}
320 2406 422 2455 igne,
459 2414 495 2443 et
522 2406 615 2454 ignis
644 2405 774 2442 iterato
805 2418 849 2442 ex
877 2418 994 2454 aqua,
1022 2407 1097 2443 hoc
1126 2419 1204 2443 non
1234 2414 1290 2444 est
1317 2419 1387 2456 per

320 2472 371 2506 se,
401 2459 468 2496 sed
495 2471 564 2508 per
591 2459 776 2496 accidens.
807 2460 898 2496 Non
928 2459 1030 2497 enim
1059 2472 1126 2497 ens
1155 2472 1223 2509 per
1255 2473 1295 2497 se
1324 2472 1386 2508 ge-

78 1510 90 1521 *
107 1516 132 1531 L:
152 1514 287 1536 vaporem...

79 1536 235 1557 resolvantur.

82 1731 91 1740 ·
105 1736 175 1755 noo.
185 1741 194 1746 -
207 1736 231 1751 r:
249 1735 288 1750 ca-

82 1757 136 1781 cut,-
151 1756 254 1781 cadem,-
267 1762 287 1776 ιι

81 1783 152 1804 cadat
166 1787 187 1804 el
194 1782 288 1804 cadens.

82 1810 92 1821 ⁸*
107 1799 179 1832 Codd.
187 1821 196 1825 -
205 1816 230 1830 p:
250 1815 289 1829 ac-

81 1837 176 1864 cipimus
190 1843 198 1861 ,-
221 1841 270 1860 cuq
282 1842 287 1856 :

81 1862 245 1890 accipiebatur.

83 2450 106 2464 n.
121 2450 136 2470 ι,
152 2450 218 2471 seqq.

60 2522 92 2533 ··
111 2522 239 2543 Utom-n-
320 2521 470 2550 neratur
496 2514 632 2549 ut*ex
662 2520 745 2549 ente
774 2513 811 2549 in
840 2521 936 2559 actu,
967 2513 1035 2550 sed
1064 2526 1109 2550 ex
1139 2522 1223 2550 ente
1252 2514 1290 2551 in
1318 2526 1387 2563 po-

83 2575 293 2623 }gffffivnfffflfi
320 2567 444 2613 tentia,
465 2574 506 2603 ut
525 2566 657 2603 dicitur
675 2566 714 2603 in
736 2567 749 2602 1
769 2567 954 2614 Physicor
970 2568 1002 2604 ²⁸.
1024 2567 1275 2604 Procedendo
1297 2579 1386 2615 ergo

84 2629 135 2650 lect.
155 2635 201 2650 xiv.

320 2620 357 2657 in
379 2619 498 2657 causis
518 2633 585 2668 per
604 2632 643 2656 se
664 2632 742 2656 non
767 2620 835 2657 erit
860 2620 1062 2658 circulatio.
1091 2621 1194 2658 Nam
1216 2622 1387 2670 complu-

319 2673 429 2710 tionis
449 2681 568 2710 terrae
589 2686 744 2710 causam
768 2681 944 2721 agentem
969 2673 1200 2723 accipiemus
1220 2674 1387 2711 calorem

321 2727 427 2774 aeris,
444 2727 508 2776 qui
524 2734 697 2764 causatur
717 2739 762 2764 ex
782 2728 872 2773 sole,
891 2735 927 2764 et
946 2739 1024 2765 non
1041 2740 1060 2764 e
1077 2740 1283 2772 converso;
1301 2740 1387 2765 cau-

321 2793 406 2819 sam
431 2793 523 2817 vero
553 2779 787 2817 materialem
817 2793 970 2829 aquam,
1001 2781 1106 2818 cuius
1132 2781 1290 2818 materia
1309 2794 1388 2819 non

322 2842 375 2871 est
402 2846 534 2883 vapor,
556 2834 622 2872 sed
642 2834 799 2871 materia
820 2834 1035 2872 communis
1056 2834 1345 2872 elementorum.

372 2899 409 2934 4.
448 2887 596 2924 Deinde
635 2900 724 2924 cum
763 2887 870 2924 dicit:
910 2888 1006 2925 Sunt
1038 2893 1164 2925 autem
1202 2888 1387 2937 quaedam

321 2952 417 2989 quae
435 2948 526 2987 vetc.,
558 2940 720 2978 ostendit
755 2941 914 2990 qualiter
941 2941 1199 2987 diversimode
1229 2941 1388 2979 demon-

322 3001 456 3031 stretur
483 3006 551 3043 per
580 3006 735 3031 causam
763 2994 802 3031 in
829 2994 887 3032 his
915 3006 1014 3043 quae
1043 3003 1131 3032 sunt
1159 3007 1322 3045 semper,
1353 3003 1389 3032 et

87 3056 295 3086 *C¹·¹ect-x‚n-7-
321 3046 359 3084 in
377 3048 434 3084 his
454 3059 551 3096 quae
572 3055 658 3085 sunt
676 3055 717 3084 ut
745 3047 960 3096 frequenter
982 3049 1012 3085 ²¹⁴.
1035 3049 1085 3085 Et
1105 3047 1204 3085 circa
1226 3049 1301 3086 hoc
1320 3048 1389 3086 tria

324 3214 348 3234 et
362 3210 387 3234 in
404 3211 503 3235 Comm.
518 3217 596 3242 super
611 3217 666 3242 cap.
679 3217 722 3239 xn,
736 3217 793 3242 pag.
807 3218 837 3242 4¹
847 3210 869 3240 3,
880 3210 926 3235 ait:
942 3220 956 3234 ‹
972 3211 1097 3236 Dedimus
1112 3208 1136 3236 ὅι
1149 3209 1214 3245 ὅροι,
1226 3213 1296 3245 quod
1311 3213 1388 3237 etiam

326 3254 338 3267 »
354 3245 443 3270 Boeth.
456 3250 557 3270 «ινα.
581 3246 642 3277 intp.
662 3244 819 3270 habuerunt:
840 3253 899 3270 narn
926 3244 951 3271 oi.
976 3242 1066 3280 ἄκροι,
1087 3248 1158 3280 quod
1182 3248 1245 3273 Bkk.
1267 3248 1388 3278 exhibuit,

325 3288 339 3303 »
355 3280 422 3305 haud
437 3281 490 3305 scio
503 3288 535 3305 an
548 3281 620 3306 nullo
636 3281 688 3306 alio
700 3281 757 3305 loco
772 3281 820 3306 hoc
836 3289 914 3306 sensu
928 3288 1081 3315 usurpatum
1097 3283 1128 3307 ab
1145 3284 1284 3308 Aristotele
1299 3291 1388 3308 occur-

328 3325 339 3337 »
354 3321 400 3346 rat,
421 3323 579 3349 quamquam
599 3322 717 3341 neutrum
737 3314 769 3340 τὰ
790 3313 855 3349 ἄκρα
881 3318 1033 3349 saepissime
1052 3319 1120 3351 apud
1139 3326 1199 3344 eum
1220 3319 1345 3344 maiorem
1364 3324 1389 3344 et

328 3361 340 3372 ι
357 3351 481 3376 minorem
500 3352 636 3376 terminum
653 3351 792 3384 significet,
808 3353 850 3385 qui
866 3354 936 3385 quod
956 3353 996 3378 hic
1015 3353 1131 3379 dicantur
1145 3352 1169 3379 oi.
1189 3351 1246 3388 ὅροι
1260 3354 1389 3379 offendere

329 3394 341 3408 x>
357 3394 408 3411 non
423 3392 514 3419 potest,
525 3387 585 3429 quia
598 3393 766 3420 opponuntur
780 3389 816 3421 τῷ
830 3387 913 3422 μέσῳε
930 3388 997 3413 hunc
1008 3389 1077 3414 enim
1089 3391 1164 3414 certis
1175 3389 1270 3415 finibus
1281 3391 1390 3415 circum—

328 3430 342 3444 »
358 3422 471 3446 scribunt
485 3421 642 3455 (ὁριζουσι),
660 3430 727 3456 quos
740 3423 791 3453 ine,
802 3431 883 3456 quum
898 3424 974 3449 latius
989 3430 1074 3458 pateat
1089 3426 1196 3456 minore,
1207 3427 1270 3450 dum
1285 3426 1389 3451 maioris

331 3466 342 3478 »
359 3457 454 3482 ambitu
473 3463 607 3490 superetur
626 3459 698 3490 ipse,
717 3459 824 3483 transire
848 3460 944 3492 nequit.
963 3469 977 3483 »
991 3474 1009 3478 -
1022 3460 1182 3494 Philoponus
1202 3461 1227 3486 in
1248 3462 1267 3486 ll
1287 3462 1390 3487 Pbster.

328 3497 466 3524 utrumque
484 3493 562 3525 ponit,
578 3491 636 3522 τοὺς
657 3490 748 3527 ἄκρους
769 3490 843 3527 ὅρους
863 3495 920 3526 (Ed.
931 3503 1015 3528 graec.
1031 3504 1089 3528 pag.
1106 3496 1176 3529 ²28).
1191 3498 1345 3530 Anonymus
1365 3497 1391 3522 in

330 3531 411 3557 textu,
437 3535 515 3560 quem
539 3529 627 3558 refert,
653 3529 812 3559 Aristotelis,
838 3530 914 3555 habet
933 3529 957 3555 oi
978 3527 1065 3565 ἄκροι,
1081 3538 1106 3556 et
1125 3530 1148 3557 oi
1170 3529 1244 3566 ἄκροι
1260 3533 1351 3566 repetit
1366 3533 1391 3558 in

330 3561 409 3592 ipsius
428 3567 509 3587 textus
533 3564 691 3596 expositione
710 3563 756 3598 (ib.
775 3572 832 3597 pag.
859 3565 964 3599 278-9).
986 3567 1023 3591 De
1047 3566 1275 3599 significationibus
1295 3569 1391 3601 quibus

332 3603 467 3629 usurpatur
491 3598 521 3623 ab
546 3599 683 3624 Aristotele
701 3607 750 3624 vox
770 3597 845 3633 ἄκρος
868 3601 900 3626 cf.
924 3602 1027 3633 Bonstz,
1053 3603 1141 3628 Index
1162 3604 1356 3630 Aristotelicas.

887 244 1270 284 POSTERIORUM
1298 239 1728 278 ANALYTICORUM
1757 239 1852 274 LlB.
1872 226 1915 274 vII

1426 319 1530 357 facit:
1551 316 1879 367 primo,proponit
1893 316 2000 364 quod
2020 315 2195 360 intendit;
2217 316 2498 366 secundo,pro-

1426 374 1489 409 bat
1507 370 1766 420 propositum;
1787 369 1859 405 ibi:
1881 369 1924 405 Si
1940 370 2040 406 enim
2060 370 2096 405 A
2115 370 2161 405 de
2178 370 2214 405 B
2235 370 2253 390 ’³‘
2270 376 2357 415 etc.;
2377 369 2498 415 tertio,

1427 426 1590 475 epilogat
1618 436 1716 472 quae
1738 424 1758 444 ²⁸
1778 422 1878 459 dicta
1897 430 1999 469 sunt;
2029 422 2098 459 ibi:
2133 422 2330 464 Quomodo
2351 423 2500 471 quidem

1426 479 1543 528 igitur
1562 478 1583 498 *
1603 484 1671 513 etc.
1694 475 1796 513 Dicit
1815 487 1905 523 ergo
1924 476 2050 524 primo
2072 476 2178 524 quod
2203 475 2395 524 quaedam
2415 484 2502 513 sunt

1427 544 1525 581 quae
1554 529 1817 567 universaliter
1846 529 1959 575 fiunt,
1991 537 2028 566 et
2051 537 2238 577 quantum
2268 529 2315 566 ad
2336 537 2500 577 tempus,

1427 585 1516 634 quia
1544 595 1709 633 semper,
1741 590 1776 619 et
1804 590 1990 630 quantum
2019 583 2069 620 ad
2097 583 2324 629 subiectum,
2354 582 2445 631 quia
2464 582 2502 619 in

1428 638 1625 683 omnibus,
1655 642 1724 673 aut
1747 648 1787 672 se
1814 637 1962 683 habent,
1993 635 2089 673 sicut
2114 636 2341 682 immobilia,
2363 636 2503 685 quibus

1427 704 1507 729 non
1526 690 1708 739 competit
1729 691 1748 710 *
1767 689 1921 738 proprie
1940 689 2035 736 fieri,
2056 695 2124 726 aut
2124 692 2240 739 fiunt,
2266 690 2361 727 sicut
2380 689 2503 726 mobi-

1428 746 1475 782 lia
1490 757 1588 793 quae
1609 756 1763 792 semper
1783 743 1922 780 eodem
1942 743 2063 780 modo
2083 756 2124 780 se
2143 744 2287 781 habent
2302 745 2334 789 ²⁸²,
2346 750 2387 780 ut
2402 751 2504 792 patet

1428 800 1466 836 in
1494 798 1663 835 motibus
1692 797 1928 834 caelestibus.
1951 796 2156 844 Quaedam
2183 809 2278 834 vero
2299 809 2378 834 non
2406 798 2504 834 fiunt

1429 853 1525 890 sicut
1552 863 1723 901 semper,
1750 850 1818 887 sed
1847 850 1943 886 sicut
1962 851 2178 898 frequenter
2200 851 2230 887 *.
2253 851 2302 887 Et
2320 850 2428 899 ponit
2456 850 2503 887 de

1429 906 1486 943 his
1503 906 1735 953 exemplum.
1754 904 1859 940 Sicut
1874 904 1979 952 quod
1994 904 2014 924 ’²‘
2030 904 2155 940 omnis
2170 904 2291 940 homo
2312 904 2504 940 masculus

1430 959 1645 996 efficiatur*
1663 958 1895 1006 quandoque
1926 958 2117 1003 barbatus,
2139 969 2218 994 non
2246 957 2382 994 accidit
2406 969 2505 994 sem-

1429 1026 1507 1062 per,
1530 1012 1597 1049 sed
1617 1012 1713 1048 sicut
1731 1012 1957 1060 frequenter.
1990 1010 2095 1048 Sicut
2122 1010 2231 1059 igitur
2251 1023 2385 1047 eorum
2406 1022 2505 1060 quae

1430 1074 1516 1104 sunt
1544 1078 1709 1114 semper,
1731 1072 1883 1114 oportet
1902 1064 2074 1113 accipere
2094 1064 2268 1102 medium
2291 1064 2397 1113 quod
2417 1072 2472 1101 est
2486 1064 2506 1085 *

1431 1132 1599 1168 semper;
1622 1119 1673 1156 ita
1693 1126 1728 1155 et
1751 1118 1894 1164 talium,
1916 1131 2014 1167 quae
2036 1125 2124 1155 sunt
2146 1118 2243 1155 sicut
2271 1118 2504 1167 frequenter,

1431 1181 1582 1223 oportet
1609 1172 1780 1221 accipere
1809 1172 2018 1209 medium*
2033 1173 2128 1209 sicut
2156 1173 2384 1221 frequenter.

1489 1228 1520 1264 5.
1551 1226 1700 1264 Deinde
1730 1239 1819 1263 cum
1848 1226 1951 1263 dicit:
1982 1226 2025 1263 Si
2049 1227 2149 1263 enim
2168 1227 2206 1263 A
2233 1227 2280 1263 de
2291 1228 2334 1263 4Β
2354 1224 2507 1274 praedi-

1431 1285 1540 1326 catur
1559 1287 1642 1326 etc.,
1663 1281 1802 1329 probat
1819 1280 1925 1328 quod
1945 1280 1992 1317 ad
2014 1279 2324 1317 concludendum
2345 1279 2382 1317 id
2402 1278 2514 1328 quod'

1432 1341 1488 1370 est
1516 1333 1612 1370 sicut
1631 1334 1858 1382 frequenter,
1879 1346 2034 1371 necesse
2063 1334 2110 1371 sit
2133 1334 2306 1383 accipere
2335 1332 2508 1371 medium

1433 1387 1538 1436 quod
1559 1386 1606 1424 sit
1624 1387 1720 1424 sicut
1747 1387 1975 1436 frequenter.
1998 1389 2121 1425 Detur
2149 1388 2252 1425 enim
2273 1387 2507 1437 oppositum,

1433 1440 1538 1489 quod
1567 1440 1772 1489 accipiatur
1791 1441 1964 1478 medium
1993 1442 2098 1489 quod
2119 1441 2164 1478 sit
2192 1440 2455 1478 universaliter
2474 1447 2511 1477 et

1433 1503 1604 1542 semper;
1634 1501 1726 1543 puta
1754 1494 1785 1530 si
1813 1496 1866 1541 A,
1903 1507 2002 1543 quae
2038 1503 2094 1532 est
2122 1495 2247 1532 maior·
2275 1494 2509 1541 extremitas,

1432 1546 1672 1596 praedicetur
1699 1547 1962 1584 universaliter
1981 1548 2028 1585 de
2048 1549 2092 1594 B,
2122 1549 2227 1597 quod
2249 1556 2305 1586 est
2332 1548 2510 1594 medium,

1434 1608 1471 1637 et
1498 1601 1529 1637 B
1559 1600 1607 1638 de
1638 1601 1687 1647 C,
1722 1601 1828 1649 quod
1858 1608 1912 1638 est
1941 1601 2068 1638 minor
2096 1602 2330 1639 extremitas:
2365 1614 2411 1639 ex
2445 1613 2511 1639 ne-

1435 1654 1604 1692 cessitate
1634 1654 1804 1702 sequitur
1832 1654 1938 1703 quod
1965 1656 2001 1691 A
2028 1655 2268 1704 praedicetur
2297 1655 2345 1692 de
2375 1656 2407 1692 C
2430 1654 2512 1692 uni-

1433 1709 1640 1755 versaliter,
1671 1715 1708 1745 et
1735 1716 1923 1756 quantum
1943 1708 1993 1745 ad
2021 1717 2174 1758 tempus
2200 1717 2237 1746 et
2255 1716 2443 1758 quantum
2463 1708 2512 1746 ad

1435 1762 1649 1799 subiectum
1668 1763 1699 1809 *,
1721 1762 1826 1811 quod
1856 1770 1914 1799 est
1929 1774 2079 1811 semper
2097 1771 2134 1799 et
2166 1763 2213 1800 de
2240 1763 2347 1800 omni
2363 1762 2512 1812 praedi-

1437 1815 1524 1852 cari.
1541 1815 1653 1853 Unde
1669 1815 1773 1853 idem
1788 1827 1890 1852 nunc
1911 1815 2074 1864 dicimus
2088 1816 2352 1854 universaliter
2364 1815 2513 1866 praedi-

1437 1869 1525 1916 cari,
1554 1869 1660 1918 quod
1689 1869 1899 1918 praedicari
1928 1869 1976 1908 de
2006 1870 2114 1909 omni
2133 1870 2154 1891 ²³²
2183 1878 2220 1908 et
2248 1882 2413 1920 semper.
2435 1869 2514 1908 Sed

1436 1922 1678 1972 suppositum
1703 1930 1784 1960 erat
1802 1923 1907 1972 quod
1927 1925 1962 1960 A
1981 1923 2264 1972 praedicaretur
2283 1924 2332 1962 de
2359 1925 2391 1961 C
2418 1924 2515 1961 sicut

1426 1978 1664 2026 frequenter.
1686 1976 1856 2014 Necesse
1885 1984 1941 2013 est
1961 1989 2050 2025 ergo
2076 1978 2182 2027 quod
2201 1977 2388 2025 medium,
2409 1977 2514 2027 quod

1439 2038 1495 2067 est
1528 2031 1580 2078 B,
1619 2029 1826 2079 accipiatur
1858 2030 1954 2067 sicut
1977 2026 2206 2080 'frequenter
2239 2028 2430 2069 existens.'
2451 2031 2515 2070 Sic

1438 2084 1549 2132 igitur
1576 2091 1679 2132 patet
1697 2084 1802 2132 quod
1821 2092 1983 2133 possunt
2011 2084 2131 2134 accipi
2155 2085 2348 2134 quaedam
2377 2085 2514 2123 imme·

1438 2138 1539 2176 diata
1566 2137 1750 2188 principia
1788 2150 1922 2175 eorum
1953 2150 2053 2188 quae
2081 2146 2169 2176 sunt
2202 2139 2445 2188 frequenter,
2466 2138 2517 2179 ita

1438 2191 1544 2240 quod
1563 2190 1646 2241 ipsa
1664 2191 1849 2241 principia
1868 2191 1941 2229 sint
1968 2199 2034 2229 aut
2060 2193 2155 2230 fiant
2172 2192 2269 2230 sicut
2287 2193 2515 2242 frequenter.

1440 2245 1673 2282 Huiusmodi
1706 2253 1836 2283 tamen
1870 2245 2218 2284 demonstrationes
2260 2259 2340 2284 non
2374 2247 2517 2284 faciunt

1437 2299 1654 2348 simpliciter
1672 2299 1768 2336 scire
1787 2311 1925 2336 verum
1951 2311 2033 2337 esse
2053 2301 2159 2349 quod
2180 2300 2428 2348 concluditur,
2449 2299 2517 2338 sed

1438 2354 1644 2390 secundum
1673 2353 1773 2402 quid,
1795 2353 1935 2390 scilicet
1962 2354 2067 2403 quod
2088 2354 2134 2391 sit
2150 2366 2289 2391 verum
2310 2361 2351 2391 ut
2378 2354 2417 2392 in
2434 2354 2518 2404 plu-

1442 2406 1562 2453 ribus;
1585 2414 1621 2444 et
1639 2406 1692 2444 sic
1713 2406 1827 2444 etiarn
1848 2407 2032 2457 principia
2052 2420 2152 2457 quae
2172 2415 2430 2454 assumuntur,
2450 2420 2518 2446 ve·

1442 2460 1588 2498 ritatem
1617 2461 1770 2498 habent.
1811 2461 1923 2499 Unde
1954 2461 2178 2499 huiusmodi
2212 2461 2390 2499 scientiae
2423 2461 2518 2499 defi-

1442 2515 1544 2552 ciunt
1557 2514 1578 2535 *
1594 2526 1616 2551 a
1631 2514 1806 2560 scientiis,
1819 2526 1918 2563 quae
1934 2523 2022 2552 sunt
2035 2515 2084 2552 de
2099 2515 2322 2553 necessariis
2337 2515 2517 2562 absolute,

1441 2576 1626 2617 quantum
1657 2568 1705 2605 ad
1735 2568 1998 2606 certitudinem
2029 2569 2375 2606 demonstrationis.

1496 2623 1531 2659 6.
1545 2621 1695 2658 Deinde
1711 2634 1799 2659 cum
1816 2622 1915 2660 dicit:
1933 2623 2129 2665 Quomodo
2144 2623 2295 2672 quidem
2304 2623 2423 2673 igitur
2432 2629 2516 2668 etc.,

1443 2675 1606 2724 epilogat
1622 2687 1667 2711 ea
1687 2675 1707 2696 *
1723 2687 1821 2724 quae
1843 2675 1942 2713 dicta
1962 2685 2065 2722 sunt;
2086 2684 2123 2713 et
2140 2675 2229 2714 dicit
2241 2675 2348 2725 quod
2363 2675 2445 2714 iam
2456 2687 2517 2712 su-

1440 2740 1510 2777 pra
1530 2727 1674 2766 dictum
1695 2736 1762 2775 est,
1783 2729 1983 2778 quomodo
2003 2730 2106 2779 quod
2131 2730 2223 2779 quid
2247 2735 2312 2777 est,
2333 2728 2438 2779 quod
2463 2736 2520 2766 est

1442 2781 1652 2831 aliqualiter
1679 2781 1782 2819 idem
1809 2782 1843 2819 ei
1861 2782 1966 2831 quod
1997 2789 2155 2833 propter
2182 2783 2288 2833 quid,
2309 2783 2522 2831 assignatur

1443 2834 1538 2872 inter
1552 2835 1573 2856 *
1587 2835 1771 2872 terminos
1786 2836 2047 2885 syllogisticos,
2073 2837 2168 2877 dum
2189 2844 2387 2874 ostensum
2404 2837 2448 2858 ”¹
2464 2843 2520 2874 est

1443 2888 1603 2937 qualiter
1631 2889 1776 2938 singula
1805 2902 2006 2928 causarum
2034 2902 2191 2939 genera,
2227 2899 2263 2928 et
2294 2890 2332 2927 in
2366 2889 2520 2939 singulis

1445 2941 1722 2980 diversitatibus
1743 2955 1883 2989 rerum,
1900 2943 1972 2981 sint
1991 2944 2119 2982 media
2134 2943 2518 2983 demonstrationum.

1443 2995 1598 3033 Dictum
1621 2997 1640 3018 *
1661 3005 1717 3034 est
1741 2996 1854 3034 etiam
1884 2997 2043 3046 qualiter
2067 2997 2147 3034 eius
2167 2998 2269 3047 quod
2285 2997 2378 3047 quid
2393 3002 2449 3035 est
2470 2996 2520 3036 sit

1443 3051 1506 3087 vel
1535 3062 1614 3087 non
1642 3050 1688 3088 sit
1716 3050 1988 3089 demonstratio
2018 3052 2080 3089 vel
2111 3052 2130 3073 ²⁸¹
2159 3051 2342 3093 definitio.

1497 3213 1523 3246 γ)
1547 3213 1583 3238 Ut
1602 3213 1628 3238 in
1643 3214 1866 3246 praecedentibus
1886 3214 1986 3240 dictum
2000 3215 2144 3241 est.-B0:
2159 3215 2228 3240 sicut
2242 3215 2269 3240 in
2281 3215 2387 3248 prium,-
2401 3214 2438 3246 Q:
2455 3212 2520 3248 (om.

1444 3248 1484 3283 ut)
1505 3249 1532 3273 in
1547 3249 1735 3281 praecedam
1749 3249 1790 3274 alii
1810 3250 1898 3275 codd.:
1918 3249 1983 3283 (om.
1999 3251 2039 3285 ut)
2061 3251 2087 3275 in
2103 3251 2249 3283 praesenti.
2263 3250 2295 3276 D.
2311 3259 2333 3276 s.
2347 3257 2383 3277 m.
2398 3249 2464 3284 (om.
2478 3249 2519 3284 ut)

1444 3285 1470 3309 r'n
1487 3285 1711 3316 praecedentibus
1727 3285 1826 3310 dictum
1847 3289 1886 3311 est
1899 3286 1971 3318 quod
1985 3286 2144 3320 quandoque
2158 3292 2206 3312 etc.
2227 3285 2380 3312 Retinemus
2395 3286 2421 3311 in
2437 3291 2520 3319 prae-

1444 3320 1612 3346 cedentibus:
1635 3326 1749 3346 attnmen
1773 3321 1849 3346 lectio
1872 3322 1919 3346 ΒΟ
1943 3322 2102 3347 conformior
2118 3322 2221 3347 videtur
2244 3321 2339 3354 textui,
2359 3321 2386 3347 in
2407 3320 2522 3355 prinde.-

1445 3354 1575 3381 Δ.ὃ;ικται
1594 3353 1620 3380 3¹2
1642 3357 1721 3382 τοῦτο
1741 3353 1766 3381 ἐν
1787 3356 1840 3386 τοῖς
1860 3356 1979 3391 πρώτοις.
2001 3357 2037 3383 De
2057 3358 2278 3384 demonstratione
2296 3357 2414 3383 circulari
2433 3361 2521 3382 sctum

1446 3397 1485 3416 est
1505 3391 1530 3416 in
1549 3392 1559 3416 1
1575 3392 1648 3422 libro,
1669 3393 1727 3418 lect.
1741 3399 1788 3417 vm
1807 3392 1858 3425 (ef.
1870 3393 1926 3418 lect.
1938 3400 2004 3423 xxxi.
2015 3394 2111 3427 seqq.).

2527 379 2538 389 ⁸
2554 378 2625 400 Num.
2641 384 2690 406 seq.

2530 434 2538 441 ·
2551 439 2578 454 A:
2594 438 2623 454 ea
2638 438 2709 460 quae.

2529 486 2540 497 ⁸
2555 486 2627 508 Num.
2642 486 2666 508 6.

2530 699 2541 709 ⁸
2557 698 2684 730 Coddar:
2701 703 2746 720 ex-

2527 725 2646 773 f‘gffad.:
2669 750 2722 772 eoa.

2531 778 2600 799 modo
2615 780 2677 799 sunt.

2532 860 2543 869 ⁸
2557 859 2593 881 Ct'.
2610 859 2650 880 lib.
2660 859 2679 884 Ι,
2693 859 2746 880 leet.

2533 891 2580 911 xvi,
2593 891 2616 907 n.
2627 885 2641 907 8
2657 888 2679 907 et
2693 885 2746 907 leet.

2532 918 2639 960 ffk'knlm·
2655 917 2675 938 ²'
2703 927 2747 960 5.-

2533 965 2598 993 quod
2614 967 2653 987 est
2669 954 2748 991 onim,-

2533 998 2554 1013 ιη
2570 998 2620 1014 om.
2634 991 2720 1013 omis.

2532 1019 2544 1030 ⁸
2560 1018 2637 1040 Codd.
2649 1029 2660 1035 -
2670 1024 2684 1040 r
2697 1017 2747 1047 <ffi-

2534 1045 2603 1067 citur.

2531 1073 2542 1084 ⁸
2568 1071 2638 1120 guod
2660 1072 2699 1093 est
2720 1077 2749 1093 ex

2534 1099 2579 1120 cod
2598 1114 2604 1120 .

2705 1118 2727 1127 s

2534 1178 2606 1200 ⁸Nem
2642 1177 2707 1206 quod
2715 1181 2750 1199 est

2535 1205 2595 1227 sicut
2661 1207 2750 1226 uenter.

2539 1771 2551 1782 ⁸
2564 1775 2711 1792 smmum
2721 1776 2726 1791 ε

2540 1796 2728 1819 substantiam·-

2540 1829 2631 1849 noqst
2651 1812 2728 1844 table-

2539 1852 2579 1872 ιω
2586 1857 2595 1875 ,·
2604 1856 2631 1871 n:
2641 1854 2728 1877 suppo-

2541 1877 2588 1899 em
2717 1887 2728 1892 -

2540 1904 2655 1953 εὔετῆέ.
2665 1928 2676 1950 1

2542 1958 2596 1979 leet.
2605 1962 2637 1978 ιι.

2547 2685 2737 2709 *Εααοοάὼ

2550 2845 2559 2854 ”
2575 2843 2666 2867 codd.:
2686 2843 2721 2865 In.

2547 2871 2571 2883 ⁸⁸
2581 2871 2645 2894 Lect.
2656 2876 2688 2898 ix,
2695 2875 2761 2899 seqq.

2548 3007 2557 3016 ·
2570 3005 2634 3028 Lect.
2644 3009 2676 3026 vn
2684 3006 2706 3026 et
2714 3008 2762 3029 vui.

2547 3041 2558 3052 ⁸
2578 3044 2733 3062 navemus:

2548 3068 2599 3089 aut.

1499 3427 1526 3451 ln
1542 3428 1617 3453 citata
1631 3428 1688 3452 leet.
1702 3435 1757 3458 vin,
1769 3433 1822 3453 not.
1837 3427 1860 3461 β,
1877 3429 1929 3453 duo
1943 3429 2121 3462 probavimus,
2135 3436 2231 3461 nempe
2244 3428 2396 3454 circularem
2411 3428 2519 3453 demon-
2551 3446 2559 3454 .

1446 3463 1596 3488 strationem
1616 3470 1675 3488 esse
1694 3463 1882 3496 impossibilem
1896 3469 1990 3489 attenta
2009 3470 2100 3490 nature
2114 3464 2259 3499 syllogismi
2280 3461 2484 3493 demonstr-tivi,
2494 3466 2520 3487 et

1446 3504 1549 3523 servato
1568 3499 1660 3524 eodem
1680 3507 1776 3532 genere
1795 3500 2036 3531 demonstrationisz
2058 3508 2117 3526 esse
2136 3506 2222 3526 sutem
2241 3499 2394 3533 possibilem
2413 3498 2519 3524 circula-

1446 3541 1501 3559 rem
1522 3534 1780 3565 demonstrationem,
1796 3536 1893 3560 vnristo
1907 3536 1962 3561 eius
1981 3538 2085 3569 genere,
2100 3544 2152 3562 non
2172 3535 2324 3569 simpliciter
2341 3532 2367 3559 in
2385 3533 2517 3563 omnibus,

1446 3570 1492 3594 sed
1507 3570 1532 3594 in
1551 3569 1591 3594 bis
1611 3577 1678 3603 quse
1697 3576 1807 3603 possunt
1826 3571 1983 3596 adinvicem
2002 3572 2124 3597 converti.
2140 3571 2214 3602 Quae
2228 3570 2280 3596 illic
2298 3569 2459 3596 assentimus
2478 3567 2519 3593 hic

1447 3604 1527 3630 habes
1547 3612 1669 3638 expresse
1688 3605 1838 3631 confirmata
1857 3614 1871 3631 a
1890 3614 1912 3632 s.
1926 3606 2040 3631 Thomu.
