<?xml version="1.0" encoding="UTF-8"?>
<!DOCTYPE html PUBLIC "-//W3C//DTD XHTML 1.0 Transitional//EN"
    "http://www.w3.org/TR/xhtml1/DTD/xhtml1-transitional.dtd">
<html xmlns="http://www.w3.org/1999/xhtml" xml:lang="en" lang="en">
 <head>
  <title>
</title>
<meta http-equiv="Content-Type" content="text/html;charset=utf-8" />
  <meta name='ocr-system' content='tesseract 3.04.00' />
  <meta name='ocr-capabilities' content='ocr_page ocr_carea ocr_par ocr_line ocrx_word'/>
</head>
<body>
  <div class='ocr_page' id='page_1' title='image "./operaomniaiussui01thom/operaomniaiussui01thom_0613.png"; bbox 0 0 2788 4204; ppageno 0'>
   <div class='ocr_carea' id='block_1_1' title="bbox 1104 260 1687 308">
    <p class='ocr_par' dir='ltr' id='par_1_1' title="bbox 1104 260 1687 308">
     <span class='ocr_line' id='line_1_1' title="bbox 1104 260 1687 308; baseline -0.003 -10"><span class='ocrx_word' id='word_1_1' title='bbox 1104 261 1215 298; x_wconf 86' lang='lat' dir='ltr'>CAP.</span> <span class='ocrx_word' id='word_1_2' title='bbox 1245 261 1351 308; x_wconf 80' lang='lat' dir='ltr'>xw,</span> <span class='ocrx_word' id='word_1_3' title='bbox 1381 260 1533 297; x_wconf 88' lang='lat' dir='ltr'>LECT.</span> <span class='ocrx_word' id='word_1_4' title='bbox 1562 260 1687 297; x_wconf 78' lang='lat' dir='ltr'>xxvi</span> 
     </span>
    </p>
   </div>
   <div class='ocr_carea' id='block_1_2' title="bbox 291 339 1360 1340">
    <p class='ocr_par' dir='ltr' id='par_1_2' title="bbox 291 339 1360 748">
     <span class='ocr_line' id='line_1_2' title="bbox 291 339 1358 391; baseline -0.004 -11"><span class='ocrx_word' id='word_1_5' title='bbox 291 345 396 381; x_wconf 87' lang='lat' dir='ltr'>Nam</span> <span class='ocrx_word' id='word_1_6' title='bbox 415 342 554 379; x_wconf 86' lang='lat' dir='ltr'>insola</span> <span class='ocrx_word' id='word_1_7' title='bbox 572 342 697 391; x_wconf 92' lang='lat' dir='ltr'>prima</span> <span class='ocrx_word' id='word_1_8' title='bbox 724 341 846 389; x_wconf 99' lang='lat' dir='ltr'>figura</span> <span class='ocrx_word' id='word_1_9' title='bbox 875 340 1112 377; x_wconf 85' lang='lat' dir='ltr'>concluditur</span> <span class='ocrx_word' id='word_1_10' title='bbox 1134 339 1358 377; x_wconf 87' lang='lat' dir='ltr'>universalis</span> 
     </span>
     <span class='ocr_line' id='line_1_3' title="bbox 291 392 1360 444; baseline -0.005 -11"><span class='ocrx_word' id='word_1_11' title='bbox 291 395 531 442; x_wconf 86' lang='lat' dir='ltr'>affirmativa,</span> <span class='ocrx_word' id='word_1_12' title='bbox 552 407 651 444; x_wconf 89' lang='lat' dir='ltr'>quae</span> <span class='ocrx_word' id='word_1_13' title='bbox 670 395 751 431; x_wconf 88' lang='lat' dir='ltr'>sola</span> <span class='ocrx_word' id='word_1_14' title='bbox 771 393 953 442; x_wconf 86' lang='lat' dir='ltr'>competit</span> <span class='ocrx_word' id='word_1_15' title='bbox 971 393 1020 430; x_wconf 89' lang='lat' dir='ltr'>ad</span> <span class='ocrx_word' id='word_1_16' title='bbox 1040 392 1235 429; x_wconf 89' lang='lat' dir='ltr'>scientiam</span> <span class='ocrx_word' id='word_1_17' title='bbox 1259 392 1360 440; x_wconf 86' lang='lat' dir='ltr'>quod</span> 
     </span>
     <span class='ocr_line' id='line_1_4' title="bbox 291 445 1356 497; baseline -0.004 -12"><span class='ocrx_word' id='word_1_18' title='bbox 291 449 382 497; x_wconf 86' lang='lat' dir='ltr'>quid</span> <span class='ocrx_word' id='word_1_19' title='bbox 407 453 470 484; x_wconf 83' lang='lat' dir='ltr'>est.</span> <span class='ocrx_word' id='word_1_20' title='bbox 507 449 611 484; x_wconf 87' lang='lat' dir='ltr'>Nam</span> <span class='ocrx_word' id='word_1_21' title='bbox 639 447 741 496; x_wconf 86' lang='lat' dir='ltr'>quod</span> <span class='ocrx_word' id='word_1_22' title='bbox 766 445 856 495; x_wconf 83' lang='lat' dir='ltr'>quid</span> <span class='ocrx_word' id='word_1_23' title='bbox 882 451 937 482; x_wconf 82' lang='lat' dir='ltr'>est</span> <span class='ocrx_word' id='word_1_24' title='bbox 961 457 1030 494; x_wconf 89' lang='lat' dir='ltr'>per</span> <span class='ocrx_word' id='word_1_25' title='bbox 1062 445 1356 482; x_wconf 86' lang='lat' dir='ltr'>affirmationem</span> 
     </span>
     <span class='ocr_line' id='line_1_5' title="bbox 292 498 1357 549; baseline -0.003 -12"><span class='ocrx_word' id='word_1_26' title='bbox 292 500 532 549; x_wconf 86' lang='lat' dir='ltr'>cognoscitur</span> <span class='ocrx_word' id='word_1_27' title='bbox 545 505 577 536; x_wconf 76' lang='lat'>⁷:</span> <span class='ocrx_word' id='word_1_28' title='bbox 607 499 846 549; x_wconf 89' lang='lat' dir='ltr'>praedicatur</span> <span class='ocrx_word' id='word_1_29' title='bbox 871 498 974 535; x_wconf 93' lang='lat' dir='ltr'>enim</span> <span class='ocrx_word' id='word_1_30' title='bbox 996 498 1165 535; x_wconf 85' lang='lat' dir='ltr'>definitio</span> <span class='ocrx_word' id='word_1_31' title='bbox 1187 498 1235 534; x_wconf 91' lang='lat' dir='ltr'>de</span> <span class='ocrx_word' id='word_1_32' title='bbox 1264 498 1357 534; x_wconf 91' lang='lat' dir='ltr'>defi-</span> 
     </span>
     <span class='ocr_line' id='line_1_6' title="bbox 291 550 1357 599; baseline -0.004 -9"><span class='ocrx_word' id='word_1_33' title='bbox 291 554 370 590; x_wconf 90' lang='lat' dir='ltr'>nito</span> <span class='ocrx_word' id='word_1_34' title='bbox 400 553 628 590; x_wconf 86' lang='lat' dir='ltr'>affirmative</span> <span class='ocrx_word' id='word_1_35' title='bbox 657 560 694 589; x_wconf 91' lang='lat' dir='ltr'>et</span> <span class='ocrx_word' id='word_1_36' title='bbox 719 552 1002 597; x_wconf 86' lang='lat' dir='ltr'>universaliter;</span> <span class='ocrx_word' id='word_1_37' title='bbox 1032 563 1111 587; x_wconf 91' lang='lat' dir='ltr'>non</span> <span class='ocrx_word' id='word_1_38' title='bbox 1146 550 1248 587; x_wconf 89' lang='lat' dir='ltr'>enim</span> <span class='ocrx_word' id='word_1_39' title='bbox 1277 550 1357 599; x_wconf 91' lang='lat' dir='ltr'>qui—</span> 
     </span>
     <span class='ocr_line' id='line_1_7' title="bbox 292 604 1355 653; baseline -0.004 -10"><span class='ocrx_word' id='word_1_40' title='bbox 292 606 383 643; x_wconf 90' lang='lat' dir='ltr'>dam</span> <span class='ocrx_word' id='word_1_41' title='bbox 410 607 531 642; x_wconf 90' lang='lat' dir='ltr'>homo</span> <span class='ocrx_word' id='word_1_42' title='bbox 560 613 616 642; x_wconf 91' lang='lat' dir='ltr'>est</span> <span class='ocrx_word' id='word_1_43' title='bbox 643 604 783 642; x_wconf 90' lang='lat' dir='ltr'>animal</span> <span class='ocrx_word' id='word_1_44' title='bbox 812 604 940 653; x_wconf 81' lang='lat' dir='ltr'><strong>bipes,</strong></span> <span class='ocrx_word' id='word_1_45' title='bbox 972 605 1041 641; x_wconf 91' lang='lat' dir='ltr'>sed</span> <span class='ocrx_word' id='word_1_46' title='bbox 1070 604 1195 640; x_wconf 91' lang='lat' dir='ltr'>omnis</span> <span class='ocrx_word' id='word_1_47' title='bbox 1223 604 1355 640; x_wconf 87' lang='lat' dir='ltr'>homo.</span> 
     </span>
     <span class='ocr_line' id='line_1_8' title="bbox 292 657 1357 707; baseline -0.002 -12"><span class='ocrx_word' id='word_1_48' title='bbox 292 659 394 707; x_wconf 87' lang='lat' dir='ltr'>Ergo</span> <span class='ocrx_word' id='word_1_49' title='bbox 413 658 539 707; x_wconf 89' lang='lat' dir='ltr'>prima</span> <span class='ocrx_word' id='word_1_50' title='bbox 557 659 679 706; x_wconf 89' lang='lat' dir='ltr'>figura</span> <span class='ocrx_word' id='word_1_51' title='bbox 702 657 869 694; x_wconf 86' lang='lat' dir='ltr'>maxime</span> <span class='ocrx_word' id='word_1_52' title='bbox 889 665 946 694; x_wconf 91' lang='lat' dir='ltr'>est</span> <span class='ocrx_word' id='word_1_53' title='bbox 964 657 1104 694; x_wconf 87' lang='lat' dir='ltr'>faciens</span> <span class='ocrx_word' id='word_1_54' title='bbox 1124 657 1218 693; x_wconf 89' lang='lat' dir='ltr'>scire</span> <span class='ocrx_word' id='word_1_55' title='bbox 1242 663 1279 693; x_wconf 87' lang='lat' dir='ltr'>et</span> <span class='ocrx_word' id='word_1_56' title='bbox 1298 669 1357 693; x_wconf 87' lang='lat' dir='ltr'>ac-</span> 
     </span>
     <span class='ocr_line' id='line_1_9' title="bbox 292 708 960 748; baseline -0.001 0"><span class='ocrx_word' id='word_1_57' title='bbox 292 711 500 748; x_wconf 87' lang='lat' dir='ltr'>commoda</span> <span class='ocrx_word' id='word_1_58' title='bbox 529 710 916 748; x_wconf 89' lang='lat' dir='ltr'>demonstrationibus</span> <span class='ocrx_word' id='word_1_59' title='bbox 936 708 960 747; x_wconf 66' lang='grc' dir='ltr'>δ.</span> 
     </span>
    </p>

    <p class='ocr_par' dir='ltr' id='par_1_3' title="bbox 291 762 1359 1340">
     <span class='ocr_line' id='line_1_10' title="bbox 344 762 1359 812; baseline -0.002 -11"><span class='ocrx_word' id='word_1_60' title='bbox 344 775 381 811; x_wconf 89' lang='grc'>4,</span> <span class='ocrx_word' id='word_1_61' title='bbox 412 764 583 801; x_wconf 84' lang='lat' dir='ltr'>Tertiam</span> <span class='ocrx_word' id='word_1_62' title='bbox 603 764 790 801; x_wconf 86' lang='lat' dir='ltr'>rationem</span> <span class='ocrx_word' id='word_1_63' title='bbox 818 763 944 812; x_wconf 90' lang='lat' dir='ltr'>ponit;</span> <span class='ocrx_word' id='word_1_64' title='bbox 973 762 1042 799; x_wconf 90' lang='lat' dir='ltr'>ibi:</span> <span class='ocrx_word' id='word_1_65' title='bbox 1071 763 1243 811; x_wconf 82' lang='lat' dir='ltr'>Amplius</span> <span class='ocrx_word' id='word_1_66' title='bbox 1265 763 1359 799; x_wconf 88' lang='lat' dir='ltr'>haec</span> 
     </span>
     <span class='ocr_line' id='line_1_11' title="bbox 291 815 1357 866; baseline -0.003 -12"><span class='ocrx_word' id='word_1_67' title='bbox 291 817 440 865; x_wconf 85' lang='lat' dir='ltr'>quidem</span> <span class='ocrx_word' id='word_1_68' title='bbox 469 825 551 863; x_wconf 70' lang='lat' dir='ltr'>etc„</span> <span class='ocrx_word' id='word_1_69' title='bbox 582 829 680 866; x_wconf 89' lang='lat' dir='ltr'>quae</span> <span class='ocrx_word' id='word_1_70' title='bbox 708 817 790 853; x_wconf 90' lang='lat' dir='ltr'>talis</span> <span class='ocrx_word' id='word_1_71' title='bbox 818 824 884 853; x_wconf 91' lang='lat' dir='ltr'>est.</span> <span class='ocrx_word' id='word_1_72' title='bbox 918 816 1026 853; x_wconf 90' lang='lat' dir='ltr'>Aliae</span> <span class='ocrx_word' id='word_1_73' title='bbox 1053 816 1198 864; x_wconf 88' lang='lat' dir='ltr'>figurae</span> <span class='ocrx_word' id='word_1_74' title='bbox 1226 815 1265 852; x_wconf 94' lang='lat' dir='ltr'>in</span> <span class='ocrx_word' id='word_1_75' title='bbox 1294 815 1357 852; x_wconf 89' lang='lat' dir='ltr'>de-</span> 
     </span>
     <span class='ocr_line' id='line_1_12' title="bbox 292 869 1356 918; baseline -0.002 -12"><span class='ocrx_word' id='word_1_76' title='bbox 292 869 629 906; x_wconf 86' lang='lat' dir='ltr'>monstrationibus</span> <span class='ocrx_word' id='word_1_77' title='bbox 663 870 832 918; x_wconf 89' lang='lat' dir='ltr'>indigent</span> <span class='ocrx_word' id='word_1_78' title='bbox 862 869 987 918; x_wconf 88' lang='lat' dir='ltr'>prima</span> <span class='ocrx_word' id='word_1_79' title='bbox 1005 874 1042 914; x_wconf 82' lang='lat'>⁸;</span> <span class='ocrx_word' id='word_1_80' title='bbox 1076 869 1201 917; x_wconf 87' lang='lat' dir='ltr'>prima</span> <span class='ocrx_word' id='word_1_81' title='bbox 1228 875 1356 905; x_wconf 90' lang='lat' dir='ltr'>autem</span> 
     </span>
     <span class='ocr_line' id='line_1_13' title="bbox 292 920 1359 971; baseline -0.002 -12"><span class='ocrx_word' id='word_1_82' title='bbox 292 935 371 959; x_wconf 91' lang='lat' dir='ltr'>non</span> <span class='ocrx_word' id='word_1_83' title='bbox 390 922 532 971; x_wconf 81' lang='lat' dir='ltr'>indiget</span> <span class='ocrx_word' id='word_1_84' title='bbox 550 923 648 969; x_wconf 83' lang='lat' dir='ltr'>aliis3</span> <span class='ocrx_word' id='word_1_85' title='bbox 670 935 760 970; x_wconf 91' lang='lat' dir='ltr'>ergo</span> <span class='ocrx_word' id='word_1_86' title='bbox 779 923 904 971; x_wconf 90' lang='lat' dir='ltr'>prima</span> <span class='ocrx_word' id='word_1_87' title='bbox 923 922 1044 969; x_wconf 88' lang='lat' dir='ltr'>figura</span> <span class='ocrx_word' id='word_1_88' title='bbox 1060 921 1252 958; x_wconf 84' lang='lat' dir='ltr'>efficacius</span> <span class='ocrx_word' id='word_1_89' title='bbox 1272 920 1359 957; x_wconf 87' lang='lat' dir='ltr'>facit</span> 
     </span>
     <span class='ocr_line' id='line_1_14' title="bbox 293 973 1357 1024; baseline -0.003 -12"><span class='ocrx_word' id='word_1_90' title='bbox 293 975 388 1013; x_wconf 89' lang='lat' dir='ltr'>scire</span> <span class='ocrx_word' id='word_1_91' title='bbox 422 988 539 1024; x_wconf 89' lang='lat' dir='ltr'>quam</span> <span class='ocrx_word' id='word_1_92' title='bbox 567 975 673 1012; x_wconf 87' lang='lat' dir='ltr'>aliae.</span> <span class='ocrx_word' id='word_1_93' title='bbox 709 975 827 1022; x_wconf 92' lang='lat' dir='ltr'>Quod</span> <span class='ocrx_word' id='word_1_94' title='bbox 855 982 983 1012; x_wconf 90' lang='lat' dir='ltr'>autem</span> <span class='ocrx_word' id='word_1_95' title='bbox 1008 974 1103 1011; x_wconf 88' lang='lat' dir='ltr'>aliae</span> <span class='ocrx_word' id='word_1_96' title='bbox 1131 974 1277 1021; x_wconf 88' lang='lat' dir='ltr'>figurae</span> <span class='ocrx_word' id='word_1_97' title='bbox 1302 973 1357 1010; x_wconf 92' lang='lat' dir='ltr'>in-</span> 
     </span>
     <span class='ocr_line' id='line_1_15' title="bbox 293 1026 1359 1077; baseline -0.003 -12"><span class='ocrx_word' id='word_1_98' title='bbox 293 1027 444 1076; x_wconf 88' lang='lat' dir='ltr'>digeant</span> <span class='ocrx_word' id='word_1_99' title='bbox 457 1029 581 1077; x_wconf 88' lang='lat' dir='ltr'>prima</span> <span class='ocrx_word' id='word_1_100' title='bbox 600 1040 646 1065; x_wconf 90' lang='lat' dir='ltr'>ex</span> <span class='ocrx_word' id='word_1_101' title='bbox 655 1029 731 1065; x_wconf 92' lang='lat' dir='ltr'>hoc</span> <span class='ocrx_word' id='word_1_102' title='bbox 745 1028 988 1065; x_wconf 89' lang='lat' dir='ltr'>manifestum</span> <span class='ocrx_word' id='word_1_103' title='bbox 1009 1034 1075 1073; x_wconf 91' lang='lat' dir='ltr'>est,</span> <span class='ocrx_word' id='word_1_104' title='bbox 1088 1026 1194 1075; x_wconf 93' lang='lat' dir='ltr'>quod</span> <span class='ocrx_word' id='word_1_105' title='bbox 1208 1033 1359 1074; x_wconf 90' lang='lat' dir='ltr'>oportet</span> 
     </span>
     <span class='ocr_line' id='line_1_16' title="bbox 293 1078 1358 1129; baseline -0.004 -11"><span class='ocrx_word' id='word_1_106' title='bbox 293 1081 342 1118; x_wconf 84' lang='lat' dir='ltr'>ad</span> <span class='ocrx_word' id='word_1_107' title='bbox 359 1081 567 1129; x_wconf 83' lang='lat' dir='ltr'>perfectam</span> <span class='ocrx_word' id='word_1_108' title='bbox 588 1081 783 1118; x_wconf 88' lang='lat' dir='ltr'>scientiam</span> <span class='ocrx_word' id='word_1_109' title='bbox 808 1080 1039 1126; x_wconf 81' lang='lat' dir='ltr'>habendam,</span> <span class='ocrx_word' id='word_1_110' title='bbox 1061 1079 1166 1128; x_wconf 89' lang='lat' dir='ltr'>quod</span> <span class='ocrx_word' id='word_1_111' title='bbox 1184 1078 1358 1127; x_wconf 91' lang='lat' dir='ltr'>proposi-</span> 
     </span>
     <span class='ocr_line' id='line_1_17' title="bbox 291 1131 1357 1182; baseline -0.004 -12"><span class='ocrx_word' id='word_1_112' title='bbox 291 1133 414 1170; x_wconf 91' lang='lat' dir='ltr'>tiones</span> <span class='ocrx_word' id='word_1_113' title='bbox 442 1133 642 1180; x_wconf 85' lang='lat' dir='ltr'>mediatae,</span> <span class='ocrx_word' id='word_1_114' title='bbox 664 1145 763 1182; x_wconf 88' lang='lat' dir='ltr'>quae</span> <span class='ocrx_word' id='word_1_115' title='bbox 787 1140 990 1170; x_wconf 90' lang='lat' dir='ltr'>sumuntur</span> <span class='ocrx_word' id='word_1_116' title='bbox 1007 1132 1047 1168; x_wconf 91' lang='lat' dir='ltr'>in</span> <span class='ocrx_word' id='word_1_117' title='bbox 1066 1131 1357 1169; x_wconf 89' lang='lat' dir='ltr'>demonstratio-</span> 
     </span>
     <span class='ocr_line' id='line_1_18' title="bbox 291 1183 1356 1232; baseline -0.003 -10"><span class='ocrx_word' id='word_1_118' title='bbox 291 1185 422 1232; x_wconf 86' lang='lat' dir='ltr'>nibus,</span> <span class='ocrx_word' id='word_1_119' title='bbox 451 1186 502 1222; x_wconf 87' lang='lat' dir='ltr'>ad</span> <span class='ocrx_word' id='word_1_120' title='bbox 529 1186 750 1223; x_wconf 90' lang='lat' dir='ltr'>immediata</span> <span class='ocrx_word' id='word_1_121' title='bbox 778 1186 1018 1222; x_wconf 88' lang='lat' dir='ltr'>reducantur.</span> <span class='ocrx_word' id='word_1_122' title='bbox 1058 1183 1176 1230; x_wconf 89' lang='lat' dir='ltr'>Quod</span> <span class='ocrx_word' id='word_1_123' title='bbox 1200 1183 1356 1232; x_wconf 90' lang='lat' dir='ltr'>quidem</span> 
     </span>
     <span class='ocr_line' id='line_1_19' title="bbox 291 1237 1357 1286; baseline -0.003 -12"><span class='ocrx_word' id='word_1_124' title='bbox 291 1237 336 1274; x_wconf 87' lang='lat' dir='ltr'>fit</span> <span class='ocrx_word' id='word_1_125' title='bbox 354 1237 562 1286; x_wconf 89' lang='lat' dir='ltr'>dupliciter,</span> <span class='ocrx_word' id='word_1_126' title='bbox 592 1238 732 1275; x_wconf 91' lang='lat' dir='ltr'>scilicet</span> <span class='ocrx_word' id='word_1_127' title='bbox 751 1237 948 1275; x_wconf 90' lang='lat' dir='ltr'>densando</span> <span class='ocrx_word' id='word_1_128' title='bbox 968 1237 1097 1274; x_wconf 92' lang='lat' dir='ltr'>media</span> <span class='ocrx_word' id='word_1_129' title='bbox 1121 1243 1157 1272; x_wconf 91' lang='lat' dir='ltr'>et</span> <span class='ocrx_word' id='word_1_130' title='bbox 1175 1247 1357 1283; x_wconf 89' lang='lat' dir='ltr'>augmen-</span> 
     </span>
     <span class='ocr_line' id='line_1_20' title="bbox 291 1289 1357 1340; baseline -0.004 -12"><span class='ocrx_word' id='word_1_131' title='bbox 291 1290 420 1328; x_wconf 87' lang='lat' dir='ltr'>tando.</span> <span class='ocrx_word' id='word_1_132' title='bbox 450 1291 659 1328; x_wconf 89' lang='lat' dir='ltr'>Densando</span> <span class='ocrx_word' id='word_1_133' title='bbox 685 1291 854 1340; x_wconf 89' lang='lat' dir='ltr'>quidem,</span> <span class='ocrx_word' id='word_1_134' title='bbox 884 1289 1039 1339; x_wconf 86' lang='lat' dir='ltr'>quando</span> <span class='ocrx_word' id='word_1_135' title='bbox 1059 1289 1231 1326; x_wconf 91' lang='lat' dir='ltr'>medium</span> <span class='ocrx_word' id='word_1_136' title='bbox 1251 1300 1357 1340; x_wconf 71' lang='lat' dir='ltr'>acce—</span> 
     </span>
    </p>
   </div>
   <div class='ocr_carea' id='block_1_3' title="bbox 288 1512 1361 3617">
    <p class='ocr_par' dir='ltr' id='par_1_4' title="bbox 290 1512 1361 2004">
     <span class='ocr_line' id='line_1_21' title="bbox 343 1512 1361 1547; baseline -0.002 -9"><span class='ocrx_word' id='word_1_137' title='bbox 343 1514 372 1547; x_wconf 77' lang='grc' dir='ltr'>γ)</span> <span class='ocrx_word' id='word_1_138' title='bbox 392 1514 471 1544; x_wconf 85' lang='lat' dir='ltr'>Quod</span> <span class='ocrx_word' id='word_1_139' title='bbox 488 1513 554 1546; x_wconf 83' lang='lat' dir='ltr'>quid</span> <span class='ocrx_word' id='word_1_140' title='bbox 571 1516 612 1538; x_wconf 76' lang='lat' dir='ltr'>est</span> <span class='ocrx_word' id='word_1_141' title='bbox 625 1520 678 1545; x_wconf 82' lang='lat' dir='ltr'>per</span> <span class='ocrx_word' id='word_1_142' title='bbox 695 1513 902 1547; x_wconf 83' lang='lat' dir='ltr'>affirmationem</span> <span class='ocrx_word' id='word_1_143' title='bbox 921 1512 1129 1545; x_wconf 81' lang='lat' dir='ltr'>cognoscitur.--</span> <span class='ocrx_word' id='word_1_144' title='bbox 1140 1512 1219 1542; x_wconf 81' lang='lat' dir='ltr'>Quod</span> <span class='ocrx_word' id='word_1_145' title='bbox 1237 1512 1301 1544; x_wconf 87' lang='lat' dir='ltr'>quid</span> <span class='ocrx_word' id='word_1_146' title='bbox 1321 1515 1361 1537; x_wconf 85' lang='lat' dir='ltr'>est</span> 
     </span>
     <span class='ocr_line' id='line_1_22' title="bbox 291 1548 1358 1581; baseline -0.002 -7"><span class='ocrx_word' id='word_1_147' title='bbox 291 1549 383 1579; x_wconf 73' lang='lat' dir='ltr'>dicitur</span> <span class='ocrx_word' id='word_1_148' title='bbox 400 1549 513 1574; x_wconf 80' lang='lat' dir='ltr'>essentia</span> <span class='ocrx_word' id='word_1_149' title='bbox 530 1556 577 1581; x_wconf 83' lang='lat' dir='ltr'>per</span> <span class='ocrx_word' id='word_1_150' title='bbox 601 1556 680 1581; x_wconf 88' lang='lat' dir='ltr'>quam</span> <span class='ocrx_word' id='word_1_151' title='bbox 698 1556 741 1573; x_wconf 91' lang='lat' dir='ltr'>res</span> <span class='ocrx_word' id='word_1_152' title='bbox 759 1550 785 1573; x_wconf 91' lang='lat' dir='ltr'>in</span> <span class='ocrx_word' id='word_1_153' title='bbox 810 1549 896 1581; x_wconf 89' lang='lat' dir='ltr'>seipsa</span> <span class='ocrx_word' id='word_1_154' title='bbox 920 1548 1082 1573; x_wconf 83' lang='lat' dir='ltr'>constituitur</span> <span class='ocrx_word' id='word_1_155' title='bbox 1101 1553 1127 1572; x_wconf 91' lang='lat' dir='ltr'>et</span> <span class='ocrx_word' id='word_1_156' title='bbox 1145 1548 1308 1579; x_wconf 82' lang='lat' dir='ltr'>distinguitur</span> <span class='ocrx_word' id='word_1_157' title='bbox 1327 1548 1358 1572; x_wconf 89' lang='lat' dir='ltr'>ab</span> 
     </span>
     <span class='ocr_line' id='line_1_23' title="bbox 291 1581 1359 1618; baseline -0.002 -9"><span class='ocrx_word' id='word_1_158' title='bbox 291 1584 347 1609; x_wconf 81' lang='lat' dir='ltr'>aliis</span> <span class='ocrx_word' id='word_1_159' title='bbox 361 1584 412 1618; x_wconf 88' lang='lat' dir='ltr'>(Cf.</span> <span class='ocrx_word' id='word_1_160' title='bbox 426 1585 476 1609; x_wconf 88' lang='lat' dir='ltr'>loc.</span> <span class='ocrx_word' id='word_1_161' title='bbox 487 1585 528 1608; x_wconf 87' lang='lat' dir='ltr'>cit.</span> <span class='ocrx_word' id='word_1_162' title='bbox 542 1581 653 1618; x_wconf 84' lang='lat' dir='ltr'>Perih.).</span> <span class='ocrx_word' id='word_1_163' title='bbox 673 1584 726 1608; x_wconf 88' lang='lat' dir='ltr'>Res</span> <span class='ocrx_word' id='word_1_164' title='bbox 745 1589 832 1608; x_wconf 90' lang='lat' dir='ltr'>autem</span> <span class='ocrx_word' id='word_1_165' title='bbox 851 1591 911 1608; x_wconf 90' lang='lat' dir='ltr'>cum</span> <span class='ocrx_word' id='word_1_166' title='bbox 930 1584 964 1607; x_wconf 89' lang='lat' dir='ltr'>sit</span> <span class='ocrx_word' id='word_1_167' title='bbox 982 1583 1044 1615; x_wconf 90' lang='lat' dir='ltr'>quid</span> <span class='ocrx_word' id='word_1_168' title='bbox 1058 1583 1217 1615; x_wconf 80' lang='lat' dir='ltr'>positivum,</span> <span class='ocrx_word' id='word_1_169' title='bbox 1238 1583 1359 1607; x_wconf 86' lang='lat' dir='ltr'>constitui</span> 
     </span>
     <span class='ocr_line' id='line_1_24' title="bbox 290 1616 1359 1653; baseline -0.003 -8"><span class='ocrx_word' id='word_1_170' title='bbox 290 1619 320 1646; x_wconf 78' lang='lat' dir='ltr'>in</span> <span class='ocrx_word' id='word_1_171' title='bbox 335 1619 422 1652; x_wconf 72' lang='lat' dir='ltr'>seipsa</span> <span class='ocrx_word' id='word_1_172' title='bbox 440 1620 531 1652; x_wconf 85' lang='lat' dir='ltr'>nequit</span> <span class='ocrx_word' id='word_1_173' title='bbox 548 1619 598 1644; x_wconf 86' lang='lat' dir='ltr'>nisi</span> <span class='ocrx_word' id='word_1_174' title='bbox 615 1626 662 1651; x_wconf 89' lang='lat' dir='ltr'>per</span> <span class='ocrx_word' id='word_1_175' title='bbox 680 1619 778 1651; x_wconf 83' lang='lat' dir='ltr'>aliquid</span> <span class='ocrx_word' id='word_1_176' title='bbox 795 1618 991 1648; x_wconf 80' lang='lat' dir='ltr'>affinnativum,</span> <span class='ocrx_word' id='word_1_177' title='bbox 1010 1623 1039 1643; x_wconf 92' lang='lat' dir='ltr'>ut</span> <span class='ocrx_word' id='word_1_178' title='bbox 1058 1619 1154 1643; x_wconf 90' lang='lat' dir='ltr'>dictum</span> <span class='ocrx_word' id='word_1_179' title='bbox 1174 1623 1214 1643; x_wconf 84' lang='lat' dir='ltr'>est</span> <span class='ocrx_word' id='word_1_180' title='bbox 1233 1616 1284 1653; x_wconf 89' lang='lat' dir='ltr'>(Cf.</span> <span class='ocrx_word' id='word_1_181' title='bbox 1301 1618 1359 1643; x_wconf 87' lang='lat' dir='ltr'>lect.</span> 
     </span>
     <span class='ocr_line' id='line_1_25' title="bbox 291 1651 1359 1689; baseline -0.003 -9"><span class='ocrx_word' id='word_1_182' title='bbox 291 1655 419 1689; x_wconf 69' lang='lat' dir='ltr'>praeced„</span> <span class='ocrx_word' id='word_1_183' title='bbox 437 1660 491 1680; x_wconf 89' lang='lat' dir='ltr'>not.</span> <span class='ocrx_word' id='word_1_184' title='bbox 509 1651 626 1688; x_wconf 77' lang='lat' dir='ltr'>ultim.);</span> <span class='ocrx_word' id='word_1_185' title='bbox 644 1655 774 1687; x_wconf 81' lang='lat' dir='ltr'>siquidem</span> <span class='ocrx_word' id='word_1_186' title='bbox 792 1655 894 1687; x_wconf 87' lang='lat' dir='ltr'>negatio</span> <span class='ocrx_word' id='word_1_187' title='bbox 913 1661 944 1678; x_wconf 85' lang='lat' dir='ltr'>ex</span> <span class='ocrx_word' id='word_1_188' title='bbox 963 1661 992 1678; x_wconf 90' lang='lat' dir='ltr'>se</span> <span class='ocrx_word' id='word_1_189' title='bbox 1010 1653 1072 1678; x_wconf 85' lang='lat' dir='ltr'>nihil</span> <span class='ocrx_word' id='word_1_190' title='bbox 1091 1654 1116 1678; x_wconf 91' lang='lat' dir='ltr'>in</span> <span class='ocrx_word' id='word_1_191' title='bbox 1134 1661 1163 1678; x_wconf 91' lang='lat' dir='ltr'>re</span> <span class='ocrx_word' id='word_1_192' title='bbox 1177 1654 1256 1685; x_wconf 86' lang='lat' dir='ltr'>ponit,</span> <span class='ocrx_word' id='word_1_193' title='bbox 1271 1658 1301 1678; x_wconf 91' lang='lat' dir='ltr'>ut</span> <span class='ocrx_word' id='word_1_194' title='bbox 1312 1662 1359 1678; x_wconf 88' lang='lat' dir='ltr'>vo-</span> 
     </span>
     <span class='ocr_line' id='line_1_26' title="bbox 292 1689 1359 1722; baseline -0.001 -7"><span class='ocrx_word' id='word_1_195' title='bbox 292 1689 414 1716; x_wconf 86' lang='lat' dir='ltr'>cabulum</span> <span class='ocrx_word' id='word_1_196' title='bbox 429 1690 531 1715; x_wconf 84' lang='lat' dir='ltr'>indicat.</span> <span class='ocrx_word' id='word_1_197' title='bbox 546 1690 572 1714; x_wconf 90' lang='lat' dir='ltr'>Si</span> <span class='ocrx_word' id='word_1_198' title='bbox 586 1690 663 1722; x_wconf 85' lang='lat' dir='ltr'>igitur</span> <span class='ocrx_word' id='word_1_199' title='bbox 677 1690 747 1722; x_wconf 91' lang='lat' dir='ltr'>quod</span> <span class='ocrx_word' id='word_1_200' title='bbox 758 1690 820 1722; x_wconf 91' lang='lat' dir='ltr'>quid</span> <span class='ocrx_word' id='word_1_201' title='bbox 834 1695 874 1714; x_wconf 85' lang='lat' dir='ltr'>est</span> <span class='ocrx_word' id='word_1_202' title='bbox 886 1690 922 1714; x_wconf 89' lang='lat' dir='ltr'>rei</span> <span class='ocrx_word' id='word_1_203' title='bbox 937 1690 1108 1721; x_wconf 87' lang='lat' dir='ltr'>cognoscitur,</span> <span class='ocrx_word' id='word_1_204' title='bbox 1122 1689 1181 1713; x_wconf 89' lang='lat' dir='ltr'>ideo</span> <span class='ocrx_word' id='word_1_205' title='bbox 1196 1689 1359 1721; x_wconf 84' lang='lat' dir='ltr'>cognoscitur</span> 
     </span>
     <span class='ocr_line' id='line_1_27' title="bbox 291 1723 1360 1758; baseline -0.002 -8"><span class='ocrx_word' id='word_1_206' title='bbox 291 1725 354 1758; x_wconf 83' lang='lat' dir='ltr'>quia</span> <span class='ocrx_word' id='word_1_207' title='bbox 369 1725 516 1750; x_wconf 78' lang='lat' dir='ltr'>intellectus</span> <span class='ocrx_word' id='word_1_208' title='bbox 539 1729 657 1757; x_wconf 88' lang='lat' dir='ltr'>penetrat</span> <span class='ocrx_word' id='word_1_209' title='bbox 674 1725 802 1750; x_wconf 89' lang='lat' dir='ltr'>elementa</span> <span class='ocrx_word' id='word_1_210' title='bbox 827 1723 992 1754; x_wconf 78' lang='lat' dir='ltr'>definitionis,</span> <span class='ocrx_word' id='word_1_211' title='bbox 1012 1724 1106 1756; x_wconf 88' lang='lat' dir='ltr'>quibus</span> <span class='ocrx_word' id='word_1_212' title='bbox 1129 1731 1172 1748; x_wconf 88' lang='lat' dir='ltr'>res</span> <span class='ocrx_word' id='word_1_213' title='bbox 1191 1729 1235 1748; x_wconf 89' lang='lat' dir='ltr'>aut</span> <span class='ocrx_word' id='word_1_214' title='bbox 1253 1723 1360 1756; x_wconf 80' lang='lat' dir='ltr'>physice</span> 
     </span>
     <span class='ocr_line' id='line_1_28' title="bbox 291 1759 1360 1793; baseline -0.003 -7"><span class='ocrx_word' id='word_1_215' title='bbox 291 1764 336 1786; x_wconf 80' lang='lat' dir='ltr'>aut</span> <span class='ocrx_word' id='word_1_216' title='bbox 353 1760 530 1793; x_wconf 82' lang='lat' dir='ltr'>metaphysice</span> <span class='ocrx_word' id='word_1_217' title='bbox 548 1761 575 1784; x_wconf 87' lang='lat' dir='ltr'>in</span> <span class='ocrx_word' id='word_1_218' title='bbox 593 1760 696 1792; x_wconf 85' lang='lat' dir='ltr'>propria</span> <span class='ocrx_word' id='word_1_219' title='bbox 714 1760 827 1785; x_wconf 81' lang='lat' dir='ltr'>essentia</span> <span class='ocrx_word' id='word_1_220' title='bbox 845 1760 1020 1790; x_wconf 86' lang='lat' dir='ltr'>constituitur;</span> <span class='ocrx_word' id='word_1_221' title='bbox 1040 1764 1066 1784; x_wconf 92' lang='lat' dir='ltr'>et</span> <span class='ocrx_word' id='word_1_222' title='bbox 1084 1764 1274 1792; x_wconf 83' lang='lat' dir='ltr'>consequenter</span> <span class='ocrx_word' id='word_1_223' title='bbox 1289 1759 1360 1791; x_wconf 87' lang='lat' dir='ltr'>quod</span> 
     </span>
     <span class='ocr_line' id='line_1_29' title="bbox 291 1794 1360 1828; baseline -0.001 -8"><span class='ocrx_word' id='word_1_224' title='bbox 291 1795 357 1828; x_wconf 79' lang='lat' dir='ltr'>quid</span> <span class='ocrx_word' id='word_1_225' title='bbox 370 1798 410 1820; x_wconf 79' lang='lat' dir='ltr'>est</span> <span class='ocrx_word' id='word_1_226' title='bbox 424 1795 589 1828; x_wconf 84' lang='lat' dir='ltr'>cognoscitur</span> <span class='ocrx_word' id='word_1_227' title='bbox 601 1802 648 1827; x_wconf 88' lang='lat' dir='ltr'>per</span> <span class='ocrx_word' id='word_1_228' title='bbox 660 1794 890 1821; x_wconf 86' lang='lat' dir='ltr'>affirmationem.·-</span> <span class='ocrx_word' id='word_1_229' title='bbox 900 1794 1008 1824; x_wconf 88' lang='lat' dir='ltr'>Quoties</span> <span class='ocrx_word' id='word_1_230' title='bbox 1023 1800 1110 1819; x_wconf 87' lang='lat' dir='ltr'>autem</span> <span class='ocrx_word' id='word_1_231' title='bbox 1129 1795 1260 1819; x_wconf 85' lang='lat' dir='ltr'>nescimus</span> <span class='ocrx_word' id='word_1_232' title='bbox 1275 1794 1360 1819; x_wconf 87' lang='lat' dir='ltr'>dicere</span> 
     </span>
     <span class='ocr_line' id='line_1_30' title="bbox 291 1829 1360 1863; baseline -0.002 -7"><span class='ocrx_word' id='word_1_233' title='bbox 291 1831 326 1856; x_wconf 73' lang='lat' dir='ltr'>de</span> <span class='ocrx_word' id='word_1_234' title='bbox 342 1837 372 1855; x_wconf 87' lang='lat' dir='ltr'>re</span> <span class='ocrx_word' id='word_1_235' title='bbox 389 1830 454 1863; x_wconf 82' lang='lat' dir='ltr'>quid</span> <span class='ocrx_word' id='word_1_236' title='bbox 471 1830 522 1860; x_wconf 78' lang='lat' dir='ltr'>sit,</span> <span class='ocrx_word' id='word_1_237' title='bbox 541 1830 590 1855; x_wconf 88' lang='lat' dir='ltr'>sed</span> <span class='ocrx_word' id='word_1_238' title='bbox 607 1830 776 1856; x_wconf 87' lang='lat' dir='ltr'>solummodo</span> <span class='ocrx_word' id='word_1_239' title='bbox 794 1832 926 1863; x_wconf 86' lang='lat' dir='ltr'>assignare</span> <span class='ocrx_word' id='word_1_240' title='bbox 944 1837 1086 1861; x_wconf 87' lang='lat' dir='ltr'>possumus</span> <span class='ocrx_word' id='word_1_241' title='bbox 1104 1829 1170 1862; x_wconf 80' lang='lat' dir='ltr'>quid</span> <span class='ocrx_word' id='word_1_242' title='bbox 1188 1836 1240 1854; x_wconf 87' lang='lat' dir='ltr'>non</span> <span class='ocrx_word' id='word_1_243' title='bbox 1259 1829 1308 1859; x_wconf 83' lang='lat' dir='ltr'>sit,</span> <span class='ocrx_word' id='word_1_244' title='bbox 1328 1830 1360 1855; x_wconf 82' lang='lat' dir='ltr'>ad</span> 
     </span>
     <span class='ocr_line' id='line_1_31' title="bbox 291 1865 1359 1898; baseline -0.002 -6"><span class='ocrx_word' id='word_1_245' title='bbox 291 1866 432 1893; x_wconf 74' lang='lat' dir='ltr'>essentiam</span> <span class='ocrx_word' id='word_1_246' title='bbox 446 1866 563 1890; x_wconf 88' lang='lat' dir='ltr'>eiusdem</span> <span class='ocrx_word' id='word_1_247' title='bbox 575 1865 613 1890; x_wconf 90' lang='lat' dir='ltr'>rei</span> <span class='ocrx_word' id='word_1_248' title='bbox 631 1873 683 1890; x_wconf 94' lang='lat' dir='ltr'>non</span> <span class='ocrx_word' id='word_1_249' title='bbox 697 1866 867 1898; x_wconf 82' lang='lat' dir='ltr'>assurgimus,</span> <span class='ocrx_word' id='word_1_250' title='bbox 882 1871 907 1890; x_wconf 89' lang='lat' dir='ltr'>et</span> <span class='ocrx_word' id='word_1_251' title='bbox 921 1865 1031 1897; x_wconf 85' lang='lat' dir='ltr'>cognitio</span> <span class='ocrx_word' id='word_1_252' title='bbox 1045 1870 1134 1889; x_wconf 88' lang='lat' dir='ltr'>nostra</span> <span class='ocrx_word' id='word_1_253' title='bbox 1147 1869 1187 1889; x_wconf 89' lang='lat' dir='ltr'>est</span> <span class='ocrx_word' id='word_1_254' title='bbox 1201 1865 1359 1897; x_wconf 86' lang='lat' dir='ltr'>imperfecta.</span> 
     </span>
     <span class='ocr_line' id='line_1_32' title="bbox 291 1899 1359 1933; baseline -0.001 -8"><span class='ocrx_word' id='word_1_255' title='bbox 291 1899 326 1929; x_wconf 77' lang='lat' dir='ltr'>Et</span> <span class='ocrx_word' id='word_1_256' title='bbox 339 1900 396 1925; x_wconf 88' lang='lat' dir='ltr'>dico</span> <span class='ocrx_word' id='word_1_257' title='bbox 410 1901 436 1925; x_wconf 88' lang='lat' dir='ltr'>in</span> <span class='ocrx_word' id='word_1_258' title='bbox 454 1899 600 1933; x_wconf 81' lang='lat' dir='ltr'>hypothesi,</span> <span class='ocrx_word' id='word_1_259' title='bbox 614 1900 787 1933; x_wconf 86' lang='lat' dir='ltr'>cognitionem</span> <span class='ocrx_word' id='word_1_260' title='bbox 806 1908 866 1926; x_wconf 89' lang='lat' dir='ltr'>esse</span> <span class='ocrx_word' id='word_1_261' title='bbox 878 1901 1064 1933; x_wconf 80' lang='lat' dir='ltr'>imperfectam,</span> <span class='ocrx_word' id='word_1_262' title='bbox 1077 1907 1129 1924; x_wconf 88' lang='lat' dir='ltr'>non</span> <span class='ocrx_word' id='word_1_263' title='bbox 1141 1905 1229 1924; x_wconf 89' lang='lat' dir='ltr'>autem</span> <span class='ocrx_word' id='word_1_264' title='bbox 1247 1901 1359 1925; x_wconf 85' lang='lat' dir='ltr'>nullam:</span> 
     </span>
     <span class='ocr_line' id='line_1_33' title="bbox 290 1935 1359 1969; baseline 0 -9"><span class='ocrx_word' id='word_1_265' title='bbox 290 1941 352 1961; x_wconf 73' lang='lat' dir='ltr'>nam</span> <span class='ocrx_word' id='word_1_266' title='bbox 370 1942 423 1960; x_wconf 88' lang='lat' dir='ltr'>non</span> <span class='ocrx_word' id='word_1_267' title='bbox 441 1943 521 1968; x_wconf 80' lang='lat' dir='ltr'>parva</span> <span class='ocrx_word' id='word_1_268' title='bbox 538 1935 626 1961; x_wconf 83' lang='lat' dir='ltr'>notitia</span> <span class='ocrx_word' id='word_1_269' title='bbox 644 1939 698 1966; x_wconf 91' lang='lat' dir='ltr'>est,</span> <span class='ocrx_word' id='word_1_270' title='bbox 721 1937 826 1969; x_wconf 85' lang='lat' dir='ltr'>quando</span> <span class='ocrx_word' id='word_1_271' title='bbox 844 1944 892 1961; x_wconf 88' lang='lat' dir='ltr'>nos</span> <span class='ocrx_word' id='word_1_272' title='bbox 916 1937 977 1961; x_wconf 82' lang='lat' dir='ltr'>latet</span> <span class='ocrx_word' id='word_1_273' title='bbox 999 1935 1062 1968; x_wconf 89' lang='lat' dir='ltr'>quid</span> <span class='ocrx_word' id='word_1_274' title='bbox 1085 1935 1118 1960; x_wconf 85' lang='lat' dir='ltr'>sit</span> <span class='ocrx_word' id='word_1_275' title='bbox 1140 1942 1198 1966; x_wconf 85' lang='lat' dir='ltr'>res,</span> <span class='ocrx_word' id='word_1_276' title='bbox 1222 1935 1244 1960; x_wconf 88' lang='lat' dir='ltr'>si</span> <span class='ocrx_word' id='word_1_277' title='bbox 1268 1936 1359 1960; x_wconf 86' lang='lat' dir='ltr'>saltem</span> 
     </span>
     <span class='ocr_line' id='line_1_34' title="bbox 291 1971 870 2004; baseline 0 -8"><span class='ocrx_word' id='word_1_278' title='bbox 291 1971 376 1996; x_wconf 73' lang='lat' dir='ltr'>dicere</span> <span class='ocrx_word' id='word_1_279' title='bbox 393 1978 535 2004; x_wconf 85' lang='lat' dir='ltr'>possumus</span> <span class='ocrx_word' id='word_1_280' title='bbox 554 1971 616 2004; x_wconf 89' lang='lat' dir='ltr'>quid</span> <span class='ocrx_word' id='word_1_281' title='bbox 634 1978 678 1996; x_wconf 90' lang='lat' dir='ltr'>res</span> <span class='ocrx_word' id='word_1_282' title='bbox 697 1971 739 1996; x_wconf 79' lang='lat' dir='ltr'>illa</span> <span class='ocrx_word' id='word_1_283' title='bbox 757 1979 811 1996; x_wconf 87' lang='lat' dir='ltr'>non</span> <span class='ocrx_word' id='word_1_284' title='bbox 829 1972 870 1997; x_wconf 86' lang='lat' dir='ltr'>sit.</span> 
     </span>
    </p>

    <p class='ocr_par' dir='ltr' id='par_1_5' title="bbox 289 2006 1360 2956">
     <span class='ocr_line' id='line_1_35' title="bbox 343 2006 1358 2039; baseline -0.001 -8"><span class='ocrx_word' id='word_1_285' title='bbox 343 2006 386 2037; x_wconf 71' lang='lat' dir='ltr'>Ad</span> <span class='ocrx_word' id='word_1_286' title='bbox 404 2013 517 2039; x_wconf 88' lang='lat' dir='ltr'>quorum</span> <span class='ocrx_word' id='word_1_287' title='bbox 536 2006 689 2031; x_wconf 88' lang='lat' dir='ltr'>evidentiam</span> <span class='ocrx_word' id='word_1_288' title='bbox 713 2012 834 2032; x_wconf 81' lang='lat' dir='ltr'>notamus</span> <span class='ocrx_word' id='word_1_289' title='bbox 853 2007 1013 2031; x_wconf 89' lang='lat' dir='ltr'>intellectum</span> <span class='ocrx_word' id='word_1_290' title='bbox 1039 2011 1158 2030; x_wconf 90' lang='lat' dir='ltr'>nostrum</span> <span class='ocrx_word' id='word_1_291' title='bbox 1182 2011 1303 2038; x_wconf 87' lang='lat' dir='ltr'>respectu</span> <span class='ocrx_word' id='word_1_292' title='bbox 1321 2007 1358 2031; x_wconf 91' lang='lat' dir='ltr'>rei</span> 
     </span>
     <span class='ocr_line' id='line_1_36' title="bbox 291 2041 1360 2074; baseline 0 -8"><span class='ocrx_word' id='word_1_293' title='bbox 291 2041 418 2074; x_wconf 82' lang='lat' dir='ltr'>cuiusque</span> <span class='ocrx_word' id='word_1_294' title='bbox 436 2048 517 2073; x_wconf 87' lang='lat' dir='ltr'>posse</span> <span class='ocrx_word' id='word_1_295' title='bbox 535 2042 644 2066; x_wconf 81' lang='lat' dir='ltr'>existere</span> <span class='ocrx_word' id='word_1_296' title='bbox 662 2042 688 2066; x_wconf 89' lang='lat' dir='ltr'>in</span> <span class='ocrx_word' id='word_1_297' title='bbox 705 2042 797 2074; x_wconf 86' lang='lat' dir='ltr'>triplici</span> <span class='ocrx_word' id='word_1_298' title='bbox 820 2042 953 2067; x_wconf 61' lang='lat' dir='ltr'>stam—1.</span> <span class='ocrx_word' id='word_1_299' title='bbox 972 2042 1008 2066; x_wconf 92' lang='lat' dir='ltr'>Ut</span> <span class='ocrx_word' id='word_1_300' title='bbox 1025 2042 1124 2066; x_wconf 85' lang='lat' dir='ltr'>nesciat</span> <span class='ocrx_word' id='word_1_301' title='bbox 1140 2042 1247 2066; x_wconf 88' lang='lat' dir='ltr'>omnino</span> <span class='ocrx_word' id='word_1_302' title='bbox 1263 2042 1295 2066; x_wconf 89' lang='lat' dir='ltr'>de</span> <span class='ocrx_word' id='word_1_303' title='bbox 1309 2042 1360 2072; x_wconf 89' lang='lat' dir='ltr'>illa,</span> 
     </span>
     <span class='ocr_line' id='line_1_37' title="bbox 291 2077 1359 2110; baseline 0 -9"><span class='ocrx_word' id='word_1_304' title='bbox 291 2081 422 2109; x_wconf 79' lang='lat' dir='ltr'>quatenus</span> <span class='ocrx_word' id='word_1_305' title='bbox 435 2084 530 2109; x_wconf 86' lang='lat' dir='ltr'>nempe</span> <span class='ocrx_word' id='word_1_306' title='bbox 542 2084 628 2110; x_wconf 87' lang='lat' dir='ltr'>neque</span> <span class='ocrx_word' id='word_1_307' title='bbox 647 2077 695 2102; x_wconf 84' lang='lat' dir='ltr'>scit</span> <span class='ocrx_word' id='word_1_308' title='bbox 713 2078 775 2110; x_wconf 88' lang='lat' dir='ltr'>quid</span> <span class='ocrx_word' id='word_1_309' title='bbox 796 2085 838 2102; x_wconf 90' lang='lat' dir='ltr'>res</span> <span class='ocrx_word' id='word_1_310' title='bbox 853 2078 894 2108; x_wconf 85' lang='lat' dir='ltr'>sit,</span> <span class='ocrx_word' id='word_1_311' title='bbox 906 2084 992 2110; x_wconf 91' lang='lat' dir='ltr'>neque</span> <span class='ocrx_word' id='word_1_312' title='bbox 1006 2077 1068 2109; x_wconf 88' lang='lat' dir='ltr'>quid</span> <span class='ocrx_word' id='word_1_313' title='bbox 1081 2084 1123 2101; x_wconf 91' lang='lat' dir='ltr'>res</span> <span class='ocrx_word' id='word_1_314' title='bbox 1138 2084 1190 2101; x_wconf 90' lang='lat' dir='ltr'>non</span> <span class='ocrx_word' id='word_1_315' title='bbox 1210 2077 1257 2101; x_wconf 81' lang='lat' dir='ltr'>sit:</span> <span class='ocrx_word' id='word_1_316' title='bbox 1277 2082 1359 2101; x_wconf 87' lang='lat' dir='ltr'>status</span> 
     </span>
     <span class='ocr_line' id='line_1_38' title="bbox 292 2111 1359 2144; baseline -0.001 -7"><span class='ocrx_word' id='word_1_317' title='bbox 292 2112 341 2137; x_wconf 84' lang='lat' dir='ltr'>iste</span> <span class='ocrx_word' id='word_1_318' title='bbox 359 2117 400 2136; x_wconf 84' lang='lat' dir='ltr'>est</span> <span class='ocrx_word' id='word_1_319' title='bbox 418 2111 561 2144; x_wconf 82' lang='lat' dir='ltr'>ignorantia</span> <span class='ocrx_word' id='word_1_320' title='bbox 579 2119 627 2137; x_wconf 89' lang='lat' dir='ltr'>seu</span> <span class='ocrx_word' id='word_1_321' title='bbox 639 2113 778 2138; x_wconf 85' lang='lat' dir='ltr'>nescientia</span> <span class='ocrx_word' id='word_1_322' title='bbox 792 2113 824 2137; x_wconf 92' lang='lat' dir='ltr'>de</span> <span class='ocrx_word' id='word_1_323' title='bbox 843 2120 880 2138; x_wconf 88' lang='lat' dir='ltr'>re.</span> <span class='ocrx_word' id='word_1_324' title='bbox 889 2127 908 2131; x_wconf 98' lang='lat'><em>-</em></span> <span class='ocrx_word' id='word_1_325' title='bbox 917 2113 946 2137; x_wconf 92' lang='lat' dir='ltr'>ll.</span> <span class='ocrx_word' id='word_1_326' title='bbox 966 2112 1001 2137; x_wconf 91' lang='lat' dir='ltr'>Ut</span> <span class='ocrx_word' id='word_1_327' title='bbox 1014 2116 1131 2144; x_wconf 85' lang='lat' dir='ltr'>penetret</span> <span class='ocrx_word' id='word_1_328' title='bbox 1145 2112 1309 2136; x_wconf 85' lang='lat' dir='ltr'>intrinsecam</span> <span class='ocrx_word' id='word_1_329' title='bbox 1322 2113 1359 2136; x_wconf 87' lang='lat' dir='ltr'>rei</span> 
     </span>
     <span class='ocr_line' id='line_1_39' title="bbox 292 2147 1359 2180; baseline 0 -8"><span class='ocrx_word' id='word_1_330' title='bbox 292 2147 440 2178; x_wconf 74' lang='lat' dir='ltr'>essentiam,</span> <span class='ocrx_word' id='word_1_331' title='bbox 461 2147 616 2180; x_wconf 85' lang='lat' dir='ltr'>assignando</span> <span class='ocrx_word' id='word_1_332' title='bbox 635 2155 729 2180; x_wconf 86' lang='lat' dir='ltr'>nempe</span> <span class='ocrx_word' id='word_1_333' title='bbox 747 2148 870 2180; x_wconf 89' lang='lat' dir='ltr'>principia</span> <span class='ocrx_word' id='word_1_334' title='bbox 884 2148 1030 2172; x_wconf 79' lang='lat' dir='ltr'>essentialia</span> <span class='ocrx_word' id='word_1_335' title='bbox 1049 2147 1143 2180; x_wconf 90' lang='lat' dir='ltr'>quibus</span> <span class='ocrx_word' id='word_1_336' title='bbox 1162 2155 1204 2172; x_wconf 89' lang='lat' dir='ltr'>res</span> <span class='ocrx_word' id='word_1_337' title='bbox 1223 2148 1280 2180; x_wconf 88' lang='lat' dir='ltr'>ipsa</span> <span class='ocrx_word' id='word_1_338' title='bbox 1298 2155 1359 2172; x_wconf 92' lang='lat' dir='ltr'>con-</span> 
     </span>
     <span class='ocr_line' id='line_1_40' title="bbox 292 2181 1359 2215; baseline 0 -8"><span class='ocrx_word' id='word_1_339' title='bbox 292 2183 412 2214; x_wconf 80' lang='lat' dir='ltr'>stituitur,</span> <span class='ocrx_word' id='word_1_340' title='bbox 431 2187 457 2207; x_wconf 89' lang='lat' dir='ltr'>et</span> <span class='ocrx_word' id='word_1_341' title='bbox 475 2190 543 2215; x_wconf 85' lang='lat' dir='ltr'>quae</span> <span class='ocrx_word' id='word_1_342' title='bbox 558 2181 704 2208; x_wconf 87' lang='lat' dir='ltr'>definitione</span> <span class='ocrx_word' id='word_1_343' title='bbox 722 2184 906 2215; x_wconf 83' lang='lat' dir='ltr'>exprimuntur.</span> <span class='ocrx_word' id='word_1_344' title='bbox 925 2183 966 2208; x_wconf 88' lang='lat' dir='ltr'>Ad</span> <span class='ocrx_word' id='word_1_345' title='bbox 980 2182 1045 2207; x_wconf 87' lang='lat' dir='ltr'>hanc</span> <span class='ocrx_word' id='word_1_346' title='bbox 1059 2183 1175 2207; x_wconf 86' lang='lat' dir='ltr'>intimam</span> <span class='ocrx_word' id='word_1_347' title='bbox 1189 2183 1226 2207; x_wconf 88' lang='lat' dir='ltr'>rei</span> <span class='ocrx_word' id='word_1_348' title='bbox 1241 2187 1359 2207; x_wconf 91' lang='lat' dir='ltr'>naturam</span> 
     </span>
     <span class='ocr_line' id='line_1_41' title="bbox 291 2215 1359 2254; baseline -0.001 -11"><span class='ocrx_word' id='word_1_349' title='bbox 291 2218 502 2251; x_wconf 70' lang='lat' dir='ltr'>dignoscendam,</span> <span class='ocrx_word' id='word_1_350' title='bbox 521 2218 605 2250; x_wconf 84' lang='lat' dir='ltr'>primo</span> <span class='ocrx_word' id='word_1_351' title='bbox 623 2226 682 2243; x_wconf 84' lang='lat' dir='ltr'>eam</span> <span class='ocrx_word' id='word_1_352' title='bbox 700 2219 726 2243; x_wconf 92' lang='lat' dir='ltr'>in</span> <span class='ocrx_word' id='word_1_353' title='bbox 744 2226 839 2251; x_wconf 86' lang='lat' dir='ltr'>genere</span> <span class='ocrx_word' id='word_1_354' title='bbox 858 2219 1016 2243; x_wconf 85' lang='lat' dir='ltr'>collocamus</span> <span class='ocrx_word' id='word_1_355' title='bbox 1033 2215 1066 2254; x_wconf 90' lang='lat' dir='ltr'>(si</span> <span class='ocrx_word' id='word_1_356' title='bbox 1081 2218 1107 2242; x_wconf 90' lang='lat' dir='ltr'>in</span> <span class='ocrx_word' id='word_1_357' title='bbox 1125 2225 1220 2250; x_wconf 86' lang='lat' dir='ltr'>genere</span> <span class='ocrx_word' id='word_1_358' title='bbox 1239 2218 1359 2242; x_wconf 88' lang='lat' dir='ltr'>collocari</span> 
     </span>
     <span class='ocr_line' id='line_1_42' title="bbox 291 2249 1359 2287; baseline 0 -9"><span class='ocrx_word' id='word_1_359' title='bbox 291 2249 407 2287; x_wconf 80' lang='lat' dir='ltr'>potest),</span> <span class='ocrx_word' id='word_1_360' title='bbox 426 2260 473 2285; x_wconf 90' lang='lat' dir='ltr'>per</span> <span class='ocrx_word' id='word_1_361' title='bbox 491 2253 562 2285; x_wconf 89' lang='lat' dir='ltr'>quod</span> <span class='ocrx_word' id='word_1_362' title='bbox 580 2253 678 2278; x_wconf 89' lang='lat' dir='ltr'>scimus</span> <span class='ocrx_word' id='word_1_363' title='bbox 698 2254 724 2278; x_wconf 91' lang='lat' dir='ltr'>in</span> <span class='ocrx_word' id='word_1_364' title='bbox 742 2254 873 2278; x_wconf 86' lang='lat' dir='ltr'>communi</span> <span class='ocrx_word' id='word_1_365' title='bbox 892 2253 954 2286; x_wconf 88' lang='lat' dir='ltr'>quid</span> <span class='ocrx_word' id='word_1_366' title='bbox 973 2258 1027 2283; x_wconf 89' lang='lat' dir='ltr'>est;</span> <span class='ocrx_word' id='word_1_367' title='bbox 1052 2253 1221 2285; x_wconf 87' lang='lat' dir='ltr'>postmodum</span> <span class='ocrx_word' id='word_1_368' title='bbox 1240 2254 1359 2278; x_wconf 85' lang='lat' dir='ltr'>addimus</span> 
     </span>
     <span class='ocr_line' id='line_1_43' title="bbox 292 2287 1360 2321; baseline 0.001 -9"><span class='ocrx_word' id='word_1_369' title='bbox 292 2288 447 2313; x_wconf 80' lang='lat' dir='ltr'>differentias</span> <span class='ocrx_word' id='word_1_370' title='bbox 462 2287 549 2320; x_wconf 78' lang='lat' dir='ltr'>(tanto</span> <span class='ocrx_word' id='word_1_371' title='bbox 567 2289 636 2313; x_wconf 89' lang='lat' dir='ltr'>enim</span> <span class='ocrx_word' id='word_1_372' title='bbox 654 2289 791 2321; x_wconf 88' lang='lat' dir='ltr'>perfectius</span> <span class='ocrx_word' id='word_1_373' title='bbox 805 2297 860 2314; x_wconf 90' lang='lat' dir='ltr'>rem</span> <span class='ocrx_word' id='word_1_374' title='bbox 876 2289 1065 2321; x_wconf 84' lang='lat' dir='ltr'>cognoscimus,</span> <span class='ocrx_word' id='word_1_375' title='bbox 1079 2293 1176 2320; x_wconf 89' lang='lat' dir='ltr'>quanto</span> <span class='ocrx_word' id='word_1_376' title='bbox 1190 2289 1272 2320; x_wconf 86' lang='lat' dir='ltr'>magis</span> <span class='ocrx_word' id='word_1_377' title='bbox 1287 2288 1360 2313; x_wconf 87' lang='lat' dir='ltr'>diffe-</span> 
     </span>
     <span class='ocr_line' id='line_1_44' title="bbox 291 2323 1359 2356; baseline 0 -8"><span class='ocrx_word' id='word_1_378' title='bbox 291 2324 387 2348; x_wconf 83' lang='lat' dir='ltr'>rentias</span> <span class='ocrx_word' id='word_1_379' title='bbox 407 2324 463 2347; x_wconf 88' lang='lat' dir='ltr'>eius</span> <span class='ocrx_word' id='word_1_380' title='bbox 482 2323 514 2348; x_wconf 89' lang='lat' dir='ltr'>ab</span> <span class='ocrx_word' id='word_1_381' title='bbox 533 2323 589 2348; x_wconf 88' lang='lat' dir='ltr'>aliis</span> <span class='ocrx_word' id='word_1_382' title='bbox 601 2324 702 2356; x_wconf 85' lang='lat' dir='ltr'>plenius</span> <span class='ocrx_word' id='word_1_383' title='bbox 717 2325 872 2356; x_wconf 83' lang='lat' dir='ltr'>intuemur),</span> <span class='ocrx_word' id='word_1_384' title='bbox 886 2332 971 2356; x_wconf 89' lang='lat' dir='ltr'>usque</span> <span class='ocrx_word' id='word_1_385' title='bbox 985 2325 1048 2348; x_wconf 91' lang='lat' dir='ltr'>dum</span> <span class='ocrx_word' id='word_1_386' title='bbox 1067 2324 1226 2348; x_wconf 84' lang='lat' dir='ltr'>inveniamus</span> <span class='ocrx_word' id='word_1_387' title='bbox 1242 2323 1359 2348; x_wconf 83' lang='lat' dir='ltr'>differen—</span> 
     </span>
     <span class='ocr_line' id='line_1_45' title="bbox 290 2358 1357 2392; baseline -0.001 -8"><span class='ocrx_word' id='word_1_388' title='bbox 290 2359 355 2384; x_wconf 81' lang='lat' dir='ltr'>tiam</span> <span class='ocrx_word' id='word_1_389' title='bbox 373 2358 508 2388; x_wconf 74' lang='lat' dir='ltr'>ultimam,</span> <span class='ocrx_word' id='word_1_390' title='bbox 529 2366 582 2391; x_wconf 82' lang='lat' dir='ltr'>qua</span> <span class='ocrx_word' id='word_1_391' title='bbox 599 2359 784 2384; x_wconf 80' lang='lat' dir='ltr'>determinatur</span> <span class='ocrx_word' id='word_1_392' title='bbox 802 2360 950 2392; x_wconf 86' lang='lat' dir='ltr'>proprium,</span> <span class='ocrx_word' id='word_1_393' title='bbox 970 2367 1016 2391; x_wconf 92' lang='lat' dir='ltr'>per</span> <span class='ocrx_word' id='word_1_394' title='bbox 1034 2359 1105 2391; x_wconf 88' lang='lat' dir='ltr'>quod</span> <span class='ocrx_word' id='word_1_395' title='bbox 1124 2366 1166 2383; x_wconf 89' lang='lat' dir='ltr'>res</span> <span class='ocrx_word' id='word_1_396' title='bbox 1185 2359 1217 2383; x_wconf 91' lang='lat' dir='ltr'>ab</span> <span class='ocrx_word' id='word_1_397' title='bbox 1236 2359 1357 2384; x_wconf 87' lang='lat' dir='ltr'>omnibus</span> 
     </span>
     <span class='ocr_line' id='line_1_46' title="bbox 292 2393 1359 2427; baseline 0 -9"><span class='ocrx_word' id='word_1_398' title='bbox 292 2393 347 2418; x_wconf 85' lang='lat' dir='ltr'>aliis</span> <span class='ocrx_word' id='word_1_399' title='bbox 366 2398 423 2418; x_wconf 91' lang='lat' dir='ltr'>tum</span> <span class='ocrx_word' id='word_1_400' title='bbox 438 2394 585 2426; x_wconf 90' lang='lat' dir='ltr'>generibus,</span> <span class='ocrx_word' id='word_1_401' title='bbox 599 2399 655 2419; x_wconf 88' lang='lat' dir='ltr'>tum</span> <span class='ocrx_word' id='word_1_402' title='bbox 670 2395 805 2427; x_wconf 85' lang='lat' dir='ltr'>speciebus</span> <span class='ocrx_word' id='word_1_403' title='bbox 821 2395 939 2419; x_wconf 82' lang='lat' dir='ltr'>distincta</span> <span class='ocrx_word' id='word_1_404' title='bbox 952 2395 1068 2419; x_wconf 82' lang='lat' dir='ltr'>resultat.</span> <span class='ocrx_word' id='word_1_405' title='bbox 1088 2394 1165 2424; x_wconf 90' lang='lat' dir='ltr'>Quod</span> <span class='ocrx_word' id='word_1_406' title='bbox 1179 2394 1285 2426; x_wconf 90' lang='lat' dir='ltr'>quidem</span> <span class='ocrx_word' id='word_1_407' title='bbox 1299 2402 1359 2426; x_wconf 88' lang='lat' dir='ltr'>pro-</span> 
     </span>
     <span class='ocr_line' id='line_1_47' title="bbox 290 2428 1358 2462; baseline 0.001 -9"><span class='ocrx_word' id='word_1_408' title='bbox 290 2429 387 2461; x_wconf 84' lang='lat' dir='ltr'>prium,</span> <span class='ocrx_word' id='word_1_409' title='bbox 405 2433 434 2453; x_wconf 90' lang='lat' dir='ltr'>ut</span> <span class='ocrx_word' id='word_1_410' title='bbox 452 2429 570 2460; x_wconf 87' lang='lat' dir='ltr'>diximus,</span> <span class='ocrx_word' id='word_1_411' title='bbox 584 2434 625 2454; x_wconf 88' lang='lat' dir='ltr'>est</span> <span class='ocrx_word' id='word_1_412' title='bbox 643 2430 706 2462; x_wconf 89' lang='lat' dir='ltr'>quid</span> <span class='ocrx_word' id='word_1_413' title='bbox 725 2429 919 2460; x_wconf 84' lang='lat' dir='ltr'>affirmativum,</span> <span class='ocrx_word' id='word_1_414' title='bbox 937 2435 962 2454; x_wconf 89' lang='lat' dir='ltr'>et</span> <span class='ocrx_word' id='word_1_415' title='bbox 980 2437 1027 2462; x_wconf 89' lang='lat' dir='ltr'>per</span> <span class='ocrx_word' id='word_1_416' title='bbox 1045 2430 1130 2461; x_wconf 86' lang='lat' dir='ltr'>ipsum</span> <span class='ocrx_word' id='word_1_417' title='bbox 1149 2428 1278 2461; x_wconf 87' lang='lat' dir='ltr'>perficitur</span> <span class='ocrx_word' id='word_1_418' title='bbox 1297 2430 1358 2454; x_wconf 91' lang='lat' dir='ltr'>sub-</span> 
     </span>
     <span class='ocr_line' id='line_1_48' title="bbox 291 2464 1359 2497; baseline 0 -9"><span class='ocrx_word' id='word_1_419' title='bbox 291 2464 399 2489; x_wconf 84' lang='lat' dir='ltr'>stantiae</span> <span class='ocrx_word' id='word_1_420' title='bbox 417 2464 455 2488; x_wconf 78' lang='lat' dir='ltr'>rei</span> <span class='ocrx_word' id='word_1_421' title='bbox 473 2465 602 2496; x_wconf 84' lang='lat' dir='ltr'>completa</span> <span class='ocrx_word' id='word_1_422' title='bbox 620 2465 795 2491; x_wconf 82' lang='lat' dir='ltr'>notitia.-111.</span> <span class='ocrx_word' id='word_1_423' title='bbox 815 2465 945 2497; x_wconf 87' lang='lat' dir='ltr'>Contingit</span> <span class='ocrx_word' id='word_1_424' title='bbox 963 2470 1050 2490; x_wconf 84' lang='lat' dir='ltr'>autem</span> <span class='ocrx_word' id='word_1_425' title='bbox 1067 2469 1096 2489; x_wconf 90' lang='lat' dir='ltr'>ut</span> <span class='ocrx_word' id='word_1_426' title='bbox 1115 2465 1147 2489; x_wconf 94' lang='lat' dir='ltr'>de</span> <span class='ocrx_word' id='word_1_427' title='bbox 1165 2472 1193 2489; x_wconf 92' lang='lat' dir='ltr'>re</span> <span class='ocrx_word' id='word_1_428' title='bbox 1207 2465 1294 2497; x_wconf 85' lang='lat' dir='ltr'>aliqua</span> <span class='ocrx_word' id='word_1_429' title='bbox 1307 2473 1359 2489; x_wconf 88' lang='lat' dir='ltr'>non</span> 
     </span>
     <span class='ocr_line' id='line_1_49' title="bbox 291 2499 1359 2533; baseline 0.002 -10"><span class='ocrx_word' id='word_1_430' title='bbox 291 2499 374 2532; x_wconf 87' lang='lat' dir='ltr'>possit</span> <span class='ocrx_word' id='word_1_431' title='bbox 392 2507 407 2524; x_wconf 87' lang='lat' dir='ltr'>a</span> <span class='ocrx_word' id='word_1_432' title='bbox 426 2499 500 2524; x_wconf 92' lang='lat' dir='ltr'>nobis</span> <span class='ocrx_word' id='word_1_433' title='bbox 519 2500 598 2532; x_wconf 78' lang='lat' dir='ltr'>accipi</span> <span class='ocrx_word' id='word_1_434' title='bbox 616 2508 699 2532; x_wconf 85' lang='lat' dir='ltr'>genus</span> <span class='ocrx_word' id='word_1_435' title='bbox 718 2501 783 2531; x_wconf 89' lang='lat' dir='ltr'>eius,</span> <span class='ocrx_word' id='word_1_436' title='bbox 802 2501 862 2533; x_wconf 89' lang='lat' dir='ltr'>quia</span> <span class='ocrx_word' id='word_1_437' title='bbox 880 2508 932 2525; x_wconf 91' lang='lat' dir='ltr'>non</span> <span class='ocrx_word' id='word_1_438' title='bbox 952 2505 992 2525; x_wconf 88' lang='lat' dir='ltr'>est</span> <span class='ocrx_word' id='word_1_439' title='bbox 1005 2500 1031 2524; x_wconf 91' lang='lat' dir='ltr'>in</span> <span class='ocrx_word' id='word_1_440' title='bbox 1045 2507 1148 2532; x_wconf 80' lang='lat' dir='ltr'>genere,</span> <span class='ocrx_word' id='word_1_441' title='bbox 1163 2504 1188 2524; x_wconf 91' lang='lat' dir='ltr'>et</span> <span class='ocrx_word' id='word_1_442' title='bbox 1201 2500 1259 2524; x_wconf 91' lang='lat' dir='ltr'>ideo</span> <span class='ocrx_word' id='word_1_443' title='bbox 1273 2508 1359 2533; x_wconf 89' lang='lat' dir='ltr'>neque</span> 
     </span>
     <span class='ocr_line' id='line_1_50' title="bbox 291 2534 1359 2568; baseline 0 -9"><span class='ocrx_word' id='word_1_444' title='bbox 291 2534 442 2565; x_wconf 77' lang='lat' dir='ltr'>different-ia,</span> <span class='ocrx_word' id='word_1_445' title='bbox 462 2542 514 2567; x_wconf 91' lang='lat' dir='ltr'>qua</span> <span class='ocrx_word' id='word_1_446' title='bbox 533 2535 697 2560; x_wconf 84' lang='lat' dir='ltr'>contrahatur</span> <span class='ocrx_word' id='word_1_447' title='bbox 715 2536 747 2560; x_wconf 86' lang='lat' dir='ltr'>ad</span> <span class='ocrx_word' id='word_1_448' title='bbox 766 2536 879 2568; x_wconf 90' lang='lat' dir='ltr'>speciem</span> <span class='ocrx_word' id='word_1_449' title='bbox 898 2536 1012 2568; x_wconf 88' lang='lat' dir='ltr'>aliquam</span> <span class='ocrx_word' id='word_1_450' title='bbox 1032 2535 1240 2559; x_wconf 81' lang='lat' dir='ltr'>determinatam:</span> <span class='ocrx_word' id='word_1_451' title='bbox 1261 2543 1313 2568; x_wconf 89' lang='lat' dir='ltr'>quo</span> <span class='ocrx_word' id='word_1_452' title='bbox 1334 2536 1359 2560; x_wconf 88' lang='lat' dir='ltr'>in</span> 
     </span>
     <span class='ocr_line' id='line_1_51' title="bbox 291 2569 1359 2604; baseline 0.001 -10"><span class='ocrx_word' id='word_1_453' title='bbox 291 2577 353 2595; x_wconf 72' lang='lat' dir='ltr'>casu</span> <span class='ocrx_word' id='word_1_454' title='bbox 376 2569 516 2602; x_wconf 79' lang='lat' dir='ltr'>accipimus</span> <span class='ocrx_word' id='word_1_455' title='bbox 535 2570 691 2596; x_wconf 82' lang='lat' dir='ltr'>differentias</span> <span class='ocrx_word' id='word_1_456' title='bbox 711 2572 852 2604; x_wconf 83' lang='lat' dir='ltr'>negativas.</span> <span class='ocrx_word' id='word_1_457' title='bbox 877 2572 947 2596; x_wconf 90' lang='lat' dir='ltr'>Sicut</span> <span class='ocrx_word' id='word_1_458' title='bbox 969 2571 1038 2595; x_wconf 88' lang='lat' dir='ltr'>enim</span> <span class='ocrx_word' id='word_1_459' title='bbox 1061 2571 1087 2594; x_wconf 88' lang='lat' dir='ltr'>in</span> <span class='ocrx_word' id='word_1_460' title='bbox 1110 2569 1266 2595; x_wconf 84' lang='lat' dir='ltr'>affirmativis</span> <span class='ocrx_word' id='word_1_461' title='bbox 1286 2571 1359 2596; x_wconf 88' lang='lat' dir='ltr'>diffe-</span> 
     </span>
     <span class='ocr_line' id='line_1_52' title="bbox 289 2605 1359 2638; baseline 0.001 -9"><span class='ocrx_word' id='word_1_462' title='bbox 289 2605 378 2630; x_wconf 78' lang='lat' dir='ltr'>rentiis</span> <span class='ocrx_word' id='word_1_463' title='bbox 397 2612 448 2629; x_wconf 79' lang='lat' dir='ltr'>una</span> <span class='ocrx_word' id='word_1_464' title='bbox 466 2605 543 2630; x_wconf 84' lang='lat' dir='ltr'>aliam</span> <span class='ocrx_word' id='word_1_465' title='bbox 561 2606 695 2637; x_wconf 81' lang='lat' dir='ltr'>contrahit,</span> <span class='ocrx_word' id='word_1_466' title='bbox 715 2611 741 2631; x_wconf 91' lang='lat' dir='ltr'>et</span> <span class='ocrx_word' id='word_1_467' title='bbox 764 2607 847 2638; x_wconf 84' lang='lat' dir='ltr'>magis</span> <span class='ocrx_word' id='word_1_468' title='bbox 866 2607 899 2631; x_wconf 90' lang='lat' dir='ltr'>ad</span> <span class='ocrx_word' id='word_1_469' title='bbox 917 2606 1074 2638; x_wconf 83' lang='lat' dir='ltr'>completam</span> <span class='ocrx_word' id='word_1_470' title='bbox 1097 2606 1300 2638; x_wconf 83' lang='lat' dir='ltr'>designationem</span> <span class='ocrx_word' id='word_1_471' title='bbox 1322 2607 1359 2630; x_wconf 90' lang='lat' dir='ltr'>rei</span> 
     </span>
     <span class='ocr_line' id='line_1_53' title="bbox 290 2640 1359 2674; baseline 0.001 -10"><span class='ocrx_word' id='word_1_472' title='bbox 290 2640 487 2673; x_wconf 72' lang='lat' dir='ltr'>appropinquat,</span> <span class='ocrx_word' id='word_1_473' title='bbox 507 2641 651 2666; x_wconf 87' lang='lat' dir='ltr'>secundum</span> <span class='ocrx_word' id='word_1_474' title='bbox 670 2642 742 2674; x_wconf 91' lang='lat' dir='ltr'>quod</span> <span class='ocrx_word' id='word_1_475' title='bbox 756 2649 770 2666; x_wconf 88' lang='lat' dir='ltr'>a</span> <span class='ocrx_word' id='word_1_476' title='bbox 784 2641 901 2674; x_wconf 91' lang='lat' dir='ltr'>pluribus</span> <span class='ocrx_word' id='word_1_477' title='bbox 920 2649 977 2666; x_wconf 86' lang='lat' dir='ltr'>eam</span> <span class='ocrx_word' id='word_1_478' title='bbox 996 2641 1055 2666; x_wconf 84' lang='lat' dir='ltr'>facit</span> <span class='ocrx_word' id='word_1_479' title='bbox 1070 2641 1181 2671; x_wconf 79' lang='lat' dir='ltr'>differre,</span> <span class='ocrx_word' id='word_1_480' title='bbox 1200 2642 1234 2666; x_wconf 84' lang='lat' dir='ltr'>ita</span> <span class='ocrx_word' id='word_1_481' title='bbox 1246 2649 1298 2666; x_wconf 83' lang='lat' dir='ltr'>una</span> <span class='ocrx_word' id='word_1_482' title='bbox 1312 2641 1359 2666; x_wconf 90' lang='lat' dir='ltr'>dif-</span> 
     </span>
     <span class='ocr_line' id='line_1_54' title="bbox 289 2675 1358 2709; baseline 0.001 -9"><span class='ocrx_word' id='word_1_483' title='bbox 289 2675 396 2701; x_wconf 84' lang='lat' dir='ltr'>ferentia</span> <span class='ocrx_word' id='word_1_484' title='bbox 414 2676 531 2708; x_wconf 86' lang='lat' dir='ltr'>negativa</span> <span class='ocrx_word' id='word_1_485' title='bbox 550 2676 707 2701; x_wconf 80' lang='lat' dir='ltr'>contrahitur</span> <span class='ocrx_word' id='word_1_486' title='bbox 729 2684 776 2709; x_wconf 87' lang='lat' dir='ltr'>per</span> <span class='ocrx_word' id='word_1_487' title='bbox 799 2677 890 2707; x_wconf 86' lang='lat' dir='ltr'>aliam,</span> <span class='ocrx_word' id='word_1_488' title='bbox 915 2684 982 2709; x_wconf 88' lang='lat' dir='ltr'>quae</span> <span class='ocrx_word' id='word_1_489' title='bbox 1000 2684 1015 2701; x_wconf 89' lang='lat' dir='ltr'>a</span> <span class='ocrx_word' id='word_1_490' title='bbox 1033 2676 1149 2708; x_wconf 89' lang='lat' dir='ltr'>pluribus</span> <span class='ocrx_word' id='word_1_491' title='bbox 1170 2676 1273 2701; x_wconf 86' lang='lat' dir='ltr'>differre</span> <span class='ocrx_word' id='word_1_492' title='bbox 1291 2676 1358 2701; x_wconf 86' lang='lat' dir='ltr'>facit.</span> 
     </span>
     <span class='ocr_line' id='line_1_55' title="bbox 290 2711 1358 2744; baseline 0.001 -9"><span class='ocrx_word' id='word_1_493' title='bbox 290 2711 361 2736; x_wconf 85' lang='lat' dir='ltr'>Sicut</span> <span class='ocrx_word' id='word_1_494' title='bbox 378 2711 400 2735; x_wconf 89' lang='lat' dir='ltr'>si</span> <span class='ocrx_word' id='word_1_495' title='bbox 420 2711 536 2736; x_wconf 86' lang='lat' dir='ltr'>dicamus</span> <span class='ocrx_word' id='word_1_496' title='bbox 550 2712 622 2744; x_wconf 91' lang='lat' dir='ltr'>quod</span> <span class='ocrx_word' id='word_1_497' title='bbox 635 2713 658 2736; x_wconf 88' lang='lat' dir='ltr'><strong>A</strong></span> <span class='ocrx_word' id='word_1_498' title='bbox 672 2720 724 2737; x_wconf 88' lang='lat' dir='ltr'>non</span> <span class='ocrx_word' id='word_1_499' title='bbox 743 2713 776 2737; x_wconf 90' lang='lat' dir='ltr'>sit</span> <span class='ocrx_word' id='word_1_500' title='bbox 794 2712 927 2742; x_wconf 83' lang='lat' dir='ltr'>accidens,</span> <span class='ocrx_word' id='word_1_501' title='bbox 947 2712 1128 2744; x_wconf 84' lang='lat' dir='ltr'>distinguimus</span> <span class='ocrx_word' id='word_1_502' title='bbox 1147 2711 1210 2736; x_wconf 91' lang='lat' dir='ltr'>illud</span> <span class='ocrx_word' id='word_1_503' title='bbox 1229 2712 1261 2736; x_wconf 85' lang='lat' dir='ltr'>ab</span> <span class='ocrx_word' id='word_1_504' title='bbox 1275 2713 1358 2736; x_wconf 88' lang='lat' dir='ltr'>omni-</span> 
     </span>
     <span class='ocr_line' id='line_1_56' title="bbox 289 2745 1358 2780; baseline 0.001 -10"><span class='ocrx_word' id='word_1_505' title='bbox 289 2745 339 2770; x_wconf 86' lang='lat' dir='ltr'>bus</span> <span class='ocrx_word' id='word_1_506' title='bbox 358 2746 545 2776; x_wconf 78' lang='lat' dir='ltr'>accidentibus3</span> <span class='ocrx_word' id='word_1_507' title='bbox 560 2747 669 2772; x_wconf 90' lang='lat' dir='ltr'>dicendo</span> <span class='ocrx_word' id='word_1_508' title='bbox 682 2748 753 2780; x_wconf 88' lang='lat' dir='ltr'>quod</span> <span class='ocrx_word' id='word_1_509' title='bbox 767 2755 820 2772; x_wconf 91' lang='lat' dir='ltr'>non</span> <span class='ocrx_word' id='word_1_510' title='bbox 838 2748 871 2772; x_wconf 91' lang='lat' dir='ltr'>sit</span> <span class='ocrx_word' id='word_1_511' title='bbox 885 2755 980 2779; x_wconf 89' lang='lat' dir='ltr'>corpus</span> <span class='ocrx_word' id='word_1_512' title='bbox 994 2747 1176 2779; x_wconf 87' lang='lat' dir='ltr'>distinguimus</span> <span class='ocrx_word' id='word_1_513' title='bbox 1190 2747 1222 2771; x_wconf 89' lang='lat' dir='ltr'>ab</span> <span class='ocrx_word' id='word_1_514' title='bbox 1236 2747 1358 2772; x_wconf 88' lang='lat' dir='ltr'>omnibus</span> 
     </span>
     <span class='ocr_line' id='line_1_57' title="bbox 291 2781 1357 2815; baseline 0 -9"><span class='ocrx_word' id='word_1_515' title='bbox 291 2781 441 2806; x_wconf 84' lang='lat' dir='ltr'>substantiis</span> <span class='ocrx_word' id='word_1_516' title='bbox 460 2789 528 2814; x_wconf 90' lang='lat' dir='ltr'>quae</span> <span class='ocrx_word' id='word_1_517' title='bbox 553 2790 662 2815; x_wconf 87' lang='lat' dir='ltr'>corpora</span> <span class='ocrx_word' id='word_1_518' title='bbox 679 2788 754 2814; x_wconf 90' lang='lat' dir='ltr'>sunt,</span> <span class='ocrx_word' id='word_1_519' title='bbox 779 2788 828 2807; x_wconf 91' lang='lat' dir='ltr'>etc.</span> <span class='ocrx_word' id='word_1_520' title='bbox 853 2783 974 2807; x_wconf 83' lang='lat' dir='ltr'>Attamen</span> <span class='ocrx_word' id='word_1_521' title='bbox 993 2782 1148 2807; x_wconf 84' lang='lat' dir='ltr'>differentiae</span> <span class='ocrx_word' id='word_1_522' title='bbox 1166 2782 1290 2814; x_wconf 86' lang='lat' dir='ltr'>positivae</span> <span class='ocrx_word' id='word_1_523' title='bbox 1309 2790 1357 2807; x_wconf 90' lang='lat' dir='ltr'>nos</span> 
     </span>
     <span class='ocr_line' id='line_1_58' title="bbox 290 2816 1358 2850; baseline 0.001 -9"><span class='ocrx_word' id='word_1_524' title='bbox 290 2816 387 2841; x_wconf 84' lang='lat' dir='ltr'>ducunt</span> <span class='ocrx_word' id='word_1_525' title='bbox 400 2816 432 2841; x_wconf 86' lang='lat' dir='ltr'>ad</span> <span class='ocrx_word' id='word_1_526' title='bbox 445 2818 657 2849; x_wconf 88' lang='lat' dir='ltr'>cognoscendum</span> <span class='ocrx_word' id='word_1_527' title='bbox 670 2818 735 2850; x_wconf 86' lang='lat' dir='ltr'>quid</span> <span class='ocrx_word' id='word_1_528' title='bbox 748 2821 788 2843; x_wconf 79' lang='lat' dir='ltr'>est</span> <span class='ocrx_word' id='word_1_529' title='bbox 800 2825 855 2848; x_wconf 86' lang='lat' dir='ltr'>res;</span> <span class='ocrx_word' id='word_1_530' title='bbox 875 2823 971 2847; x_wconf 86' lang='lat' dir='ltr'>contra,</span> <span class='ocrx_word' id='word_1_531' title='bbox 985 2818 1143 2842; x_wconf 84' lang='lat' dir='ltr'>differentiae</span> <span class='ocrx_word' id='word_1_532' title='bbox 1161 2817 1293 2850; x_wconf 84' lang='lat' dir='ltr'>negativae</span> <span class='ocrx_word' id='word_1_533' title='bbox 1312 2825 1358 2850; x_wconf 90' lang='lat' dir='ltr'>per</span> 
     </span>
     <span class='ocr_line' id='line_1_59' title="bbox 290 2851 1357 2885; baseline 0.002 -10"><span class='ocrx_word' id='word_1_534' title='bbox 290 2858 320 2876; x_wconf 80' lang='lat' dir='ltr'>se</span> <span class='ocrx_word' id='word_1_535' title='bbox 342 2851 474 2884; x_wconf 89' lang='lat' dir='ltr'>loquendo</span> <span class='ocrx_word' id='word_1_536' title='bbox 497 2853 584 2877; x_wconf 87' lang='lat' dir='ltr'>dicunt</span> <span class='ocrx_word' id='word_1_537' title='bbox 602 2854 673 2885; x_wconf 90' lang='lat' dir='ltr'>quod</span> <span class='ocrx_word' id='word_1_538' title='bbox 692 2861 734 2878; x_wconf 89' lang='lat' dir='ltr'>res</span> <span class='ocrx_word' id='word_1_539' title='bbox 753 2853 851 2878; x_wconf 83' lang='lat' dir='ltr'>differat</span> <span class='ocrx_word' id='word_1_540' title='bbox 869 2854 901 2878; x_wconf 88' lang='lat' dir='ltr'>ab</span> <span class='ocrx_word' id='word_1_541' title='bbox 921 2853 984 2884; x_wconf 81' lang='lat' dir='ltr'>aliis,</span> <span class='ocrx_word' id='word_1_542' title='bbox 1003 2853 1070 2878; x_wconf 90' lang='lat' dir='ltr'>idest</span> <span class='ocrx_word' id='word_1_543' title='bbox 1087 2852 1152 2885; x_wconf 79' lang='lat' dir='ltr'>quid</span> <span class='ocrx_word' id='word_1_544' title='bbox 1170 2860 1223 2877; x_wconf 88' lang='lat' dir='ltr'>non</span> <span class='ocrx_word' id='word_1_545' title='bbox 1242 2853 1285 2882; x_wconf 89' lang='lat' dir='ltr'>sit,</span> <span class='ocrx_word' id='word_1_546' title='bbox 1305 2861 1357 2878; x_wconf 93' lang='lat' dir='ltr'>non</span> 
     </span>
     <span class='ocr_line' id='line_1_60' title="bbox 290 2887 1357 2921; baseline 0.002 -11"><span class='ocrx_word' id='word_1_547' title='bbox 290 2890 376 2911; x_wconf 80' lang='lat' dir='ltr'>autem</span> <span class='ocrx_word' id='word_1_548' title='bbox 395 2887 457 2919; x_wconf 92' lang='lat' dir='ltr'>quid</span> <span class='ocrx_word' id='word_1_549' title='bbox 470 2888 512 2912; x_wconf 84' lang='lat' dir='ltr'>sit.</span> <span class='ocrx_word' id='word_1_550' title='bbox 525 2888 652 2913; x_wconf 87' lang='lat' dir='ltr'>Perfectio</span> <span class='ocrx_word' id='word_1_551' title='bbox 670 2894 711 2913; x_wconf 91' lang='lat' dir='ltr'>est</span> <span class='ocrx_word' id='word_1_552' title='bbox 729 2889 795 2913; x_wconf 86' lang='lat' dir='ltr'>scire</span> <span class='ocrx_word' id='word_1_553' title='bbox 809 2889 871 2921; x_wconf 92' lang='lat' dir='ltr'>quid</span> <span class='ocrx_word' id='word_1_554' title='bbox 889 2896 932 2913; x_wconf 85' lang='lat' dir='ltr'>res</span> <span class='ocrx_word' id='word_1_555' title='bbox 950 2896 1002 2912; x_wconf 92' lang='lat' dir='ltr'>non</span> <span class='ocrx_word' id='word_1_556' title='bbox 1021 2888 1066 2919; x_wconf 88' lang='lat' dir='ltr'>sit;</span> <span class='ocrx_word' id='word_1_557' title='bbox 1085 2888 1244 2920; x_wconf 88' lang='lat' dir='ltr'>imperfectio</span> <span class='ocrx_word' id='word_1_558' title='bbox 1257 2889 1357 2913; x_wconf 90' lang='lat' dir='ltr'>nescire</span> 
     </span>
     <span class='ocr_line' id='line_1_61' title="bbox 290 2921 1000 2956; baseline 0.003 -10"><span class='ocrx_word' id='word_1_559' title='bbox 290 2921 353 2954; x_wconf 86' lang='lat' dir='ltr'>quid</span> <span class='ocrx_word' id='word_1_560' title='bbox 371 2922 405 2946; x_wconf 87' lang='lat' dir='ltr'>sit</span> <span class='ocrx_word' id='word_1_561' title='bbox 423 2921 479 2954; x_wconf 89' lang='lat' dir='ltr'>(Cf.</span> <span class='ocrx_word' id='word_1_562' title='bbox 498 2931 521 2948; x_wconf 87' lang='lat' dir='ltr'>s.</span> <span class='ocrx_word' id='word_1_563' title='bbox 534 2922 609 2948; x_wconf 87' lang='lat' dir='ltr'>Th.1</span> <span class='ocrx_word' id='word_1_564' title='bbox 631 2924 733 2948; x_wconf 82' lang='lat' dir='ltr'>Contra</span> <span class='ocrx_word' id='word_1_565' title='bbox 753 2925 839 2954; x_wconf 68' lang='lat' dir='ltr'>Gent„</span> <span class='ocrx_word' id='word_1_566' title='bbox 859 2932 916 2956; x_wconf 86' lang='lat' dir='ltr'>cap.</span> <span class='ocrx_word' id='word_1_567' title='bbox 931 2923 1000 2955; x_wconf 82' lang='lat' dir='ltr'>xxv).</span> 
     </span>
    </p>

    <p class='ocr_par' dir='ltr' id='par_1_6' title="bbox 288 2955 1356 3617">
     <span class='ocr_line' id='line_1_62' title="bbox 343 2955 1354 2991; baseline 0.003 -11"><span class='ocrx_word' id='word_1_568' title='bbox 343 2955 369 2989; x_wconf 77' lang='grc' dir='ltr'>ὃ)</span> <span class='ocrx_word' id='word_1_569' title='bbox 385 2957 460 2990; x_wconf 80' lang='lat' dir='ltr'>Ergo</span> <span class='ocrx_word' id='word_1_570' title='bbox 468 2958 561 2989; x_wconf 81' lang='lat' dir='ltr'>prima</span> <span class='ocrx_word' id='word_1_571' title='bbox 566 2958 664 2991; x_wconf 81' lang='lat' dir='ltr'>figura</span> <span class='ocrx_word' id='word_1_572' title='bbox 675 2964 724 2984; x_wconf 89' lang='lat' dir='ltr'>etc.</span> <span class='ocrx_word' id='word_1_573' title='bbox 732 2972 752 2979; x_wconf 90' lang='lat'><em>-</em></span> <span class='ocrx_word' id='word_1_574' title='bbox 761 2959 835 2990; x_wconf 89' lang='lat' dir='ltr'>Quia,</span> <span class='ocrx_word' id='word_1_575' title='bbox 848 2960 913 2983; x_wconf 90' lang='lat' dir='ltr'>sicut</span> <span class='ocrx_word' id='word_1_576' title='bbox 925 2959 1071 2983; x_wconf 79' lang='lat' dir='ltr'>notavimus</span> <span class='ocrx_word' id='word_1_577' title='bbox 1085 2959 1111 2983; x_wconf 91' lang='lat' dir='ltr'>in</span> <span class='ocrx_word' id='word_1_578' title='bbox 1124 2959 1250 2990; x_wconf 81' lang='lat' dir='ltr'>superiori</span> <span class='ocrx_word' id='word_1_579' title='bbox 1264 2963 1318 2983; x_wconf 90' lang='lat' dir='ltr'>not.</span> <span class='ocrx_word' id='word_1_580' title='bbox 1329 2957 1354 2991; x_wconf 85' lang='grc' dir='ltr'>β,</span> 
     </span>
     <span class='ocr_line' id='line_1_63' title="bbox 290 2991 1356 3028; baseline 0.002 -12"><span class='ocrx_word' id='word_1_581' title='bbox 290 2992 362 3024; x_wconf 87' lang='lat' dir='ltr'>quod</span> <span class='ocrx_word' id='word_1_582' title='bbox 380 2992 443 3024; x_wconf 88' lang='lat' dir='ltr'>quid</span> <span class='ocrx_word' id='word_1_583' title='bbox 461 2997 501 3017; x_wconf 87' lang='lat' dir='ltr'>est</span> <span class='ocrx_word' id='word_1_584' title='bbox 519 2994 684 3025; x_wconf 88' lang='lat' dir='ltr'>potissimum</span> <span class='ocrx_word' id='word_1_585' title='bbox 698 2995 830 3026; x_wconf 85' lang='lat' dir='ltr'>quaeritur</span> <span class='ocrx_word' id='word_1_586' title='bbox 849 2994 873 3018; x_wconf 91' lang='lat' dir='ltr'>in</span> <span class='ocrx_word' id='word_1_587' title='bbox 893 2994 1112 3019; x_wconf 86' lang='lat' dir='ltr'>demonstratione</span> <span class='ocrx_word' id='word_1_588' title='bbox 1131 2991 1209 3028; x_wconf 86' lang='lat' dir='ltr'>(tunc</span> <span class='ocrx_word' id='word_1_589' title='bbox 1227 2995 1296 3018; x_wconf 87' lang='lat' dir='ltr'>enim</span> <span class='ocrx_word' id='word_1_590' title='bbox 1311 2995 1356 3018; x_wconf 89' lang='lat' dir='ltr'>ali-</span> 
     </span>
     <span class='ocr_line' id='line_1_64' title="bbox 290 3026 1355 3062; baseline 0.002 -11"><span class='ocrx_word' id='word_1_591' title='bbox 290 3027 353 3059; x_wconf 89' lang='lat' dir='ltr'>quid</span> <span class='ocrx_word' id='word_1_592' title='bbox 371 3026 520 3059; x_wconf 78' lang='lat' dir='ltr'>simpliciter</span> <span class='ocrx_word' id='word_1_593' title='bbox 538 3029 728 3062; x_wconf 80' lang='lat' dir='ltr'>cognoscimus,</span> <span class='ocrx_word' id='word_1_594' title='bbox 747 3029 851 3061; x_wconf 86' lang='lat' dir='ltr'>quando</span> <span class='ocrx_word' id='word_1_595' title='bbox 866 3029 962 3054; x_wconf 88' lang='lat' dir='ltr'>scimus</span> <span class='ocrx_word' id='word_1_596' title='bbox 980 3029 1044 3053; x_wconf 91' lang='lat' dir='ltr'>illud</span> <span class='ocrx_word' id='word_1_597' title='bbox 1062 3029 1088 3053; x_wconf 94' lang='lat' dir='ltr'>in</span> <span class='ocrx_word' id='word_1_598' title='bbox 1103 3029 1199 3060; x_wconf 86' lang='lat' dir='ltr'>seipso,</span> <span class='ocrx_word' id='word_1_599' title='bbox 1218 3034 1247 3054; x_wconf 91' lang='lat' dir='ltr'>ut</span> <span class='ocrx_word' id='word_1_600' title='bbox 1259 3030 1355 3054; x_wconf 85' lang='lat' dir='ltr'>dictum</span> 
     </span>
     <span class='ocr_line' id='line_1_65' title="bbox 290 3059 1355 3097; baseline 0.002 -11"><span class='ocrx_word' id='word_1_601' title='bbox 290 3066 331 3087; x_wconf 86' lang='lat' dir='ltr'>est</span> <span class='ocrx_word' id='word_1_602' title='bbox 349 3062 407 3087; x_wconf 87' lang='lat' dir='ltr'>lect.</span> <span class='ocrx_word' id='word_1_603' title='bbox 421 3069 456 3092; x_wconf 75' lang='lat' dir='ltr'>w,</span> <span class='ocrx_word' id='word_1_604' title='bbox 474 3071 500 3087; x_wconf 87' lang='lat' dir='ltr'>n.</span> <span class='ocrx_word' id='word_1_605' title='bbox 513 3059 558 3097; x_wconf 80' lang='lat'>4);</span> <span class='ocrx_word' id='word_1_606' title='bbox 577 3064 648 3095; x_wconf 88' lang='lat' dir='ltr'>quod</span> <span class='ocrx_word' id='word_1_607' title='bbox 663 3064 725 3096; x_wconf 89' lang='lat' dir='ltr'>quid</span> <span class='ocrx_word' id='word_1_608' title='bbox 741 3069 781 3088; x_wconf 84' lang='lat' dir='ltr'>est</span> <span class='ocrx_word' id='word_1_609' title='bbox 795 3069 881 3089; x_wconf 89' lang='lat' dir='ltr'>autem</span> <span class='ocrx_word' id='word_1_610' title='bbox 900 3065 937 3088; x_wconf 91' lang='lat' dir='ltr'>rei</span> <span class='ocrx_word' id='word_1_611' title='bbox 957 3069 997 3088; x_wconf 90' lang='lat' dir='ltr'>est</span> <span class='ocrx_word' id='word_1_612' title='bbox 1017 3064 1073 3096; x_wconf 86' lang='lat' dir='ltr'>ipsa</span> <span class='ocrx_word' id='word_1_613' title='bbox 1092 3063 1219 3094; x_wconf 86' lang='lat' dir='ltr'>definitio;</span> <span class='ocrx_word' id='word_1_614' title='bbox 1238 3064 1355 3097; x_wconf 89' lang='lat' dir='ltr'>sequitur</span> 
     </span>
     <span class='ocr_line' id='line_1_66' title="bbox 290 3095 1355 3131; baseline 0.003 -10"><span class='ocrx_word' id='word_1_615' title='bbox 290 3097 362 3129; x_wconf 85' lang='lat' dir='ltr'>quod</span> <span class='ocrx_word' id='word_1_616' title='bbox 380 3095 493 3122; x_wconf 86' lang='lat' dir='ltr'>definitio</span> <span class='ocrx_word' id='word_1_617' title='bbox 510 3098 676 3130; x_wconf 86' lang='lat' dir='ltr'>potissimum</span> <span class='ocrx_word' id='word_1_618' title='bbox 694 3099 825 3131; x_wconf 87' lang='lat' dir='ltr'>quaeritur</span> <span class='ocrx_word' id='word_1_619' title='bbox 840 3100 865 3123; x_wconf 90' lang='lat' dir='ltr'>in</span> <span class='ocrx_word' id='word_1_620' title='bbox 884 3099 1111 3124; x_wconf 89' lang='lat' dir='ltr'>demonstratione.</span> <span class='ocrx_word' id='word_1_621' title='bbox 1129 3099 1248 3124; x_wconf 87' lang='lat' dir='ltr'>Definitio</span> <span class='ocrx_word' id='word_1_622' title='bbox 1267 3104 1355 3124; x_wconf 90' lang='lat' dir='ltr'>autem</span> 
     </span>
     <span class='ocr_line' id='line_1_67' title="bbox 290 3131 1354 3165; baseline 0.003 -9"><span class='ocrx_word' id='word_1_623' title='bbox 290 3132 323 3156; x_wconf 91' lang='lat' dir='ltr'>de</span> <span class='ocrx_word' id='word_1_624' title='bbox 337 3131 441 3156; x_wconf 85' lang='lat' dir='ltr'>definito</span> <span class='ocrx_word' id='word_1_625' title='bbox 456 3137 482 3157; x_wconf 92' lang='lat' dir='ltr'>et</span> <span class='ocrx_word' id='word_1_626' title='bbox 494 3131 643 3158; x_wconf 82' lang='lat' dir='ltr'>affirmative</span> <span class='ocrx_word' id='word_1_627' title='bbox 661 3134 752 3158; x_wconf 88' lang='lat' dir='ltr'>dicitur</span> <span class='ocrx_word' id='word_1_628' title='bbox 771 3139 797 3158; x_wconf 90' lang='lat' dir='ltr'>et</span> <span class='ocrx_word' id='word_1_629' title='bbox 814 3134 1000 3165; x_wconf 86' lang='lat' dir='ltr'>universaliter,</span> <span class='ocrx_word' id='word_1_630' title='bbox 1012 3139 1041 3158; x_wconf 94' lang='lat' dir='ltr'>ut</span> <span class='ocrx_word' id='word_1_631' title='bbox 1053 3135 1112 3159; x_wconf 90' lang='lat' dir='ltr'>dicit</span> <span class='ocrx_word' id='word_1_632' title='bbox 1130 3134 1278 3159; x_wconf 82' lang='lat' dir='ltr'>immediate</span> <span class='ocrx_word' id='word_1_633' title='bbox 1296 3139 1354 3159; x_wconf 85' lang='lat' dir='ltr'>ante</span> 
     </span>
     <span class='ocr_line' id='line_1_68' title="bbox 290 3167 1353 3203; baseline 0.003 -12"><span class='ocrx_word' id='word_1_634' title='bbox 290 3174 312 3192; x_wconf 88' lang='lat' dir='ltr'>s.</span> <span class='ocrx_word' id='word_1_635' title='bbox 325 3167 442 3192; x_wconf 86' lang='lat' dir='ltr'>Thomas</span> <span class='ocrx_word' id='word_1_636' title='bbox 461 3167 512 3200; x_wconf 88' lang='lat' dir='ltr'>(Cf.</span> <span class='ocrx_word' id='word_1_637' title='bbox 525 3168 583 3193; x_wconf 90' lang='lat' dir='ltr'>lect.</span> <span class='ocrx_word' id='word_1_638' title='bbox 602 3176 657 3199; x_wconf 80' lang='lat' dir='ltr'>xix,</span> <span class='ocrx_word' id='word_1_639' title='bbox 675 3174 729 3194; x_wconf 89' lang='lat' dir='ltr'>not.</span> <span class='ocrx_word' id='word_1_640' title='bbox 749 3169 787 3203; x_wconf 78' lang='grc' dir='ltr'>μ).</span> <span class='ocrx_word' id='word_1_641' title='bbox 805 3169 876 3202; x_wconf 86' lang='lat' dir='ltr'>Ergo</span> <span class='ocrx_word' id='word_1_642' title='bbox 898 3170 1029 3194; x_wconf 87' lang='lat' dir='ltr'>conclusio</span> <span class='ocrx_word' id='word_1_643' title='bbox 1054 3170 1255 3194; x_wconf 86' lang='lat' dir='ltr'>demonstrativa</span> <span class='ocrx_word' id='word_1_644' title='bbox 1273 3170 1353 3201; x_wconf 90' lang='lat' dir='ltr'>potis-</span> 
     </span>
     <span class='ocr_line' id='line_1_69' title="bbox 289 3203 1354 3230; baseline 0.002 -3"><span class='ocrx_word' id='word_1_645' title='bbox 289 3203 386 3227; x_wconf 81' lang='lat' dir='ltr'>simum</span> <span class='ocrx_word' id='word_1_646' title='bbox 405 3210 465 3227; x_wconf 89' lang='lat' dir='ltr'>esse</span> <span class='ocrx_word' id='word_1_647' title='bbox 484 3203 561 3228; x_wconf 89' lang='lat' dir='ltr'>debet</span> <span class='ocrx_word' id='word_1_648' title='bbox 578 3203 728 3229; x_wconf 85' lang='lat' dir='ltr'>affirmativa</span> <span class='ocrx_word' id='word_1_649' title='bbox 742 3209 768 3229; x_wconf 92' lang='lat' dir='ltr'>et</span> <span class='ocrx_word' id='word_1_650' title='bbox 780 3204 942 3230; x_wconf 88' lang='lat' dir='ltr'>universalis.</span> <span class='ocrx_word' id='word_1_651' title='bbox 959 3204 1032 3229; x_wconf 89' lang='lat' dir='ltr'>Talis</span> <span class='ocrx_word' id='word_1_652' title='bbox 1045 3209 1132 3229; x_wconf 88' lang='lat' dir='ltr'>autem</span> <span class='ocrx_word' id='word_1_653' title='bbox 1144 3205 1276 3229; x_wconf 82' lang='lat' dir='ltr'>conclusio</span> <span class='ocrx_word' id='word_1_654' title='bbox 1290 3212 1354 3229; x_wconf 80' lang='lat' dir='ltr'>non-</span> 
     </span>
     <span class='ocr_line' id='line_1_70' title="bbox 290 3237 1354 3272; baseline 0.002 -10"><span class='ocrx_word' id='word_1_655' title='bbox 290 3237 338 3262; x_wconf 87' lang='lat' dir='ltr'>nisi</span> <span class='ocrx_word' id='word_1_656' title='bbox 350 3238 377 3262; x_wconf 91' lang='lat' dir='ltr'>in</span> <span class='ocrx_word' id='word_1_657' title='bbox 390 3238 473 3270; x_wconf 88' lang='lat' dir='ltr'>prima</span> <span class='ocrx_word' id='word_1_658' title='bbox 490 3237 573 3271; x_wconf 85' lang='lat' dir='ltr'>figura</span> <span class='ocrx_word' id='word_1_659' title='bbox 591 3246 651 3264; x_wconf 88' lang='lat' dir='ltr'>esse</span> <span class='ocrx_word' id='word_1_660' title='bbox 674 3244 774 3272; x_wconf 88' lang='lat' dir='ltr'>potest:</span> <span class='ocrx_word' id='word_1_661' title='bbox 793 3247 862 3270; x_wconf 88' lang='lat' dir='ltr'>nam,</span> <span class='ocrx_word' id='word_1_662' title='bbox 881 3244 910 3264; x_wconf 92' lang='lat' dir='ltr'>ut</span> <span class='ocrx_word' id='word_1_663' title='bbox 927 3240 1024 3264; x_wconf 90' lang='lat' dir='ltr'>dictum</span> <span class='ocrx_word' id='word_1_664' title='bbox 1040 3244 1087 3270; x_wconf 90' lang='lat' dir='ltr'>est,</span> <span class='ocrx_word' id='word_1_665' title='bbox 1106 3240 1132 3264; x_wconf 90' lang='lat' dir='ltr'>in</span> <span class='ocrx_word' id='word_1_666' title='bbox 1146 3240 1258 3264; x_wconf 87' lang='lat' dir='ltr'>secunda</span> <span class='ocrx_word' id='word_1_667' title='bbox 1272 3238 1354 3271; x_wconf 85' lang='lat' dir='ltr'>figura</span> 
     </span>
     <span class='ocr_line' id='line_1_71' title="bbox 290 3273 1354 3307; baseline 0.001 -10"><span class='ocrx_word' id='word_1_668' title='bbox 290 3274 422 3298; x_wconf 88' lang='lat' dir='ltr'>conclusio</span> <span class='ocrx_word' id='word_1_669' title='bbox 440 3278 480 3298; x_wconf 90' lang='lat' dir='ltr'>est</span> <span class='ocrx_word' id='word_1_670' title='bbox 503 3274 635 3306; x_wconf 85' lang='lat' dir='ltr'>negativa,</span> <span class='ocrx_word' id='word_1_671' title='bbox 659 3274 686 3298; x_wconf 92' lang='lat' dir='ltr'>in</span> <span class='ocrx_word' id='word_1_672' title='bbox 703 3274 777 3299; x_wconf 82' lang='lat' dir='ltr'>tertia</span> <span class='ocrx_word' id='word_1_673' title='bbox 794 3273 876 3306; x_wconf 84' lang='lat' dir='ltr'>figura</span> <span class='ocrx_word' id='word_1_674' title='bbox 890 3275 1022 3299; x_wconf 90' lang='lat' dir='ltr'>conclusio</span> <span class='ocrx_word' id='word_1_675' title='bbox 1042 3280 1083 3299; x_wconf 92' lang='lat' dir='ltr'>est</span> <span class='ocrx_word' id='word_1_676' title='bbox 1098 3275 1266 3307; x_wconf 85' lang='lat' dir='ltr'>particularis.</span> <span class='ocrx_word' id='word_1_677' title='bbox 1284 3274 1354 3306; x_wconf 85' lang='lat' dir='ltr'>Ergo</span> 
     </span>
     <span class='ocr_line' id='line_1_72' title="bbox 290 3309 1353 3342; baseline 0 -9"><span class='ocrx_word' id='word_1_678' title='bbox 290 3309 474 3333; x_wconf 87' lang='lat' dir='ltr'>demonstratio</span> <span class='ocrx_word' id='word_1_679' title='bbox 493 3314 598 3341; x_wconf 89' lang='lat' dir='ltr'>propter</span> <span class='ocrx_word' id='word_1_680' title='bbox 616 3309 679 3341; x_wconf 86' lang='lat' dir='ltr'>quid</span> <span class='ocrx_word' id='word_1_681' title='bbox 697 3309 740 3342; x_wconf 91' lang='lat' dir='ltr'>(de</span> <span class='ocrx_word' id='word_1_682' title='bbox 759 3309 807 3334; x_wconf 89' lang='lat' dir='ltr'>hac</span> <span class='ocrx_word' id='word_1_683' title='bbox 825 3310 894 3334; x_wconf 91' lang='lat' dir='ltr'>enim</span> <span class='ocrx_word' id='word_1_684' title='bbox 912 3317 1000 3334; x_wconf 87' lang='lat' dir='ltr'>sermo</span> <span class='ocrx_word' id='word_1_685' title='bbox 1018 3310 1073 3342; x_wconf 86' lang='lat' dir='ltr'>est)</span> <span class='ocrx_word' id='word_1_686' title='bbox 1097 3310 1129 3334; x_wconf 90' lang='lat' dir='ltr'>ad</span> <span class='ocrx_word' id='word_1_687' title='bbox 1147 3309 1353 3334; x_wconf 91' lang='lat' dir='ltr'>concludendum</span> 
     </span>
     <span class='ocr_line' id='line_1_73' title="bbox 290 3343 1354 3377; baseline 0 -9"><span class='ocrx_word' id='word_1_688' title='bbox 290 3344 352 3376; x_wconf 91' lang='lat' dir='ltr'>quid</span> <span class='ocrx_word' id='word_1_689' title='bbox 371 3344 407 3368; x_wconf 91' lang='lat' dir='ltr'>rei</span> <span class='ocrx_word' id='word_1_690' title='bbox 426 3344 590 3376; x_wconf 88' lang='lat' dir='ltr'>potissimum</span> <span class='ocrx_word' id='word_1_691' title='bbox 614 3343 643 3369; x_wconf 89' lang='lat' dir='ltr'>fit</span> <span class='ocrx_word' id='word_1_692' title='bbox 661 3344 687 3368; x_wconf 91' lang='lat' dir='ltr'>in</span> <span class='ocrx_word' id='word_1_693' title='bbox 706 3345 789 3376; x_wconf 83' lang='lat' dir='ltr'>prima</span> <span class='ocrx_word' id='word_1_694' title='bbox 811 3343 929 3377; x_wconf 86' lang='lat' dir='ltr'>figura.·-</span> <span class='ocrx_word' id='word_1_695' title='bbox 942 3345 993 3370; x_wconf 88' lang='lat' dir='ltr'>Sed</span> <span class='ocrx_word' id='word_1_696' title='bbox 1018 3345 1126 3369; x_wconf 89' lang='lat' dir='ltr'>dubium</span> <span class='ocrx_word' id='word_1_697' title='bbox 1150 3345 1250 3369; x_wconf 88' lang='lat' dir='ltr'>moveri</span> <span class='ocrx_word' id='word_1_698' title='bbox 1268 3349 1354 3376; x_wconf 90' lang='lat' dir='ltr'>potest</span> 
     </span>
     <span class='ocr_line' id='line_1_74' title="bbox 290 3379 1354 3412; baseline 0 -9"><span class='ocrx_word' id='word_1_699' title='bbox 290 3387 343 3411; x_wconf 93' lang='lat' dir='ltr'>quo</span> <span class='ocrx_word' id='word_1_700' title='bbox 355 3384 430 3411; x_wconf 85' lang='lat' dir='ltr'>pacto</span> <span class='ocrx_word' id='word_1_701' title='bbox 444 3379 510 3403; x_wconf 89' lang='lat' dir='ltr'>inter</span> <span class='ocrx_word' id='word_1_702' title='bbox 523 3387 552 3404; x_wconf 90' lang='lat' dir='ltr'>se</span> <span class='ocrx_word' id='word_1_703' title='bbox 566 3379 719 3404; x_wconf 75' lang='lat' dir='ltr'>cohaereant</span> <span class='ocrx_word' id='word_1_704' title='bbox 733 3387 800 3412; x_wconf 89' lang='lat' dir='ltr'>quae</span> <span class='ocrx_word' id='word_1_705' title='bbox 814 3379 863 3404; x_wconf 92' lang='lat' dir='ltr'>hoc</span> <span class='ocrx_word' id='word_1_706' title='bbox 878 3380 936 3405; x_wconf 90' lang='lat' dir='ltr'>loco</span> <span class='ocrx_word' id='word_1_707' title='bbox 950 3388 966 3405; x_wconf 89' lang='lat' dir='ltr'>a</span> <span class='ocrx_word' id='word_1_708' title='bbox 979 3387 1000 3404; x_wconf 92' lang='lat' dir='ltr'>s.</span> <span class='ocrx_word' id='word_1_709' title='bbox 1010 3379 1113 3404; x_wconf 89' lang='lat' dir='ltr'>Thoma</span> <span class='ocrx_word' id='word_1_710' title='bbox 1127 3380 1253 3404; x_wconf 89' lang='lat' dir='ltr'>dicuntur.</span> <span class='ocrx_word' id='word_1_711' title='bbox 1272 3379 1354 3404; x_wconf 90' lang='lat' dir='ltr'>Docet</span> 
     </span>
     <span class='ocr_line' id='line_1_75' title="bbox 290 3413 1353 3447; baseline -0.001 -8"><span class='ocrx_word' id='word_1_712' title='bbox 290 3414 360 3439; x_wconf 87' lang='lat' dir='ltr'>enim</span> <span class='ocrx_word' id='word_1_713' title='bbox 378 3414 449 3447; x_wconf 91' lang='lat' dir='ltr'>quod</span> <span class='ocrx_word' id='word_1_714' title='bbox 468 3414 530 3447; x_wconf 91' lang='lat' dir='ltr'>quid</span> <span class='ocrx_word' id='word_1_715' title='bbox 550 3419 590 3439; x_wconf 90' lang='lat' dir='ltr'>est</span> <span class='ocrx_word' id='word_1_716' title='bbox 603 3422 651 3439; x_wconf 91' lang='lat' dir='ltr'>seu</span> <span class='ocrx_word' id='word_1_717' title='bbox 670 3413 844 3439; x_wconf 88' lang='lat' dir='ltr'>definitionem</span> <span class='ocrx_word' id='word_1_718' title='bbox 862 3422 922 3439; x_wconf 87' lang='lat' dir='ltr'>esse</span> <span class='ocrx_word' id='word_1_719' title='bbox 939 3415 1063 3445; x_wconf 89' lang='lat' dir='ltr'>medium,</span> <span class='ocrx_word' id='word_1_720' title='bbox 1083 3422 1129 3439; x_wconf 89' lang='lat' dir='ltr'>seu</span> <span class='ocrx_word' id='word_1_721' title='bbox 1148 3414 1308 3446; x_wconf 88' lang='lat' dir='ltr'>principium,</span> <span class='ocrx_word' id='word_1_722' title='bbox 1328 3415 1353 3438; x_wconf 85' lang='lat' dir='ltr'>in</span> 
     </span>
     <span class='ocr_line' id='line_1_76' title="bbox 290 3448 1353 3483; baseline -0.001 -9"><span class='ocrx_word' id='word_1_723' title='bbox 290 3449 552 3474; x_wconf 86' lang='lat' dir='ltr'>demonstrationibus</span> <span class='ocrx_word' id='word_1_724' title='bbox 566 3455 672 3482; x_wconf 90' lang='lat' dir='ltr'>propter</span> <span class='ocrx_word' id='word_1_725' title='bbox 684 3449 747 3482; x_wconf 91' lang='lat' dir='ltr'>quid</span> <span class='ocrx_word' id='word_1_726' title='bbox 762 3448 811 3483; x_wconf 90' lang='lat' dir='ltr'>(Cf.</span> <span class='ocrx_word' id='word_1_727' title='bbox 824 3450 882 3475; x_wconf 92' lang='lat' dir='ltr'>lect.</span> <span class='ocrx_word' id='word_1_728' title='bbox 897 3457 951 3480; x_wconf 82' lang='lat' dir='ltr'>xm,</span> <span class='ocrx_word' id='word_1_729' title='bbox 967 3458 994 3474; x_wconf 88' lang='lat' dir='ltr'>n.</span> <span class='ocrx_word' id='word_1_730' title='bbox 1011 3449 1058 3474; x_wconf 80' lang='grc'>3.-</span> <span class='ocrx_word' id='word_1_731' title='bbox 1071 3449 1140 3474; x_wconf 82' lang='lat' dir='ltr'>Fuse</span> <span class='ocrx_word' id='word_1_732' title='bbox 1159 3450 1235 3474; x_wconf 82' lang='lat' dir='ltr'>etiam</span> <span class='ocrx_word' id='word_1_733' title='bbox 1255 3449 1287 3473; x_wconf 90' lang='lat' dir='ltr'>de</span> <span class='ocrx_word' id='word_1_734' title='bbox 1305 3449 1353 3474; x_wconf 89' lang='lat' dir='ltr'>hac</span> 
     </span>
     <span class='ocr_line' id='line_1_77' title="bbox 289 3482 1353 3520; baseline -0.001 -11"><span class='ocrx_word' id='word_1_735' title='bbox 289 3492 318 3510; x_wconf 89' lang='lat' dir='ltr'>re</span> <span class='ocrx_word' id='word_1_736' title='bbox 336 3485 362 3509; x_wconf 90' lang='lat' dir='ltr'>in</span> <span class='ocrx_word' id='word_1_737' title='bbox 381 3485 496 3510; x_wconf 90' lang='lat' dir='ltr'>secundo</span> <span class='ocrx_word' id='word_1_738' title='bbox 510 3482 596 3520; x_wconf 91' lang='lat' dir='ltr'>libro),</span> <span class='ocrx_word' id='word_1_739' title='bbox 610 3485 742 3517; x_wconf 89' lang='lat' dir='ltr'>simulque</span> <span class='ocrx_word' id='word_1_740' title='bbox 760 3484 869 3510; x_wconf 87' lang='lat' dir='ltr'>affirmat</span> <span class='ocrx_word' id='word_1_741' title='bbox 887 3485 958 3517; x_wconf 91' lang='lat' dir='ltr'>quod</span> <span class='ocrx_word' id='word_1_742' title='bbox 973 3485 1035 3517; x_wconf 90' lang='lat' dir='ltr'>quid</span> <span class='ocrx_word' id='word_1_743' title='bbox 1049 3489 1088 3509; x_wconf 84' lang='lat' dir='ltr'>est</span> <span class='ocrx_word' id='word_1_744' title='bbox 1102 3485 1256 3516; x_wconf 86' lang='lat' dir='ltr'>investigari,</span> <span class='ocrx_word' id='word_1_745' title='bbox 1275 3489 1353 3516; x_wconf 88' lang='lat' dir='ltr'>atque</span> 
     </span>
     <span class='ocr_line' id='line_1_78' title="bbox 288 3519 1351 3553; baseline -0.001 -8"><span class='ocrx_word' id='word_1_746' title='bbox 288 3525 426 3552; x_wconf 88' lang='lat' dir='ltr'>propterea</span> <span class='ocrx_word' id='word_1_747' title='bbox 450 3521 579 3550; x_wconf 87' lang='lat' dir='ltr'>concludi,</span> <span class='ocrx_word' id='word_1_748' title='bbox 605 3521 768 3553; x_wconf 88' lang='lat' dir='ltr'>potissimum</span> <span class='ocrx_word' id='word_1_749' title='bbox 792 3521 817 3544; x_wconf 90' lang='lat' dir='ltr'>in</span> <span class='ocrx_word' id='word_1_750' title='bbox 841 3520 939 3545; x_wconf 89' lang='lat' dir='ltr'>eisdem</span> <span class='ocrx_word' id='word_1_751' title='bbox 964 3519 1234 3544; x_wconf 84' lang='lat' dir='ltr'>demonstrationibus.</span> <span class='ocrx_word' id='word_1_752' title='bbox 1260 3520 1311 3544; x_wconf 90' lang='lat' dir='ltr'>Sed</span> <span class='ocrx_word' id='word_1_753' title='bbox 1330 3520 1351 3544; x_wconf 91' lang='lat' dir='ltr'>si</span> 
     </span>
     <span class='ocr_line' id='line_1_79' title="bbox 290 3555 1353 3588; baseline -0.001 -8"><span class='ocrx_word' id='word_1_754' title='bbox 290 3556 361 3588; x_wconf 91' lang='lat' dir='ltr'>quod</span> <span class='ocrx_word' id='word_1_755' title='bbox 379 3556 441 3588; x_wconf 91' lang='lat' dir='ltr'>quid</span> <span class='ocrx_word' id='word_1_756' title='bbox 459 3561 500 3581; x_wconf 87' lang='lat' dir='ltr'>est</span> <span class='ocrx_word' id='word_1_757' title='bbox 518 3556 551 3580; x_wconf 88' lang='lat' dir='ltr'>sit</span> <span class='ocrx_word' id='word_1_758' title='bbox 569 3555 692 3586; x_wconf 87' lang='lat' dir='ltr'>medium,</span> <span class='ocrx_word' id='word_1_759' title='bbox 711 3563 764 3580; x_wconf 91' lang='lat' dir='ltr'>non</span> <span class='ocrx_word' id='word_1_760' title='bbox 782 3560 868 3588; x_wconf 88' lang='lat' dir='ltr'>potest</span> <span class='ocrx_word' id='word_1_761' title='bbox 882 3555 1012 3585; x_wconf 79' lang='lat' dir='ltr'>concludi3</span> <span class='ocrx_word' id='word_1_762' title='bbox 1032 3560 1058 3579; x_wconf 92' lang='lat' dir='ltr'>et</span> <span class='ocrx_word' id='word_1_763' title='bbox 1074 3555 1098 3579; x_wconf 88' lang='lat' dir='ltr'>si</span> <span class='ocrx_word' id='word_1_764' title='bbox 1117 3555 1283 3585; x_wconf 79' lang='lat' dir='ltr'>concludatur</span> <span class='ocrx_word' id='word_1_765' title='bbox 1301 3562 1353 3579; x_wconf 92' lang='lat' dir='ltr'>non</span> 
     </span>
     <span class='ocr_line' id='line_1_80' title="bbox 289 3591 471 3617; baseline 0.011 -2"><span class='ocrx_word' id='word_1_766' title='bbox 289 3595 330 3616; x_wconf 80' lang='lat' dir='ltr'>est</span> <span class='ocrx_word' id='word_1_767' title='bbox 347 3591 471 3617; x_wconf 88' lang='lat' dir='ltr'>medium.</span> 
     </span>
    </p>
   </div>
   <div class='ocr_carea' id='block_1_4' title="bbox 2399 261 2472 307">
    <p class='ocr_par' dir='ltr' id='par_1_7' title="bbox 2399 261 2472 307">
     <span class='ocr_line' id='line_1_81' title="bbox 2399 261 2472 307; baseline 0 -10"><span class='ocrx_word' id='word_1_768' title='bbox 2399 261 2472 307; x_wconf 85' lang='lat'>243</span> 
     </span>
    </p>
   </div>
   <div class='ocr_carea' id='block_1_5' title="bbox 1412 338 2720 1022">
    <p class='ocr_par' dir='ltr' id='par_1_8' title="bbox 1412 338 2718 704">
     <span class='ocr_line' id='line_1_82' title="bbox 1412 338 2717 397; baseline 0.002 -22"><span class='ocrx_word' id='word_1_769' title='bbox 1412 346 1522 387; x_wconf 90' lang='lat' dir='ltr'>ptum</span> <span class='ocrx_word' id='word_1_770' title='bbox 1542 338 1707 376; x_wconf 90' lang='lat' dir='ltr'>mediate</span> <span class='ocrx_word' id='word_1_771' title='bbox 1724 340 1743 358; x_wconf 76' lang='grc'><strong>“</strong></span> <span class='ocrx_word' id='word_1_772' title='bbox 1770 338 2009 386; x_wconf 83' lang='lat' dir='ltr'>coniungitur</span> <span class='ocrx_word' id='word_1_773' title='bbox 2026 338 2176 387; x_wconf 90' lang='lat' dir='ltr'>utrique</span> <span class='ocrx_word' id='word_1_774' title='bbox 2205 346 2475 386; x_wconf 87' lang='lat' dir='ltr'>extremorum,</span> <span class='ocrx_word' id='word_1_775' title='bbox 2505 349 2717 397; x_wconf 54' lang='lat' dir='ltr'>3232‘92·=0¹;;²‡m²-</span> 
     </span>
     <span class='ocr_line' id='line_1_83' title="bbox 1412 391 2676 440; baseline 0.001 -12"><span class='ocrx_word' id='word_1_776' title='bbox 1412 393 1474 428; x_wconf 94' lang='lat' dir='ltr'>vel</span> <span class='ocrx_word' id='word_1_777' title='bbox 1504 391 1619 428; x_wconf 89' lang='lat' dir='ltr'>alteri.</span> <span class='ocrx_word' id='word_1_778' title='bbox 1650 391 1774 438; x_wconf 89' lang='lat' dir='ltr'>Unde,</span> <span class='ocrx_word' id='word_1_779' title='bbox 1796 391 1950 440; x_wconf 89' lang='lat' dir='ltr'>quando</span> <span class='ocrx_word' id='word_1_780' title='bbox 1972 391 2205 440; x_wconf 85' lang='lat' dir='ltr'>accipiuntur</span> <span class='ocrx_word' id='word_1_781' title='bbox 2224 392 2352 428; x_wconf 90' lang='lat' dir='ltr'>media</span> <span class='ocrx_word' id='word_1_782' title='bbox 2371 393 2443 429; x_wconf 88' lang='lat' dir='ltr'>alia</span> <span class='ocrx_word' id='word_1_783' title='bbox 2459 394 2479 414; x_wconf 90' lang='lat'><strong>*</strong></span> <span class='ocrx_word' id='word_1_784' title='bbox 2506 402 2516 412; x_wconf 69' lang='lat'>⁸</span> <span class='ocrx_word' id='word_1_785' title='bbox 2531 407 2556 422; x_wconf 74' lang='lat' dir='ltr'>c:</span> <span class='ocrx_word' id='word_1_786' title='bbox 2571 392 2676 429; x_wconf 56' lang='lat' dir='ltr'>bliquas</span> 
     </span>
     <span class='ocr_line' id='line_1_84' title="bbox 1412 444 2477 493; baseline 0.002 -13"><span class='ocrx_word' id='word_1_787' title='bbox 1412 444 1509 481; x_wconf 89' lang='lat' dir='ltr'>inter</span> <span class='ocrx_word' id='word_1_788' title='bbox 1527 444 1700 481; x_wconf 90' lang='lat' dir='ltr'>medium</span> <span class='ocrx_word' id='word_1_789' title='bbox 1714 444 1883 493; x_wconf 90' lang='lat' dir='ltr'>primum</span> <span class='ocrx_word' id='word_1_790' title='bbox 1896 445 1916 466; x_wconf 80' lang='grc'><em>*</em></span> <span class='ocrx_word' id='word_1_791' title='bbox 1935 451 1972 480; x_wconf 88' lang='lat' dir='ltr'>et</span> <span class='ocrx_word' id='word_1_792' title='bbox 1986 452 2166 490; x_wconf 87' lang='lat' dir='ltr'>extrema,</span> <span class='ocrx_word' id='word_1_793' title='bbox 2178 445 2222 480; x_wconf 93' lang='lat' dir='ltr'>fit</span> <span class='ocrx_word' id='word_1_794' title='bbox 2240 445 2347 493; x_wconf 90' lang='lat' dir='ltr'>quasi</span> <span class='ocrx_word' id='word_1_795' title='bbox 2363 457 2477 493; x_wconf 90' lang='lat' dir='ltr'>quae-</span> 
     </span>
     <span class='ocr_line' id='line_1_85' title="bbox 1414 497 2479 546; baseline 0.002 -13"><span class='ocrx_word' id='word_1_796' title='bbox 1414 497 1503 534; x_wconf 88' lang='lat' dir='ltr'>dam</span> <span class='ocrx_word' id='word_1_797' title='bbox 1533 497 1779 534; x_wconf 88' lang='lat' dir='ltr'>condensatio</span> <span class='ocrx_word' id='word_1_798' title='bbox 1808 497 2037 534; x_wconf 89' lang='lat' dir='ltr'>mediorum.</span> <span class='ocrx_word' id='word_1_799' title='bbox 2069 497 2174 534; x_wconf 85' lang='lat' dir='ltr'>Sicut</span> <span class='ocrx_word' id='word_1_800' title='bbox 2197 497 2227 534; x_wconf 93' lang='lat' dir='ltr'>si</span> <span class='ocrx_word' id='word_1_801' title='bbox 2247 497 2479 546; x_wconf 89' lang='lat' dir='ltr'>acciperetur</span> 
     </span>
     <span class='ocr_line' id='line_1_86' title="bbox 1412 550 2477 598; baseline 0.001 -12"><span class='ocrx_word' id='word_1_802' title='bbox 1412 550 1538 598; x_wconf 89' lang='lat' dir='ltr'>primo</span> <span class='ocrx_word' id='word_1_803' title='bbox 1555 550 1626 587; x_wconf 90' lang='lat' dir='ltr'>sic:</span> <span class='ocrx_word' id='word_1_804' title='bbox 1647 550 1766 587; x_wconf 86' lang='lat' dir='ltr'>Omne</span> <span class='ocrx_word' id='word_1_805' title='bbox 1779 551 1819 586; x_wconf 92' lang='lat' dir='ltr'><em>E</em></span> <span class='ocrx_word' id='word_1_806' title='bbox 1828 556 1884 586; x_wconf 76' lang='lat' dir='ltr'>est</span> <span class='ocrx_word' id='word_1_807' title='bbox 1900 551 1933 587; x_wconf 92' lang='lat' dir='ltr'><strong><em>C</em></strong></span> <span class='ocrx_word' id='word_1_808' title='bbox 1935 563 1949 595; x_wconf 89' lang='lat'><em>;</em></span> <span class='ocrx_word' id='word_1_809' title='bbox 1963 562 2075 587; x_wconf 91' lang='lat' dir='ltr'>omne</span> <span class='ocrx_word' id='word_1_810' title='bbox 2094 551 2128 587; x_wconf 92' lang='lat' dir='ltr'><strong><em>C</em></strong></span> <span class='ocrx_word' id='word_1_811' title='bbox 2138 556 2193 587; x_wconf 83' lang='lat' dir='ltr'>est</span> <span class='ocrx_word' id='word_1_812' title='bbox 2207 551 2263 587; x_wconf 83' lang='lat' dir='ltr'>A:</span> <span class='ocrx_word' id='word_1_813' title='bbox 2283 558 2320 587; x_wconf 90' lang='lat' dir='ltr'>et</span> <span class='ocrx_word' id='word_1_814' title='bbox 2339 550 2477 588; x_wconf 92' lang='lat' dir='ltr'>deinde</span> 
     </span>
     <span class='ocr_line' id='line_1_87' title="bbox 1413 602 2718 657; baseline 0.001 -18"><span class='ocrx_word' id='word_1_815' title='bbox 1413 603 1509 639; x_wconf 90' lang='lat' dir='ltr'>inter</span> <span class='ocrx_word' id='word_1_816' title='bbox 1523 603 1555 639; x_wconf 92' lang='lat' dir='ltr'>C</span> <span class='ocrx_word' id='word_1_817' title='bbox 1572 610 1609 639; x_wconf 90' lang='lat' dir='ltr'>et</span> <span class='ocrx_word' id='word_1_818' title='bbox 1627 604 1677 650; x_wconf 92' lang='lat' dir='ltr'>E,</span> <span class='ocrx_word' id='word_1_819' title='bbox 1699 610 1870 639; x_wconf 91' lang='lat' dir='ltr'>sumatur</span> <span class='ocrx_word' id='word_1_820' title='bbox 1889 602 2061 639; x_wconf 91' lang='lat' dir='ltr'>medium</span> <span class='ocrx_word' id='word_1_821' title='bbox 2076 604 2131 649; x_wconf 87' lang='lat' dir='ltr'>D;</span> <span class='ocrx_word' id='word_1_822' title='bbox 2148 611 2185 640; x_wconf 89' lang='lat' dir='ltr'>et</span> <span class='ocrx_word' id='word_1_823' title='bbox 2203 603 2299 640; x_wconf 88' lang='lat' dir='ltr'>inter</span> <span class='ocrx_word' id='word_1_824' title='bbox 2314 604 2345 640; x_wconf 95' lang='lat' dir='ltr'>C</span> <span class='ocrx_word' id='word_1_825' title='bbox 2362 610 2398 640; x_wconf 91' lang='lat' dir='ltr'>et</span> <span class='ocrx_word' id='word_1_826' title='bbox 2416 605 2480 640; x_wconf 82' lang='lat' dir='ltr'>A*</span> <span class='ocrx_word' id='word_1_827' title='bbox 2506 610 2584 657; x_wconf 34' lang='lat'>2332</span> <span class='ocrx_word' id='word_1_828' title='bbox 2599 612 2623 630; x_wconf 75' lang='lat' dir='ltr'>ee</span> <span class='ocrx_word' id='word_1_829' title='bbox 2639 610 2658 631; x_wconf 72' lang='grc' dir='ltr'><em>Α</em></span> <span class='ocrx_word' id='word_1_830' title='bbox 2679 616 2718 631; x_wconf 71' lang='lat'>⁸¹⁴-</span> 
     </span>
     <span class='ocr_line' id='line_1_88' title="bbox 1413 652 2591 704; baseline 0.001 -12"><span class='ocrx_word' id='word_1_831' title='bbox 1413 655 1585 693; x_wconf 91' lang='lat' dir='ltr'>medium</span> <span class='ocrx_word' id='word_1_832' title='bbox 1601 656 1643 692; x_wconf 93' lang='lat' dir='ltr'>B.</span> <span class='ocrx_word' id='word_1_833' title='bbox 1660 655 1954 703; x_wconf 87' lang='lat' dir='ltr'>Augmentando</span> <span class='ocrx_word' id='word_1_834' title='bbox 1975 663 2115 701; x_wconf 88' lang='lat' dir='ltr'>autem,</span> <span class='ocrx_word' id='word_1_835' title='bbox 2133 656 2287 704; x_wconf 89' lang='lat' dir='ltr'>quando</span> <span class='ocrx_word' id='word_1_836' title='bbox 2307 657 2479 693; x_wconf 90' lang='lat' dir='ltr'>medium</span> <span class='ocrx_word' id='word_1_837' title='bbox 2585 652 2591 657; x_wconf 73' lang='grc'><strong>’</strong></span> 
     </span>
    </p>

    <p class='ocr_par' dir='ltr' id='par_1_9' title="bbox 1413 708 2479 756">
     <span class='ocr_line' id='line_1_89' title="bbox 1413 708 2479 756; baseline 0.001 -11"><span class='ocrx_word' id='word_1_838' title='bbox 1413 716 1469 745; x_wconf 92' lang='lat' dir='ltr'>est</span> <span class='ocrx_word' id='word_1_839' title='bbox 1496 708 1762 745; x_wconf 89' lang='lat' dir='ltr'>immediatum</span> <span class='ocrx_word' id='word_1_840' title='bbox 1791 709 1931 745; x_wconf 87' lang='lat' dir='ltr'>minori</span> <span class='ocrx_word' id='word_1_841' title='bbox 1957 709 2192 756; x_wconf 86' lang='lat' dir='ltr'>extremitati,</span> <span class='ocrx_word' id='word_1_842' title='bbox 2214 717 2251 746; x_wconf 91' lang='lat' dir='ltr'>et</span> <span class='ocrx_word' id='word_1_843' title='bbox 2268 709 2479 746; x_wconf 89' lang='lat' dir='ltr'>mediatum</span> 
     </span>
    </p>

    <p class='ocr_par' dir='ltr' id='par_1_10' title="bbox 1412 761 2720 967">
     <span class='ocr_line' id='line_1_90' title="bbox 1412 761 2720 820; baseline 0.002 -23"><span class='ocrx_word' id='word_1_844' title='bbox 1412 762 1551 798; x_wconf 87' lang='lat' dir='ltr'>maiori</span> <span class='ocrx_word' id='word_1_845' title='bbox 1563 762 1593 797; x_wconf 69' lang='lat'>³¹².</span> <span class='ocrx_word' id='word_1_846' title='bbox 1611 762 1723 798; x_wconf 90' lang='lat' dir='ltr'>Tunc</span> <span class='ocrx_word' id='word_1_847' title='bbox 1743 761 1845 797; x_wconf 91' lang='lat' dir='ltr'>enim</span> <span class='ocrx_word' id='word_1_848' title='bbox 1865 769 2015 809; x_wconf 89' lang='lat' dir='ltr'>oportet</span> <span class='ocrx_word' id='word_1_849' title='bbox 2034 762 2205 810; x_wconf 87' lang='lat' dir='ltr'>accipere</span> <span class='ocrx_word' id='word_1_850' title='bbox 2223 763 2333 810; x_wconf 89' lang='lat' dir='ltr'>plura</span> <span class='ocrx_word' id='word_1_851' title='bbox 2352 762 2480 799; x_wconf 88' lang='lat' dir='ltr'>media</span> <span class='ocrx_word' id='word_1_852' title='bbox 2507 775 2558 820; x_wconf 48' lang='lat' dir='ltr'>{roz</span> <span class='ocrx_word' id='word_1_853' title='bbox 2572 773 2662 820; x_wconf 52' lang='lat' dir='ltr'>,rtnqtjori</span> <span class='ocrx_word' id='word_1_854' title='bbox 2679 779 2720 794; x_wconf 84' lang='lat' dir='ltr'>ex-</span> 
     </span>
     <span class='ocr_line' id='line_1_91' title="bbox 1413 805 2628 862; baseline 0.002 -12"><span class='ocrx_word' id='word_1_855' title='bbox 1413 814 1484 850; x_wconf 87' lang='lat' dir='ltr'>alia</span> <span class='ocrx_word' id='word_1_856' title='bbox 1504 826 1619 862; x_wconf 90' lang='lat' dir='ltr'>supra</span> <span class='ocrx_word' id='word_1_857' title='bbox 1637 814 1810 850; x_wconf 91' lang='lat' dir='ltr'>medium</span> <span class='ocrx_word' id='word_1_858' title='bbox 1828 814 1954 862; x_wconf 85' lang='lat' dir='ltr'>primo</span> <span class='ocrx_word' id='word_1_859' title='bbox 1975 822 2186 862; x_wconf 88' lang='lat' dir='ltr'>acceptum.</span> <span class='ocrx_word' id='word_1_860' title='bbox 2209 815 2258 852; x_wconf 94' lang='lat' dir='ltr'>Ut</span> <span class='ocrx_word' id='word_1_861' title='bbox 2272 815 2302 852; x_wconf 92' lang='lat' dir='ltr'>si</span> <span class='ocrx_word' id='word_1_862' title='bbox 2318 815 2478 852; x_wconf 89' lang='lat' dir='ltr'>dicatur:</span> <span class='ocrx_word' id='word_1_863' title='bbox 2531 805 2628 820; x_wconf 47' lang='lat' dir='ltr'>‘&#39;mm&#39;&#39;</span> 
     </span>
     <span class='ocr_line' id='line_1_92' title="bbox 1418 867 2660 925; baseline -0.004 -22"><span class='ocrx_word' id='word_1_864' title='bbox 1418 867 1536 903; x_wconf 86' lang='lat' dir='ltr'>Omne</span> <span class='ocrx_word' id='word_1_865' title='bbox 1553 867 1593 903; x_wconf 91' lang='lat' dir='ltr'><em>E</em></span> <span class='ocrx_word' id='word_1_866' title='bbox 1607 872 1662 903; x_wconf 86' lang='lat' dir='ltr'>est</span> <span class='ocrx_word' id='word_1_867' title='bbox 1677 867 1734 911; x_wconf 91' lang='lat' dir='ltr'>D,·</span> <span class='ocrx_word' id='word_1_868' title='bbox 1752 878 1863 903; x_wconf 88' lang='lat' dir='ltr'>omne</span> <span class='ocrx_word' id='word_1_869' title='bbox 1876 868 1915 902; x_wconf 90' lang='lat' dir='ltr'><em>D</em></span> <span class='ocrx_word' id='word_1_870' title='bbox 1933 872 1988 902; x_wconf 87' lang='lat' dir='ltr'>est</span> <span class='ocrx_word' id='word_1_871' title='bbox 2005 868 2059 911; x_wconf 85' lang='lat' dir='ltr'>A,·</span> <span class='ocrx_word' id='word_1_872' title='bbox 2078 875 2115 903; x_wconf 89' lang='lat' dir='ltr'>et</span> <span class='ocrx_word' id='word_1_873' title='bbox 2127 868 2147 888; x_wconf 80' lang='grc'>*</span> <span class='ocrx_word' id='word_1_874' title='bbox 2161 875 2295 916; x_wconf 87' lang='lat' dir='ltr'>postea</span> <span class='ocrx_word' id='word_1_875' title='bbox 2314 881 2429 917; x_wconf 89' lang='lat' dir='ltr'>supra</span> <span class='ocrx_word' id='word_1_876' title='bbox 2443 870 2477 905; x_wconf 95' lang='lat' dir='ltr'>D</span> <span class='ocrx_word' id='word_1_877' title='bbox 2506 878 2660 925; x_wconf 53' lang='lat' dir='ltr'>“coda-p:</span> 
     </span>
     <span class='ocr_line' id='line_1_93' title="bbox 1413 911 2586 967; baseline 0.003 -12"><span class='ocrx_word' id='word_1_878' title='bbox 1413 919 1643 967; x_wconf 87' lang='lat' dir='ltr'>accipiantur</span> <span class='ocrx_word' id='word_1_879' title='bbox 1671 919 1743 955; x_wconf 90' lang='lat' dir='ltr'>alia</span> <span class='ocrx_word' id='word_1_880' title='bbox 1769 918 1908 955; x_wconf 89' lang='lat' dir='ltr'>media.</span> <span class='ocrx_word' id='word_1_881' title='bbox 1939 920 2046 955; x_wconf 90' lang='lat' dir='ltr'>Haec</span> <span class='ocrx_word' id='word_1_882' title='bbox 2074 928 2203 957; x_wconf 87' lang='lat' dir='ltr'>autem</span> <span class='ocrx_word' id='word_1_883' title='bbox 2233 921 2478 958; x_wconf 88' lang='lat' dir='ltr'>condensatio</span> <span class='ocrx_word' id='word_1_884' title='bbox 2507 911 2586 926; x_wconf 63' lang='lat' dir='ltr'>‘mm&#39;</span> 
     </span>
    </p>

    <p class='ocr_par' dir='ltr' id='par_1_11' title="bbox 1413 971 2479 1022">
     <span class='ocr_line' id='line_1_94' title="bbox 1413 971 2479 1022; baseline 0.003 -14"><span class='ocrx_word' id='word_1_885' title='bbox 1413 979 1450 1008; x_wconf 89' lang='lat' dir='ltr'>et</span> <span class='ocrx_word' id='word_1_886' title='bbox 1477 971 1733 1019; x_wconf 86' lang='lat' dir='ltr'>augmentatio</span> <span class='ocrx_word' id='word_1_887' title='bbox 1762 971 1980 1008; x_wconf 90' lang='lat' dir='ltr'>mediorum</span> <span class='ocrx_word' id='word_1_888' title='bbox 2004 972 2047 1008; x_wconf 87' lang='lat' dir='ltr'>fit</span> <span class='ocrx_word' id='word_1_889' title='bbox 2074 974 2199 1009; x_wconf 90' lang='lat' dir='ltr'>solum</span> <span class='ocrx_word' id='word_1_890' title='bbox 2218 986 2287 1022; x_wconf 89' lang='lat' dir='ltr'>per</span> <span class='ocrx_word' id='word_1_891' title='bbox 2314 974 2479 1022; x_wconf 90' lang='lat' dir='ltr'>primam</span> 
     </span>
    </p>
   </div>
   <div class='ocr_carea' id='block_1_6' title="bbox 1412 1023 2479 1073">
    <p class='ocr_par' dir='ltr' id='par_1_12' title="bbox 1412 1023 2479 1073">
     <span class='ocr_line' id='line_1_95' title="bbox 1412 1023 2479 1073; baseline 0.005 -14"><span class='ocrx_word' id='word_1_892' title='bbox 1412 1025 1593 1071; x_wconf 87' lang='lat' dir='ltr'>figuram:</span> <span class='ocrx_word' id='word_1_893' title='bbox 1613 1031 1707 1070; x_wconf 90' lang='lat' dir='ltr'>tum,</span> <span class='ocrx_word' id='word_1_894' title='bbox 1729 1023 1818 1072; x_wconf 91' lang='lat' dir='ltr'>quia</span> <span class='ocrx_word' id='word_1_895' title='bbox 1836 1025 1962 1060; x_wconf 91' lang='lat' dir='ltr'>solum</span> <span class='ocrx_word' id='word_1_896' title='bbox 1982 1024 2020 1061; x_wconf 92' lang='lat' dir='ltr'>in</span> <span class='ocrx_word' id='word_1_897' title='bbox 2038 1025 2162 1073; x_wconf 89' lang='lat' dir='ltr'>prima</span> <span class='ocrx_word' id='word_1_898' title='bbox 2181 1026 2302 1073; x_wconf 89' lang='lat' dir='ltr'>figura</span> <span class='ocrx_word' id='word_1_899' title='bbox 2327 1028 2479 1064; x_wconf 90' lang='lat' dir='ltr'>conclu-</span> 
     </span>
    </p>
   </div>
   <div class='ocr_carea' id='block_1_7' title="bbox 2502 456 2718 508">
    <p class='ocr_par' dir='ltr' id='par_1_13' title="bbox 2502 456 2718 508">
     <span class='ocr_line' id='line_1_96' title="bbox 2506 456 2718 485; baseline 0.005 -10"><span class='ocrx_word' id='word_1_900' title='bbox 2506 456 2514 463; x_wconf 81' lang='lat'><strong>·</strong></span> <span class='ocrx_word' id='word_1_901' title='bbox 2535 461 2550 485; x_wconf 61' lang='lat'>⁴!</span> <span class='ocrx_word' id='word_1_902' title='bbox 2573 460 2619 485; x_wconf 79' lang='lat' dir='ltr'>non</span> <span class='ocrx_word' id='word_1_903' title='bbox 2640 458 2718 476; x_wconf 84' lang='lat' dir='ltr'>recte:</span> 
     </span>
     <span class='ocr_line' id='line_1_97' title="bbox 2502 481 2654 508; baseline 0.013 -7"><span class='ocrx_word' id='word_1_904' title='bbox 2502 481 2654 508; x_wconf 76' lang='lat' dir='ltr'>princtpium.</span> 
     </span>
    </p>
   </div>
   <div class='ocr_carea' id='block_1_8' title="bbox 1410 1076 2720 1232">
    <p class='ocr_par' dir='ltr' id='par_1_14' title="bbox 1410 1076 2720 1232">
     <span class='ocr_line' id='line_1_98' title="bbox 1413 1076 2479 1127; baseline 0.005 -15"><span class='ocrx_word' id='word_1_905' title='bbox 1413 1077 1512 1113; x_wconf 91' lang='lat' dir='ltr'>ditur</span> <span class='ocrx_word' id='word_1_906' title='bbox 1538 1076 1761 1113; x_wconf 90' lang='lat' dir='ltr'>universalis</span> <span class='ocrx_word' id='word_1_907' title='bbox 1785 1076 2031 1122; x_wconf 85' lang='lat' dir='ltr'>affirmativa;</span> <span class='ocrx_word' id='word_1_908' title='bbox 2052 1085 2150 1125; x_wconf 89' lang='lat' dir='ltr'>tum,</span> <span class='ocrx_word' id='word_1_909' title='bbox 2181 1079 2269 1127; x_wconf 90' lang='lat' dir='ltr'>quia</span> <span class='ocrx_word' id='word_1_910' title='bbox 2296 1081 2421 1116; x_wconf 90' lang='lat' dir='ltr'>solum</span> <span class='ocrx_word' id='word_1_911' title='bbox 2440 1080 2479 1117; x_wconf 91' lang='lat' dir='ltr'>in</span> 
     </span>
     <span class='ocr_line' id='line_1_99' title="bbox 1410 1128 2479 1177; baseline 0.006 -13"><span class='ocrx_word' id='word_1_912' title='bbox 1410 1129 1535 1177; x_wconf 91' lang='lat' dir='ltr'>prima</span> <span class='ocrx_word' id='word_1_913' title='bbox 1562 1129 1685 1176; x_wconf 89' lang='lat' dir='ltr'>figura</span> <span class='ocrx_word' id='word_1_914' title='bbox 1712 1128 1886 1165; x_wconf 90' lang='lat' dir='ltr'>medium</span> <span class='ocrx_word' id='word_1_915' title='bbox 1916 1130 2077 1166; x_wconf 85' lang='lat' dir='ltr'>sumitur</span> <span class='ocrx_word' id='word_1_916' title='bbox 2104 1131 2200 1168; x_wconf 91' lang='lat' dir='ltr'>inter</span> <span class='ocrx_word' id='word_1_917' title='bbox 2228 1140 2406 1169; x_wconf 88' lang='lat' dir='ltr'>extrema.</span> <span class='ocrx_word' id='word_1_918' title='bbox 2437 1135 2479 1170; x_wconf 90' lang='lat' dir='ltr'>In</span> 
     </span>
     <span class='ocr_line' id='line_1_100' title="bbox 1412 1181 2720 1232; baseline 0.004 -14"><span class='ocrx_word' id='word_1_919' title='bbox 1412 1181 1580 1218; x_wconf 88' lang='lat' dir='ltr'>secunda</span> <span class='ocrx_word' id='word_1_920' title='bbox 1612 1188 1740 1218; x_wconf 87' lang='lat' dir='ltr'>autem</span> <span class='ocrx_word' id='word_1_921' title='bbox 1767 1182 1788 1202; x_wconf 80' lang='grc'><em>*</em></span> <span class='ocrx_word' id='word_1_922' title='bbox 1814 1182 1937 1229; x_wconf 85' lang='lat' dir='ltr'>figura</span> <span class='ocrx_word' id='word_1_923' title='bbox 1964 1183 2136 1219; x_wconf 89' lang='lat' dir='ltr'>medium</span> <span class='ocrx_word' id='word_1_924' title='bbox 2165 1185 2344 1232; x_wconf 90' lang='lat' dir='ltr'>accipitur</span> <span class='ocrx_word' id='word_1_925' title='bbox 2377 1193 2480 1223; x_wconf 90' lang='lat' dir='ltr'>extra</span> <span class='ocrx_word' id='word_1_926' title='bbox 2505 1195 2720 1218; x_wconf 71' lang='lat' dir='ltr'>&#39;Autemom-m-</span> 
     </span>
    </p>
   </div>
   <div class='ocr_carea' id='block_1_9' title="bbox 2506 1221 2721 1249">
    <p class='ocr_par' dir='ltr' id='par_1_15' title="bbox 2506 1221 2721 1249">
     <span class='ocr_line' id='line_1_101' title="bbox 2506 1221 2721 1249; baseline 0.005 -7"><span class='ocrx_word' id='word_1_927' title='bbox 2506 1221 2611 1249; x_wconf 81' lang='lat' dir='ltr'>-Figura</span> <span class='ocrx_word' id='word_1_928' title='bbox 2617 1228 2645 1243; x_wconf 81' lang='lat' dir='ltr'>cx</span> <span class='ocrx_word' id='word_1_929' title='bbox 2652 1222 2710 1244; x_wconf 88' lang='lat' dir='ltr'>codd</span> <span class='ocrx_word' id='word_1_930' title='bbox 2715 1238 2721 1243; x_wconf 90' lang='lat'>.</span> 
     </span>
    </p>
   </div>
   <div class='ocr_carea' id='block_1_10' title="bbox 1411 1233 2621 1336">
    <p class='ocr_par' dir='ltr' id='par_1_16' title="bbox 1411 1233 2621 1336">
     <span class='ocr_line' id='line_1_102' title="bbox 1412 1233 2621 1282; baseline 0.005 -11"><span class='ocrx_word' id='word_1_931' title='bbox 1412 1242 1581 1271; x_wconf 88' lang='lat' dir='ltr'>extrema</span> <span class='ocrx_word' id='word_1_932' title='bbox 1596 1233 1625 1280; x_wconf 69' lang='grc' dir='ltr'>ζ,</span> <span class='ocrx_word' id='word_1_933' title='bbox 1642 1233 1749 1282; x_wconf 90' lang='lat' dir='ltr'>quasi</span> <span class='ocrx_word' id='word_1_934' title='bbox 1768 1234 2029 1282; x_wconf 90' lang='lat' dir='ltr'>praedicatum</span> <span class='ocrx_word' id='word_1_935' title='bbox 2050 1235 2097 1272; x_wconf 93' lang='lat' dir='ltr'>de</span> <span class='ocrx_word' id='word_1_936' title='bbox 2118 1236 2181 1272; x_wconf 90' lang='lat' dir='ltr'>eis.</span> <span class='ocrx_word' id='word_1_937' title='bbox 2204 1239 2245 1274; x_wconf 91' lang='lat' dir='ltr'>In</span> <span class='ocrx_word' id='word_1_938' title='bbox 2261 1238 2367 1274; x_wconf 90' lang='lat' dir='ltr'>tertia</span> <span class='ocrx_word' id='word_1_939' title='bbox 2384 1251 2478 1275; x_wconf 91' lang='lat' dir='ltr'>vero</span> <span class='ocrx_word' id='word_1_940' title='bbox 2605 1249 2621 1278; x_wconf 74' lang='lat' dir='ltr'>t</span> 
     </span>
     <span class='ocr_line' id='line_1_103' title="bbox 1411 1287 2384 1336; baseline 0.005 -13"><span class='ocrx_word' id='word_1_941' title='bbox 1411 1288 1550 1335; x_wconf 85' lang='lat' dir='ltr'>figura,</span> <span class='ocrx_word' id='word_1_942' title='bbox 1571 1287 1666 1323; x_wconf 90' lang='lat' dir='ltr'>infra</span> <span class='ocrx_word' id='word_1_943' title='bbox 1687 1294 1871 1335; x_wconf 88' lang='lat' dir='ltr'>extrema,</span> <span class='ocrx_word' id='word_1_944' title='bbox 1893 1288 2000 1336; x_wconf 89' lang='lat' dir='ltr'>quasi</span> <span class='ocrx_word' id='word_1_945' title='bbox 2019 1288 2231 1326; x_wconf 87' lang='lat' dir='ltr'>subiectum</span> <span class='ocrx_word' id='word_1_946' title='bbox 2253 1290 2299 1327; x_wconf 92' lang='lat' dir='ltr'>de</span> <span class='ocrx_word' id='word_1_947' title='bbox 2320 1291 2384 1328; x_wconf 90' lang='lat' dir='ltr'>eis.</span> 
     </span>
    </p>
   </div>
   <div class='ocr_carea' id='block_1_11' title="bbox 1409 1510 2482 3021">
    <p class='ocr_par' dir='ltr' id='par_1_17' title="bbox 1413 1510 2482 1959">
     <span class='ocr_line' id='line_1_104' title="bbox 1466 1510 2482 1544; baseline 0.004 -8"><span class='ocrx_word' id='word_1_948' title='bbox 1466 1511 1623 1543; x_wconf 77' lang='lat' dir='ltr'>Respondeo</span> <span class='ocrx_word' id='word_1_949' title='bbox 1643 1512 1741 1536; x_wconf 90' lang='lat' dir='ltr'>nullam</span> <span class='ocrx_word' id='word_1_950' title='bbox 1767 1519 1825 1536; x_wconf 88' lang='lat' dir='ltr'>esse</span> <span class='ocrx_word' id='word_1_951' title='bbox 1846 1512 1871 1536; x_wconf 93' lang='lat' dir='ltr'>in</span> <span class='ocrx_word' id='word_1_952' title='bbox 1890 1511 1930 1536; x_wconf 92' lang='lat' dir='ltr'>his</span> <span class='ocrx_word' id='word_1_953' title='bbox 1957 1510 2170 1536; x_wconf 87' lang='lat' dir='ltr'>affirmationibus</span> <span class='ocrx_word' id='word_1_954' title='bbox 2199 1513 2440 1544; x_wconf 87' lang='lat' dir='ltr'>contradictionem,</span> <span class='ocrx_word' id='word_1_955' title='bbox 2461 1516 2482 1540; x_wconf 87' lang='lat' dir='ltr'>si</span> 
     </span>
     <span class='ocr_line' id='line_1_105' title="bbox 1413 1547 2482 1581; baseline 0.004 -10"><span class='ocrx_word' id='word_1_956' title='bbox 1413 1551 1483 1572; x_wconf 87' lang='lat' dir='ltr'>recte</span> <span class='ocrx_word' id='word_1_957' title='bbox 1494 1547 1682 1579; x_wconf 82' lang='lat' dir='ltr'>distinguantur</span> <span class='ocrx_word' id='word_1_958' title='bbox 1691 1554 1759 1579; x_wconf 85' lang='lat' dir='ltr'>quae</span> <span class='ocrx_word' id='word_1_959' title='bbox 1773 1547 1951 1579; x_wconf 79' lang='lat' dir='ltr'>distinguenda</span> <span class='ocrx_word' id='word_1_960' title='bbox 1965 1552 2033 1571; x_wconf 86' lang='lat' dir='ltr'>sunt.</span> <span class='ocrx_word' id='word_1_961' title='bbox 2048 1547 2115 1571; x_wconf 87' lang='lat' dir='ltr'>Dixit</span> <span class='ocrx_word' id='word_1_962' title='bbox 2125 1548 2194 1572; x_wconf 88' lang='lat' dir='ltr'>enim</span> <span class='ocrx_word' id='word_1_963' title='bbox 2204 1555 2226 1572; x_wconf 89' lang='lat' dir='ltr'>s.</span> <span class='ocrx_word' id='word_1_964' title='bbox 2234 1547 2350 1573; x_wconf 77' lang='lat' dir='ltr'>Thomas</span> <span class='ocrx_word' id='word_1_965' title='bbox 2364 1549 2422 1574; x_wconf 89' lang='lat' dir='ltr'>lect.</span> <span class='ocrx_word' id='word_1_966' title='bbox 2431 1558 2482 1581; x_wconf 86' lang='lat' dir='ltr'>xv1,</span> 
     </span>
     <span class='ocr_line' id='line_1_106' title="bbox 1414 1581 2482 1617; baseline 0.003 -11"><span class='ocrx_word' id='word_1_967' title='bbox 1414 1589 1480 1613; x_wconf 91' lang='lat' dir='ltr'>n.4‚</span> <span class='ocrx_word' id='word_1_968' title='bbox 1500 1582 1571 1614; x_wconf 89' lang='lat' dir='ltr'>quod</span> <span class='ocrx_word' id='word_1_969' title='bbox 1590 1581 1703 1606; x_wconf 88' lang='lat' dir='ltr'>definitio</span> <span class='ocrx_word' id='word_1_970' title='bbox 1723 1587 1766 1606; x_wconf 92' lang='lat' dir='ltr'>aut</span> <span class='ocrx_word' id='word_1_971' title='bbox 1787 1586 1827 1606; x_wconf 90' lang='lat' dir='ltr'>est</span> <span class='ocrx_word' id='word_1_972' title='bbox 1845 1582 2010 1614; x_wconf 86' lang='lat' dir='ltr'>principium,</span> <span class='ocrx_word' id='word_1_973' title='bbox 2030 1587 2073 1606; x_wconf 87' lang='lat' dir='ltr'>aut</span> <span class='ocrx_word' id='word_1_974' title='bbox 2092 1582 2223 1607; x_wconf 88' lang='lat' dir='ltr'>conclusio</span> <span class='ocrx_word' id='word_1_975' title='bbox 2242 1584 2482 1617; x_wconf 81' lang='lat' dir='ltr'>demonstrationis,</span> 
     </span>
     <span class='ocr_line' id='line_1_107' title="bbox 1414 1617 2482 1649; baseline 0.005 -8"><span class='ocrx_word' id='word_1_976' title='bbox 1414 1622 1457 1642; x_wconf 88' lang='lat' dir='ltr'>aut</span> <span class='ocrx_word' id='word_1_977' title='bbox 1476 1617 1553 1642; x_wconf 86' lang='lat' dir='ltr'>etiam</span> <span class='ocrx_word' id='word_1_978' title='bbox 1577 1622 1631 1642; x_wconf 80' lang='lat' dir='ltr'>tota</span> <span class='ocrx_word' id='word_1_979' title='bbox 1654 1617 1855 1647; x_wconf 89' lang='lat' dir='ltr'>demonstratio,</span> <span class='ocrx_word' id='word_1_980' title='bbox 1881 1618 1938 1642; x_wconf 86' lang='lat' dir='ltr'>sola</span> <span class='ocrx_word' id='word_1_981' title='bbox 1962 1618 2090 1649; x_wconf 87' lang='lat' dir='ltr'>positione</span> <span class='ocrx_word' id='word_1_982' title='bbox 2114 1617 2243 1643; x_wconf 86' lang='lat' dir='ltr'>differens.</span> <span class='ocrx_word' id='word_1_983' title='bbox 2268 1619 2371 1644; x_wconf 74' lang='lat' dir='ltr'>Addidit</span> <span class='ocrx_word' id='word_1_984' title='bbox 2395 1626 2482 1646; x_wconf 89' lang='lat' dir='ltr'>autem</span> 
     </span>
     <span class='ocr_line' id='line_1_108' title="bbox 1414 1652 2481 1685; baseline 0.004 -8"><span class='ocrx_word' id='word_1_985' title='bbox 1414 1653 1472 1677; x_wconf 88' lang='lat' dir='ltr'>lect.</span> <span class='ocrx_word' id='word_1_986' title='bbox 1492 1653 1532 1677; x_wconf 90' lang='lat' dir='ltr'>cit.</span> <span class='ocrx_word' id='word_1_987' title='bbox 1551 1661 1576 1677; x_wconf 93' lang='lat' dir='ltr'>n.</span> <span class='ocrx_word' id='word_1_988' title='bbox 1600 1652 1628 1682; x_wconf 89' lang='lat'>5,</span> <span class='ocrx_word' id='word_1_989' title='bbox 1649 1652 1720 1685; x_wconf 90' lang='lat' dir='ltr'>quod</span> <span class='ocrx_word' id='word_1_990' title='bbox 1739 1653 1771 1677; x_wconf 92' lang='lat' dir='ltr'>de</span> <span class='ocrx_word' id='word_1_991' title='bbox 1789 1660 1840 1677; x_wconf 92' lang='lat' dir='ltr'>una</span> <span class='ocrx_word' id='word_1_992' title='bbox 1859 1653 2003 1685; x_wconf 87' lang='lat' dir='ltr'>eademque</span> <span class='ocrx_word' id='word_1_993' title='bbox 2021 1660 2049 1677; x_wconf 90' lang='lat' dir='ltr'>re</span> <span class='ocrx_word' id='word_1_994' title='bbox 2069 1653 2185 1678; x_wconf 89' lang='lat' dir='ltr'>diversae</span> <span class='ocrx_word' id='word_1_995' title='bbox 2210 1654 2302 1678; x_wconf 89' lang='lat' dir='ltr'>dantur</span> <span class='ocrx_word' id='word_1_996' title='bbox 2321 1654 2481 1681; x_wconf 87' lang='lat' dir='ltr'>definitiones</span> 
     </span>
     <span class='ocr_line' id='line_1_109' title="bbox 1414 1687 2481 1721; baseline 0.003 -9"><span class='ocrx_word' id='word_1_997' title='bbox 1414 1687 1482 1712; x_wconf 84' lang='lat' dir='ltr'>iuxta</span> <span class='ocrx_word' id='word_1_998' title='bbox 1501 1688 1615 1712; x_wconf 88' lang='lat' dir='ltr'>diversas</span> <span class='ocrx_word' id='word_1_999' title='bbox 1635 1695 1726 1712; x_wconf 88' lang='lat' dir='ltr'>causas</span> <span class='ocrx_word' id='word_1_1000' title='bbox 1746 1695 1776 1711; x_wconf 88' lang='lat' dir='ltr'>ex</span> <span class='ocrx_word' id='word_1_1001' title='bbox 1795 1687 1891 1720; x_wconf 91' lang='lat' dir='ltr'>quibus</span> <span class='ocrx_word' id='word_1_1002' title='bbox 1910 1692 2055 1712; x_wconf 87' lang='lat' dir='ltr'>sumuntur.</span> <span class='ocrx_word' id='word_1_1003' title='bbox 2082 1688 2156 1713; x_wconf 90' lang='lat' dir='ltr'>Unde</span> <span class='ocrx_word' id='word_1_1004' title='bbox 2175 1688 2236 1713; x_wconf 89' lang='lat' dir='ltr'>nihil</span> <span class='ocrx_word' id='word_1_1005' title='bbox 2256 1689 2374 1721; x_wconf 90' lang='lat' dir='ltr'>prohibet</span> <span class='ocrx_word' id='word_1_1006' title='bbox 2392 1690 2481 1716; x_wconf 85' lang='lat' dir='ltr'>defini-</span> 
     </span>
     <span class='ocr_line' id='line_1_110' title="bbox 1414 1723 2480 1751; baseline 0.004 -4"><span class='ocrx_word' id='word_1_1007' title='bbox 1414 1723 1510 1747; x_wconf 89' lang='lat' dir='ltr'>tionem</span> <span class='ocrx_word' id='word_1_1008' title='bbox 1529 1730 1608 1747; x_wconf 85' lang='lat' dir='ltr'>unam</span> <span class='ocrx_word' id='word_1_1009' title='bbox 1632 1723 1730 1747; x_wconf 83' lang='lat' dir='ltr'>assumi</span> <span class='ocrx_word' id='word_1_1010' title='bbox 1755 1728 1783 1747; x_wconf 92' lang='lat' dir='ltr'>ut</span> <span class='ocrx_word' id='word_1_1011' title='bbox 1806 1723 1921 1748; x_wconf 89' lang='lat' dir='ltr'>medium</span> <span class='ocrx_word' id='word_1_1012' title='bbox 1945 1723 1976 1748; x_wconf 91' lang='lat' dir='ltr'>ad</span> <span class='ocrx_word' id='word_1_1013' title='bbox 1999 1723 2157 1748; x_wconf 87' lang='lat' dir='ltr'>inferendam</span> <span class='ocrx_word' id='word_1_1014' title='bbox 2180 1724 2380 1750; x_wconf 88' lang='lat' dir='ltr'>demonstrative</span> <span class='ocrx_word' id='word_1_1015' title='bbox 2404 1727 2480 1751; x_wconf 88' lang='lat' dir='ltr'>aliam</span> 
     </span>
     <span class='ocr_line' id='line_1_111' title="bbox 1415 1756 2479 1792; baseline 0.004 -10"><span class='ocrx_word' id='word_1_1016' title='bbox 1415 1756 1789 1783; x_wconf 84' lang='lat' dir='ltr'>definitionem.-Addendum</span> <span class='ocrx_word' id='word_1_1017' title='bbox 1808 1759 1885 1783; x_wconf 84' lang='lat' dir='ltr'>etiam</span> <span class='ocrx_word' id='word_1_1018' title='bbox 1910 1766 1940 1783; x_wconf 92' lang='lat' dir='ltr'>ex</span> <span class='ocrx_word' id='word_1_1019' title='bbox 1963 1759 2071 1783; x_wconf 87' lang='lat' dir='ltr'>lectione</span> <span class='ocrx_word' id='word_1_1020' title='bbox 2089 1767 2118 1789; x_wconf 84' lang='lat' dir='ltr'>x,</span> <span class='ocrx_word' id='word_1_1021' title='bbox 2138 1767 2163 1783; x_wconf 90' lang='lat' dir='ltr'>n.</span> <span class='ocrx_word' id='word_1_1022' title='bbox 2182 1759 2213 1789; x_wconf 79' lang='lat'>8,</span> <span class='ocrx_word' id='word_1_1023' title='bbox 2239 1761 2309 1792; x_wconf 89' lang='lat' dir='ltr'>quod</span> <span class='ocrx_word' id='word_1_1024' title='bbox 2328 1761 2354 1785; x_wconf 90' lang='lat' dir='ltr'>in</span> <span class='ocrx_word' id='word_1_1025' title='bbox 2373 1762 2479 1786; x_wconf 90' lang='lat' dir='ltr'>demon-</span> 
     </span>
     <span class='ocr_line' id='line_1_112' title="bbox 1414 1793 2477 1828; baseline 0.004 -11"><span class='ocrx_word' id='word_1_1026' title='bbox 1414 1794 1537 1817; x_wconf 85' lang='lat' dir='ltr'>stratione</span> <span class='ocrx_word' id='word_1_1027' title='bbox 1556 1798 1660 1825; x_wconf 90' lang='lat' dir='ltr'>propter</span> <span class='ocrx_word' id='word_1_1028' title='bbox 1679 1793 1740 1826; x_wconf 91' lang='lat' dir='ltr'>quid</span> <span class='ocrx_word' id='word_1_1029' title='bbox 1759 1794 1918 1818; x_wconf 89' lang='lat' dir='ltr'>concluditur</span> <span class='ocrx_word' id='word_1_1030' title='bbox 1937 1801 1982 1825; x_wconf 87' lang='lat' dir='ltr'>per</span> <span class='ocrx_word' id='word_1_1031' title='bbox 2001 1801 2030 1818; x_wconf 87' lang='lat' dir='ltr'>se</span> <span class='ocrx_word' id='word_1_1032' title='bbox 2048 1794 2073 1818; x_wconf 92' lang='lat' dir='ltr'>in</span> <span class='ocrx_word' id='word_1_1033' title='bbox 2092 1795 2207 1819; x_wconf 89' lang='lat' dir='ltr'>secundo</span> <span class='ocrx_word' id='word_1_1034' title='bbox 2229 1800 2255 1819; x_wconf 89' lang='lat' dir='ltr'>et</span> <span class='ocrx_word' id='word_1_1035' title='bbox 2273 1801 2365 1827; x_wconf 85' lang='lat' dir='ltr'>quarto</span> <span class='ocrx_word' id='word_1_1036' title='bbox 2385 1798 2477 1828; x_wconf 82' lang='lat' dir='ltr'>modo;</span> 
     </span>
     <span class='ocr_line' id='line_1_113' title="bbox 1414 1829 2479 1864; baseline 0.004 -12"><span class='ocrx_word' id='word_1_1037' title='bbox 1414 1836 1508 1860; x_wconf 89' lang='lat' dir='ltr'>nempe</span> <span class='ocrx_word' id='word_1_1038' title='bbox 1527 1829 1687 1853; x_wconf 89' lang='lat' dir='ltr'>concluditur</span> <span class='ocrx_word' id='word_1_1039' title='bbox 1705 1829 1878 1860; x_wconf 86' lang='lat' dir='ltr'>praedicatum</span> <span class='ocrx_word' id='word_1_1040' title='bbox 1903 1829 1935 1853; x_wconf 88' lang='lat' dir='ltr'>de</span> <span class='ocrx_word' id='word_1_1041' title='bbox 1959 1829 2031 1853; x_wconf 89' lang='lat' dir='ltr'>cuius</span> <span class='ocrx_word' id='word_1_1042' title='bbox 2050 1830 2148 1854; x_wconf 87' lang='lat' dir='ltr'>ratione</span> <span class='ocrx_word' id='word_1_1043' title='bbox 2172 1835 2212 1854; x_wconf 91' lang='lat' dir='ltr'>est</span> <span class='ocrx_word' id='word_1_1044' title='bbox 2230 1829 2342 1855; x_wconf 88' lang='lat' dir='ltr'>definitio</span> <span class='ocrx_word' id='word_1_1045' title='bbox 2361 1832 2416 1864; x_wconf 90' lang='lat' dir='ltr'>ipsa</span> <span class='ocrx_word' id='word_1_1046' title='bbox 2435 1840 2479 1857; x_wconf 88' lang='lat' dir='ltr'>su-</span> 
     </span>
     <span class='ocr_line' id='line_1_114' title="bbox 1413 1863 2478 1898; baseline 0.004 -10"><span class='ocrx_word' id='word_1_1047' title='bbox 1413 1863 1497 1895; x_wconf 89' lang='lat' dir='ltr'>biecti,</span> <span class='ocrx_word' id='word_1_1048' title='bbox 1510 1869 1536 1888; x_wconf 91' lang='lat' dir='ltr'>et</span> <span class='ocrx_word' id='word_1_1049' title='bbox 1554 1864 1627 1888; x_wconf 90' lang='lat' dir='ltr'>cuius</span> <span class='ocrx_word' id='word_1_1050' title='bbox 1646 1863 1790 1888; x_wconf 86' lang='lat' dir='ltr'>subiectum</span> <span class='ocrx_word' id='word_1_1051' title='bbox 1809 1869 1848 1888; x_wconf 92' lang='lat' dir='ltr'>est</span> <span class='ocrx_word' id='word_1_1052' title='bbox 1867 1871 1953 1888; x_wconf 87' lang='lat' dir='ltr'>causa.</span> <span class='ocrx_word' id='word_1_1053' title='bbox 1972 1864 2038 1888; x_wconf 87' lang='lat' dir='ltr'>Hinc</span> <span class='ocrx_word' id='word_1_1054' title='bbox 2056 1865 2097 1889; x_wconf 85' lang='lat' dir='ltr'>vel</span> <span class='ocrx_word' id='word_1_1055' title='bbox 2117 1865 2211 1889; x_wconf 88' lang='lat' dir='ltr'>directe</span> <span class='ocrx_word' id='word_1_1056' title='bbox 2229 1871 2254 1890; x_wconf 90' lang='lat' dir='ltr'>et</span> <span class='ocrx_word' id='word_1_1057' title='bbox 2269 1866 2417 1898; x_wconf 84' lang='lat' dir='ltr'>formaliter,</span> <span class='ocrx_word' id='word_1_1058' title='bbox 2437 1868 2478 1892; x_wconf 88' lang='lat' dir='ltr'>vel</span> 
     </span>
     <span class='ocr_line' id='line_1_115' title="bbox 1414 1899 2479 1932; baseline 0.004 -9"><span class='ocrx_word' id='word_1_1059' title='bbox 1414 1899 1536 1924; x_wconf 88' lang='lat' dir='ltr'>indirecte</span> <span class='ocrx_word' id='word_1_1060' title='bbox 1552 1904 1577 1923; x_wconf 90' lang='lat' dir='ltr'>et</span> <span class='ocrx_word' id='word_1_1061' title='bbox 1591 1899 1616 1923; x_wconf 91' lang='lat' dir='ltr'>in</span> <span class='ocrx_word' id='word_1_1062' title='bbox 1630 1899 1728 1924; x_wconf 89' lang='lat' dir='ltr'>ratione</span> <span class='ocrx_word' id='word_1_1063' title='bbox 1746 1899 1883 1931; x_wconf 86' lang='lat' dir='ltr'>praedicati</span> <span class='ocrx_word' id='word_1_1064' title='bbox 1898 1899 2010 1924; x_wconf 86' lang='lat' dir='ltr'>definitio</span> <span class='ocrx_word' id='word_1_1065' title='bbox 2030 1907 2134 1932; x_wconf 89' lang='lat' dir='ltr'>semper</span> <span class='ocrx_word' id='word_1_1066' title='bbox 2152 1899 2260 1925; x_wconf 89' lang='lat' dir='ltr'>habetur</span> <span class='ocrx_word' id='word_1_1067' title='bbox 2274 1902 2299 1925; x_wconf 90' lang='lat' dir='ltr'>in</span> <span class='ocrx_word' id='word_1_1068' title='bbox 2313 1903 2479 1927; x_wconf 89' lang='lat' dir='ltr'>conclusione</span> 
     </span>
     <span class='ocr_line' id='line_1_116' title="bbox 1414 1934 1689 1959; baseline -0.004 0"><span class='ocrx_word' id='word_1_1069' title='bbox 1414 1942 1444 1959; x_wconf 82' lang='lat' dir='ltr'>ex</span> <span class='ocrx_word' id='word_1_1070' title='bbox 1463 1934 1689 1959; x_wconf 83' lang='lat' dir='ltr'>demonstratione.</span> 
     </span>
    </p>

    <p class='ocr_par' dir='ltr' id='par_1_18' title="bbox 1409 1969 2479 2283">
     <span class='ocr_line' id='line_1_117' title="bbox 1467 1969 2478 2004; baseline 0.004 -10"><span class='ocrx_word' id='word_1_1071' title='bbox 1467 1970 1489 2001; x_wconf 88' lang='grc' dir='ltr'>ε)</span> <span class='ocrx_word' id='word_1_1072' title='bbox 1505 1970 1630 2002; x_wconf 81' lang='lat' dir='ltr'>Indigent</span> <span class='ocrx_word' id='word_1_1073' title='bbox 1643 1970 1735 2001; x_wconf 86' lang='lat' dir='ltr'>prima</span> <span class='ocrx_word' id='word_1_1074' title='bbox 1749 1970 1916 1994; x_wconf 77' lang='lat' dir='ltr'>etc.-Codd.</span> <span class='ocrx_word' id='word_1_1075' title='bbox 1931 1969 2041 1994; x_wconf 85' lang='lat' dir='ltr'>DLMT:</span> <span class='ocrx_word' id='word_1_1076' title='bbox 2056 1970 2176 2003; x_wconf 83' lang='lat' dir='ltr'>indigent</span> <span class='ocrx_word' id='word_1_1077' title='bbox 2185 1971 2277 2002; x_wconf 83' lang='lat' dir='ltr'>prima</span> <span class='ocrx_word' id='word_1_1078' title='bbox 2282 1972 2392 2004; x_wconf 63' lang='lat' dir='ltr'>figuras</span> <span class='ocrx_word' id='word_1_1079' title='bbox 2407 1973 2478 1998; x_wconf 78' lang='lat' dir='ltr'>GIN:</span> 
     </span>
     <span class='ocr_line' id='line_1_118' title="bbox 1409 2004 2479 2040; baseline 0.004 -11"><span class='ocrx_word' id='word_1_1080' title='bbox 1409 2004 1502 2036; x_wconf 83' lang='lat' dir='ltr'>prima</span> <span class='ocrx_word' id='word_1_1081' title='bbox 1514 2005 1610 2038; x_wconf 82' lang='lat' dir='ltr'>figura</span> <span class='ocrx_word' id='word_1_1082' title='bbox 1629 2005 1759 2037; x_wconf 85' lang='lat' dir='ltr'>indigent.</span> <span class='ocrx_word' id='word_1_1083' title='bbox 1778 2005 1906 2037; x_wconf 86' lang='lat' dir='ltr'>Repetitio</span> <span class='ocrx_word' id='word_1_1084' title='bbox 1923 2010 2011 2030; x_wconf 84' lang='lat' dir='ltr'>tamen</span> <span class='ocrx_word' id='word_1_1085' title='bbox 2030 2007 2079 2029; x_wconf 80' lang='grc' dir='ltr'>τοῦ</span> <span class='ocrx_word' id='word_1_1086' title='bbox 2090 2005 2186 2038; x_wconf 83' lang='lat' dir='ltr'>figura</span> <span class='ocrx_word' id='word_1_1087' title='bbox 2204 2014 2256 2030; x_wconf 91' lang='lat' dir='ltr'>non</span> <span class='ocrx_word' id='word_1_1088' title='bbox 2274 2007 2375 2032; x_wconf 86' lang='lat' dir='ltr'>videtur</span> <span class='ocrx_word' id='word_1_1089' title='bbox 2393 2009 2479 2040; x_wconf 87' lang='lat' dir='ltr'>requi·-</span> 
     </span>
     <span class='ocr_line' id='line_1_119' title="bbox 1414 2040 2478 2073; baseline 0.004 -9"><span class='ocrx_word' id='word_1_1090' title='bbox 1414 2040 1463 2064; x_wconf 87' lang='lat' dir='ltr'>sita</span> <span class='ocrx_word' id='word_1_1091' title='bbox 1476 2047 1507 2064; x_wconf 85' lang='lat' dir='ltr'>cx</span> <span class='ocrx_word' id='word_1_1092' title='bbox 1519 2040 1603 2065; x_wconf 87' lang='lat' dir='ltr'>forma</span> <span class='ocrx_word' id='word_1_1093' title='bbox 1615 2040 1746 2070; x_wconf 87' lang='lat' dir='ltr'>orationis,</span> <span class='ocrx_word' id='word_1_1094' title='bbox 1761 2041 1827 2065; x_wconf 90' lang='lat' dir='ltr'>sicut</span> <span class='ocrx_word' id='word_1_1095' title='bbox 1839 2048 1891 2065; x_wconf 92' lang='lat' dir='ltr'>non</span> <span class='ocrx_word' id='word_1_1096' title='bbox 1905 2041 2043 2073; x_wconf 87' lang='lat' dir='ltr'>requiritur</span> <span class='ocrx_word' id='word_1_1097' title='bbox 2057 2041 2088 2065; x_wconf 88' lang='lat' dir='ltr'>ad</span> <span class='ocrx_word' id='word_1_1098' title='bbox 2102 2042 2310 2073; x_wconf 89' lang='lat' dir='ltr'>perspicuitatem</span> <span class='ocrx_word' id='word_1_1099' title='bbox 2323 2044 2478 2068; x_wconf 84' lang='lat' dir='ltr'>materiae.—</span> 
     </span>
     <span class='ocr_line' id='line_1_120' title="bbox 1414 2075 2478 2108; baseline 0.005 -9"><span class='ocrx_word' id='word_1_1100' title='bbox 1414 2075 1503 2100; x_wconf 88' lang='lat' dir='ltr'>Potius</span> <span class='ocrx_word' id='word_1_1101' title='bbox 1523 2082 1590 2108; x_wconf 90' lang='lat' dir='ltr'>quae</span> <span class='ocrx_word' id='word_1_1102' title='bbox 1613 2081 1758 2108; x_wconf 85' lang='lat' dir='ltr'>sequuntur</span> <span class='ocrx_word' id='word_1_1103' title='bbox 1777 2076 1891 2108; x_wconf 85' lang='lat' dir='ltr'>aliquam</span> <span class='ocrx_word' id='word_1_1104' title='bbox 1909 2076 2140 2100; x_wconf 87' lang='lat' dir='ltr'>considerationem</span> <span class='ocrx_word' id='word_1_1105' title='bbox 2158 2076 2224 2101; x_wconf 87' lang='lat' dir='ltr'>forte</span> <span class='ocrx_word' id='word_1_1106' title='bbox 2243 2083 2384 2103; x_wconf 87' lang='lat' dir='ltr'>merentur.</span> <span class='ocrx_word' id='word_1_1107' title='bbox 2409 2079 2478 2108; x_wconf 81' lang='lat' dir='ltr'>Qua-</span> 
     </span>
     <span class='ocr_line' id='line_1_121' title="bbox 1413 2111 2478 2146; baseline 0.004 -11"><span class='ocrx_word' id='word_1_1108' title='bbox 1413 2111 1557 2135; x_wconf 85' lang='lat' dir='ltr'>tuordecim</span> <span class='ocrx_word' id='word_1_1109' title='bbox 1576 2111 1645 2135; x_wconf 89' lang='lat' dir='ltr'>enirn</span> <span class='ocrx_word' id='word_1_1110' title='bbox 1664 2111 1773 2142; x_wconf 90' lang='lat' dir='ltr'>codices,</span> <span class='ocrx_word' id='word_1_1111' title='bbox 1788 2119 1883 2143; x_wconf 90' lang='lat' dir='ltr'>nempe</span> <span class='ocrx_word' id='word_1_1112' title='bbox 1897 2111 2191 2141; x_wconf 84' lang='lat' dir='ltr'>ABCDEHILMOQST</span> <span class='ocrx_word' id='word_1_1113' title='bbox 2210 2117 2235 2136; x_wconf 91' lang='lat' dir='ltr'>et</span> <span class='ocrx_word' id='word_1_1114' title='bbox 2249 2120 2274 2144; x_wconf 88' lang='lat' dir='ltr'>p.</span> <span class='ocrx_word' id='word_1_1115' title='bbox 2289 2120 2324 2137; x_wconf 89' lang='lat' dir='ltr'>m.</span> <span class='ocrx_word' id='word_1_1116' title='bbox 2338 2113 2360 2137; x_wconf 92' lang='lat' dir='ltr'><strong>N</strong></span> <span class='ocrx_word' id='word_1_1117' title='bbox 2376 2114 2478 2146; x_wconf 87' lang='lat' dir='ltr'>legunt:</span> 
     </span>
     <span class='ocr_line' id='line_1_122' title="bbox 1413 2146 2477 2180; baseline 0.003 -10"><span class='ocrx_word' id='word_1_1118' title='bbox 1413 2146 1457 2170; x_wconf 84' lang='lat' dir='ltr'>Ad</span> <span class='ocrx_word' id='word_1_1119' title='bbox 1475 2146 1539 2178; x_wconf 87' lang='lat' dir='ltr'>quid</span> <span class='ocrx_word' id='word_1_1120' title='bbox 1558 2146 1602 2178; x_wconf 87' lang='lat' dir='ltr'>(O,</span> <span class='ocrx_word' id='word_1_1121' title='bbox 1621 2146 1665 2170; x_wconf 82' lang='lat' dir='ltr'>Ad</span> <span class='ocrx_word' id='word_1_1122' title='bbox 1683 2146 1768 2178; x_wconf 87' lang='lat' dir='ltr'>quod)</span> <span class='ocrx_word' id='word_1_1123' title='bbox 1788 2149 1876 2171; x_wconf 85' lang='lat' dir='ltr'>autem</span> <span class='ocrx_word' id='word_1_1124' title='bbox 1893 2147 1963 2171; x_wconf 86' lang='lat' dir='ltr'>aliae</span> <span class='ocrx_word' id='word_1_1125' title='bbox 1976 2147 2086 2179; x_wconf 84' lang='lat' dir='ltr'>figurae</span> <span class='ocrx_word' id='word_1_1126' title='bbox 2105 2147 2245 2171; x_wconf 76' lang='lat' dir='ltr'>etc.—-Non</span> <span class='ocrx_word' id='word_1_1127' title='bbox 2260 2148 2420 2180; x_wconf 87' lang='lat' dir='ltr'>adoptandus</span> <span class='ocrx_word' id='word_1_1128' title='bbox 2434 2150 2477 2173; x_wconf 90' lang='lat' dir='ltr'>de-</span> 
     </span>
     <span class='ocr_line' id='line_1_123' title="bbox 1414 2181 2478 2217; baseline 0.004 -12"><span class='ocrx_word' id='word_1_1129' title='bbox 1414 2182 1493 2213; x_wconf 86' lang='lat' dir='ltr'>nique</span> <span class='ocrx_word' id='word_1_1130' title='bbox 1507 2186 1547 2205; x_wconf 92' lang='lat' dir='ltr'>est</span> <span class='ocrx_word' id='word_1_1131' title='bbox 1561 2181 1617 2205; x_wconf 91' lang='lat' dir='ltr'>cod.</span> <span class='ocrx_word' id='word_1_1132' title='bbox 1633 2181 1656 2205; x_wconf 93' lang='lat' dir='ltr'>G</span> <span class='ocrx_word' id='word_1_1133' title='bbox 1671 2189 1731 2206; x_wconf 91' lang='lat' dir='ltr'>cum</span> <span class='ocrx_word' id='word_1_1134' title='bbox 1745 2182 1820 2214; x_wconf 85' lang='lat' dir='ltr'>legit:</span> <span class='ocrx_word' id='word_1_1135' title='bbox 1832 2182 1905 2214; x_wconf 83' lang='lat' dir='ltr'>facit</span> <span class='ocrx_word' id='word_1_1136' title='bbox 1918 2182 1986 2206; x_wconf 86' lang='lat' dir='ltr'>scire</span> <span class='ocrx_word' id='word_1_1137' title='bbox 1999 2189 2078 2214; x_wconf 86' lang='lat' dir='ltr'>quam</span> <span class='ocrx_word' id='word_1_1138' title='bbox 2093 2182 2168 2211; x_wconf 83' lang='lat' dir='ltr'>aliae,</span> <span class='ocrx_word' id='word_1_1139' title='bbox 2183 2190 2242 2207; x_wconf 90' lang='lat' dir='ltr'>cum</span> <span class='ocrx_word' id='word_1_1140' title='bbox 2257 2183 2327 2208; x_wconf 88' lang='lat' dir='ltr'>aliae</span> <span class='ocrx_word' id='word_1_1141' title='bbox 2340 2184 2478 2217; x_wconf 83' lang='lat' dir='ltr'>indigeant</span> 
     </span>
     <span class='ocr_line' id='line_1_124' title="bbox 1409 2216 2478 2252; baseline 0.004 -12"><span class='ocrx_word' id='word_1_1142' title='bbox 1409 2216 1510 2248; x_wconf 84' lang='lat' dir='ltr'>prima,</span> <span class='ocrx_word' id='word_1_1143' title='bbox 1529 2223 1567 2241; x_wconf 83' lang='lat' dir='ltr'>ex</span> <span class='ocrx_word' id='word_1_1144' title='bbox 1584 2216 1633 2241; x_wconf 88' lang='lat' dir='ltr'>hoc</span> <span class='ocrx_word' id='word_1_1145' title='bbox 1652 2217 1819 2250; x_wconf 68' lang='lat' dir='ltr'>manifestum</span> <span class='ocrx_word' id='word_1_1146' title='bbox 1839 2220 1879 2242; x_wconf 85' lang='lat' dir='ltr'>est</span> <span class='ocrx_word' id='word_1_1147' title='bbox 1896 2217 1968 2249; x_wconf 84' lang='lat' dir='ltr'>quod</span> <span class='ocrx_word' id='word_1_1148' title='bbox 1986 2220 2091 2248; x_wconf 78' lang='lat' dir='ltr'>oportet</span> <span class='ocrx_word' id='word_1_1149' title='bbox 2109 2217 2146 2241; x_wconf 86' lang='lat' dir='ltr'>ad</span> <span class='ocrx_word' id='word_1_1150' title='bbox 2159 2218 2293 2251; x_wconf 85' lang='lat' dir='ltr'>perfectos</span> <span class='ocrx_word' id='word_1_1151' title='bbox 2308 2219 2478 2252; x_wconf 78' lang='lat' dir='ltr'>syllogismos</span> 
     </span>
     <span class='ocr_line' id='line_1_125' title="bbox 1413 2251 1928 2283; baseline 0 -7"><span class='ocrx_word' id='word_1_1152' title='bbox 1413 2251 1559 2281; x_wconf 84' lang='lat' dir='ltr'>habendos,</span> <span class='ocrx_word' id='word_1_1153' title='bbox 1579 2252 1650 2283; x_wconf 89' lang='lat' dir='ltr'>quod</span> <span class='ocrx_word' id='word_1_1154' title='bbox 1663 2252 1860 2283; x_wconf 79' lang='lat' dir='ltr'>propositiones</span> <span class='ocrx_word' id='word_1_1155' title='bbox 1879 2257 1928 2277; x_wconf 87' lang='lat' dir='ltr'>etc.</span> 
     </span>
    </p>

    <p class='ocr_par' dir='ltr' id='par_1_19' title="bbox 1409 2286 2479 3021">
     <span class='ocr_line' id='line_1_126' title="bbox 1467 2286 2475 2321; baseline 0.004 -10"><span class='ocrx_word' id='word_1_1156' title='bbox 1467 2286 1492 2321; x_wconf 89' lang='grc' dir='ltr'>ζ)</span> <span class='ocrx_word' id='word_1_1157' title='bbox 1511 2287 1649 2318; x_wconf 80' lang='lat' dir='ltr'>Accipitur</span> <span class='ocrx_word' id='word_1_1158' title='bbox 1667 2290 1749 2311; x_wconf 83' lang='lat' dir='ltr'>extra</span> <span class='ocrx_word' id='word_1_1159' title='bbox 1762 2287 2013 2312; x_wconf 56' lang='lat' dir='ltr'>extremm-eodm</span> <span class='ocrx_word' id='word_1_1160' title='bbox 2026 2287 2115 2320; x_wconf 88' lang='lat' dir='ltr'>legunt</span> <span class='ocrx_word' id='word_1_1161' title='bbox 2133 2288 2248 2312; x_wconf 84' lang='lat' dir='ltr'>sumitur</span> <span class='ocrx_word' id='word_1_1162' title='bbox 2254 2295 2263 2317; x_wconf 76' lang='lat'>,⁸</span> <span class='ocrx_word' id='word_1_1163' title='bbox 2282 2289 2327 2313; x_wconf 90' lang='lat' dir='ltr'>sed</span> <span class='ocrx_word' id='word_1_1164' title='bbox 2343 2290 2417 2314; x_wconf 89' lang='lat' dir='ltr'>codd.</span> <span class='ocrx_word' id='word_1_1165' title='bbox 2429 2290 2475 2315; x_wconf 85' lang='lat' dir='ltr'>AB</span> 
     </span>
     <span class='ocr_line' id='line_1_127' title="bbox 1414 2322 2478 2356; baseline 0.004 -10"><span class='ocrx_word' id='word_1_1166' title='bbox 1414 2322 1624 2352; x_wconf 87' lang='lat' dir='ltr'>CDEHLMQST</span> <span class='ocrx_word' id='word_1_1167' title='bbox 1639 2326 1664 2346; x_wconf 91' lang='lat' dir='ltr'>et</span> <span class='ocrx_word' id='word_1_1168' title='bbox 1686 2330 1711 2354; x_wconf 89' lang='lat' dir='ltr'>p.</span> <span class='ocrx_word' id='word_1_1169' title='bbox 1727 2330 1763 2347; x_wconf 91' lang='lat' dir='ltr'>m.</span> <span class='ocrx_word' id='word_1_1170' title='bbox 1778 2323 1810 2347; x_wconf 93' lang='lat' dir='ltr'>IN</span> <span class='ocrx_word' id='word_1_1171' title='bbox 1830 2328 1891 2347; x_wconf 89' lang='lat' dir='ltr'>sunt</span> <span class='ocrx_word' id='word_1_1172' title='bbox 1907 2322 1957 2347; x_wconf 91' lang='lat' dir='ltr'>hoc</span> <span class='ocrx_word' id='word_1_1173' title='bbox 1977 2323 2034 2347; x_wconf 87' lang='lat' dir='ltr'>loco</span> <span class='ocrx_word' id='word_1_1174' title='bbox 2053 2323 2170 2347; x_wconf 84' lang='lat' dir='ltr'>mendosi</span> <span class='ocrx_word' id='word_1_1175' title='bbox 2190 2331 2250 2348; x_wconf 89' lang='lat' dir='ltr'>cum</span> <span class='ocrx_word' id='word_1_1176' title='bbox 2267 2323 2360 2348; x_wconf 90' lang='lat' dir='ltr'>iterum</span> <span class='ocrx_word' id='word_1_1177' title='bbox 2379 2331 2478 2356; x_wconf 90' lang='lat' dir='ltr'>ponunt</span> 
     </span>
     <span class='ocr_line' id='line_1_128' title="bbox 1414 2357 2477 2386; baseline 0.004 -5"><span class='ocrx_word' id='word_1_1178' title='bbox 1414 2357 1484 2382; x_wconf 86' lang='lat' dir='ltr'>inter</span> <span class='ocrx_word' id='word_1_1179' title='bbox 1501 2360 1624 2382; x_wconf 83' lang='lat' dir='ltr'>extrema</span> <span class='ocrx_word' id='word_1_1180' title='bbox 1630 2364 1639 2386; x_wconf 87' lang='lat'><em>;</em></span> <span class='ocrx_word' id='word_1_1181' title='bbox 1659 2362 1684 2382; x_wconf 90' lang='lat' dir='ltr'>et</span> <span class='ocrx_word' id='word_1_1182' title='bbox 1702 2358 1760 2382; x_wconf 90' lang='lat' dir='ltr'>ideo</span> <span class='ocrx_word' id='word_1_1183' title='bbox 1778 2358 1876 2382; x_wconf 84' lang='lat' dir='ltr'>nullam</span> <span class='ocrx_word' id='word_1_1184' title='bbox 1895 2357 2063 2382; x_wconf 85' lang='lat' dir='ltr'>differentiam</span> <span class='ocrx_word' id='word_1_1185' title='bbox 2082 2362 2196 2382; x_wconf 83' lang='lat' dir='ltr'>statuunt</span> <span class='ocrx_word' id='word_1_1186' title='bbox 2214 2358 2279 2383; x_wconf 91' lang='lat' dir='ltr'>inter</span> <span class='ocrx_word' id='word_1_1187' title='bbox 2302 2360 2418 2384; x_wconf 88' lang='lat' dir='ltr'>medium</span> <span class='ocrx_word' id='word_1_1188' title='bbox 2436 2368 2477 2386; x_wconf 88' lang='lat' dir='ltr'>ac-</span> 
     </span>
     <span class='ocr_line' id='line_1_129' title="bbox 1414 2391 2476 2425; baseline 0.004 -9"><span class='ocrx_word' id='word_1_1189' title='bbox 1414 2397 1518 2425; x_wconf 89' lang='lat' dir='ltr'>ceptum</span> <span class='ocrx_word' id='word_1_1190' title='bbox 1536 2393 1562 2416; x_wconf 94' lang='lat' dir='ltr'>in</span> <span class='ocrx_word' id='word_1_1191' title='bbox 1581 2393 1664 2425; x_wconf 88' lang='lat' dir='ltr'>prima</span> <span class='ocrx_word' id='word_1_1192' title='bbox 1682 2391 1764 2424; x_wconf 87' lang='lat' dir='ltr'>figura</span> <span class='ocrx_word' id='word_1_1193' title='bbox 1783 2398 1808 2417; x_wconf 90' lang='lat' dir='ltr'>et</span> <span class='ocrx_word' id='word_1_1194' title='bbox 1825 2393 1851 2417; x_wconf 89' lang='lat' dir='ltr'>in</span> <span class='ocrx_word' id='word_1_1195' title='bbox 1871 2394 1984 2417; x_wconf 87' lang='lat' dir='ltr'>secunda</span> <span class='ocrx_word' id='word_1_1196' title='bbox 2007 2392 2089 2425; x_wconf 86' lang='lat' dir='ltr'>figura</span> <span class='ocrx_word' id='word_1_1197' title='bbox 2107 2393 2260 2425; x_wconf 84' lang='lat' dir='ltr'>syllogismi.</span> <span class='ocrx_word' id='word_1_1198' title='bbox 2279 2394 2302 2418; x_wconf 88' lang='lat' dir='ltr'><strong>K</strong></span> <span class='ocrx_word' id='word_1_1199' title='bbox 2321 2399 2346 2419; x_wconf 92' lang='lat' dir='ltr'>et</span> <span class='ocrx_word' id='word_1_1200' title='bbox 2364 2403 2387 2420; x_wconf 89' lang='lat' dir='ltr'>s.</span> <span class='ocrx_word' id='word_1_1201' title='bbox 2401 2403 2437 2420; x_wconf 87' lang='lat' dir='ltr'>m.</span> <span class='ocrx_word' id='word_1_1202' title='bbox 2452 2396 2476 2420; x_wconf 80' lang='lat'>1:</span> 
     </span>
     <span class='ocr_line' id='line_1_130' title="bbox 1413 2428 2478 2460; baseline 0.003 -8"><span class='ocrx_word' id='word_1_1203' title='bbox 1413 2433 1496 2459; x_wconf 82' lang='lat' dir='ltr'>supra</span> <span class='ocrx_word' id='word_1_1204' title='bbox 1521 2431 1658 2456; x_wconf 62' lang='lat' dir='ltr'>extremas</span> <span class='ocrx_word' id='word_1_1205' title='bbox 1676 2435 1759 2459; x_wconf 87' lang='lat' dir='ltr'>supra</span> <span class='ocrx_word' id='word_1_1206' title='bbox 1784 2433 1870 2452; x_wconf 89' lang='lat' dir='ltr'>autem</span> <span class='ocrx_word' id='word_1_1207' title='bbox 1894 2428 1962 2453; x_wconf 90' lang='lat' dir='ltr'>idem</span> <span class='ocrx_word' id='word_1_1208' title='bbox 1982 2428 2007 2452; x_wconf 90' lang='lat' dir='ltr'>in</span> <span class='ocrx_word' id='word_1_1209' title='bbox 2032 2429 2159 2460; x_wconf 88' lang='lat' dir='ltr'>praesenti</span> <span class='ocrx_word' id='word_1_1210' title='bbox 2185 2434 2226 2453; x_wconf 89' lang='lat' dir='ltr'>est</span> <span class='ocrx_word' id='word_1_1211' title='bbox 2244 2437 2273 2453; x_wconf 90' lang='lat' dir='ltr'>ac</span> <span class='ocrx_word' id='word_1_1212' title='bbox 2291 2433 2373 2454; x_wconf 82' lang='lat' dir='ltr'>extra</span> <span class='ocrx_word' id='word_1_1213' title='bbox 2380 2437 2389 2458; x_wconf 90' lang='lat'>,·</span> <span class='ocrx_word' id='word_1_1214' title='bbox 2408 2431 2432 2455; x_wconf 95' lang='grc' dir='ltr'>Ο</span> <span class='ocrx_word' id='word_1_1215' title='bbox 2452 2436 2478 2456; x_wconf 95' lang='lat' dir='ltr'>et</span> 
     </span>
     <span class='ocr_line' id='line_1_131' title="bbox 1413 2463 2478 2498; baseline 0.004 -11"><span class='ocrx_word' id='word_1_1216' title='bbox 1413 2471 1436 2488; x_wconf 90' lang='lat' dir='ltr'>s.</span> <span class='ocrx_word' id='word_1_1217' title='bbox 1451 2471 1486 2488; x_wconf 91' lang='lat' dir='ltr'>m.</span> <span class='ocrx_word' id='word_1_1218' title='bbox 1505 2463 1528 2487; x_wconf 91' lang='lat' dir='ltr'>N</span> <span class='ocrx_word' id='word_1_1219' title='bbox 1547 2463 1642 2487; x_wconf 89' lang='lat' dir='ltr'>habent</span> <span class='ocrx_word' id='word_1_1220' title='bbox 1661 2471 1720 2487; x_wconf 88' lang='lat' dir='ltr'>cum</span> <span class='ocrx_word' id='word_1_1221' title='bbox 1739 2463 1768 2494; x_wconf 87' lang='lat' dir='ltr'>P,</span> <span class='ocrx_word' id='word_1_1222' title='bbox 1787 2466 1885 2492; x_wconf 78' lang='lat' dir='ltr'>extra5</span> <span class='ocrx_word' id='word_1_1223' title='bbox 1904 2463 1927 2488; x_wconf 91' lang='lat' dir='ltr'>G</span> <span class='ocrx_word' id='word_1_1224' title='bbox 1945 2471 1998 2488; x_wconf 91' lang='lat' dir='ltr'>orn.</span> <span class='ocrx_word' id='word_1_1225' title='bbox 2012 2463 2092 2488; x_wconf 88' lang='lat' dir='ltr'>verba</span> <span class='ocrx_word' id='word_1_1226' title='bbox 2110 2464 2225 2489; x_wconf 87' lang='lat' dir='ltr'>medium</span> <span class='ocrx_word' id='word_1_1227' title='bbox 2244 2465 2375 2496; x_wconf 81' lang='lat' dir='ltr'>accipitur</span> <span class='ocrx_word' id='word_1_1228' title='bbox 2393 2474 2478 2498; x_wconf 90' lang='lat' dir='ltr'>usque</span> 
     </span>
     <span class='ocr_line' id='line_1_132' title="bbox 1413 2497 2477 2531; baseline 0.004 -9"><span class='ocrx_word' id='word_1_1229' title='bbox 1413 2498 1445 2523; x_wconf 89' lang='lat' dir='ltr'>ad</span> <span class='ocrx_word' id='word_1_1230' title='bbox 1465 2498 1498 2523; x_wconf 86' lang='lat' dir='ltr'>de</span> <span class='ocrx_word' id='word_1_1231' title='bbox 1515 2498 1553 2523; x_wconf 88' lang='lat' dir='ltr'>eis</span> <span class='ocrx_word' id='word_1_1232' title='bbox 1571 2498 1792 2523; x_wconf 89' lang='lat' dir='ltr'>inclusive.—Sed</span> <span class='ocrx_word' id='word_1_1233' title='bbox 1811 2503 1944 2531; x_wconf 86' lang='lat' dir='ltr'>praeterea</span> <span class='ocrx_word' id='word_1_1234' title='bbox 1967 2499 1999 2523; x_wconf 94' lang='lat' dir='ltr'>de</span> <span class='ocrx_word' id='word_1_1235' title='bbox 2018 2498 2090 2523; x_wconf 86' lang='lat' dir='ltr'>tertia</span> <span class='ocrx_word' id='word_1_1236' title='bbox 2108 2497 2189 2531; x_wconf 83' lang='lat' dir='ltr'>figura</span> <span class='ocrx_word' id='word_1_1237' title='bbox 2207 2499 2271 2524; x_wconf 90' lang='lat' dir='ltr'>haec</span> <span class='ocrx_word' id='word_1_1238' title='bbox 2289 2499 2384 2525; x_wconf 89' lang='lat' dir='ltr'>habent</span> <span class='ocrx_word' id='word_1_1239' title='bbox 2402 2501 2477 2526; x_wconf 90' lang='lat' dir='ltr'>codd.</span> 
     </span>
     <span class='ocr_line' id='line_1_133' title="bbox 1412 2533 2476 2569; baseline 0.004 -12"><span class='ocrx_word' id='word_1_1240' title='bbox 1412 2533 1639 2563; x_wconf 83' lang='lat' dir='ltr'>ADEHLMQST:</span> <span class='ocrx_word' id='word_1_1241' title='bbox 1659 2534 1689 2558; x_wconf 93' lang='lat' dir='ltr'>In</span> <span class='ocrx_word' id='word_1_1242' title='bbox 1710 2533 1790 2558; x_wconf 84' lang='lat' dir='ltr'>tertia</span> <span class='ocrx_word' id='word_1_1243' title='bbox 1810 2541 1872 2558; x_wconf 79' lang='lat' dir='ltr'>vero</span> <span class='ocrx_word' id='word_1_1244' title='bbox 1893 2534 1963 2559; x_wconf 86' lang='lat' dir='ltr'>inter</span> <span class='ocrx_word' id='word_1_1245' title='bbox 1981 2537 2105 2559; x_wconf 84' lang='lat' dir='ltr'>extrema</span> <span class='ocrx_word' id='word_1_1246' title='bbox 2124 2534 2201 2567; x_wconf 84' lang='lat' dir='ltr'>quasi</span> <span class='ocrx_word' id='word_1_1247' title='bbox 2223 2535 2367 2560; x_wconf 84' lang='lat' dir='ltr'>subiectum</span> <span class='ocrx_word' id='word_1_1248' title='bbox 2387 2536 2420 2561; x_wconf 86' lang='lat' dir='ltr'>de</span> <span class='ocrx_word' id='word_1_1249' title='bbox 2438 2537 2476 2569; x_wconf 88' lang='lat' dir='ltr'>(L</span> 
     </span>
     <span class='ocr_line' id='line_1_134' title="bbox 1412 2568 2477 2601; baseline 0.003 -8"><span class='ocrx_word' id='word_1_1250' title='bbox 1412 2576 1466 2594; x_wconf 90' lang='lat' dir='ltr'>om.</span> <span class='ocrx_word' id='word_1_1251' title='bbox 1481 2568 1524 2601; x_wconf 87' lang='lat' dir='ltr'>de)</span> <span class='ocrx_word' id='word_1_1252' title='bbox 1539 2569 1576 2593; x_wconf 83' lang='lat' dir='ltr'>eis</span> <span class='ocrx_word' id='word_1_1253' title='bbox 1581 2576 1591 2598; x_wconf 86' lang='lat'>‚·</span> <span class='ocrx_word' id='word_1_1254' title='bbox 1610 2569 1643 2593; x_wconf 82' lang='lat' dir='ltr'>B:</span> <span class='ocrx_word' id='word_1_1255' title='bbox 1664 2569 1693 2593; x_wconf 92' lang='lat' dir='ltr'>In</span> <span class='ocrx_word' id='word_1_1256' title='bbox 1709 2569 1790 2593; x_wconf 84' lang='lat' dir='ltr'>tertia</span> <span class='ocrx_word' id='word_1_1257' title='bbox 1803 2576 1866 2594; x_wconf 79' lang='lat' dir='ltr'>vero</span> <span class='ocrx_word' id='word_1_1258' title='bbox 1885 2569 1962 2601; x_wconf 83' lang='lat' dir='ltr'>quasi</span> <span class='ocrx_word' id='word_1_1259' title='bbox 1979 2569 2122 2594; x_wconf 80' lang='lat' dir='ltr'>subiectum</span> <span class='ocrx_word' id='word_1_1260' title='bbox 2141 2570 2178 2594; x_wconf 84' lang='lat' dir='ltr'>eis</span> <span class='ocrx_word' id='word_1_1261' title='bbox 2184 2576 2194 2598; x_wconf 87' lang='lat'>,·</span> <span class='ocrx_word' id='word_1_1262' title='bbox 2212 2570 2249 2594; x_wconf 88' lang='lat' dir='ltr'>K:</span> <span class='ocrx_word' id='word_1_1263' title='bbox 2270 2571 2299 2594; x_wconf 89' lang='lat' dir='ltr'>In</span> <span class='ocrx_word' id='word_1_1264' title='bbox 2320 2571 2401 2596; x_wconf 80' lang='lat' dir='ltr'>tertia</span> <span class='ocrx_word' id='word_1_1265' title='bbox 2415 2579 2477 2596; x_wconf 84' lang='lat' dir='ltr'>vero</span> 
     </span>
     <span class='ocr_line' id='line_1_135' title="bbox 1414 2603 2477 2637; baseline 0.003 -9"><span class='ocrx_word' id='word_1_1266' title='bbox 1414 2604 1440 2628; x_wconf 88' lang='lat' dir='ltr'>in</span> <span class='ocrx_word' id='word_1_1267' title='bbox 1452 2604 1549 2637; x_wconf 82' lang='lat' dir='ltr'>figura</span> <span class='ocrx_word' id='word_1_1268' title='bbox 1568 2603 1705 2636; x_wconf 86' lang='lat' dir='ltr'>(corrupte</span> <span class='ocrx_word' id='word_1_1269' title='bbox 1729 2612 1777 2636; x_wconf 92' lang='lat' dir='ltr'>pro</span> <span class='ocrx_word' id='word_1_1270' title='bbox 1800 2604 1889 2637; x_wconf 84' lang='lat' dir='ltr'>infra)</span> <span class='ocrx_word' id='word_1_1271' title='bbox 1909 2607 2046 2633; x_wconf 83' lang='lat' dir='ltr'>extrema,</span> <span class='ocrx_word' id='word_1_1272' title='bbox 2065 2604 2143 2637; x_wconf 85' lang='lat' dir='ltr'>quasi</span> <span class='ocrx_word' id='word_1_1273' title='bbox 2160 2605 2303 2637; x_wconf 80' lang='lat' dir='ltr'>subiectum</span> <span class='ocrx_word' id='word_1_1274' title='bbox 2322 2606 2373 2636; x_wconf 90' lang='lat' dir='ltr'>eis,·</span> <span class='ocrx_word' id='word_1_1275' title='bbox 2391 2607 2426 2631; x_wconf 87' lang='lat' dir='ltr'>N:</span> <span class='ocrx_word' id='word_1_1276' title='bbox 2447 2607 2477 2631; x_wconf 92' lang='lat' dir='ltr'>ln</span> 
     </span>
     <span class='ocr_line' id='line_1_136' title="bbox 1413 2639 2477 2673; baseline 0.003 -10"><span class='ocrx_word' id='word_1_1277' title='bbox 1413 2639 1494 2664; x_wconf 82' lang='lat' dir='ltr'>tertia</span> <span class='ocrx_word' id='word_1_1278' title='bbox 1508 2646 1570 2664; x_wconf 80' lang='lat' dir='ltr'>vero</span> <span class='ocrx_word' id='word_1_1279' title='bbox 1586 2639 1679 2671; x_wconf 85' lang='lat' dir='ltr'>(marg.</span> <span class='ocrx_word' id='word_1_1280' title='bbox 1693 2640 1752 2664; x_wconf 85' lang='lat' dir='ltr'>add.</span> <span class='ocrx_word' id='word_1_1281' title='bbox 1762 2642 1854 2671; x_wconf 79' lang='lat' dir='ltr'>supter</span> <span class='ocrx_word' id='word_1_1282' title='bbox 1867 2640 2001 2671; x_wconf 86' lang='lat' dir='ltr'>extrema)</span> <span class='ocrx_word' id='word_1_1283' title='bbox 2016 2640 2093 2672; x_wconf 83' lang='lat' dir='ltr'>quasi</span> <span class='ocrx_word' id='word_1_1284' title='bbox 2105 2640 2248 2665; x_wconf 83' lang='lat' dir='ltr'>subiectum</span> <span class='ocrx_word' id='word_1_1285' title='bbox 2263 2641 2301 2665; x_wconf 87' lang='lat' dir='ltr'>eis</span> <span class='ocrx_word' id='word_1_1286' title='bbox 2306 2648 2316 2670; x_wconf 86' lang='lat'>,·</span> <span class='ocrx_word' id='word_1_1287' title='bbox 2335 2641 2359 2666; x_wconf 93' lang='lat' dir='ltr'>O</span> <span class='ocrx_word' id='word_1_1288' title='bbox 2374 2642 2477 2673; x_wconf 89' lang='lat' dir='ltr'>omittit,</span> 
     </span>
     <span class='ocr_line' id='line_1_137' title="bbox 1414 2675 2479 2707; baseline 0.003 -8"><span class='ocrx_word' id='word_1_1289' title='bbox 1414 2675 1444 2699; x_wconf 92' lang='lat' dir='ltr'>In</span> <span class='ocrx_word' id='word_1_1290' title='bbox 1459 2675 1540 2699; x_wconf 83' lang='lat' dir='ltr'>tertia</span> <span class='ocrx_word' id='word_1_1291' title='bbox 1553 2682 1638 2707; x_wconf 90' lang='lat' dir='ltr'>usque</span> <span class='ocrx_word' id='word_1_1292' title='bbox 1652 2675 1684 2699; x_wconf 88' lang='lat' dir='ltr'>ad</span> <span class='ocrx_word' id='word_1_1293' title='bbox 1697 2675 1840 2700; x_wconf 88' lang='lat' dir='ltr'>subiectum</span> <span class='ocrx_word' id='word_1_1294' title='bbox 1860 2675 1893 2699; x_wconf 87' lang='lat' dir='ltr'>de</span> <span class='ocrx_word' id='word_1_1295' title='bbox 1910 2675 1946 2699; x_wconf 85' lang='lat' dir='ltr'>eis</span> <span class='ocrx_word' id='word_1_1296' title='bbox 1959 2675 2084 2700; x_wconf 89' lang='lat' dir='ltr'>inclusive</span> <span class='ocrx_word' id='word_1_1297' title='bbox 2092 2682 2099 2705; x_wconf 90' lang='grc'>;</span> <span class='ocrx_word' id='word_1_1298' title='bbox 2114 2675 2151 2699; x_wconf 88' lang='lat' dir='ltr'>R:</span> <span class='ocrx_word' id='word_1_1299' title='bbox 2172 2676 2202 2700; x_wconf 89' lang='lat' dir='ltr'>In</span> <span class='ocrx_word' id='word_1_1300' title='bbox 2216 2676 2331 2700; x_wconf 84' lang='lat' dir='ltr'>secunda</span> <span class='ocrx_word' id='word_1_1301' title='bbox 2349 2680 2437 2702; x_wconf 81' lang='lat' dir='ltr'>autem</span> <span class='ocrx_word' id='word_1_1302' title='bbox 2452 2680 2479 2702; x_wconf 85' lang='lat' dir='ltr'>et</span> 
     </span>
     <span class='ocr_line' id='line_1_138' title="bbox 1413 2709 2475 2743; baseline 0.003 -9"><span class='ocrx_word' id='word_1_1303' title='bbox 1413 2710 1439 2734; x_wconf 88' lang='lat' dir='ltr'>in</span> <span class='ocrx_word' id='word_1_1304' title='bbox 1456 2710 1536 2734; x_wconf 85' lang='lat' dir='ltr'>tertia</span> <span class='ocrx_word' id='word_1_1305' title='bbox 1543 2709 1640 2743; x_wconf 84' lang='lat' dir='ltr'>figura</span> <span class='ocrx_word' id='word_1_1306' title='bbox 1655 2709 1770 2734; x_wconf 88' lang='lat' dir='ltr'>medium</span> <span class='ocrx_word' id='word_1_1307' title='bbox 1784 2710 1899 2735; x_wconf 86' lang='lat' dir='ltr'>sumitur</span> <span class='ocrx_word' id='word_1_1308' title='bbox 1912 2713 1995 2735; x_wconf 85' lang='lat' dir='ltr'>extra</span> <span class='ocrx_word' id='word_1_1309' title='bbox 2004 2713 2136 2735; x_wconf 79' lang='lat' dir='ltr'>extrema.</span> <span class='ocrx_word' id='word_1_1310' title='bbox 2152 2710 2257 2735; x_wconf 84' lang='lat' dir='ltr'>Deinde</span> <span class='ocrx_word' id='word_1_1311' title='bbox 2270 2719 2328 2736; x_wconf 86' lang='lat' dir='ltr'>cum</span> <span class='ocrx_word' id='word_1_1312' title='bbox 2343 2711 2415 2742; x_wconf 80' lang='lat' dir='ltr'>dicit,</span> <span class='ocrx_word' id='word_1_1313' title='bbox 2426 2718 2475 2738; x_wconf 82' lang='lat' dir='ltr'>cet.</span> 
     </span>
     <span class='ocr_line' id='line_1_139' title="bbox 1411 2745 2478 2780; baseline 0.003 -11"><span class='ocrx_word' id='word_1_1314' title='bbox 1411 2750 1441 2769; x_wconf 93' lang='lat' dir='ltr'>ut</span> <span class='ocrx_word' id='word_1_1315' title='bbox 1454 2745 1480 2769; x_wconf 90' lang='lat' dir='ltr'>in</span> <span class='ocrx_word' id='word_1_1316' title='bbox 1493 2753 1550 2777; x_wconf 89' lang='lat' dir='ltr'>seq.</span> <span class='ocrx_word' id='word_1_1317' title='bbox 1565 2745 1810 2770; x_wconf 88' lang='lat' dir='ltr'>numero.—Lectio</span> <span class='ocrx_word' id='word_1_1318' title='bbox 1824 2745 1900 2777; x_wconf 89' lang='lat' dir='ltr'>igitur</span> <span class='ocrx_word' id='word_1_1319' title='bbox 1918 2745 1995 2770; x_wconf 82' lang='lat' dir='ltr'>Piana</span> <span class='ocrx_word' id='word_1_1320' title='bbox 2010 2750 2050 2770; x_wconf 90' lang='lat' dir='ltr'>est</span> <span class='ocrx_word' id='word_1_1321' title='bbox 2070 2753 2191 2778; x_wconf 87' lang='lat' dir='ltr'>germana</span> <span class='ocrx_word' id='word_1_1322' title='bbox 2209 2751 2234 2770; x_wconf 89' lang='lat' dir='ltr'>et</span> <span class='ocrx_word' id='word_1_1323' title='bbox 2251 2746 2391 2778; x_wconf 87' lang='lat' dir='ltr'>retinenda,</span> <span class='ocrx_word' id='word_1_1324' title='bbox 2411 2755 2478 2780; x_wconf 86' lang='lat' dir='ltr'>quae</span> 
     </span>
     <span class='ocr_line' id='line_1_140' title="bbox 1412 2781 2476 2813; baseline 0.003 -9"><span class='ocrx_word' id='word_1_1325' title='bbox 1412 2781 1550 2805; x_wconf 88' lang='lat' dir='ltr'>concordat</span> <span class='ocrx_word' id='word_1_1326' title='bbox 1566 2788 1626 2805; x_wconf 91' lang='lat' dir='ltr'>cum</span> <span class='ocrx_word' id='word_1_1327' title='bbox 1641 2781 1715 2805; x_wconf 89' lang='lat' dir='ltr'>codd.</span> <span class='ocrx_word' id='word_1_1328' title='bbox 1731 2781 1780 2805; x_wconf 92' lang='grc' dir='ltr'>ΚΟ</span> <span class='ocrx_word' id='word_1_1329' title='bbox 1795 2785 1821 2805; x_wconf 87' lang='lat' dir='ltr'>et</span> <span class='ocrx_word' id='word_1_1330' title='bbox 1835 2788 1887 2805; x_wconf 89' lang='lat' dir='ltr'>sec.</span> <span class='ocrx_word' id='word_1_1331' title='bbox 1902 2788 1972 2806; x_wconf 90' lang='lat' dir='ltr'>man.</span> <span class='ocrx_word' id='word_1_1332' title='bbox 1991 2781 2024 2805; x_wconf 89' lang='lat' dir='ltr'>IN</span> <span class='ocrx_word' id='word_1_1333' title='bbox 2039 2781 2125 2813; x_wconf 88' lang='lat' dir='ltr'>quoad</span> <span class='ocrx_word' id='word_1_1334' title='bbox 2140 2782 2249 2813; x_wconf 87' lang='lat' dir='ltr'>primam</span> <span class='ocrx_word' id='word_1_1335' title='bbox 2264 2787 2363 2813; x_wconf 87' lang='lat' dir='ltr'>partem</span> <span class='ocrx_word' id='word_1_1336' title='bbox 2377 2787 2402 2807; x_wconf 93' lang='lat' dir='ltr'>et</span> <span class='ocrx_word' id='word_1_1337' title='bbox 2416 2791 2476 2807; x_wconf 90' lang='lat' dir='ltr'>cum</span> 
     </span>
     <span class='ocr_line' id='line_1_141' title="bbox 1411 2815 2475 2849; baseline 0.002 -9"><span class='ocrx_word' id='word_1_1338' title='bbox 1411 2816 1486 2840; x_wconf 90' lang='lat' dir='ltr'>codd.</span> <span class='ocrx_word' id='word_1_1339' title='bbox 1501 2815 1605 2840; x_wconf 90' lang='lat' dir='ltr'><strong><em>CGIKN</em></strong></span> <span class='ocrx_word' id='word_1_1340' title='bbox 1625 2817 1712 2848; x_wconf 89' lang='lat' dir='ltr'>quoad</span> <span class='ocrx_word' id='word_1_1341' title='bbox 1731 2816 1880 2840; x_wconf 88' lang='lat' dir='ltr'>secundam.</span> <span class='ocrx_word' id='word_1_1342' title='bbox 1899 2816 1961 2840; x_wconf 91' lang='lat' dir='ltr'>Vult</span> <span class='ocrx_word' id='word_1_1343' title='bbox 1975 2815 2045 2840; x_wconf 89' lang='lat' dir='ltr'>enim</span> <span class='ocrx_word' id='word_1_1344' title='bbox 2064 2823 2085 2840; x_wconf 90' lang='lat' dir='ltr'>s.</span> <span class='ocrx_word' id='word_1_1345' title='bbox 2096 2815 2212 2840; x_wconf 87' lang='lat' dir='ltr'>Thomas</span> <span class='ocrx_word' id='word_1_1346' title='bbox 2235 2822 2346 2841; x_wconf 86' lang='lat' dir='ltr'>statuere</span> <span class='ocrx_word' id='word_1_1347' title='bbox 2364 2818 2435 2849; x_wconf 91' lang='lat' dir='ltr'>quod</span> <span class='ocrx_word' id='word_1_1348' title='bbox 2449 2818 2475 2842; x_wconf 92' lang='lat' dir='ltr'>in</span> 
     </span>
     <span class='ocr_line' id='line_1_142' title="bbox 1410 2850 2476 2883; baseline 0.002 -8"><span class='ocrx_word' id='word_1_1349' title='bbox 1410 2852 1494 2883; x_wconf 91' lang='lat' dir='ltr'>prima</span> <span class='ocrx_word' id='word_1_1350' title='bbox 1511 2850 1593 2883; x_wconf 89' lang='lat' dir='ltr'>figura</span> <span class='ocrx_word' id='word_1_1351' title='bbox 1612 2851 1728 2876; x_wconf 87' lang='lat' dir='ltr'>medium</span> <span class='ocrx_word' id='word_1_1352' title='bbox 1742 2851 1853 2875; x_wconf 87' lang='lat' dir='ltr'>sumitur</span> <span class='ocrx_word' id='word_1_1353' title='bbox 1871 2851 1941 2876; x_wconf 86' lang='lat' dir='ltr'>inter</span> <span class='ocrx_word' id='word_1_1354' title='bbox 1959 2856 2070 2875; x_wconf 87' lang='lat' dir='ltr'>extrema</span> <span class='ocrx_word' id='word_1_1355' title='bbox 2076 2851 2147 2881; x_wconf 79' lang='lat' dir='ltr'>3-in</span> <span class='ocrx_word' id='word_1_1356' title='bbox 2166 2852 2280 2876; x_wconf 88' lang='lat' dir='ltr'>secunda</span> <span class='ocrx_word' id='word_1_1357' title='bbox 2299 2855 2380 2876; x_wconf 85' lang='lat' dir='ltr'>extra</span> <span class='ocrx_word' id='word_1_1358' title='bbox 2395 2858 2476 2877; x_wconf 85' lang='lat' dir='ltr'>extre-</span> 
     </span>
     <span class='ocr_line' id='line_1_143' title="bbox 1411 2886 2476 2920; baseline 0.001 -9"><span class='ocrx_word' id='word_1_1359' title='bbox 1411 2886 1532 2917; x_wconf 77' lang='lat' dir='ltr'>ma3-in</span> <span class='ocrx_word' id='word_1_1360' title='bbox 1544 2887 1618 2911; x_wconf 92' lang='lat' dir='ltr'>tertia</span> <span class='ocrx_word' id='word_1_1361' title='bbox 1636 2887 1709 2920; x_wconf 86' lang='lat' dir='ltr'>infra</span> <span class='ocrx_word' id='word_1_1362' title='bbox 1728 2886 1959 2917; x_wconf 82' lang='lat' dir='ltr'>extrema.-Quae</span> <span class='ocrx_word' id='word_1_1363' title='bbox 1978 2891 2007 2910; x_wconf 93' lang='lat' dir='ltr'>ut</span> <span class='ocrx_word' id='word_1_1364' title='bbox 2025 2886 2121 2910; x_wconf 85' lang='lat' dir='ltr'>novitio</span> <span class='ocrx_word' id='word_1_1365' title='bbox 2143 2886 2317 2917; x_wconf 86' lang='lat' dir='ltr'>declaremus,</span> <span class='ocrx_word' id='word_1_1366' title='bbox 2336 2888 2476 2912; x_wconf 89' lang='lat' dir='ltr'>memineat</span> 
     </span>
     <span class='ocr_line' id='line_1_144' title="bbox 1410 2920 2475 2955; baseline 0.001 -9"><span class='ocrx_word' id='word_1_1367' title='bbox 1410 2929 1478 2954; x_wconf 87' lang='lat' dir='ltr'>quae</span> <span class='ocrx_word' id='word_1_1368' title='bbox 1500 2929 1579 2954; x_wconf 89' lang='lat' dir='ltr'>supra</span> <span class='ocrx_word' id='word_1_1369' title='bbox 1598 2922 1707 2946; x_wconf 87' lang='lat' dir='ltr'>diximus</span> <span class='ocrx_word' id='word_1_1370' title='bbox 1726 2922 1783 2946; x_wconf 90' lang='lat' dir='ltr'>lect.</span> <span class='ocrx_word' id='word_1_1371' title='bbox 1801 2929 1856 2952; x_wconf 87' lang='lat' dir='ltr'>vm,</span> <span class='ocrx_word' id='word_1_1372' title='bbox 1870 2930 1895 2945; x_wconf 92' lang='lat' dir='ltr'>n.</span> <span class='ocrx_word' id='word_1_1373' title='bbox 1910 2920 1934 2951; x_wconf 93' lang='lat'>8,</span> <span class='ocrx_word' id='word_1_1374' title='bbox 1954 2921 2061 2946; x_wconf 80' lang='lat' dir='ltr'>scilicet:</span> <span class='ocrx_word' id='word_1_1375' title='bbox 2083 2922 2110 2945; x_wconf 94' lang='lat' dir='ltr'>In</span> <span class='ocrx_word' id='word_1_1376' title='bbox 2125 2921 2278 2954; x_wconf 85' lang='lat' dir='ltr'>syllogismo</span> <span class='ocrx_word' id='word_1_1377' title='bbox 2297 2922 2395 2954; x_wconf 89' lang='lat' dir='ltr'>primae</span> <span class='ocrx_word' id='word_1_1378' title='bbox 2409 2922 2475 2955; x_wconf 89' lang='lat' dir='ltr'>figu-</span> 
     </span>
     <span class='ocr_line' id='line_1_145' title="bbox 1409 2956 2475 2990; baseline 0.001 -8"><span class='ocrx_word' id='word_1_1379' title='bbox 1409 2964 1453 2981; x_wconf 87' lang='lat' dir='ltr'>rae</span> <span class='ocrx_word' id='word_1_1380' title='bbox 1471 2957 1586 2982; x_wconf 89' lang='lat' dir='ltr'>medium</span> <span class='ocrx_word' id='word_1_1381' title='bbox 1606 2957 1749 2982; x_wconf 81' lang='lat' dir='ltr'>terminum</span> <span class='ocrx_word' id='word_1_1382' title='bbox 1768 2964 1828 2982; x_wconf 88' lang='lat' dir='ltr'>esse</span> <span class='ocrx_word' id='word_1_1383' title='bbox 1846 2957 1991 2981; x_wconf 88' lang='lat' dir='ltr'>subiectum</span> <span class='ocrx_word' id='word_1_1384' title='bbox 2017 2956 2126 2981; x_wconf 85' lang='lat' dir='ltr'>maioris</span> <span class='ocrx_word' id='word_1_1385' title='bbox 2144 2957 2326 2989; x_wconf 87' lang='lat' dir='ltr'>propositionis</span> <span class='ocrx_word' id='word_1_1386' title='bbox 2353 2962 2377 2982; x_wconf 92' lang='lat' dir='ltr'>et</span> <span class='ocrx_word' id='word_1_1387' title='bbox 2401 2966 2475 2990; x_wconf 90' lang='lat' dir='ltr'>prae-</span> 
     </span>
     <span class='ocr_line' id='line_1_146' title="bbox 1410 2992 1728 3021; baseline -0.003 -4"><span class='ocrx_word' id='word_1_1388' title='bbox 1410 2992 1523 3017; x_wconf 86' lang='lat' dir='ltr'>dicatum</span> <span class='ocrx_word' id='word_1_1389' title='bbox 1542 2992 1653 3017; x_wconf 85' lang='lat' dir='ltr'>minoris</span> <span class='ocrx_word' id='word_1_1390' title='bbox 1658 2999 1668 3021; x_wconf 90' lang='lat'>,·</span> <span class='ocrx_word' id='word_1_1391' title='bbox 1686 2998 1728 3016; x_wconf 87' lang='lat' dir='ltr'>ut:</span> 
     </span>
    </p>
   </div>
   <div class='ocr_carea' id='block_1_12' title="bbox 1520 3041 2377 3136">
    <p class='ocr_par' dir='ltr' id='par_1_20' title="bbox 1520 3041 2377 3136">
     <span class='ocr_line' id='line_1_147' title="bbox 1521 3041 2377 3070; baseline 0 -4"><span class='ocrx_word' id='word_1_1392' title='bbox 1521 3041 1604 3066; x_wconf 82' lang='lat' dir='ltr'>Omne</span> <span class='ocrx_word' id='word_1_1393' title='bbox 1632 3042 1655 3066; x_wconf 90' lang='lat' dir='ltr'><strong><em>C</em></strong></span> <span class='ocrx_word' id='word_1_1394' title='bbox 1675 3044 1715 3066; x_wconf 82' lang='lat' dir='ltr'>est</span> <span class='ocrx_word' id='word_1_1395' title='bbox 1737 3042 1761 3066; x_wconf 79' lang='lat' dir='ltr'><em>A</em></span> <span class='ocrx_word' id='word_1_1396' title='bbox 1780 3055 1813 3059; x_wconf 75' lang='lat'>—</span> <span class='ocrx_word' id='word_1_1397' title='bbox 1837 3041 1920 3066; x_wconf 85' lang='lat' dir='ltr'>Omne</span> <span class='ocrx_word' id='word_1_1398' title='bbox 1937 3041 2039 3066; x_wconf 85' lang='lat' dir='ltr'>animal</span> <span class='ocrx_word' id='word_1_1399' title='bbox 2057 3041 2188 3066; x_wconf 79' lang='lat' dir='ltr'>rationale</span> <span class='ocrx_word' id='word_1_1400' title='bbox 2205 3045 2245 3066; x_wconf 85' lang='lat' dir='ltr'>est</span> <span class='ocrx_word' id='word_1_1401' title='bbox 2263 3042 2377 3070; x_wconf 81' lang='lat' dir='ltr'>risibile,-</span> 
     </span>
     <span class='ocr_line' id='line_1_148' title="bbox 1521 3076 2368 3105; baseline 0 -4"><span class='ocrx_word' id='word_1_1402' title='bbox 1521 3076 1604 3101; x_wconf 90' lang='lat' dir='ltr'>Omne</span> <span class='ocrx_word' id='word_1_1403' title='bbox 1630 3076 1657 3100; x_wconf 84' lang='lat' dir='ltr'><em>E</em></span> <span class='ocrx_word' id='word_1_1404' title='bbox 1677 3080 1718 3101; x_wconf 85' lang='lat' dir='ltr'>est</span> <span class='ocrx_word' id='word_1_1405' title='bbox 1744 3077 1767 3101; x_wconf 88' lang='lat' dir='ltr'><strong><em>C</em></strong></span> <span class='ocrx_word' id='word_1_1406' title='bbox 1783 3091 1816 3095; x_wconf 92' lang='lat'>-—</span> <span class='ocrx_word' id='word_1_1407' title='bbox 1839 3077 1931 3101; x_wconf 87' lang='lat' dir='ltr'>Omnis</span> <span class='ocrx_word' id='word_1_1408' title='bbox 1949 3077 2028 3101; x_wconf 85' lang='lat' dir='ltr'>homo</span> <span class='ocrx_word' id='word_1_1409' title='bbox 2046 3080 2086 3101; x_wconf 79' lang='lat' dir='ltr'>est</span> <span class='ocrx_word' id='word_1_1410' title='bbox 2103 3077 2204 3101; x_wconf 87' lang='lat' dir='ltr'>animal</span> <span class='ocrx_word' id='word_1_1411' title='bbox 2221 3077 2368 3105; x_wconf 85' lang='lat' dir='ltr'>rationa1e;</span> 
     </span>
     <span class='ocr_line' id='line_1_149' title="bbox 1520 3111 2217 3136; baseline 0 0"><span class='ocrx_word' id='word_1_1412' title='bbox 1520 3111 1603 3136; x_wconf 85' lang='lat' dir='ltr'>Omne</span> <span class='ocrx_word' id='word_1_1413' title='bbox 1628 3112 1655 3136; x_wconf 88' lang='lat' dir='ltr'><em>E</em></span> <span class='ocrx_word' id='word_1_1414' title='bbox 1676 3115 1716 3136; x_wconf 86' lang='lat' dir='ltr'>est</span> <span class='ocrx_word' id='word_1_1415' title='bbox 1739 3113 1763 3136; x_wconf 78' lang='lat' dir='ltr'><em>A</em></span> <span class='ocrx_word' id='word_1_1416' title='bbox 1782 3126 1815 3130; x_wconf 88' lang='lat'><em>-</em></span> <span class='ocrx_word' id='word_1_1417' title='bbox 1839 3111 1931 3136; x_wconf 81' lang='lat' dir='ltr'>Omnis</span> <span class='ocrx_word' id='word_1_1418' title='bbox 1949 3112 2027 3136; x_wconf 89' lang='lat' dir='ltr'>homo</span> <span class='ocrx_word' id='word_1_1419' title='bbox 2045 3115 2085 3136; x_wconf 86' lang='lat' dir='ltr'>est</span> <span class='ocrx_word' id='word_1_1420' title='bbox 2102 3112 2217 3136; x_wconf 79' lang='lat' dir='ltr'>risibilis.</span> 
     </span>
    </p>
   </div>
   <div class='ocr_carea' id='block_1_13' title="bbox 1409 3158 2473 3340">
    <p class='ocr_par' dir='ltr' id='par_1_21' title="bbox 1409 3158 2473 3340">
     <span class='ocr_line' id='line_1_150' title="bbox 1462 3158 2473 3192; baseline 0.001 -9"><span class='ocrx_word' id='word_1_1421' title='bbox 1462 3159 1489 3183; x_wconf 88' lang='lat' dir='ltr'>ln</span> <span class='ocrx_word' id='word_1_1422' title='bbox 1508 3159 1621 3183; x_wconf 86' lang='lat' dir='ltr'>secunda</span> <span class='ocrx_word' id='word_1_1423' title='bbox 1639 3158 1720 3191; x_wconf 86' lang='lat' dir='ltr'>figura</span> <span class='ocrx_word' id='word_1_1424' title='bbox 1740 3159 1854 3184; x_wconf 90' lang='lat' dir='ltr'>medium</span> <span class='ocrx_word' id='word_1_1425' title='bbox 1874 3160 2016 3184; x_wconf 82' lang='lat' dir='ltr'>terminum</span> <span class='ocrx_word' id='word_1_1426' title='bbox 2036 3166 2094 3184; x_wconf 87' lang='lat' dir='ltr'>esse</span> <span class='ocrx_word' id='word_1_1427' title='bbox 2112 3159 2287 3192; x_wconf 87' lang='lat' dir='ltr'>praedicatum</span> <span class='ocrx_word' id='word_1_1428' title='bbox 2306 3165 2361 3184; x_wconf 93' lang='lat' dir='ltr'>tum</span> <span class='ocrx_word' id='word_1_1429' title='bbox 2376 3159 2401 3184; x_wconf 91' lang='lat' dir='ltr'>in</span> <span class='ocrx_word' id='word_1_1430' title='bbox 2416 3166 2473 3184; x_wconf 85' lang='lat' dir='ltr'>ma-</span> 
     </span>
     <span class='ocr_line' id='line_1_151' title="bbox 1409 3194 1778 3223; baseline 0 -5"><span class='ocrx_word' id='word_1_1431' title='bbox 1409 3194 1467 3223; x_wconf 90' lang='lat' dir='ltr'>iori,</span> <span class='ocrx_word' id='word_1_1432' title='bbox 1487 3199 1543 3219; x_wconf 90' lang='lat' dir='ltr'>tum</span> <span class='ocrx_word' id='word_1_1433' title='bbox 1562 3194 1588 3218; x_wconf 91' lang='lat' dir='ltr'>in</span> <span class='ocrx_word' id='word_1_1434' title='bbox 1608 3194 1718 3223; x_wconf 85' lang='lat' dir='ltr'>minori‚·</span> <span class='ocrx_word' id='word_1_1435' title='bbox 1736 3199 1778 3218; x_wconf 85' lang='lat' dir='ltr'>ut:</span> 
     </span>
     <span class='ocr_line' id='line_1_152' title="bbox 1520 3237 2222 3267; baseline 0.001 -5"><span class='ocrx_word' id='word_1_1436' title='bbox 1520 3237 1602 3262; x_wconf 90' lang='lat' dir='ltr'>Omne</span> <span class='ocrx_word' id='word_1_1437' title='bbox 1641 3238 1665 3263; x_wconf 91' lang='lat' dir='ltr'><strong><em>C</em></strong></span> <span class='ocrx_word' id='word_1_1438' title='bbox 1680 3241 1719 3262; x_wconf 86' lang='lat' dir='ltr'>est</span> <span class='ocrx_word' id='word_1_1439' title='bbox 1736 3239 1761 3262; x_wconf 78' lang='lat' dir='ltr'><em>A</em></span> <span class='ocrx_word' id='word_1_1440' title='bbox 1780 3252 1813 3256; x_wconf 82' lang='lat'>——</span> <span class='ocrx_word' id='word_1_1441' title='bbox 1837 3238 1929 3263; x_wconf 86' lang='lat' dir='ltr'>Omnis</span> <span class='ocrx_word' id='word_1_1442' title='bbox 1947 3238 2025 3263; x_wconf 88' lang='lat' dir='ltr'>homo</span> <span class='ocrx_word' id='word_1_1443' title='bbox 2043 3242 2083 3263; x_wconf 82' lang='lat' dir='ltr'>est</span> <span class='ocrx_word' id='word_1_1444' title='bbox 2102 3238 2222 3267; x_wconf 82' lang='lat' dir='ltr'>risibilis,·</span> 
     </span>
     <span class='ocr_line' id='line_1_153' title="bbox 1514 3273 2215 3305; baseline 0.003 -9"><span class='ocrx_word' id='word_1_1445' title='bbox 1514 3273 1623 3297; x_wconf 84' lang='lat' dir='ltr'>Nullum</span> <span class='ocrx_word' id='word_1_1446' title='bbox 1637 3273 1662 3296; x_wconf 89' lang='grc' dir='ltr'><em>Β</em></span> <span class='ocrx_word' id='word_1_1447' title='bbox 1680 3276 1719 3297; x_wconf 83' lang='lat' dir='ltr'>est</span> <span class='ocrx_word' id='word_1_1448' title='bbox 1738 3274 1762 3297; x_wconf 77' lang='lat' dir='ltr'><em>A</em></span> <span class='ocrx_word' id='word_1_1449' title='bbox 1781 3288 1814 3291; x_wconf 81' lang='lat'><em>-</em></span> <span class='ocrx_word' id='word_1_1450' title='bbox 1833 3273 1930 3298; x_wconf 89' lang='lat' dir='ltr'>Nullus</span> <span class='ocrx_word' id='word_1_1451' title='bbox 1948 3273 2016 3305; x_wconf 82' lang='lat' dir='ltr'>Iapis</span> <span class='ocrx_word' id='word_1_1452' title='bbox 2035 3277 2074 3298; x_wconf 86' lang='lat' dir='ltr'>est</span> <span class='ocrx_word' id='word_1_1453' title='bbox 2092 3273 2215 3302; x_wconf 79' lang='lat' dir='ltr'>risibilis,-</span> 
     </span>
     <span class='ocr_line' id='line_1_154' title="bbox 1513 3307 2182 3340; baseline 0.001 -8"><span class='ocrx_word' id='word_1_1454' title='bbox 1513 3307 1623 3332; x_wconf 84' lang='lat' dir='ltr'>Nullum</span> <span class='ocrx_word' id='word_1_1455' title='bbox 1638 3307 1663 3331; x_wconf 89' lang='lat' dir='ltr'><strong><em>B</em></strong></span> <span class='ocrx_word' id='word_1_1456' title='bbox 1681 3311 1721 3332; x_wconf 84' lang='lat' dir='ltr'>est</span> <span class='ocrx_word' id='word_1_1457' title='bbox 1742 3308 1765 3332; x_wconf 90' lang='lat' dir='ltr'><strong><em>C</em></strong></span> <span class='ocrx_word' id='word_1_1458' title='bbox 1781 3322 1813 3325; x_wconf 97' lang='lat'><strong>—</strong></span> <span class='ocrx_word' id='word_1_1459' title='bbox 1833 3308 1929 3333; x_wconf 89' lang='lat' dir='ltr'>Nullus</span> <span class='ocrx_word' id='word_1_1460' title='bbox 1947 3309 2015 3340; x_wconf 81' lang='lat' dir='ltr'>lapis</span> <span class='ocrx_word' id='word_1_1461' title='bbox 2033 3312 2073 3333; x_wconf 87' lang='lat' dir='ltr'>est</span> <span class='ocrx_word' id='word_1_1462' title='bbox 2091 3309 2182 3337; x_wconf 88' lang='lat' dir='ltr'>homo;</span> 
     </span>
    </p>
   </div>
   <div class='ocr_carea' id='block_1_14' title="bbox 1407 3355 2472 3538">
    <p class='ocr_par' dir='ltr' id='par_1_22' title="bbox 1407 3355 2472 3538">
     <span class='ocr_line' id='line_1_155' title="bbox 1457 3355 2472 3396; baseline 0.003 -17"><span class='ocrx_word' id='word_1_1463' title='bbox 1457 3355 1578 3396; x_wconf 68' lang='lat' dir='ltr'>Denique</span> <span class='ocrx_word' id='word_1_1464' title='bbox 1596 3356 1622 3395; x_wconf 78' lang='lat' dir='ltr'>in</span> <span class='ocrx_word' id='word_1_1465' title='bbox 1641 3356 1714 3396; x_wconf 78' lang='lat' dir='ltr'>tertia</span> <span class='ocrx_word' id='word_1_1466' title='bbox 1731 3355 1812 3396; x_wconf 80' lang='lat' dir='ltr'>figura</span> <span class='ocrx_word' id='word_1_1467' title='bbox 1832 3356 1948 3381; x_wconf 86' lang='lat' dir='ltr'>medium</span> <span class='ocrx_word' id='word_1_1468' title='bbox 1967 3357 2108 3381; x_wconf 87' lang='lat' dir='ltr'>terminum</span> <span class='ocrx_word' id='word_1_1469' title='bbox 2129 3364 2188 3381; x_wconf 89' lang='lat' dir='ltr'>esse</span> <span class='ocrx_word' id='word_1_1470' title='bbox 2207 3357 2352 3381; x_wconf 90' lang='lat' dir='ltr'>subiectum</span> <span class='ocrx_word' id='word_1_1471' title='bbox 2371 3362 2427 3382; x_wconf 88' lang='lat' dir='ltr'>tum</span> <span class='ocrx_word' id='word_1_1472' title='bbox 2446 3357 2472 3382; x_wconf 91' lang='lat' dir='ltr'>in</span> 
     </span>
     <span class='ocr_line' id='line_1_156' title="bbox 1407 3396 1810 3420; baseline 0 -5"><span class='ocrx_word' id='word_1_1473' title='bbox 1407 3398 1502 3416; x_wconf 67' lang='lat' dir='ltr'>malon</span> <span class='ocrx_word' id='word_1_1474' title='bbox 1522 3396 1577 3415; x_wconf 75' lang='lat' dir='ltr'>tum</span> <span class='ocrx_word' id='word_1_1475' title='bbox 1596 3399 1622 3414; x_wconf 78' lang='lat'>111</span> <span class='ocrx_word' id='word_1_1476' title='bbox 1641 3398 1751 3420; x_wconf 49' lang='lat' dir='ltr'>minor&amp;</span> <span class='ocrx_word' id='word_1_1477' title='bbox 1768 3396 1810 3415; x_wconf 74' lang='lat' dir='ltr'>Ut:</span> 
     </span>
     <span class='ocr_line' id='line_1_157' title="bbox 1512 3434 2212 3467; baseline 0.001 -8"><span class='ocrx_word' id='word_1_1478' title='bbox 1512 3434 1621 3459; x_wconf 89' lang='lat' dir='ltr'>Nullum</span> <span class='ocrx_word' id='word_1_1479' title='bbox 1641 3435 1665 3459; x_wconf 91' lang='grc' dir='ltr'><strong><em>Β</em></strong></span> <span class='ocrx_word' id='word_1_1480' title='bbox 1678 3438 1718 3459; x_wconf 87' lang='lat' dir='ltr'>est</span> <span class='ocrx_word' id='word_1_1481' title='bbox 1733 3435 1760 3459; x_wconf 91' lang='lat' dir='ltr'>D</span> <span class='ocrx_word' id='word_1_1482' title='bbox 1779 3449 1811 3452; x_wconf 97' lang='lat'><strong>—</strong></span> <span class='ocrx_word' id='word_1_1483' title='bbox 1831 3435 1927 3460; x_wconf 90' lang='lat' dir='ltr'>Nullus</span> <span class='ocrx_word' id='word_1_1484' title='bbox 1945 3435 2013 3467; x_wconf 84' lang='lat' dir='ltr'>lapis</span> <span class='ocrx_word' id='word_1_1485' title='bbox 2031 3439 2071 3460; x_wconf 86' lang='lat' dir='ltr'>est</span> <span class='ocrx_word' id='word_1_1486' title='bbox 2089 3435 2212 3464; x_wconf 78' lang='lat' dir='ltr'>risibilis,-</span> 
     </span>
     <span class='ocr_line' id='line_1_158' title="bbox 1513 3470 2240 3503; baseline 0.003 -9"><span class='ocrx_word' id='word_1_1487' title='bbox 1513 3470 1629 3502; x_wconf 86' lang='lat' dir='ltr'>Aliquod</span> <span class='ocrx_word' id='word_1_1488' title='bbox 1642 3470 1667 3494; x_wconf 94' lang='lat' dir='ltr'><strong><em>B</em></strong></span> <span class='ocrx_word' id='word_1_1489' title='bbox 1679 3473 1719 3494; x_wconf 86' lang='lat' dir='ltr'>est</span> <span class='ocrx_word' id='word_1_1490' title='bbox 1736 3470 1759 3494; x_wconf 92' lang='lat' dir='ltr'><strong><em>C</em></strong></span> <span class='ocrx_word' id='word_1_1491' title='bbox 1779 3484 1812 3488; x_wconf 89' lang='lat'><strong>—</strong></span> <span class='ocrx_word' id='word_1_1492' title='bbox 1830 3470 1933 3502; x_wconf 82' lang='lat' dir='ltr'>Aliquis</span> <span class='ocrx_word' id='word_1_1493' title='bbox 1951 3471 2019 3502; x_wconf 79' lang='lat' dir='ltr'>lapis</span> <span class='ocrx_word' id='word_1_1494' title='bbox 2037 3474 2077 3496; x_wconf 83' lang='lat' dir='ltr'>est</span> <span class='ocrx_word' id='word_1_1495' title='bbox 2089 3471 2224 3503; x_wconf 84' lang='lat' dir='ltr'>pretiosus</span> <span class='ocrx_word' id='word_1_1496' title='bbox 2230 3478 2240 3499; x_wconf 89' lang='lat'><em>;</em></span> 
     </span>
     <span class='ocr_line' id='line_1_159' title="bbox 1513 3505 2400 3538; baseline 0.003 -9"><span class='ocrx_word' id='word_1_1497' title='bbox 1513 3505 1629 3537; x_wconf 82' lang='lat' dir='ltr'>Aliquod</span> <span class='ocrx_word' id='word_1_1498' title='bbox 1646 3505 1669 3530; x_wconf 90' lang='lat' dir='ltr'><strong><em>C</em></strong></span> <span class='ocrx_word' id='word_1_1499' title='bbox 1680 3511 1732 3530; x_wconf 86' lang='lat' dir='ltr'>non</span> <span class='ocrx_word' id='word_1_1500' title='bbox 1747 3508 1786 3530; x_wconf 85' lang='lat' dir='ltr'>est</span> <span class='ocrx_word' id='word_1_1501' title='bbox 1801 3505 1828 3529; x_wconf 93' lang='lat' dir='ltr'>D</span> <span class='ocrx_word' id='word_1_1502' title='bbox 1842 3520 1875 3523; x_wconf 97' lang='lat'><strong>—</strong></span> <span class='ocrx_word' id='word_1_1503' title='bbox 1889 3505 1999 3538; x_wconf 80' lang='lat' dir='ltr'>Aliquid</span> <span class='ocrx_word' id='word_1_1504' title='bbox 2007 3506 2156 3537; x_wconf 82' lang='lat' dir='ltr'>pretiosum</span> <span class='ocrx_word' id='word_1_1505' title='bbox 2172 3513 2223 3531; x_wconf 90' lang='lat' dir='ltr'>non</span> <span class='ocrx_word' id='word_1_1506' title='bbox 2238 3509 2279 3531; x_wconf 87' lang='lat' dir='ltr'>est</span> <span class='ocrx_word' id='word_1_1507' title='bbox 2293 3506 2400 3532; x_wconf 82' lang='lat' dir='ltr'>risibile.</span> 
     </span>
    </p>
   </div>
   <div class='ocr_carea' id='block_1_15' title="bbox 1406 3553 2472 3624">
    <p class='ocr_par' dir='ltr' id='par_1_23' title="bbox 1406 3553 2472 3624">
     <span class='ocr_line' id='line_1_160' title="bbox 1461 3553 2472 3588; baseline 0.003 -10"><span class='ocrx_word' id='word_1_1508' title='bbox 1461 3554 1550 3584; x_wconf 86' lang='lat' dir='ltr'>Porro,</span> <span class='ocrx_word' id='word_1_1509' title='bbox 1569 3561 1630 3578; x_wconf 93' lang='lat' dir='ltr'>cum</span> <span class='ocrx_word' id='word_1_1510' title='bbox 1649 3553 1838 3585; x_wconf 81' lang='lat' dir='ltr'>praedicatum</span> <span class='ocrx_word' id='word_1_1511' title='bbox 1857 3561 1904 3586; x_wconf 89' lang='lat' dir='ltr'>per</span> <span class='ocrx_word' id='word_1_1512' title='bbox 1922 3561 1951 3578; x_wconf 88' lang='lat' dir='ltr'>se</span> <span class='ocrx_word' id='word_1_1513' title='bbox 1969 3554 2002 3578; x_wconf 90' lang='lat' dir='ltr'>sit</span> <span class='ocrx_word' id='word_1_1514' title='bbox 2020 3554 2103 3586; x_wconf 86' lang='lat' dir='ltr'>magis</span> <span class='ocrx_word' id='word_1_1515' title='bbox 2121 3554 2266 3580; x_wconf 84' lang='lat' dir='ltr'>universale</span> <span class='ocrx_word' id='word_1_1516' title='bbox 2290 3563 2370 3588; x_wconf 89' lang='lat' dir='ltr'>quam</span> <span class='ocrx_word' id='word_1_1517' title='bbox 2388 3555 2472 3581; x_wconf 75' lang='lat' dir='ltr'>subie-</span> 
     </span>
     <span class='ocr_line' id='line_1_161' title="bbox 1406 3588 2472 3624; baseline 0.003 -11"><span class='ocrx_word' id='word_1_1518' title='bbox 1406 3592 1477 3614; x_wconf 86' lang='lat' dir='ltr'>ctum</span> <span class='ocrx_word' id='word_1_1519' title='bbox 1497 3588 1546 3621; x_wconf 84' lang='lat' dir='ltr'>(Cf.</span> <span class='ocrx_word' id='word_1_1520' title='bbox 1562 3589 1571 3613; x_wconf 87' lang='lat'>1</span> <span class='ocrx_word' id='word_1_1521' title='bbox 1592 3589 1688 3619; x_wconf 67' lang='lat' dir='ltr'>Periit„</span> <span class='ocrx_word' id='word_1_1522' title='bbox 1708 3589 1766 3613; x_wconf 87' lang='lat' dir='ltr'>lect.</span> <span class='ocrx_word' id='word_1_1523' title='bbox 1779 3597 1807 3619; x_wconf 86' lang='lat' dir='ltr'>x,</span> <span class='ocrx_word' id='word_1_1524' title='bbox 1826 3597 1852 3614; x_wconf 91' lang='lat' dir='ltr'>n.</span> <span class='ocrx_word' id='word_1_1525' title='bbox 1867 3588 1926 3622; x_wconf 85' lang='lat'>23),</span> <span class='ocrx_word' id='word_1_1526' title='bbox 1945 3589 2018 3614; x_wconf 88' lang='lat' dir='ltr'>facile</span> <span class='ocrx_word' id='word_1_1527' title='bbox 2037 3594 2076 3614; x_wconf 88' lang='lat' dir='ltr'>est</span> <span class='ocrx_word' id='word_1_1528' title='bbox 2094 3590 2235 3622; x_wconf 89' lang='lat' dir='ltr'>intelligere</span> <span class='ocrx_word' id='word_1_1529' title='bbox 2254 3591 2325 3623; x_wconf 90' lang='lat' dir='ltr'>quod</span> <span class='ocrx_word' id='word_1_1530' title='bbox 2343 3591 2369 3616; x_wconf 88' lang='lat' dir='ltr'>in</span> <span class='ocrx_word' id='word_1_1531' title='bbox 2388 3591 2472 3624; x_wconf 88' lang='lat' dir='ltr'>prima</span> 
     </span>
    </p>
   </div>
  </div>
 </body>
</html>
