<?xml version="1.0" encoding="UTF-8"?>
<!DOCTYPE html PUBLIC "-//W3C//DTD XHTML 1.0 Transitional//EN"
    "http://www.w3.org/TR/xhtml1/DTD/xhtml1-transitional.dtd">
<html xmlns="http://www.w3.org/1999/xhtml" xml:lang="en" lang="en">
 <head>
  <title>
</title>
<meta http-equiv="Content-Type" content="text/html;charset=utf-8" />
  <meta name='ocr-system' content='tesseract 3.04.00' />
  <meta name='ocr-capabilities' content='ocr_page ocr_carea ocr_par ocr_line ocrx_word'/>
</head>
<body>
  <div class='ocr_page' id='page_1' title='image "./operaomniaiussui01thom_0537.png"; bbox 0 0 2788 4204; ppageno 0'>
   <div class='ocr_carea' id='block_1_1' title="bbox 0 1314 49 3991">
    <p class='ocr_par' dir='ltr' id='par_1_1' title="bbox 0 1314 49 3991">
     <span class='ocr_line' id='line_1_1' title="bbox 0 1314 49 3991; baseline 0 0"><span class='ocrx_word' id='word_1_1' title='bbox 0 1314 49 3991; x_wconf 95' lang='lat' dir='ltr'> </span> 
     </span>
    </p>
   </div>
   <div class='ocr_carea' id='block_1_2' title="bbox 161 390 176 405">
    <p class='ocr_par' dir='ltr' id='par_1_2' title="bbox 161 390 176 405">
     <span class='ocr_line' id='line_1_2' title="bbox 161 390 176 405; baseline 0 0"><span class='ocrx_word' id='word_1_2' title='bbox 161 390 176 405; x_wconf 76' lang='grc' dir='ltr'>α</span> 
     </span>
    </p>
   </div>
   <div class='ocr_carea' id='block_1_3' title="bbox 61 497 275 783">
    <p class='ocr_par' dir='ltr' id='par_1_3' title="bbox 61 497 275 599">
     <span class='ocr_line' id='line_1_3' title="bbox 61 497 275 522; baseline -0.019 -2"><span class='ocrx_word' id='word_1_3' title='bbox 61 499 243 522; x_wconf 67' lang='grc' dir='ltr'>’Λυωῑσικοαεε</span> <span class='ocrx_word' id='word_1_4' title='bbox 251 497 275 517; x_wconf 87' lang='lat' dir='ltr'>et</span> 
     </span>
     <span class='ocr_line' id='line_1_4' title="bbox 62 522 273 550; baseline -0.014 -4"><span class='ocrx_word' id='word_1_5' title='bbox 62 523 178 550; x_wconf 77' lang='lat' dir='ltr'>mortale,</span> <span class='ocrx_word' id='word_1_6' title='bbox 198 526 222 544; x_wconf 87' lang='lat' dir='ltr'>et</span> <span class='ocrx_word' id='word_1_7' title='bbox 242 522 273 544; x_wconf 86' lang='lat' dir='ltr'>ita</span> 
     </span>
     <span class='ocr_line' id='line_1_5' title="bbox 63 551 273 577; baseline -0.014 -4"><span class='ocrx_word' id='word_1_8' title='bbox 63 551 130 577; x_wconf 83' lang='lat' dir='ltr'>infra,</span> <span class='ocrx_word' id='word_1_9' title='bbox 139 555 185 571; x_wconf 90' lang='lat' dir='ltr'>non</span> <span class='ocrx_word' id='word_1_10' title='bbox 195 553 273 571; x_wconf 88' lang='lat' dir='ltr'>tamen</span> 
     </span>
     <span class='ocr_line' id='line_1_6' title="bbox 61 576 216 599; baseline -0.013 0"><span class='ocrx_word' id='word_1_11' title='bbox 61 576 216 599; x_wconf 76' lang='lat' dir='ltr'>uniformiter.</span> 
     </span>
    </p>

    <p class='ocr_par' dir='ltr' id='par_1_4' title="bbox 61 602 274 783">
     <span class='ocr_line' id='line_1_7' title="bbox 61 602 273 632; baseline -0.014 -6"><span class='ocrx_word' id='word_1_12' title='bbox 61 604 73 615; x_wconf 68' lang='lat'>⁸</span> <span class='ocrx_word' id='word_1_13' title='bbox 88 602 214 626; x_wconf 76' lang='lat' dir='ltr'>Codd.-r·:</span> <span class='ocrx_word' id='word_1_14' title='bbox 230 607 273 632; x_wconf 61' lang='lat' dir='ltr'>¹erf—</span> 
     </span>
     <span class='ocr_line' id='line_1_8' title="bbox 62 631 274 658; baseline -0.009 -7"><span class='ocrx_word' id='word_1_15' title='bbox 62 635 105 658; x_wconf 73' lang='lat' dir='ltr'>go.</span> <span class='ocrx_word' id='word_1_16' title='bbox 125 640 135 646; x_wconf 93' lang='lat'><em>—</em></span> <span class='ocrx_word' id='word_1_17' title='bbox 151 631 170 650; x_wconf 74' lang='grc' dir='ltr'>’Ν</span> <span class='ocrx_word' id='word_1_18' title='bbox 188 631 274 650; x_wconf 78' lang='lat' dir='ltr'>omittit</span> 
     </span>
     <span class='ocr_line' id='line_1_9' title="bbox 62 659 272 712; baseline -0.01 -8"><span class='ocrx_word' id='word_1_19' title='bbox 62 659 194 712; x_wconf 51' lang='lat' dir='ltr'>reesa,</span> <span class='ocrx_word' id='word_1_20' title='bbox 221 684 272 702; x_wconf 60' lang='grc' dir='ltr'>ω,-</span> 
     </span>
     <span class='ocr_line' id='line_1_10' title="bbox 64 707 274 739; baseline -0.014 -9"><span class='ocrx_word' id='word_1_21' title='bbox 64 714 134 739; x_wconf 64' lang='lat' dir='ltr'>quam</span> <span class='ocrx_word' id='word_1_22' title='bbox 142 713 220 738; x_wconf 68' lang='lat' dir='ltr'>mator</span> <span class='ocrx_word' id='word_1_23' title='bbox 227 707 274 734; x_wconf 87' lang='lat' dir='ltr'>syl-</span> 
     </span>
     <span class='ocr_line' id='line_1_11' title="bbox 62 735 273 783; baseline -0.019 0"><span class='ocrx_word' id='word_1_24' title='bbox 62 735 164 783; x_wconf 58' lang='grc' dir='ltr'>ὶοὲἐὲῗὲῑ</span> <span class='ocrx_word' id='word_1_25' title='bbox 176 771 186 776; x_wconf 92' lang='grc'>-</span> <span class='ocrx_word' id='word_1_26' title='bbox 200 765 216 780; x_wconf 62' lang='lat'>1.</span> <span class='ocrx_word' id='word_1_27' title='bbox 225 764 273 780; x_wconf 67' lang='lat'>0...</span> 
     </span>
    </p>
   </div>
   <div class='ocr_carea' id='block_1_4' title="bbox 59 785 277 940">
    <p class='ocr_par' dir='ltr' id='par_1_5' title="bbox 60 785 277 902">
     <span class='ocr_line' id='line_1_12' title="bbox 60 785 274 835; baseline -0.009 -28"><span class='ocrx_word' id='word_1_28' title='bbox 60 786 139 835; x_wconf 55' lang='lat' dir='ltr'>W:</span> <span class='ocrx_word' id='word_1_29' title='bbox 152 792 181 807; x_wconf 74' lang='lat' dir='ltr'>a:</span> <span class='ocrx_word' id='word_1_30' title='bbox 196 785 274 813; x_wconf 72' lang='lat' dir='ltr'>sequi-</span> 
     </span>
     <span class='ocr_line' id='line_1_13' title="bbox 89 810 277 858; baseline -0.011 -24"><span class='ocrx_word' id='word_1_31' title='bbox 89 819 103 834; x_wconf 94' lang='lat' dir='ltr'>r</span> <span class='ocrx_word' id='word_1_32' title='bbox 121 818 181 840; x_wconf 72' lang='lat' dir='ltr'>ergo</span> <span class='ocrx_word' id='word_1_33' title='bbox 197 810 277 858; x_wconf 52' lang='lat' dir='ltr'>quoil‘³</span> 
     </span>
     <span class='ocr_line' id='line_1_14' title="bbox 62 839 259 902; baseline -0.01 -15"><span class='ocrx_word' id='word_1_34' title='bbox 62 839 259 902; x_wconf 44' lang='lat' dir='ltr'>strata</span> 
     </span>
    </p>

    <p class='ocr_par' dir='ltr' id='par_1_6' title="bbox 59 896 273 940">
     <span class='ocr_line' id='line_1_15' title="bbox 59 896 273 940; baseline -0.014 -26"><span class='ocrx_word' id='word_1_35' title='bbox 59 897 247 940; x_wconf 48' lang='grc' dir='ltr'>’ἓξυωιιιοκεπ</span> <span class='ocrx_word' id='word_1_36' title='bbox 254 896 273 911; x_wconf 80' lang='lat' dir='ltr'>r:</span> 
     </span>
    </p>
   </div>
   <div class='ocr_carea' id='block_1_5' title="bbox 57 1018 274 1120">
    <p class='ocr_par' dir='ltr' id='par_1_7' title="bbox 57 1018 274 1120">
     <span class='ocr_line' id='line_1_16' title="bbox 63 1018 274 1050; baseline -0.014 -8"><span class='ocrx_word' id='word_1_37' title='bbox 63 1019 73 1029; x_wconf 81' lang='lat'>&#39;</span> <span class='ocrx_word' id='word_1_38' title='bbox 79 1018 154 1042; x_wconf 78' lang='lat' dir='ltr'>codd.</span> <span class='ocrx_word' id='word_1_39' title='bbox 161 1019 218 1045; x_wconf 88' lang='lat' dir='ltr'>(exc.</span> <span class='ocrx_word' id='word_1_40' title='bbox 224 1020 274 1050; x_wconf 44' lang='grc' dir='ltr'><em>Λή..-</em></span> 
     </span>
     <span class='ocr_line' id='line_1_17' title="bbox 57 1044 273 1094; baseline -0.009 0"><span class='ocrx_word' id='word_1_41' title='bbox 57 1051 89 1084; x_wconf 68' lang='lat'>³2²</span> <span class='ocrx_word' id='word_1_42' title='bbox 99 1044 273 1094; x_wconf 54' lang='grc' dir='ltr'>ἔοῗῗ-’ῒίιῗς</span> 
     </span>
     <span class='ocr_line' id='line_1_18' title="bbox 61 1097 177 1120; baseline -0.009 0"><span class='ocrx_word' id='word_1_43' title='bbox 61 1097 119 1120; x_wconf 68' lang='lat' dir='ltr'>talis</span> <span class='ocrx_word' id='word_1_44' title='bbox 133 1099 177 1120; x_wconf 75' lang='lat' dir='ltr'>est.</span> 
     </span>
    </p>
   </div>
   <div class='ocr_carea' id='block_1_6' title="bbox 159 1134 177 1160">
    <p class='ocr_par' dir='ltr' id='par_1_8' title="bbox 159 1134 177 1160">
     <span class='ocr_line' id='line_1_19' title="bbox 159 1134 177 1160; baseline 0 0"><span class='ocrx_word' id='word_1_45' title='bbox 159 1134 177 1160; x_wconf 74' lang='lat' dir='ltr'>&#39;t</span> 
     </span>
    </p>
   </div>
   <div class='ocr_carea' id='block_1_7' title="bbox 1147 300 1652 348">
    <p class='ocr_par' dir='ltr' id='par_1_9' title="bbox 1147 300 1652 348">
     <span class='ocr_line' id='line_1_20' title="bbox 1147 300 1652 348; baseline 0.004 -12"><span class='ocrx_word' id='word_1_46' title='bbox 1147 300 1258 338; x_wconf 91' lang='lat' dir='ltr'>CAP.</span> <span class='ocrx_word' id='word_1_47' title='bbox 1290 303 1356 348; x_wconf 90' lang='lat' dir='ltr'>III,</span> <span class='ocrx_word' id='word_1_48' title='bbox 1387 302 1537 339; x_wconf 91' lang='lat' dir='ltr'>LECT.</span> <span class='ocrx_word' id='word_1_49' title='bbox 1566 302 1652 338; x_wconf 94' lang='lat' dir='ltr'>VIII</span> 
     </span>
    </p>
   </div>
   <div class='ocr_carea' id='block_1_8' title="bbox 300 377 1366 1221">
    <p class='ocr_par' dir='ltr' id='par_1_10' title="bbox 300 377 1365 903">
     <span class='ocr_line' id='line_1_21' title="bbox 303 377 1363 426; baseline 0 -12"><span class='ocrx_word' id='word_1_50' title='bbox 303 384 339 414; x_wconf 90' lang='lat' dir='ltr'>et</span> <span class='ocrx_word' id='word_1_51' title='bbox 366 378 480 414; x_wconf 90' lang='lat' dir='ltr'>altera</span> <span class='ocrx_word' id='word_1_52' title='bbox 498 377 793 426; x_wconf 89' lang='lat' dir='ltr'>praemissarum</span> <span class='ocrx_word' id='word_1_53' title='bbox 814 389 999 415; x_wconf 89' lang='lat' dir='ltr'>conversa</span> <span class='ocrx_word' id='word_1_54' title='bbox 1018 384 1035 399; x_wconf 60' lang='grc' dir='ltr'><em>α</em></span> <span class='ocrx_word' id='word_1_55' title='bbox 1056 378 1289 415; x_wconf 86' lang='lat' dir='ltr'>concluditur</span> <span class='ocrx_word' id='word_1_56' title='bbox 1308 391 1363 415; x_wconf 90' lang='lat' dir='ltr'>re-</span> 
     </span>
     <span class='ocr_line' id='line_1_22' title="bbox 300 430 1365 479; baseline 0.002 -13"><span class='ocrx_word' id='word_1_57' title='bbox 300 430 413 479; x_wconf 89' lang='lat' dir='ltr'>liqua.</span> <span class='ocrx_word' id='word_1_58' title='bbox 436 431 539 467; x_wconf 91' lang='lat' dir='ltr'>Sicut</span> <span class='ocrx_word' id='word_1_59' title='bbox 550 431 589 474; x_wconf 73' lang='lat' dir='ltr'>¹si</span> <span class='ocrx_word' id='word_1_60' title='bbox 608 431 675 468; x_wconf 90' lang='lat' dir='ltr'>fiat</span> <span class='ocrx_word' id='word_1_61' title='bbox 694 431 775 467; x_wconf 90' lang='lat' dir='ltr'>talis</span> <span class='ocrx_word' id='word_1_62' title='bbox 794 431 1050 479; x_wconf 86' lang='lat' dir='ltr'>syllogismus:</span> <span class='ocrx_word' id='word_1_63' title='bbox 1076 431 1194 467; x_wconf 86' lang='lat' dir='ltr'><strong><em>Omne</em></strong></span> <span class='ocrx_word' id='word_1_64' title='bbox 1221 432 1365 468; x_wconf 89' lang='lat' dir='ltr'>animal</span> 
     </span>
     <span class='ocr_line' id='line_1_23' title="bbox 301 484 1363 528; baseline 0 -8"><span class='ocrx_word' id='word_1_65' title='bbox 301 484 485 521; x_wconf 88' lang='lat' dir='ltr'><em>rationale</em></span> <span class='ocrx_word' id='word_1_66' title='bbox 503 484 754 521; x_wconf 75' lang='lat' dir='ltr'>mortale*est</span> <span class='ocrx_word' id='word_1_67' title='bbox 770 484 925 528; x_wconf 81' lang='lat' dir='ltr'>risibile‚·</span> <span class='ocrx_word' id='word_1_68' title='bbox 944 485 1065 521; x_wconf 84' lang='lat' dir='ltr'>omnis</span> <span class='ocrx_word' id='word_1_69' title='bbox 1083 485 1194 520; x_wconf 87' lang='lat' dir='ltr'>homo</span> <span class='ocrx_word' id='word_1_70' title='bbox 1214 490 1268 520; x_wconf 82' lang='lat' dir='ltr'>est</span> <span class='ocrx_word' id='word_1_71' title='bbox 1284 485 1363 521; x_wconf 86' lang='lat' dir='ltr'>ani-</span> 
     </span>
     <span class='ocr_line' id='line_1_24' title="bbox 301 537 1362 586; baseline -0.001 -12"><span class='ocrx_word' id='word_1_72' title='bbox 301 537 381 574; x_wconf 92' lang='lat' dir='ltr'>mal</span> <span class='ocrx_word' id='word_1_73' title='bbox 406 537 589 574; x_wconf 87' lang='lat' dir='ltr'><strong><em>rationale</em></strong></span> <span class='ocrx_word' id='word_1_74' title='bbox 622 537 799 581; x_wconf 89' lang='lat' dir='ltr'>mortale,·</span> <span class='ocrx_word' id='word_1_75' title='bbox 827 549 920 586; x_wconf 83' lang='lat' dir='ltr'>ergo</span> <span class='ocrx_word' id='word_1_76' title='bbox 949 538 1069 575; x_wconf 82' lang='lat' dir='ltr'>omnis</span> <span class='ocrx_word' id='word_1_77' title='bbox 1096 538 1209 573; x_wconf 86' lang='lat' dir='ltr'>homo</span> <span class='ocrx_word' id='word_1_78' title='bbox 1238 543 1292 573; x_wconf 83' lang='lat' dir='ltr'>est</span> <span class='ocrx_word' id='word_1_79' title='bbox 1314 538 1362 573; x_wconf 89' lang='lat' dir='ltr'>ri-</span> 
     </span>
     <span class='ocr_line' id='line_1_25' title="bbox 300 590 1362 638; baseline 0.001 -12"><span class='ocrx_word' id='word_1_80' title='bbox 300 591 452 627; x_wconf 83' lang='lat' dir='ltr'>sibilis:-</span> <span class='ocrx_word' id='word_1_81' title='bbox 463 597 676 627; x_wconf 87' lang='lat' dir='ltr'>assumatur</span> <span class='ocrx_word' id='word_1_82' title='bbox 694 597 821 626; x_wconf 89' lang='lat' dir='ltr'>autem</span> <span class='ocrx_word' id='word_1_83' title='bbox 835 590 855 610; x_wconf 65' lang='lat'>³⁸</span> <span class='ocrx_word' id='word_1_84' title='bbox 866 590 1052 627; x_wconf 81' lang='lat' dir='ltr'>conclusio</span> <span class='ocrx_word' id='word_1_85' title='bbox 1067 598 1250 637; x_wconf 87' lang='lat' dir='ltr'>tanquam</span> <span class='ocrx_word' id='word_1_86' title='bbox 1264 590 1362 638; x_wconf 91' lang='lat' dir='ltr'>prin-</span> 
     </span>
     <span class='ocr_line' id='line_1_26' title="bbox 302 642 1363 693; baseline -0.001 -13"><span class='ocrx_word' id='word_1_87' title='bbox 302 643 442 692; x_wconf 90' lang='lat' dir='ltr'>cipium</span> <span class='ocrx_word' id='word_1_88' title='bbox 469 643 499 689; x_wconf 81' lang='grc'>*,</span> <span class='ocrx_word' id='word_1_89' title='bbox 530 650 566 679; x_wconf 88' lang='lat' dir='ltr'>et</span> <span class='ocrx_word' id='word_1_90' title='bbox 592 642 819 693; x_wconf 85' lang='lat' dir='ltr'>adiungatur</span> <span class='ocrx_word' id='word_1_91' title='bbox 843 642 877 679; x_wconf 90' lang='lat' dir='ltr'>ei</span> <span class='ocrx_word' id='word_1_92' title='bbox 904 643 1030 680; x_wconf 88' lang='lat' dir='ltr'>minor</span> <span class='ocrx_word' id='word_1_93' title='bbox 1057 655 1260 689; x_wconf 87' lang='lat' dir='ltr'>conversa,</span> <span class='ocrx_word' id='word_1_94' title='bbox 1289 643 1363 680; x_wconf 90' lang='lat' dir='ltr'>hoe</span> 
     </span>
     <span class='ocr_line' id='line_1_27' title="bbox 302 695 1364 741; baseline 0 -8"><span class='ocrx_word' id='word_1_95' title='bbox 302 696 437 733; x_wconf 88' lang='lat' dir='ltr'>modo:</span> <span class='ocrx_word' id='word_1_96' title='bbox 462 695 591 732; x_wconf 86' lang='lat' dir='ltr'>Omnis</span> <span class='ocrx_word' id='word_1_97' title='bbox 608 696 720 732; x_wconf 89' lang='lat' dir='ltr'>homo</span> <span class='ocrx_word' id='word_1_98' title='bbox 745 702 800 732; x_wconf 83' lang='lat' dir='ltr'>est</span> <span class='ocrx_word' id='word_1_99' title='bbox 825 695 990 741; x_wconf 84' lang='lat' dir='ltr'>risibilis;</span> <span class='ocrx_word' id='word_1_100' title='bbox 1008 709 1119 733; x_wconf 89' lang='lat' dir='ltr'>omne</span> <span class='ocrx_word' id='word_1_101' title='bbox 1141 696 1286 733; x_wconf 87' lang='lat' dir='ltr'>animal</span> <span class='ocrx_word' id='word_1_102' title='bbox 1303 709 1364 733; x_wconf 89' lang='lat' dir='ltr'>ra-</span> 
     </span>
     <span class='ocr_line' id='line_1_28' title="bbox 302 748 1365 799; baseline 0.001 -14"><span class='ocrx_word' id='word_1_103' title='bbox 302 748 439 785; x_wconf 86' lang='lat' dir='ltr'>tionale</span> <span class='ocrx_word' id='word_1_104' title='bbox 465 748 623 785; x_wconf 86' lang='lat' dir='ltr'>mortale</span> <span class='ocrx_word' id='word_1_105' title='bbox 649 755 702 785; x_wconf 84' lang='lat' dir='ltr'>est</span> <span class='ocrx_word' id='word_1_106' title='bbox 728 750 860 795; x_wconf 86' lang='lat' dir='ltr'>homo;</span> <span class='ocrx_word' id='word_1_107' title='bbox 888 750 1055 797; x_wconf 91' lang='lat' dir='ltr'>sequitur</span> <span class='ocrx_word' id='word_1_108' title='bbox 1073 750 1177 799; x_wconf 92' lang='lat' dir='ltr'>quod</span> <span class='ocrx_word' id='word_1_109' title='bbox 1199 750 1233 796; x_wconf 57' lang='lat'>³³⁸,</span> <span class='ocrx_word' id='word_1_110' title='bbox 1254 762 1365 786; x_wconf 90' lang='lat' dir='ltr'>omne</span> 
     </span>
     <span class='ocr_line' id='line_1_29' title="bbox 303 801 1365 851; baseline 0.001 -13"><span class='ocrx_word' id='word_1_111' title='bbox 303 801 447 838; x_wconf 86' lang='lat' dir='ltr'>animal</span> <span class='ocrx_word' id='word_1_112' title='bbox 473 802 657 839; x_wconf 87' lang='lat' dir='ltr'>rationale</span> <span class='ocrx_word' id='word_1_113' title='bbox 683 803 842 839; x_wconf 89' lang='lat' dir='ltr'>mortale</span> <span class='ocrx_word' id='word_1_114' title='bbox 868 802 916 839; x_wconf 82' lang='lat' dir='ltr'>sit</span> <span class='ocrx_word' id='word_1_115' title='bbox 933 805 951 822; x_wconf 68' lang='lat'>&#39;²¹&#39;</span> <span class='ocrx_word' id='word_1_116' title='bbox 972 803 1131 839; x_wconf 83' lang='lat' dir='ltr'>risibile.-</span> <span class='ocrx_word' id='word_1_117' title='bbox 1160 815 1258 851; x_wconf 89' lang='lat' dir='ltr'>quae</span> <span class='ocrx_word' id='word_1_118' title='bbox 1286 810 1365 839; x_wconf 88' lang='lat' dir='ltr'>erat</span> 
     </span>
     <span class='ocr_line' id='line_1_30' title="bbox 303 855 808 903; baseline 0.002 -13"><span class='ocrx_word' id='word_1_119' title='bbox 303 855 426 891; x_wconf 87' lang='lat' dir='ltr'>maior</span> <span class='ocrx_word' id='word_1_120' title='bbox 453 855 564 903; x_wconf 88' lang='lat' dir='ltr'>primi</span> <span class='ocrx_word' id='word_1_121' title='bbox 593 855 808 903; x_wconf 84' lang='lat' dir='ltr'>syllogismi.</span> 
     </span>
    </p>

    <p class='ocr_par' dir='ltr' id='par_1_11' title="bbox 303 907 1366 1221">
     <span class='ocr_line' id='line_1_31' title="bbox 359 907 1366 957; baseline 0.001 -13"><span class='ocrx_word' id='word_1_122' title='bbox 359 909 392 944; x_wconf 91' lang='lat'>3.</span> <span class='ocrx_word' id='word_1_123' title='bbox 415 907 589 944; x_wconf 89' lang='lat' dir='ltr'>Ostendit</span> <span class='ocrx_word' id='word_1_124' title='bbox 625 915 751 945; x_wconf 85' lang='lat' dir='ltr'>autem</span> <span class='ocrx_word' id='word_1_125' title='bbox 779 908 996 945; x_wconf 90' lang='lat' dir='ltr'>Aristoteles</span> <span class='ocrx_word' id='word_1_126' title='bbox 1014 907 1032 937; x_wconf 68' lang='grc' dir='ltr'><em>Ρ</em></span> <span class='ocrx_word' id='word_1_127' title='bbox 1050 920 1118 957; x_wconf 82' lang='lat' dir='ltr'>per</span> <span class='ocrx_word' id='word_1_128' title='bbox 1151 916 1224 945; x_wconf 87' lang='lat' dir='ltr'>tres</span> <span class='ocrx_word' id='word_1_129' title='bbox 1253 907 1366 945; x_wconf 86' lang='lat' dir='ltr'>ratio-</span> 
     </span>
     <span class='ocr_line' id='line_1_32' title="bbox 303 961 1365 1010; baseline 0 -12"><span class='ocrx_word' id='word_1_130' title='bbox 303 972 370 997; x_wconf 86' lang='lat' dir='ltr'>nes</span> <span class='ocrx_word' id='word_1_131' title='bbox 403 961 507 1008; x_wconf 89' lang='lat' dir='ltr'>quod</span> <span class='ocrx_word' id='word_1_132' title='bbox 540 973 619 998; x_wconf 93' lang='lat' dir='ltr'>non</span> <span class='ocrx_word' id='word_1_133' title='bbox 656 961 834 1010; x_wconf 90' lang='lat' dir='ltr'>contingit</span> <span class='ocrx_word' id='word_1_134' title='bbox 866 961 1091 998; x_wconf 87' lang='lat' dir='ltr'>circulariter</span> <span class='ocrx_word' id='word_1_135' title='bbox 1129 961 1365 998; x_wconf 86' lang='lat' dir='ltr'>demonstra-</span> 
     </span>
     <span class='ocr_line' id='line_1_33' title="bbox 304 1014 1364 1062; baseline -0.001 -11"><span class='ocrx_word' id='word_1_136' title='bbox 304 1026 343 1050; x_wconf 88' lang='lat' dir='ltr'>re</span> <span class='ocrx_word' id='word_1_137' title='bbox 360 1014 390 1050; x_wconf 70' lang='lat'>³¹².</span> <span class='ocrx_word' id='word_1_138' title='bbox 413 1014 586 1060; x_wconf 87' lang='lat' dir='ltr'>Quarum</span> <span class='ocrx_word' id='word_1_139' title='bbox 606 1014 729 1062; x_wconf 88' lang='lat' dir='ltr'>prima</span> <span class='ocrx_word' id='word_1_140' title='bbox 749 1023 804 1051; x_wconf 91' lang='lat' dir='ltr'>est</span> <span class='ocrx_word' id='word_1_141' title='bbox 822 1014 873 1050; x_wconf 72' lang='grc'>**.</span> <span class='ocrx_word' id='word_1_142' title='bbox 897 1016 939 1051; x_wconf 95' lang='lat' dir='ltr'>In</span> <span class='ocrx_word' id='word_1_143' title='bbox 959 1014 1127 1051; x_wconf 91' lang='lat' dir='ltr'>circulari</span> <span class='ocrx_word' id='word_1_144' title='bbox 1147 1014 1364 1062; x_wconf 87' lang='lat' dir='ltr'>syllogismo</span> 
     </span>
     <span class='ocr_line' id='line_1_34' title="bbox 303 1066 1364 1116; baseline -0.001 -13"><span class='ocrx_word' id='word_1_145' title='bbox 303 1066 406 1103; x_wconf 90' lang='lat' dir='ltr'>idem</span> <span class='ocrx_word' id='word_1_146' title='bbox 429 1067 472 1103; x_wconf 88' lang='lat' dir='ltr'>fit</span> <span class='ocrx_word' id='word_1_147' title='bbox 500 1075 536 1104; x_wconf 91' lang='lat' dir='ltr'>et</span> <span class='ocrx_word' id='word_1_148' title='bbox 553 1067 778 1116; x_wconf 89' lang='lat' dir='ltr'>principium</span> <span class='ocrx_word' id='word_1_149' title='bbox 805 1075 840 1103; x_wconf 91' lang='lat' dir='ltr'>et</span> <span class='ocrx_word' id='word_1_150' title='bbox 866 1067 1056 1104; x_wconf 88' lang='lat' dir='ltr'>conclusio</span> <span class='ocrx_word' id='word_1_151' title='bbox 1075 1072 1100 1103; x_wconf 75' lang='lat'>⁷.</span> <span class='ocrx_word' id='word_1_152' title='bbox 1133 1066 1364 1114; x_wconf 88' lang='lat' dir='ltr'>Principium</span> 
     </span>
     <span class='ocr_line' id='line_1_35' title="bbox 303 1119 1364 1168; baseline -0.002 -12"><span class='ocrx_word' id='word_1_153' title='bbox 303 1127 430 1156; x_wconf 89' lang='lat' dir='ltr'>autem</span> <span class='ocrx_word' id='word_1_154' title='bbox 460 1120 789 1156; x_wconf 83' lang='lat' dir='ltr'>demonstrationis</span> <span class='ocrx_word' id='word_1_155' title='bbox 813 1127 868 1156; x_wconf 92' lang='lat' dir='ltr'>est</span> <span class='ocrx_word' id='word_1_156' title='bbox 885 1120 988 1168; x_wconf 90' lang='lat' dir='ltr'>prius</span> <span class='ocrx_word' id='word_1_157' title='bbox 1018 1127 1053 1156; x_wconf 92' lang='lat' dir='ltr'>et</span> <span class='ocrx_word' id='word_1_158' title='bbox 1071 1119 1195 1156; x_wconf 91' lang='lat' dir='ltr'>notius</span> <span class='ocrx_word' id='word_1_159' title='bbox 1215 1119 1364 1155; x_wconf 89' lang='lat' dir='ltr'>conclu-</span> 
     </span>
     <span class='ocr_line' id='line_1_36' title="bbox 303 1170 1365 1221; baseline -0.002 -12"><span class='ocrx_word' id='word_1_160' title='bbox 303 1172 428 1209; x_wconf 87' lang='lat' dir='ltr'>sione:</span> <span class='ocrx_word' id='word_1_161' title='bbox 447 1180 488 1209; x_wconf 92' lang='lat' dir='ltr'>ut</span> <span class='ocrx_word' id='word_1_162' title='bbox 514 1185 628 1221; x_wconf 89' lang='lat' dir='ltr'>supra</span> <span class='ocrx_word' id='word_1_163' title='bbox 647 1180 842 1209; x_wconf 89' lang='lat' dir='ltr'>ostensum</span> <span class='ocrx_word' id='word_1_164' title='bbox 867 1180 931 1209; x_wconf 89' lang='lat' dir='ltr'>est.</span> <span class='ocrx_word' id='word_1_165' title='bbox 954 1172 1130 1220; x_wconf 86' lang='lat' dir='ltr'>Sequitur</span> <span class='ocrx_word' id='word_1_166' title='bbox 1149 1183 1237 1219; x_wconf 88' lang='lat' dir='ltr'>ergo</span> <span class='ocrx_word' id='word_1_167' title='bbox 1261 1170 1365 1219; x_wconf 93' lang='lat' dir='ltr'>quod</span> 
     </span>
    </p>
   </div>
   <div class='ocr_carea' id='block_1_9' title="bbox 303 1371 1374 2605">
    <p class='ocr_par' dir='ltr' id='par_1_12' title="bbox 303 1371 1369 1794">
     <span class='ocr_line' id='line_1_37' title="bbox 357 1371 1366 1411; baseline -0.003 -13"><span class='ocrx_word' id='word_1_168' title='bbox 357 1372 384 1411; x_wconf 72' lang='lat' dir='ltr'>a)</span> <span class='ocrx_word' id='word_1_169' title='bbox 399 1373 503 1407; x_wconf 49' lang='lat' dir='ltr'>Altera-</span> <span class='ocrx_word' id='word_1_170' title='bbox 510 1372 722 1405; x_wconf 72' lang='lat' dir='ltr'>praemissarum</span> <span class='ocrx_word' id='word_1_171' title='bbox 735 1379 871 1407; x_wconf 68' lang='lat' dir='ltr'>conygrsa.</span> <span class='ocrx_word' id='word_1_172' title='bbox 891 1372 1033 1397; x_wconf 83' lang='lat' dir='ltr'>Conversio</span> <span class='ocrx_word' id='word_1_173' title='bbox 1051 1372 1243 1405; x_wconf 80' lang='lat' dir='ltr'>propositionis,</span> <span class='ocrx_word' id='word_1_174' title='bbox 1255 1376 1285 1396; x_wconf 89' lang='lat' dir='ltr'>ut</span> <span class='ocrx_word' id='word_1_175' title='bbox 1302 1371 1366 1396; x_wconf 92' lang='lat' dir='ltr'>indi-</span> 
     </span>
     <span class='ocr_line' id='line_1_38' title="bbox 303 1406 1367 1441; baseline -0.002 -8"><span class='ocrx_word' id='word_1_176' title='bbox 303 1406 419 1434; x_wconf 61' lang='lat' dir='ltr'>cavimus</span> <span class='ocrx_word' id='word_1_177' title='bbox 438 1409 464 1433; x_wconf 92' lang='lat' dir='ltr'>in</span> <span class='ocrx_word' id='word_1_178' title='bbox 483 1408 598 1441; x_wconf 85' lang='lat' dir='ltr'>synopsi,</span> <span class='ocrx_word' id='word_1_179' title='bbox 614 1413 654 1432; x_wconf 89' lang='lat' dir='ltr'>est</span> <span class='ocrx_word' id='word_1_180' title='bbox 671 1408 726 1433; x_wconf 87' lang='lat' dir='ltr'>eius</span> <span class='ocrx_word' id='word_1_181' title='bbox 745 1408 867 1436; x_wconf 78' lang='lat' dir='ltr'>inversio,</span> <span class='ocrx_word' id='word_1_182' title='bbox 886 1408 920 1432; x_wconf 86' lang='lat' dir='ltr'>ita</span> <span class='ocrx_word' id='word_1_183' title='bbox 932 1415 1035 1440; x_wconf 86' lang='lat' dir='ltr'>nempe,</span> <span class='ocrx_word' id='word_1_184' title='bbox 1052 1412 1081 1432; x_wconf 94' lang='lat' dir='ltr'>ut</span> <span class='ocrx_word' id='word_1_185' title='bbox 1094 1406 1166 1441; x_wconf 89' lang='lat' dir='ltr'>(nota</span> <span class='ocrx_word' id='word_1_186' title='bbox 1178 1406 1254 1440; x_wconf 89' lang='lat' dir='ltr'>bene)</span> <span class='ocrx_word' id='word_1_187' title='bbox 1270 1411 1367 1431; x_wconf 88' lang='lat' dir='ltr'>retenta</span> 
     </span>
     <span class='ocr_line' id='line_1_39' title="bbox 304 1442 1367 1476; baseline -0.003 -7"><span class='ocrx_word' id='word_1_188' title='bbox 304 1444 359 1470; x_wconf 89' lang='lat' dir='ltr'>eius</span> <span class='ocrx_word' id='word_1_189' title='bbox 377 1443 489 1474; x_wconf 85' lang='lat' dir='ltr'>veritate,</span> <span class='ocrx_word' id='word_1_190' title='bbox 499 1443 686 1476; x_wconf 80' lang='lat' dir='ltr'>praedicatum</span> <span class='ocrx_word' id='word_1_191' title='bbox 700 1442 744 1468; x_wconf 82' lang='lat' dir='ltr'>fiat</span> <span class='ocrx_word' id='word_1_192' title='bbox 755 1443 907 1472; x_wconf 84' lang='lat' dir='ltr'>subiectum,</span> <span class='ocrx_word' id='word_1_193' title='bbox 922 1448 948 1467; x_wconf 90' lang='lat' dir='ltr'>et</span> <span class='ocrx_word' id='word_1_194' title='bbox 960 1443 1103 1468; x_wconf 83' lang='lat' dir='ltr'>subiectum</span> <span class='ocrx_word' id='word_1_195' title='bbox 1118 1442 1161 1467; x_wconf 88' lang='lat' dir='ltr'>fiat</span> <span class='ocrx_word' id='word_1_196' title='bbox 1170 1443 1367 1474; x_wconf 83' lang='lat' dir='ltr'>praedicatum.</span> 
     </span>
     <span class='ocr_line' id='line_1_40' title="bbox 303 1477 1367 1512; baseline -0.003 -8"><span class='ocrx_word' id='word_1_197' title='bbox 303 1479 342 1505; x_wconf 87' lang='lat' dir='ltr'>Sit</span> <span class='ocrx_word' id='word_1_198' title='bbox 358 1478 422 1504; x_wconf 81' lang='lat' dir='ltr'>haec</span> <span class='ocrx_word' id='word_1_199' title='bbox 444 1479 599 1512; x_wconf 84' lang='lat' dir='ltr'>propositio:</span> <span class='ocrx_word' id='word_1_200' title='bbox 627 1478 718 1504; x_wconf 83' lang='lat' dir='ltr'>Omnis</span> <span class='ocrx_word' id='word_1_201' title='bbox 743 1478 820 1504; x_wconf 88' lang='lat' dir='ltr'>homo</span> <span class='ocrx_word' id='word_1_202' title='bbox 838 1482 878 1503; x_wconf 85' lang='lat' dir='ltr'>est</span> <span class='ocrx_word' id='word_1_203' title='bbox 895 1479 997 1503; x_wconf 89' lang='lat' dir='ltr'>animal</span> <span class='ocrx_word' id='word_1_204' title='bbox 1003 1486 1011 1507; x_wconf 86' lang='lat'><strong><em>;</em></strong></span> <span class='ocrx_word' id='word_1_205' title='bbox 1034 1478 1189 1503; x_wconf 88' lang='lat' dir='ltr'>convertitur</span> <span class='ocrx_word' id='word_1_206' title='bbox 1207 1477 1255 1502; x_wconf 92' lang='lat' dir='ltr'>hoc</span> <span class='ocrx_word' id='word_1_207' title='bbox 1274 1478 1367 1502; x_wconf 89' lang='lat' dir='ltr'>modo:</span> 
     </span>
     <span class='ocr_line' id='line_1_41' title="bbox 303 1513 1369 1547; baseline -0.002 -8"><span class='ocrx_word' id='word_1_208' title='bbox 303 1514 420 1547; x_wconf 78' lang='lat' dir='ltr'>Aliquod</span> <span class='ocrx_word' id='word_1_209' title='bbox 443 1514 544 1539; x_wconf 85' lang='lat' dir='ltr'>animal</span> <span class='ocrx_word' id='word_1_210' title='bbox 567 1517 607 1539; x_wconf 83' lang='lat' dir='ltr'>est</span> <span class='ocrx_word' id='word_1_211' title='bbox 624 1514 710 1539; x_wconf 87' lang='lat' dir='ltr'>homo.</span> <span class='ocrx_word' id='word_1_212' title='bbox 736 1514 773 1538; x_wconf 91' lang='lat' dir='ltr'>Sit</span> <span class='ocrx_word' id='word_1_213' title='bbox 791 1514 854 1538; x_wconf 88' lang='lat' dir='ltr'>haec</span> <span class='ocrx_word' id='word_1_214' title='bbox 876 1514 968 1538; x_wconf 86' lang='lat' dir='ltr'>altera:</span> <span class='ocrx_word' id='word_1_215' title='bbox 993 1514 1089 1538; x_wconf 85' lang='lat' dir='ltr'>Nullus</span> <span class='ocrx_word' id='word_1_216' title='bbox 1107 1514 1184 1538; x_wconf 90' lang='lat' dir='ltr'>homo</span> <span class='ocrx_word' id='word_1_217' title='bbox 1207 1516 1246 1538; x_wconf 87' lang='lat' dir='ltr'>est</span> <span class='ocrx_word' id='word_1_218' title='bbox 1264 1513 1369 1542; x_wconf 82' lang='lat' dir='ltr'>asinus‚·</span> 
     </span>
     <span class='ocr_line' id='line_1_42' title="bbox 304 1547 1368 1583; baseline -0.003 -8"><span class='ocrx_word' id='word_1_219' title='bbox 304 1557 428 1575; x_wconf 86' lang='lat' dir='ltr'>conversa</span> <span class='ocrx_word' id='word_1_220' title='bbox 445 1550 588 1583; x_wconf 83' lang='lat' dir='ltr'>propositio</span> <span class='ocrx_word' id='word_1_221' title='bbox 606 1554 658 1574; x_wconf 87' lang='lat' dir='ltr'>est:</span> <span class='ocrx_word' id='word_1_222' title='bbox 678 1549 775 1574; x_wconf 86' lang='lat' dir='ltr'>Nullus</span> <span class='ocrx_word' id='word_1_223' title='bbox 792 1549 883 1574; x_wconf 80' lang='lat' dir='ltr'>asinus</span> <span class='ocrx_word' id='word_1_224' title='bbox 897 1553 936 1574; x_wconf 87' lang='lat' dir='ltr'>est</span> <span class='ocrx_word' id='word_1_225' title='bbox 954 1549 1164 1574; x_wconf 66' lang='lat' dir='ltr'>homa—Prima</span> <span class='ocrx_word' id='word_1_226' title='bbox 1182 1548 1324 1581; x_wconf 82' lang='lat' dir='ltr'>propositio</span> <span class='ocrx_word' id='word_1_227' title='bbox 1343 1547 1368 1572; x_wconf 90' lang='lat' dir='ltr'>in</span> 
     </span>
     <span class='ocr_line' id='line_1_43' title="bbox 304 1583 1368 1617; baseline -0.002 -7"><span class='ocrx_word' id='word_1_228' title='bbox 304 1585 472 1610; x_wconf 83' lang='lat' dir='ltr'>conversione</span> <span class='ocrx_word' id='word_1_229' title='bbox 486 1585 578 1610; x_wconf 81' lang='lat' dir='ltr'>amittit</span> <span class='ocrx_word' id='word_1_230' title='bbox 590 1585 814 1615; x_wconf 81' lang='lat' dir='ltr'>universalitatem,</span> <span class='ocrx_word' id='word_1_231' title='bbox 834 1584 893 1617; x_wconf 87' lang='lat' dir='ltr'>quia</span> <span class='ocrx_word' id='word_1_232' title='bbox 905 1584 931 1609; x_wconf 88' lang='lat' dir='ltr'>id</span> <span class='ocrx_word' id='word_1_233' title='bbox 949 1584 1025 1616; x_wconf 82' lang='lat' dir='ltr'>exigit</span> <span class='ocrx_word' id='word_1_234' title='bbox 1040 1584 1213 1617; x_wconf 85' lang='lat' dir='ltr'>praedicatum</span> <span class='ocrx_word' id='word_1_235' title='bbox 1233 1583 1368 1615; x_wconf 83' lang='lat' dir='ltr'>(animal)</span> 
     </span>
     <span class='ocr_line' id='line_1_44' title="bbox 304 1619 1367 1654; baseline -0.003 -9"><span class='ocrx_word' id='word_1_236' title='bbox 304 1619 488 1654; x_wconf 83' lang='lat' dir='ltr'>propositionis</span> <span class='ocrx_word' id='word_1_237' title='bbox 511 1619 675 1645; x_wconf 85' lang='lat' dir='ltr'>affirmativae</span> <span class='ocrx_word' id='word_1_238' title='bbox 682 1628 689 1651; x_wconf 87' lang='lat'>;</span> <span class='ocrx_word' id='word_1_239' title='bbox 715 1627 767 1644; x_wconf 92' lang='lat' dir='ltr'>non</span> <span class='ocrx_word' id='word_1_240' title='bbox 786 1620 855 1644; x_wconf 89' lang='lat' dir='ltr'>enim</span> <span class='ocrx_word' id='word_1_241' title='bbox 874 1619 954 1644; x_wconf 89' lang='lat' dir='ltr'>homo</span> <span class='ocrx_word' id='word_1_242' title='bbox 973 1624 1013 1644; x_wconf 90' lang='lat' dir='ltr'>est</span> <span class='ocrx_word' id='word_1_243' title='bbox 1030 1627 1110 1644; x_wconf 88' lang='lat' dir='ltr'>omne</span> <span class='ocrx_word' id='word_1_244' title='bbox 1128 1619 1234 1649; x_wconf 88' lang='lat' dir='ltr'>animal,</span> <span class='ocrx_word' id='word_1_245' title='bbox 1254 1619 1301 1643; x_wconf 86' lang='lat' dir='ltr'>sed</span> <span class='ocrx_word' id='word_1_246' title='bbox 1319 1619 1367 1643; x_wconf 84' lang='lat' dir='ltr'>ali-</span> 
     </span>
     <span class='ocr_line' id='line_1_45' title="bbox 304 1654 1367 1688; baseline -0.003 -7"><span class='ocrx_word' id='word_1_247' title='bbox 304 1656 376 1688; x_wconf 79' lang='lat' dir='ltr'>quod</span> <span class='ocrx_word' id='word_1_248' title='bbox 394 1655 496 1680; x_wconf 88' lang='lat' dir='ltr'>animal.</span> <span class='ocrx_word' id='word_1_249' title='bbox 506 1669 527 1675; x_wconf 91' lang='lat'>-</span> <span class='ocrx_word' id='word_1_250' title='bbox 540 1654 627 1680; x_wconf 85' lang='lat' dir='ltr'>Altera</span> <span class='ocrx_word' id='word_1_251' title='bbox 640 1663 702 1680; x_wconf 90' lang='lat' dir='ltr'>vero</span> <span class='ocrx_word' id='word_1_252' title='bbox 717 1655 808 1679; x_wconf 90' lang='lat' dir='ltr'>retinet</span> <span class='ocrx_word' id='word_1_253' title='bbox 823 1655 848 1679; x_wconf 92' lang='lat' dir='ltr'>in</span> <span class='ocrx_word' id='word_1_254' title='bbox 863 1655 1032 1680; x_wconf 86' lang='lat' dir='ltr'>conversione</span> <span class='ocrx_word' id='word_1_255' title='bbox 1050 1663 1124 1679; x_wconf 85' lang='lat' dir='ltr'>suam</span> <span class='ocrx_word' id='word_1_256' title='bbox 1142 1654 1367 1685; x_wconf 63' lang='lat' dir='ltr'>universalitatem,</span> 
     </span>
     <span class='ocr_line' id='line_1_46' title="bbox 305 1689 1369 1724; baseline -0.003 -8"><span class='ocrx_word' id='word_1_257' title='bbox 305 1691 366 1724; x_wconf 87' lang='lat' dir='ltr'>quia</span> <span class='ocrx_word' id='word_1_258' title='bbox 383 1691 562 1716; x_wconf 85' lang='lat' dir='ltr'>universaliter</span> <span class='ocrx_word' id='word_1_259' title='bbox 580 1698 627 1715; x_wconf 90' lang='lat' dir='ltr'>seu</span> <span class='ocrx_word' id='word_1_260' title='bbox 646 1690 805 1715; x_wconf 85' lang='lat' dir='ltr'>distributive</span> <span class='ocrx_word' id='word_1_261' title='bbox 830 1691 939 1715; x_wconf 85' lang='lat' dir='ltr'>sumitur</span> <span class='ocrx_word' id='word_1_262' title='bbox 957 1690 1130 1723; x_wconf 88' lang='lat' dir='ltr'>praedicatum</span> <span class='ocrx_word' id='word_1_263' title='bbox 1149 1690 1174 1714; x_wconf 90' lang='lat' dir='ltr'>in</span> <span class='ocrx_word' id='word_1_264' title='bbox 1194 1689 1369 1723; x_wconf 88' lang='lat' dir='ltr'>propositione</span> 
     </span>
     <span class='ocr_line' id='line_1_47' title="bbox 305 1725 1368 1759; baseline -0.004 -7"><span class='ocrx_word' id='word_1_265' title='bbox 305 1726 436 1759; x_wconf 79' lang='lat' dir='ltr'>negativa:</span> <span class='ocrx_word' id='word_1_266' title='bbox 456 1726 522 1751; x_wconf 89' lang='lat' dir='ltr'>sicut</span> <span class='ocrx_word' id='word_1_267' title='bbox 535 1726 604 1751; x_wconf 90' lang='lat' dir='ltr'>enim</span> <span class='ocrx_word' id='word_1_268' title='bbox 618 1733 708 1750; x_wconf 89' lang='lat' dir='ltr'>verum</span> <span class='ocrx_word' id='word_1_269' title='bbox 722 1730 762 1750; x_wconf 89' lang='lat' dir='ltr'>est</span> <span class='ocrx_word' id='word_1_270' title='bbox 776 1726 847 1758; x_wconf 91' lang='lat' dir='ltr'>quod</span> <span class='ocrx_word' id='word_1_271' title='bbox 866 1727 953 1751; x_wconf 86' lang='lat' dir='ltr'>nullus</span> <span class='ocrx_word' id='word_1_272' title='bbox 969 1726 1049 1750; x_wconf 85' lang='lat' dir='ltr'>homo</span> <span class='ocrx_word' id='word_1_273' title='bbox 1064 1730 1104 1750; x_wconf 91' lang='lat' dir='ltr'>est</span> <span class='ocrx_word' id='word_1_274' title='bbox 1118 1725 1215 1755; x_wconf 86' lang='lat' dir='ltr'>asinus,</span> <span class='ocrx_word' id='word_1_275' title='bbox 1230 1725 1263 1749; x_wconf 84' lang='lat' dir='ltr'>ita</span> <span class='ocrx_word' id='word_1_276' title='bbox 1277 1731 1368 1748; x_wconf 91' lang='lat' dir='ltr'>verum</span> 
     </span>
     <span class='ocr_line' id='line_1_48' title="bbox 307 1761 813 1794; baseline -0.004 -7"><span class='ocrx_word' id='word_1_277' title='bbox 307 1767 347 1787; x_wconf 74' lang='lat' dir='ltr'>eet</span> <span class='ocrx_word' id='word_1_278' title='bbox 365 1762 541 1794; x_wconf 71' lang='lat' dir='ltr'>quodnullus</span> <span class='ocrx_word' id='word_1_279' title='bbox 560 1761 647 1786; x_wconf 88' lang='lat' dir='ltr'>asinus</span> <span class='ocrx_word' id='word_1_280' title='bbox 666 1765 707 1786; x_wconf 87' lang='lat' dir='ltr'>est</span> <span class='ocrx_word' id='word_1_281' title='bbox 724 1761 813 1786; x_wconf 89' lang='lat' dir='ltr'>homo.</span> 
     </span>
    </p>

    <p class='ocr_par' dir='ltr' id='par_1_13' title="bbox 306 1795 1371 1898">
     <span class='ocr_line' id='line_1_49' title="bbox 361 1795 1369 1831; baseline -0.003 -9"><span class='ocrx_word' id='word_1_282' title='bbox 361 1796 386 1831; x_wconf 87' lang='grc' dir='ltr'>β)</span> <span class='ocrx_word' id='word_1_283' title='bbox 410 1796 532 1822; x_wconf 78' lang='lat' dir='ltr'>Ostendit</span> <span class='ocrx_word' id='word_1_284' title='bbox 548 1799 637 1821; x_wconf 80' lang='lat' dir='ltr'>autem</span> <span class='ocrx_word' id='word_1_285' title='bbox 651 1796 813 1821; x_wconf 79' lang='lat' dir='ltr'>Aristoteles.</span> <span class='ocrx_word' id='word_1_286' title='bbox 828 1797 864 1821; x_wconf 89' lang='lat' dir='ltr'>lta</span> <span class='ocrx_word' id='word_1_287' title='bbox 877 1797 960 1827; x_wconf 69' lang='lat' dir='ltr'>codd„</span> <span class='ocrx_word' id='word_1_288' title='bbox 975 1800 1080 1828; x_wconf 86' lang='lat' dir='ltr'>excepto</span> <span class='ocrx_word' id='word_1_289' title='bbox 1095 1796 1131 1820; x_wconf 86' lang='lat' dir='ltr'>N:</span> <span class='ocrx_word' id='word_1_290' title='bbox 1151 1795 1267 1820; x_wconf 82' lang='lat' dir='ltr'>ostendit</span> <span class='ocrx_word' id='word_1_291' title='bbox 1280 1798 1369 1819; x_wconf 87' lang='lat' dir='ltr'>autem</span> 
     </span>
     <span class='ocr_line' id='line_1_50' title="bbox 307 1830 1371 1864; baseline -0.003 -7"><span class='ocrx_word' id='word_1_292' title='bbox 307 1831 634 1864; x_wconf 58' lang='lat' dir='ltr'>Philosophus-codices</span> <span class='ocrx_word' id='word_1_293' title='bbox 652 1837 738 1856; x_wconf 85' lang='lat' dir='ltr'>tamen</span> <span class='ocrx_word' id='word_1_294' title='bbox 757 1832 837 1856; x_wconf 81' lang='lat' dir='ltr'>ABGl</span> <span class='ocrx_word' id='word_1_295' title='bbox 851 1832 953 1862; x_wconf 82' lang='lat' dir='ltr'>habent,</span> <span class='ocrx_word' id='word_1_296' title='bbox 972 1831 1088 1856; x_wconf 79' lang='lat' dir='ltr'>ostendit</span> <span class='ocrx_word' id='word_1_297' title='bbox 1105 1838 1170 1863; x_wconf 85' lang='lat' dir='ltr'>ergo</span> <span class='ocrx_word' id='word_1_298' title='bbox 1181 1830 1371 1855; x_wconf 76' lang='lat' dir='ltr'>Aristoteles.-</span> 
     </span>
     <span class='ocr_line' id='line_1_51' title="bbox 306 1867 836 1898; baseline -0.002 -6"><span class='ocrx_word' id='word_1_299' title='bbox 306 1867 355 1892; x_wconf 86' lang='lat' dir='ltr'>Ed.</span> <span class='ocrx_word' id='word_1_300' title='bbox 367 1867 460 1892; x_wconf 76' lang='lat' dir='ltr'>Plana:</span> <span class='ocrx_word' id='word_1_301' title='bbox 479 1867 596 1892; x_wconf 79' lang='lat' dir='ltr'>ostendit</span> <span class='ocrx_word' id='word_1_302' title='bbox 615 1870 703 1892; x_wconf 86' lang='lat' dir='ltr'>autem</span> <span class='ocrx_word' id='word_1_303' title='bbox 718 1874 770 1898; x_wconf 82' lang='lat' dir='ltr'>per</span> <span class='ocrx_word' id='word_1_304' title='bbox 788 1872 836 1891; x_wconf 91' lang='lat' dir='ltr'>etc.</span> 
     </span>
    </p>

    <p class='ocr_par' dir='ltr' id='par_1_14' title="bbox 305 1901 1374 2571">
     <span class='ocr_line' id='line_1_52' title="bbox 360 1901 1370 1935; baseline -0.003 -8"><span class='ocrx_word' id='word_1_305' title='bbox 360 1902 485 1932; x_wconf 83' lang='lat' dir='ltr'>Novitius,</span> <span class='ocrx_word' id='word_1_306' title='bbox 499 1907 638 1934; x_wconf 77' lang='lat' dir='ltr'>antequam</span> <span class='ocrx_word' id='word_1_307' title='bbox 652 1902 764 1926; x_wconf 87' lang='lat' dir='ltr'>rationes</span> <span class='ocrx_word' id='word_1_308' title='bbox 777 1902 838 1926; x_wconf 88' lang='lat' dir='ltr'>istas</span> <span class='ocrx_word' id='word_1_309' title='bbox 857 1906 997 1935; x_wconf 81' lang='lat' dir='ltr'>percurrat,</span> <span class='ocrx_word' id='word_1_310' title='bbox 1011 1906 1164 1934; x_wconf 81' lang='lat' dir='ltr'>praenoscat</span> <span class='ocrx_word' id='word_1_311' title='bbox 1177 1908 1245 1933; x_wconf 81' lang='lat' dir='ltr'>quae</span> <span class='ocrx_word' id='word_1_312' title='bbox 1259 1901 1285 1924; x_wconf 93' lang='lat' dir='ltr'>in</span> <span class='ocrx_word' id='word_1_313' title='bbox 1297 1901 1370 1925; x_wconf 88' lang='lat' dir='ltr'>omni</span> 
     </span>
     <span class='ocr_line' id='line_1_53' title="bbox 307 1936 1370 1970; baseline -0.003 -7"><span class='ocrx_word' id='word_1_314' title='bbox 307 1937 526 1963; x_wconf 77' lang='lat' dir='ltr'>demonstratione</span> <span class='ocrx_word' id='word_1_315' title='bbox 544 1942 605 1962; x_wconf 89' lang='lat' dir='ltr'>sunt</span> <span class='ocrx_word' id='word_1_316' title='bbox 623 1938 758 1966; x_wconf 86' lang='lat' dir='ltr'>elementa,</span> <span class='ocrx_word' id='word_1_317' title='bbox 778 1942 804 1962; x_wconf 90' lang='lat' dir='ltr'>et</span> <span class='ocrx_word' id='word_1_318' title='bbox 822 1945 852 1962; x_wconf 88' lang='lat' dir='ltr'>ex</span> <span class='ocrx_word' id='word_1_319' title='bbox 871 1945 924 1970; x_wconf 93' lang='lat' dir='ltr'>quo</span> <span class='ocrx_word' id='word_1_320' title='bbox 938 1937 1019 1969; x_wconf 77' lang='lat' dir='ltr'>eapite</span> <span class='ocrx_word' id='word_1_321' title='bbox 1038 1942 1163 1970; x_wconf 87' lang='lat' dir='ltr'>repugnet</span> <span class='ocrx_word' id='word_1_322' title='bbox 1182 1936 1311 1960; x_wconf 85' lang='lat' dir='ltr'>circularis</span> <span class='ocrx_word' id='word_1_323' title='bbox 1326 1936 1370 1960; x_wconf 92' lang='lat' dir='ltr'>de-</span> 
     </span>
     <span class='ocr_line' id='line_1_54' title="bbox 306 1971 1370 2005; baseline -0.003 -7"><span class='ocrx_word' id='word_1_324' title='bbox 306 1973 458 1998; x_wconf 81' lang='lat' dir='ltr'>monstratio</span> <span class='ocrx_word' id='word_1_325' title='bbox 482 1973 580 2005; x_wconf 89' lang='lat' dir='ltr'>optime</span> <span class='ocrx_word' id='word_1_326' title='bbox 604 1972 735 2004; x_wconf 86' lang='lat' dir='ltr'>intelligat.</span> <span class='ocrx_word' id='word_1_327' title='bbox 760 1973 818 1997; x_wconf 90' lang='lat' dir='ltr'>Duo</span> <span class='ocrx_word' id='word_1_328' title='bbox 837 1973 914 2005; x_wconf 87' lang='lat' dir='ltr'>igitur</span> <span class='ocrx_word' id='word_1_329' title='bbox 937 1976 998 1996; x_wconf 90' lang='lat' dir='ltr'>sunt</span> <span class='ocrx_word' id='word_1_330' title='bbox 1017 1972 1194 2003; x_wconf 84' lang='lat' dir='ltr'>distinguenda</span> <span class='ocrx_word' id='word_1_331' title='bbox 1219 1972 1244 1996; x_wconf 90' lang='lat' dir='ltr'>in</span> <span class='ocrx_word' id='word_1_332' title='bbox 1263 1971 1370 1995; x_wconf 88' lang='lat' dir='ltr'>demon-</span> 
     </span>
     <span class='ocr_line' id='line_1_55' title="bbox 308 2007 1370 2041; baseline -0.003 -7"><span class='ocrx_word' id='word_1_333' title='bbox 308 2009 438 2039; x_wconf 87' lang='lat' dir='ltr'>stratione,</span> <span class='ocrx_word' id='word_1_334' title='bbox 456 2015 551 2041; x_wconf 85' lang='lat' dir='ltr'>nempe</span> <span class='ocrx_word' id='word_1_335' title='bbox 566 2015 607 2041; x_wconf 60' lang='lat' dir='ltr'>rga</span> <span class='ocrx_word' id='word_1_336' title='bbox 622 2008 803 2038; x_wconf 83' lang='lat' dir='ltr'>demonstrata,</span> <span class='ocrx_word' id='word_1_337' title='bbox 823 2013 848 2033; x_wconf 88' lang='lat' dir='ltr'>et</span> <span class='ocrx_word' id='word_1_338' title='bbox 866 2008 923 2040; x_wconf 87' lang='lat' dir='ltr'>ipsa</span> <span class='ocrx_word' id='word_1_339' title='bbox 941 2007 1133 2041; x_wconf 65' lang='lat' dir='ltr'>demonstratio</span> <span class='ocrx_word' id='word_1_340' title='bbox 1147 2015 1194 2032; x_wconf 90' lang='lat' dir='ltr'>seu</span> <span class='ocrx_word' id='word_1_341' title='bbox 1209 2012 1299 2031; x_wconf 83' lang='lat' dir='ltr'>natura</span> <span class='ocrx_word' id='word_1_342' title='bbox 1317 2007 1370 2039; x_wconf 91' lang='lat' dir='ltr'>syl-</span> 
     </span>
     <span class='ocr_line' id='line_1_56' title="bbox 308 2042 1370 2077; baseline -0.003 -8"><span class='ocrx_word' id='word_1_343' title='bbox 308 2043 411 2077; x_wconf 81' lang='lat' dir='ltr'>logismi</span> <span class='ocrx_word' id='word_1_344' title='bbox 435 2043 643 2073; x_wconf 81' lang='lat' dir='ltr'>demonstrativi,</span> <span class='ocrx_word' id='word_1_345' title='bbox 669 2051 722 2075; x_wconf 89' lang='lat' dir='ltr'>quo</span> <span class='ocrx_word' id='word_1_346' title='bbox 741 2050 783 2068; x_wconf 84' lang='lat' dir='ltr'>res</span> <span class='ocrx_word' id='word_1_347' title='bbox 808 2043 1017 2068; x_wconf 87' lang='lat' dir='ltr'>demonstratur:</span> <span class='ocrx_word' id='word_1_348' title='bbox 1048 2048 1074 2067; x_wconf 89' lang='lat' dir='ltr'>et</span> <span class='ocrx_word' id='word_1_349' title='bbox 1098 2050 1128 2067; x_wconf 87' lang='lat' dir='ltr'>ex</span> <span class='ocrx_word' id='word_1_350' title='bbox 1153 2048 1264 2074; x_wconf 89' lang='lat' dir='ltr'>utroque</span> <span class='ocrx_word' id='word_1_351' title='bbox 1289 2042 1370 2074; x_wconf 90' lang='lat' dir='ltr'>capite</span> 
     </span>
     <span class='ocr_line' id='line_1_57' title="bbox 307 2077 1370 2112; baseline -0.002 -8"><span class='ocrx_word' id='word_1_352' title='bbox 307 2079 463 2112; x_wconf 86' lang='lat' dir='ltr'>proveniunt</span> <span class='ocrx_word' id='word_1_353' title='bbox 481 2078 639 2103; x_wconf 85' lang='lat' dir='ltr'>conditiones</span> <span class='ocrx_word' id='word_1_354' title='bbox 659 2078 804 2103; x_wconf 85' lang='lat' dir='ltr'>necessario</span> <span class='ocrx_word' id='word_1_355' title='bbox 822 2079 960 2111; x_wconf 83' lang='lat' dir='ltr'>requisitae</span> <span class='ocrx_word' id='word_1_356' title='bbox 979 2079 1011 2103; x_wconf 86' lang='lat' dir='ltr'>ad</span> <span class='ocrx_word' id='word_1_357' title='bbox 1030 2078 1311 2103; x_wconf 85' lang='lat' dir='ltr'>demonstrationem.-</span> <span class='ocrx_word' id='word_1_358' title='bbox 1326 2077 1370 2102; x_wconf 79' lang='lat' dir='ltr'>Et-</span> 
     </span>
     <span class='ocr_line' id='line_1_58' title="bbox 305 2114 1370 2147; baseline -0.003 -7"><span class='ocrx_word' id='word_1_359' title='bbox 305 2114 378 2140; x_wconf 80' lang='lat' dir='ltr'>enim</span> <span class='ocrx_word' id='word_1_360' title='bbox 397 2122 434 2140; x_wconf 80' lang='lat' dir='ltr'>ex·</span> <span class='ocrx_word' id='word_1_361' title='bbox 446 2119 518 2147; x_wconf 49' lang='lat' dir='ltr'>parte</span> <span class='ocrx_word' id='word_1_362' title='bbox 536 2121 626 2146; x_wconf 53' lang='lat' dir='ltr'>regam</span> <span class='ocrx_word' id='word_1_363' title='bbox 644 2114 782 2147; x_wconf 87' lang='lat' dir='ltr'>requiritur</span> <span class='ocrx_word' id='word_1_364' title='bbox 801 2114 947 2139; x_wconf 85' lang='lat' dir='ltr'>necessario</span> <span class='ocrx_word' id='word_1_365' title='bbox 966 2114 1090 2139; x_wconf 86' lang='lat' dir='ltr'>connexio</span> <span class='ocrx_word' id='word_1_366' title='bbox 1109 2114 1291 2139; x_wconf 84' lang='lat' dir='ltr'>terminorum:</span> <span class='ocrx_word' id='word_1_367' title='bbox 1310 2121 1370 2137; x_wconf 87' lang='lat' dir='ltr'>narn</span> 
     </span>
     <span class='ocr_line' id='line_1_59' title="bbox 308 2149 1371 2182; baseline -0.002 -8"><span class='ocrx_word' id='word_1_368' title='bbox 308 2150 367 2175; x_wconf 83' lang='lat' dir='ltr'>ideo</span> <span class='ocrx_word' id='word_1_369' title='bbox 381 2150 513 2174; x_wconf 87' lang='lat' dir='ltr'>conclusio</span> <span class='ocrx_word' id='word_1_370' title='bbox 525 2149 639 2181; x_wconf 85' lang='lat' dir='ltr'>infertur,</span> <span class='ocrx_word' id='word_1_371' title='bbox 655 2150 715 2182; x_wconf 90' lang='lat' dir='ltr'>quia</span> <span class='ocrx_word' id='word_1_372' title='bbox 732 2157 791 2174; x_wconf 91' lang='lat' dir='ltr'>cum</span> <span class='ocrx_word' id='word_1_373' title='bbox 811 2149 960 2181; x_wconf 80' lang='lat' dir='ltr'>praemissis</span> <span class='ocrx_word' id='word_1_374' title='bbox 979 2156 1093 2174; x_wconf 87' lang='lat' dir='ltr'>connexa</span> <span class='ocrx_word' id='word_1_375' title='bbox 1107 2154 1159 2179; x_wconf 90' lang='lat' dir='ltr'>est;</span> <span class='ocrx_word' id='word_1_376' title='bbox 1179 2149 1205 2173; x_wconf 90' lang='lat' dir='ltr'>in</span> <span class='ocrx_word' id='word_1_377' title='bbox 1215 2149 1371 2181; x_wconf 81' lang='lat' dir='ltr'>praemissis</span> 
     </span>
     <span class='ocr_line' id='line_1_60' title="bbox 309 2183 1371 2218; baseline -0.002 -8"><span class='ocrx_word' id='word_1_378' title='bbox 309 2190 397 2210; x_wconf 85' lang='lat' dir='ltr'>autem</span> <span class='ocrx_word' id='word_1_379' title='bbox 418 2185 520 2210; x_wconf 90' lang='lat' dir='ltr'>termini</span> <span class='ocrx_word' id='word_1_380' title='bbox 540 2185 714 2210; x_wconf 87' lang='lat' dir='ltr'>conclusionis</span> <span class='ocrx_word' id='word_1_381' title='bbox 732 2183 787 2218; x_wconf 89' lang='lat' dir='ltr'>(qui</span> <span class='ocrx_word' id='word_1_382' title='bbox 802 2185 890 2210; x_wconf 88' lang='lat' dir='ltr'>maior</span> <span class='ocrx_word' id='word_1_383' title='bbox 911 2190 937 2209; x_wconf 91' lang='lat' dir='ltr'>et</span> <span class='ocrx_word' id='word_1_384' title='bbox 960 2185 1048 2210; x_wconf 85' lang='lat' dir='ltr'>minor</span> <span class='ocrx_word' id='word_1_385' title='bbox 1065 2185 1212 2209; x_wconf 85' lang='lat' dir='ltr'>extremitas</span> <span class='ocrx_word' id='word_1_386' title='bbox 1227 2184 1371 2216; x_wconf 87' lang='lat' dir='ltr'>syllogismi</span> 
     </span>
     <span class='ocr_line' id='line_1_61' title="bbox 309 2219 1372 2255; baseline -0.002 -10"><span class='ocrx_word' id='word_1_387' title='bbox 309 2219 444 2255; x_wconf 84' lang='lat' dir='ltr'>dicuntur)</span> <span class='ocrx_word' id='word_1_388' title='bbox 469 2228 529 2246; x_wconf 88' lang='lat' dir='ltr'>cum</span> <span class='ocrx_word' id='word_1_389' title='bbox 549 2220 635 2246; x_wconf 87' lang='lat' dir='ltr'>medio</span> <span class='ocrx_word' id='word_1_390' title='bbox 653 2220 764 2245; x_wconf 88' lang='lat' dir='ltr'>termino</span> <span class='ocrx_word' id='word_1_391' title='bbox 789 2225 924 2253; x_wconf 86' lang='lat' dir='ltr'>assumpto</span> <span class='ocrx_word' id='word_1_392' title='bbox 943 2224 1139 2252; x_wconf 79' lang='lat' dir='ltr'>comparantur,</span> <span class='ocrx_word' id='word_1_393' title='bbox 1164 2225 1190 2244; x_wconf 90' lang='lat' dir='ltr'>et</span> <span class='ocrx_word' id='word_1_394' title='bbox 1208 2224 1252 2244; x_wconf 91' lang='lat' dir='ltr'>aut</span> <span class='ocrx_word' id='word_1_395' title='bbox 1269 2220 1372 2251; x_wconf 89' lang='lat' dir='ltr'>utrique</span> 
     </span>
     <span class='ocr_line' id='line_1_62' title="bbox 309 2254 1373 2286; baseline -0.002 -5"><span class='ocrx_word' id='word_1_396' title='bbox 309 2261 512 2285; x_wconf 84' lang='lat' dir='ltr'>connectuntur,</span> <span class='ocrx_word' id='word_1_397' title='bbox 536 2261 566 2280; x_wconf 89' lang='lat' dir='ltr'>ut</span> <span class='ocrx_word' id='word_1_398' title='bbox 588 2256 613 2280; x_wconf 93' lang='lat' dir='ltr'>in</span> <span class='ocrx_word' id='word_1_399' title='bbox 636 2254 792 2280; x_wconf 88' lang='lat' dir='ltr'>affirmativis</span> <span class='ocrx_word' id='word_1_400' title='bbox 811 2256 1036 2286; x_wconf 84' lang='lat' dir='ltr'>conclusionibus,</span> <span class='ocrx_word' id='word_1_401' title='bbox 1061 2260 1105 2279; x_wconf 83' lang='lat' dir='ltr'>aut</span> <span class='ocrx_word' id='word_1_402' title='bbox 1122 2263 1190 2280; x_wconf 89' lang='lat' dir='ltr'>unus</span> <span class='ocrx_word' id='word_1_403' title='bbox 1215 2255 1373 2280; x_wconf 88' lang='lat' dir='ltr'>connectitur</span> 
     </span>
     <span class='ocr_line' id='line_1_63' title="bbox 310 2291 1370 2323; baseline -0.001 -7"><span class='ocrx_word' id='word_1_404' title='bbox 310 2291 410 2322; x_wconf 85' lang='lat' dir='ltr'>medio,</span> <span class='ocrx_word' id='word_1_405' title='bbox 429 2292 493 2317; x_wconf 86' lang='lat' dir='ltr'>alter</span> <span class='ocrx_word' id='word_1_406' title='bbox 509 2299 572 2316; x_wconf 91' lang='lat' dir='ltr'>vero</span> <span class='ocrx_word' id='word_1_407' title='bbox 591 2299 657 2319; x_wconf 87' lang='lat' dir='ltr'>non,</span> <span class='ocrx_word' id='word_1_408' title='bbox 683 2295 711 2315; x_wconf 92' lang='lat' dir='ltr'>ut</span> <span class='ocrx_word' id='word_1_409' title='bbox 729 2291 755 2315; x_wconf 91' lang='lat' dir='ltr'>in</span> <span class='ocrx_word' id='word_1_410' title='bbox 774 2291 907 2323; x_wconf 81' lang='lat' dir='ltr'>negativis.</span> <span class='ocrx_word' id='word_1_411' title='bbox 928 2291 1074 2323; x_wconf 86' lang='lat' dir='ltr'>Requiritur</span> <span class='ocrx_word' id='word_1_412' title='bbox 1092 2291 1215 2320; x_wconf 86' lang='lat' dir='ltr'>secundo,</span> <span class='ocrx_word' id='word_1_413' title='bbox 1234 2296 1262 2315; x_wconf 86' lang='lat' dir='ltr'>ut</span> <span class='ocrx_word' id='word_1_414' title='bbox 1281 2291 1306 2315; x_wconf 91' lang='lat' dir='ltr'>in</span> <span class='ocrx_word' id='word_1_415' title='bbox 1327 2291 1370 2315; x_wconf 93' lang='lat' dir='ltr'>de-</span> 
     </span>
     <span class='ocr_line' id='line_1_64' title="bbox 310 2326 1373 2359; baseline -0.001 -8"><span class='ocrx_word' id='word_1_416' title='bbox 310 2327 539 2351; x_wconf 77' lang='lat' dir='ltr'>monstrationibus</span> <span class='ocrx_word' id='word_1_417' title='bbox 561 2326 716 2359; x_wconf 79' lang='lat' dir='ltr'>simpliciter</span> <span class='ocrx_word' id='word_1_418' title='bbox 740 2334 786 2351; x_wconf 88' lang='lat' dir='ltr'>seu</span> <span class='ocrx_word' id='word_1_419' title='bbox 806 2330 920 2358; x_wconf 81' lang='lat' dir='ltr'>propter</span> <span class='ocrx_word' id='word_1_420' title='bbox 943 2326 1008 2359; x_wconf 86' lang='lat' dir='ltr'>quid</span> <span class='ocrx_word' id='word_1_421' title='bbox 1032 2326 1184 2358; x_wconf 75' lang='lat' dir='ltr'>procedatur</span> <span class='ocrx_word' id='word_1_422' title='bbox 1208 2334 1223 2350; x_wconf 85' lang='lat' dir='ltr'>a</span> <span class='ocrx_word' id='word_1_423' title='bbox 1245 2334 1322 2351; x_wconf 89' lang='lat' dir='ltr'>causa</span> <span class='ocrx_word' id='word_1_424' title='bbox 1341 2326 1373 2350; x_wconf 80' lang='lat' dir='ltr'>ad</span> 
     </span>
     <span class='ocr_line' id='line_1_65' title="bbox 311 2361 1373 2393; baseline -0.001 -7"><span class='ocrx_word' id='word_1_425' title='bbox 311 2362 445 2393; x_wconf 79' lang='lat' dir='ltr'>effectum,</span> <span class='ocrx_word' id='word_1_426' title='bbox 471 2367 497 2387; x_wconf 89' lang='lat' dir='ltr'>et</span> <span class='ocrx_word' id='word_1_427' title='bbox 515 2362 573 2387; x_wconf 87' lang='lat' dir='ltr'>ideo</span> <span class='ocrx_word' id='word_1_428' title='bbox 592 2369 607 2386; x_wconf 92' lang='lat' dir='ltr'>a</span> <span class='ocrx_word' id='word_1_429' title='bbox 624 2361 766 2386; x_wconf 84' lang='lat' dir='ltr'>notioribus</span> <span class='ocrx_word' id='word_1_430' title='bbox 790 2363 933 2386; x_wconf 89' lang='lat' dir='ltr'>secundum</span> <span class='ocrx_word' id='word_1_431' title='bbox 957 2366 1074 2386; x_wconf 86' lang='lat' dir='ltr'>naturam</span> <span class='ocrx_word' id='word_1_432' title='bbox 1093 2362 1125 2386; x_wconf 86' lang='lat' dir='ltr'>ad</span> <span class='ocrx_word' id='word_1_433' title='bbox 1145 2361 1229 2386; x_wconf 90' lang='lat' dir='ltr'>minus</span> <span class='ocrx_word' id='word_1_434' title='bbox 1248 2367 1322 2391; x_wconf 83' lang='lat' dir='ltr'>nota;</span> <span class='ocrx_word' id='word_1_435' title='bbox 1347 2361 1373 2385; x_wconf 91' lang='lat' dir='ltr'>in</span> 
     </span>
     <span class='ocr_line' id='line_1_66' title="bbox 311 2397 1373 2430; baseline -0.001 -8"><span class='ocrx_word' id='word_1_436' title='bbox 311 2397 573 2422; x_wconf 84' lang='lat' dir='ltr'>demonstrationibus</span> <span class='ocrx_word' id='word_1_437' title='bbox 592 2402 676 2422; x_wconf 80' lang='lat' dir='ltr'>autem</span> <span class='ocrx_word' id='word_1_438' title='bbox 695 2397 758 2428; x_wconf 81' lang='lat' dir='ltr'>quia</span> <span class='ocrx_word' id='word_1_439' title='bbox 775 2397 922 2430; x_wconf 84' lang='lat' dir='ltr'>proceditur</span> <span class='ocrx_word' id='word_1_440' title='bbox 939 2397 971 2422; x_wconf 89' lang='lat' dir='ltr'>ab</span> <span class='ocrx_word' id='word_1_441' title='bbox 990 2397 1123 2421; x_wconf 82' lang='lat' dir='ltr'>effectibus</span> <span class='ocrx_word' id='word_1_442' title='bbox 1141 2397 1173 2421; x_wconf 86' lang='lat' dir='ltr'>ad</span> <span class='ocrx_word' id='word_1_443' title='bbox 1192 2404 1296 2421; x_wconf 87' lang='lat' dir='ltr'>causam</span> <span class='ocrx_word' id='word_1_444' title='bbox 1316 2401 1341 2421; x_wconf 93' lang='lat' dir='ltr'>et</span> <span class='ocrx_word' id='word_1_445' title='bbox 1359 2404 1373 2420; x_wconf 87' lang='lat' dir='ltr'>a</span> 
     </span>
     <span class='ocr_line' id='line_1_67' title="bbox 311 2432 1373 2464; baseline -0.001 -7"><span class='ocrx_word' id='word_1_446' title='bbox 311 2433 455 2457; x_wconf 84' lang='lat' dir='ltr'>notioribus</span> <span class='ocrx_word' id='word_1_447' title='bbox 473 2433 562 2464; x_wconf 81' lang='lat' dir='ltr'>quoad</span> <span class='ocrx_word' id='word_1_448' title='bbox 580 2439 627 2457; x_wconf 84' lang='lat' dir='ltr'>nos</span> <span class='ocrx_word' id='word_1_449' title='bbox 645 2432 678 2456; x_wconf 90' lang='lat' dir='ltr'>ad</span> <span class='ocrx_word' id='word_1_450' title='bbox 695 2433 796 2457; x_wconf 89' lang='lat' dir='ltr'>notiora</span> <span class='ocrx_word' id='word_1_451' title='bbox 815 2433 959 2456; x_wconf 88' lang='lat' dir='ltr'>secundum</span> <span class='ocrx_word' id='word_1_452' title='bbox 978 2432 1179 2456; x_wconf 68' lang='lat' dir='ltr'>naturam—Ex</span> <span class='ocrx_word' id='word_1_453' title='bbox 1197 2436 1269 2464; x_wconf 79' lang='lat' dir='ltr'>parte</span> <span class='ocrx_word' id='word_1_454' title='bbox 1287 2437 1373 2456; x_wconf 88' lang='lat' dir='ltr'>autem</span> 
     </span>
     <span class='ocr_line' id='line_1_68' title="bbox 312 2467 1374 2527; baseline -0.001 -35"><span class='ocrx_word' id='word_1_455' title='bbox 312 2468 538 2527; x_wconf 47' lang='lat' dir='ltr'>demonffuationis</span> <span class='ocrx_word' id='word_1_456' title='bbox 557 2475 664 2492; x_wconf 86' lang='lat' dir='ltr'>necesse</span> <span class='ocrx_word' id='word_1_457' title='bbox 682 2472 722 2492; x_wconf 85' lang='lat' dir='ltr'>est</span> <span class='ocrx_word' id='word_1_458' title='bbox 745 2468 772 2492; x_wconf 92' lang='lat' dir='ltr'>in</span> <span class='ocrx_word' id='word_1_459' title='bbox 796 2467 868 2492; x_wconf 90' lang='lat' dir='ltr'>omni</span> <span class='ocrx_word' id='word_1_460' title='bbox 887 2467 1104 2492; x_wconf 82' lang='lat' dir='ltr'>demonstratione</span> <span class='ocrx_word' id='word_1_461' title='bbox 1127 2471 1156 2491; x_wconf 90' lang='lat' dir='ltr'>ut</span> <span class='ocrx_word' id='word_1_462' title='bbox 1174 2468 1326 2499; x_wconf 84' lang='lat' dir='ltr'>procedatur</span> <span class='ocrx_word' id='word_1_463' title='bbox 1344 2474 1374 2492; x_wconf 88' lang='lat' dir='ltr'>ex</span> 
     </span>
     <span class='ocr_line' id='line_1_69' title="bbox 311 2503 1374 2535; baseline -0.001 -7"><span class='ocrx_word' id='word_1_464' title='bbox 311 2503 401 2528; x_wconf 90' lang='lat' dir='ltr'>notiori</span> <span class='ocrx_word' id='word_1_465' title='bbox 420 2511 452 2528; x_wconf 89' lang='lat' dir='ltr'>us</span> <span class='ocrx_word' id='word_1_466' title='bbox 471 2503 561 2533; x_wconf 90' lang='lat' dir='ltr'>nobis,</span> <span class='ocrx_word' id='word_1_467' title='bbox 586 2503 640 2527; x_wconf 90' lang='lat' dir='ltr'>sive</span> <span class='ocrx_word' id='word_1_468' title='bbox 658 2503 701 2527; x_wconf 87' lang='lat' dir='ltr'>illa</span> <span class='ocrx_word' id='word_1_469' title='bbox 719 2503 770 2527; x_wconf 89' lang='lat' dir='ltr'>sint</span> <span class='ocrx_word' id='word_1_470' title='bbox 788 2503 864 2527; x_wconf 86' lang='lat' dir='ltr'>etiam</span> <span class='ocrx_word' id='word_1_471' title='bbox 889 2503 1033 2527; x_wconf 90' lang='lat' dir='ltr'>secundum</span> <span class='ocrx_word' id='word_1_472' title='bbox 1052 2510 1081 2526; x_wconf 89' lang='lat' dir='ltr'>se</span> <span class='ocrx_word' id='word_1_473' title='bbox 1106 2507 1131 2527; x_wconf 91' lang='lat' dir='ltr'>et</span> <span class='ocrx_word' id='word_1_474' title='bbox 1154 2503 1240 2535; x_wconf 89' lang='lat' dir='ltr'>quoad</span> <span class='ocrx_word' id='word_1_475' title='bbox 1258 2508 1374 2527; x_wconf 81' lang='lat' dir='ltr'>naturam</span> 
     </span>
     <span class='ocr_line' id='line_1_70' title="bbox 311 2537 1102 2571; baseline -0.001 -8"><span class='ocrx_word' id='word_1_476' title='bbox 311 2538 418 2569; x_wconf 86' lang='lat' dir='ltr'>notiora,</span> <span class='ocrx_word' id='word_1_477' title='bbox 438 2539 493 2563; x_wconf 89' lang='lat' dir='ltr'>sive</span> <span class='ocrx_word' id='word_1_478' title='bbox 511 2546 564 2563; x_wconf 89' lang='lat' dir='ltr'>non</span> <span class='ocrx_word' id='word_1_479' title='bbox 582 2538 637 2571; x_wconf 84' lang='lat' dir='ltr'>(Cf.</span> <span class='ocrx_word' id='word_1_480' title='bbox 653 2538 709 2562; x_wconf 89' lang='lat' dir='ltr'>lect.</span> <span class='ocrx_word' id='word_1_481' title='bbox 722 2545 756 2568; x_wconf 90' lang='lat' dir='ltr'>1v,</span> <span class='ocrx_word' id='word_1_482' title='bbox 771 2546 796 2562; x_wconf 89' lang='lat' dir='ltr'>n.</span> <span class='ocrx_word' id='word_1_483' title='bbox 814 2537 869 2570; x_wconf 85' lang='lat'>16).</span> <span class='ocrx_word' id='word_1_484' title='bbox 1100 2548 1102 2550; x_wconf 97' lang='lat'>·</span> 
     </span>
    </p>

    <p class='ocr_par' dir='ltr' id='par_1_15' title="bbox 365 2573 1374 2605">
     <span class='ocr_line' id='line_1_71' title="bbox 365 2573 1374 2605; baseline -0.001 -7"><span class='ocrx_word' id='word_1_485' title='bbox 365 2573 433 2598; x_wconf 86' lang='lat' dir='ltr'>Cum</span> <span class='ocrx_word' id='word_1_486' title='bbox 451 2581 513 2605; x_wconf 81' lang='lat' dir='ltr'>ergo</span> <span class='ocrx_word' id='word_1_487' title='bbox 533 2574 564 2598; x_wconf 87' lang='lat' dir='ltr'>ad</span> <span class='ocrx_word' id='word_1_488' title='bbox 582 2573 708 2598; x_wconf 89' lang='lat' dir='ltr'>rationem</span> <span class='ocrx_word' id='word_1_489' title='bbox 727 2573 953 2598; x_wconf 86' lang='lat' dir='ltr'>demonstrationis</span> <span class='ocrx_word' id='word_1_490' title='bbox 976 2573 1104 2598; x_wconf 89' lang='lat' dir='ltr'>circularis</span> <span class='ocrx_word' id='word_1_491' title='bbox 1122 2573 1267 2605; x_wconf 85' lang='lat' dir='ltr'>requiratur</span> <span class='ocrx_word' id='word_1_492' title='bbox 1285 2580 1374 2598; x_wconf 85' lang='lat' dir='ltr'>neces-</span> 
     </span>
    </p>
   </div>
   <div class='ocr_carea' id='block_1_10' title="bbox 271 2607 1374 2640">
    <p class='ocr_par' dir='ltr' id='par_1_16' title="bbox 271 2607 1374 2640">
     <span class='ocr_line' id='line_1_72' title="bbox 271 2607 1374 2640; baseline 0.001 -8"><span class='ocrx_word' id='word_1_493' title='bbox 271 2626 278 2632; x_wconf 84' lang='lat'>.</span> <span class='ocrx_word' id='word_1_494' title='bbox 312 2608 380 2633; x_wconf 81' lang='lat' dir='ltr'>sario</span> <span class='ocrx_word' id='word_1_495' title='bbox 397 2613 427 2633; x_wconf 93' lang='lat' dir='ltr'>ut</span> <span class='ocrx_word' id='word_1_496' title='bbox 445 2609 576 2634; x_wconf 85' lang='lat' dir='ltr'>conclusio</span> <span class='ocrx_word' id='word_1_497' title='bbox 594 2607 638 2633; x_wconf 81' lang='lat' dir='ltr'>flat</span> <span class='ocrx_word' id='word_1_498' title='bbox 655 2608 811 2640; x_wconf 81' lang='lat' dir='ltr'>praemissa,</span> <span class='ocrx_word' id='word_1_499' title='bbox 831 2613 856 2633; x_wconf 91' lang='lat' dir='ltr'>et</span> <span class='ocrx_word' id='word_1_500' title='bbox 874 2608 1016 2640; x_wconf 86' lang='lat' dir='ltr'>praemissa</span> <span class='ocrx_word' id='word_1_501' title='bbox 1034 2607 1078 2632; x_wconf 87' lang='lat' dir='ltr'>fiat</span> <span class='ocrx_word' id='word_1_502' title='bbox 1096 2608 1237 2638; x_wconf 84' lang='lat' dir='ltr'>conclusio,</span> <span class='ocrx_word' id='word_1_503' title='bbox 1256 2609 1374 2640; x_wconf 83' lang='lat' dir='ltr'>quaestio</span> 
     </span>
    </p>
   </div>
   <div class='ocr_carea' id='block_1_11' title="bbox 311 2643 1376 2888">
    <p class='ocr_par' dir='ltr' id='par_1_17' title="bbox 311 2643 1376 2888">
     <span class='ocr_line' id='line_1_73' title="bbox 311 2643 1374 2677; baseline 0 -9"><span class='ocrx_word' id='word_1_504' title='bbox 311 2644 410 2669; x_wconf 83' lang='lat' dir='ltr'>moveri</span> <span class='ocrx_word' id='word_1_505' title='bbox 424 2649 510 2677; x_wconf 86' lang='lat' dir='ltr'>potest</span> <span class='ocrx_word' id='word_1_506' title='bbox 527 2648 615 2668; x_wconf 81' lang='lat' dir='ltr'>utrum</span> <span class='ocrx_word' id='word_1_507' title='bbox 634 2643 762 2668; x_wconf 84' lang='lat' dir='ltr'>circularis</span> <span class='ocrx_word' id='word_1_508' title='bbox 781 2643 965 2668; x_wconf 83' lang='lat' dir='ltr'>demonstratio</span> <span class='ocrx_word' id='word_1_509' title='bbox 984 2648 1110 2675; x_wconf 85' lang='lat' dir='ltr'>repugnet</span> <span class='ocrx_word' id='word_1_510' title='bbox 1128 2644 1315 2668; x_wconf 88' lang='lat' dir='ltr'>conditionibus</span> <span class='ocrx_word' id='word_1_511' title='bbox 1334 2651 1374 2668; x_wconf 92' lang='lat' dir='ltr'>re-</span> 
     </span>
     <span class='ocr_line' id='line_1_74' title="bbox 311 2678 1376 2712; baseline 0 -9"><span class='ocrx_word' id='word_1_512' title='bbox 311 2679 413 2712; x_wconf 85' lang='lat' dir='ltr'>quisitis</span> <span class='ocrx_word' id='word_1_513' title='bbox 431 2680 463 2704; x_wconf 85' lang='lat' dir='ltr'>ad</span> <span class='ocrx_word' id='word_1_514' title='bbox 478 2679 724 2704; x_wconf 84' lang='lat' dir='ltr'>demonstrationem</span> <span class='ocrx_word' id='word_1_515' title='bbox 741 2678 928 2703; x_wconf 76' lang='lat' dir='ltr'>consideratam</span> <span class='ocrx_word' id='word_1_516' title='bbox 941 2679 983 2703; x_wconf 87' lang='lat' dir='ltr'>vel</span> <span class='ocrx_word' id='word_1_517' title='bbox 997 2686 1027 2703; x_wconf 89' lang='lat' dir='ltr'>ex</span> <span class='ocrx_word' id='word_1_518' title='bbox 1046 2683 1118 2710; x_wconf 86' lang='lat' dir='ltr'>parte</span> <span class='ocrx_word' id='word_1_519' title='bbox 1135 2679 1181 2709; x_wconf 90' lang='lat' dir='ltr'>rei,</span> <span class='ocrx_word' id='word_1_520' title='bbox 1194 2679 1236 2703; x_wconf 89' lang='lat' dir='ltr'>vel</span> <span class='ocrx_word' id='word_1_521' title='bbox 1255 2686 1285 2703; x_wconf 88' lang='lat' dir='ltr'>ex</span> <span class='ocrx_word' id='word_1_522' title='bbox 1304 2684 1376 2711; x_wconf 89' lang='lat' dir='ltr'>parte</span> 
     </span>
     <span class='ocr_line' id='line_1_75' title="bbox 312 2713 1374 2746; baseline -0.001 -7"><span class='ocrx_word' id='word_1_523' title='bbox 312 2714 546 2745; x_wconf 72' lang='lat' dir='ltr'>demonstrationis,</span> <span class='ocrx_word' id='word_1_524' title='bbox 560 2714 602 2739; x_wconf 86' lang='lat' dir='ltr'>vel</span> <span class='ocrx_word' id='word_1_525' title='bbox 617 2722 647 2739; x_wconf 84' lang='lat' dir='ltr'>ex</span> <span class='ocrx_word' id='word_1_526' title='bbox 660 2718 771 2746; x_wconf 85' lang='lat' dir='ltr'>utraque</span> <span class='ocrx_word' id='word_1_527' title='bbox 785 2718 865 2746; x_wconf 85' lang='lat' dir='ltr'>parte.</span> <span class='ocrx_word' id='word_1_528' title='bbox 883 2714 918 2738; x_wconf 81' lang='lat' dir='ltr'>At</span> <span class='ocrx_word' id='word_1_529' title='bbox 934 2713 1077 2738; x_wconf 85' lang='lat' dir='ltr'>formaliter</span> <span class='ocrx_word' id='word_1_530' title='bbox 1095 2714 1227 2746; x_wconf 88' lang='lat' dir='ltr'>loquendo</span> <span class='ocrx_word' id='word_1_531' title='bbox 1245 2714 1374 2738; x_wconf 88' lang='lat' dir='ltr'>circularis</span> 
     </span>
     <span class='ocr_line' id='line_1_76' title="bbox 313 2749 1374 2782; baseline -0.001 -8"><span class='ocrx_word' id='word_1_532' title='bbox 313 2750 497 2775; x_wconf 85' lang='lat' dir='ltr'>demonstratio</span> <span class='ocrx_word' id='word_1_533' title='bbox 515 2750 683 2782; x_wconf 83' lang='lat' dir='ltr'>expendenda</span> <span class='ocrx_word' id='word_1_534' title='bbox 705 2754 746 2774; x_wconf 89' lang='lat' dir='ltr'>est</span> <span class='ocrx_word' id='word_1_535' title='bbox 769 2756 800 2773; x_wconf 90' lang='lat' dir='ltr'>ex</span> <span class='ocrx_word' id='word_1_536' title='bbox 823 2749 938 2773; x_wconf 89' lang='lat' dir='ltr'>secundo</span> <span class='ocrx_word' id='word_1_537' title='bbox 961 2749 1055 2781; x_wconf 88' lang='lat' dir='ltr'>capite,</span> <span class='ocrx_word' id='word_1_538' title='bbox 1081 2757 1176 2782; x_wconf 90' lang='lat' dir='ltr'>nempe</span> <span class='ocrx_word' id='word_1_539' title='bbox 1200 2757 1230 2774; x_wconf 93' lang='lat' dir='ltr'>ex</span> <span class='ocrx_word' id='word_1_540' title='bbox 1248 2754 1319 2782; x_wconf 87' lang='lat' dir='ltr'>parte</span> <span class='ocrx_word' id='word_1_541' title='bbox 1338 2749 1374 2773; x_wconf 91' lang='lat' dir='ltr'>di-</span> 
     </span>
     <span class='ocr_line' id='line_1_77' title="bbox 313 2784 1375 2816; baseline -0.002 -6"><span class='ocrx_word' id='word_1_542' title='bbox 313 2792 418 2810; x_wconf 89' lang='lat' dir='ltr'>scursus</span> <span class='ocrx_word' id='word_1_543' title='bbox 443 2785 644 2815; x_wconf 85' lang='lat' dir='ltr'>demonstrativi,</span> <span class='ocrx_word' id='word_1_544' title='bbox 669 2785 743 2809; x_wconf 87' lang='lat' dir='ltr'>cuius</span> <span class='ocrx_word' id='word_1_545' title='bbox 762 2789 809 2814; x_wconf 89' lang='lat' dir='ltr'>est,</span> <span class='ocrx_word' id='word_1_546' title='bbox 828 2789 858 2808; x_wconf 92' lang='lat' dir='ltr'>ut</span> <span class='ocrx_word' id='word_1_547' title='bbox 881 2784 1000 2814; x_wconf 87' lang='lat' dir='ltr'>diximus,</span> <span class='ocrx_word' id='word_1_548' title='bbox 1024 2785 1164 2816; x_wconf 89' lang='lat' dir='ltr'>procedere</span> <span class='ocrx_word' id='word_1_549' title='bbox 1182 2792 1213 2809; x_wconf 86' lang='lat' dir='ltr'>ex</span> <span class='ocrx_word' id='word_1_550' title='bbox 1231 2784 1375 2809; x_wconf 87' lang='lat' dir='ltr'>notioribus</span> 
     </span>
     <span class='ocr_line' id='line_1_78' title="bbox 313 2819 1376 2853; baseline -0.001 -8"><span class='ocrx_word' id='word_1_551' title='bbox 313 2821 396 2851; x_wconf 81' lang='lat' dir='ltr'>nobis;</span> <span class='ocrx_word' id='word_1_552' title='bbox 407 2825 596 2853; x_wconf 82' lang='lat' dir='ltr'>consequenter</span> <span class='ocrx_word' id='word_1_553' title='bbox 609 2827 733 2853; x_wconf 85' lang='lat' dir='ltr'>quaerere</span> <span class='ocrx_word' id='word_1_554' title='bbox 746 2819 888 2844; x_wconf 83' lang='lat' dir='ltr'>formaliter</span> <span class='ocrx_word' id='word_1_555' title='bbox 901 2824 989 2844; x_wconf 89' lang='lat' dir='ltr'>utrum</span> <span class='ocrx_word' id='word_1_556' title='bbox 1000 2819 1130 2844; x_wconf 82' lang='lat' dir='ltr'>circularis</span> <span class='ocrx_word' id='word_1_557' title='bbox 1144 2819 1329 2844; x_wconf 87' lang='lat' dir='ltr'>demonstratio</span> <span class='ocrx_word' id='word_1_558' title='bbox 1343 2819 1376 2844; x_wconf 89' lang='lat' dir='ltr'>sit</span> 
     </span>
     <span class='ocr_line' id='line_1_79' title="bbox 314 2854 1375 2888; baseline -0.001 -8"><span class='ocrx_word' id='word_1_559' title='bbox 314 2855 453 2888; x_wconf 83' lang='lat' dir='ltr'>possibilis,</span> <span class='ocrx_word' id='word_1_560' title='bbox 467 2856 536 2880; x_wconf 92' lang='lat' dir='ltr'>idem</span> <span class='ocrx_word' id='word_1_561' title='bbox 552 2860 592 2880; x_wconf 89' lang='lat' dir='ltr'>est</span> <span class='ocrx_word' id='word_1_562' title='bbox 605 2863 635 2880; x_wconf 85' lang='lat' dir='ltr'>ac</span> <span class='ocrx_word' id='word_1_563' title='bbox 648 2862 773 2887; x_wconf 82' lang='lat' dir='ltr'>quaerere</span> <span class='ocrx_word' id='word_1_564' title='bbox 786 2859 874 2879; x_wconf 89' lang='lat' dir='ltr'>utrum</span> <span class='ocrx_word' id='word_1_565' title='bbox 889 2855 1020 2880; x_wconf 88' lang='lat' dir='ltr'>conclusio</span> <span class='ocrx_word' id='word_1_566' title='bbox 1034 2855 1118 2887; x_wconf 89' lang='lat' dir='ltr'>possit</span> <span class='ocrx_word' id='word_1_567' title='bbox 1131 2855 1216 2879; x_wconf 91' lang='lat' dir='ltr'>notior</span> <span class='ocrx_word' id='word_1_568' title='bbox 1231 2855 1307 2879; x_wconf 89' lang='lat' dir='ltr'>nobis</span> <span class='ocrx_word' id='word_1_569' title='bbox 1321 2854 1375 2879; x_wconf 89' lang='lat' dir='ltr'>fieri</span> 
     </span>
    </p>
   </div>
   <div class='ocr_carea' id='block_1_12' title="bbox 272 2890 1376 2923">
    <p class='ocr_par' dir='ltr' id='par_1_18' title="bbox 272 2890 1376 2923">
     <span class='ocr_line' id='line_1_80' title="bbox 272 2890 1376 2923; baseline -0.002 -7"><span class='ocrx_word' id='word_1_570' title='bbox 272 2897 278 2901; x_wconf 77' lang='grc'><strong>“</strong></span> <span class='ocrx_word' id='word_1_571' title='bbox 314 2898 393 2923; x_wconf 79' lang='lat' dir='ltr'>quam</span> <span class='ocrx_word' id='word_1_572' title='bbox 407 2891 557 2923; x_wconf 87' lang='lat' dir='ltr'>praemissa,</span> <span class='ocrx_word' id='word_1_573' title='bbox 572 2895 598 2915; x_wconf 90' lang='lat' dir='ltr'>et</span> <span class='ocrx_word' id='word_1_574' title='bbox 611 2890 689 2915; x_wconf 85' lang='lat' dir='ltr'>simul</span> <span class='ocrx_word' id='word_1_575' title='bbox 707 2895 794 2914; x_wconf 89' lang='lat' dir='ltr'>utrum</span> <span class='ocrx_word' id='word_1_576' title='bbox 808 2890 951 2922; x_wconf 86' lang='lat' dir='ltr'>praemissa</span> <span class='ocrx_word' id='word_1_577' title='bbox 969 2890 1044 2914; x_wconf 88' lang='lat' dir='ltr'>nobis</span> <span class='ocrx_word' id='word_1_578' title='bbox 1063 2890 1148 2914; x_wconf 89' lang='lat' dir='ltr'>notior</span> <span class='ocrx_word' id='word_1_579' title='bbox 1166 2890 1199 2914; x_wconf 88' lang='lat' dir='ltr'>sit</span> <span class='ocrx_word' id='word_1_580' title='bbox 1217 2898 1295 2922; x_wconf 88' lang='lat' dir='ltr'>quam</span> <span class='ocrx_word' id='word_1_581' title='bbox 1314 2898 1376 2914; x_wconf 91' lang='lat' dir='ltr'>con-</span> 
     </span>
    </p>
   </div>
   <div class='ocr_carea' id='block_1_13' title="bbox 292 2925 1376 2958">
    <p class='ocr_par' dir='ltr' id='par_1_19' title="bbox 292 2925 1376 2958">
     <span class='ocr_line' id='line_1_81' title="bbox 292 2925 1376 2958; baseline -0.001 -8"><span class='ocrx_word' id='word_1_582' title='bbox 292 2956 294 2958; x_wconf 35' lang='lat'>·</span> <span class='ocrx_word' id='word_1_583' title='bbox 314 2925 405 2950; x_wconf 69' lang='lat' dir='ltr'>clusio.</span> <span class='ocrx_word' id='word_1_584' title='bbox 423 2926 524 2958; x_wconf 85' lang='lat' dir='ltr'>Nempe</span> <span class='ocrx_word' id='word_1_585' title='bbox 548 2926 574 2950; x_wconf 87' lang='lat' dir='ltr'>in</span> <span class='ocrx_word' id='word_1_586' title='bbox 592 2926 649 2958; x_wconf 87' lang='lat' dir='ltr'>ipsa</span> <span class='ocrx_word' id='word_1_587' title='bbox 673 2925 801 2958; x_wconf 84' lang='lat' dir='ltr'>positione</span> <span class='ocrx_word' id='word_1_588' title='bbox 819 2925 977 2958; x_wconf 88' lang='lat' dir='ltr'>quaestionis</span> <span class='ocrx_word' id='word_1_589' title='bbox 996 2930 1102 2958; x_wconf 90' lang='lat' dir='ltr'>apparet</span> <span class='ocrx_word' id='word_1_590' title='bbox 1119 2925 1313 2958; x_wconf 86' lang='lat' dir='ltr'>impossibilitas</span> <span class='ocrx_word' id='word_1_591' title='bbox 1332 2925 1376 2949; x_wconf 93' lang='lat' dir='ltr'>de-</span> 
     </span>
    </p>
   </div>
   <div class='ocr_carea' id='block_1_14' title="bbox 311 2960 1379 3658">
    <p class='ocr_par' dir='ltr' id='par_1_20' title="bbox 315 2960 1171 2992">
     <span class='ocr_line' id='line_1_82' title="bbox 315 2960 1171 2992; baseline -0.001 -7"><span class='ocrx_word' id='word_1_592' title='bbox 315 2960 507 2986; x_wconf 79' lang='lat' dir='ltr'>monstrationis</span> <span class='ocrx_word' id='word_1_593' title='bbox 526 2961 664 2991; x_wconf 86' lang='lat' dir='ltr'>circularis,</span> <span class='ocrx_word' id='word_1_594' title='bbox 683 2965 712 2984; x_wconf 88' lang='lat' dir='ltr'>ut</span> <span class='ocrx_word' id='word_1_595' title='bbox 730 2960 795 2985; x_wconf 85' lang='lat' dir='ltr'>infra</span> <span class='ocrx_word' id='word_1_596' title='bbox 812 2961 838 2984; x_wconf 93' lang='lat' dir='ltr'>in</span> <span class='ocrx_word' id='word_1_597' title='bbox 857 2960 940 2992; x_wconf 89' lang='lat' dir='ltr'>prima</span> <span class='ocrx_word' id='word_1_598' title='bbox 958 2960 1056 2985; x_wconf 87' lang='lat' dir='ltr'>ratione</span> <span class='ocrx_word' id='word_1_599' title='bbox 1074 2960 1171 2985; x_wconf 88' lang='lat' dir='ltr'>dicitur.</span> 
     </span>
    </p>

    <p class='ocr_par' dir='ltr' id='par_1_21' title="bbox 311 2995 1379 3658">
     <span class='ocr_line' id='line_1_83' title="bbox 368 2995 1376 3028; baseline -0.001 -8"><span class='ocrx_word' id='word_1_600' title='bbox 368 2996 420 3020; x_wconf 90' lang='lat' dir='ltr'>Sed</span> <span class='ocrx_word' id='word_1_601' title='bbox 437 2995 500 3028; x_wconf 88' lang='lat' dir='ltr'>quid</span> <span class='ocrx_word' id='word_1_602' title='bbox 518 2996 655 3020; x_wconf 88' lang='lat' dir='ltr'>dicendum</span> <span class='ocrx_word' id='word_1_603' title='bbox 671 2996 703 3020; x_wconf 92' lang='lat' dir='ltr'>de</span> <span class='ocrx_word' id='word_1_604' title='bbox 718 2995 935 3020; x_wconf 78' lang='lat' dir='ltr'>demonstratione</span> <span class='ocrx_word' id='word_1_605' title='bbox 954 2995 1077 3024; x_wconf 87' lang='lat' dir='ltr'>circulari,</span> <span class='ocrx_word' id='word_1_606' title='bbox 1097 2995 1255 3020; x_wconf 87' lang='lat' dir='ltr'>considerata</span> <span class='ocrx_word' id='word_1_607' title='bbox 1269 2996 1376 3020; x_wconf 91' lang='lat' dir='ltr'>demon-</span> 
     </span>
     <span class='ocr_line' id='line_1_84' title="bbox 316 3029 1377 3063; baseline -0.002 -7"><span class='ocrx_word' id='word_1_608' title='bbox 316 3031 438 3056; x_wconf 77' lang='lat' dir='ltr'>stratione</span> <span class='ocrx_word' id='word_1_609' title='bbox 451 3038 482 3055; x_wconf 85' lang='lat' dir='ltr'>ex</span> <span class='ocrx_word' id='word_1_610' title='bbox 496 3035 568 3063; x_wconf 87' lang='lat' dir='ltr'>parte</span> <span class='ocrx_word' id='word_1_611' title='bbox 585 3029 636 3055; x_wconf 81' lang='lat' dir='ltr'>rei?</span> <span class='ocrx_word' id='word_1_612' title='bbox 656 3030 814 3063; x_wconf 87' lang='lat' dir='ltr'>Respondeo</span> <span class='ocrx_word' id='word_1_613' title='bbox 832 3031 904 3062; x_wconf 89' lang='lat' dir='ltr'>quod</span> <span class='ocrx_word' id='word_1_614' title='bbox 918 3030 1018 3062; x_wconf 88' lang='lat' dir='ltr'>quoties</span> <span class='ocrx_word' id='word_1_615' title='bbox 1033 3030 1168 3055; x_wconf 82' lang='lat' dir='ltr'>adhibetur</span> <span class='ocrx_word' id='word_1_616' title='bbox 1183 3030 1377 3061; x_wconf 88' lang='lat' dir='ltr'>demonstratio,</span> 
     </span>
     <span class='ocr_line' id='line_1_85' title="bbox 315 3064 1377 3098; baseline -0.001 -7"><span class='ocrx_word' id='word_1_617' title='bbox 315 3066 341 3091; x_wconf 91' lang='lat' dir='ltr'>in</span> <span class='ocrx_word' id='word_1_618' title='bbox 360 3073 515 3098; x_wconf 88' lang='lat' dir='ltr'>quacunque</span> <span class='ocrx_word' id='word_1_619' title='bbox 533 3065 638 3090; x_wconf 85' lang='lat' dir='ltr'>materia</span> <span class='ocrx_word' id='word_1_620' title='bbox 656 3064 707 3096; x_wconf 87' lang='lat' dir='ltr'>fiat,</span> <span class='ocrx_word' id='word_1_621' title='bbox 726 3073 778 3089; x_wconf 90' lang='lat' dir='ltr'>non</span> <span class='ocrx_word' id='word_1_622' title='bbox 793 3070 880 3097; x_wconf 87' lang='lat' dir='ltr'>potest</span> <span class='ocrx_word' id='word_1_623' title='bbox 897 3065 1040 3097; x_wconf 81' lang='lat' dir='ltr'>praescindi</span> <span class='ocrx_word' id='word_1_624' title='bbox 1055 3065 1087 3089; x_wconf 90' lang='lat' dir='ltr'>ab</span> <span class='ocrx_word' id='word_1_625' title='bbox 1101 3065 1156 3090; x_wconf 88' lang='lat' dir='ltr'>eius</span> <span class='ocrx_word' id='word_1_626' title='bbox 1171 3065 1317 3090; x_wconf 90' lang='lat' dir='ltr'>conditione</span> <span class='ocrx_word' id='word_1_627' title='bbox 1336 3073 1377 3090; x_wconf 91' lang='lat' dir='ltr'>es-</span> 
     </span>
     <span class='ocr_line' id='line_1_86' title="bbox 315 3100 1378 3133; baseline -0.002 -7"><span class='ocrx_word' id='word_1_628' title='bbox 315 3101 423 3132; x_wconf 85' lang='lat' dir='ltr'>sentiali,</span> <span class='ocrx_word' id='word_1_629' title='bbox 442 3108 536 3132; x_wconf 86' lang='lat' dir='ltr'>nempe</span> <span class='ocrx_word' id='word_1_630' title='bbox 554 3105 583 3124; x_wconf 93' lang='lat' dir='ltr'>ut</span> <span class='ocrx_word' id='word_1_631' title='bbox 601 3100 634 3125; x_wconf 79' lang='lat' dir='ltr'>sit</span> <span class='ocrx_word' id='word_1_632' title='bbox 651 3100 824 3133; x_wconf 83' lang='lat' dir='ltr'>syllogisticus</span> <span class='ocrx_word' id='word_1_633' title='bbox 843 3108 982 3133; x_wconf 87' lang='lat' dir='ltr'>processus</span> <span class='ocrx_word' id='word_1_634' title='bbox 1008 3108 1023 3125; x_wconf 89' lang='lat' dir='ltr'>a</span> <span class='ocrx_word' id='word_1_635' title='bbox 1045 3100 1187 3125; x_wconf 85' lang='lat' dir='ltr'>notioribus</span> <span class='ocrx_word' id='word_1_636' title='bbox 1206 3100 1289 3125; x_wconf 89' lang='lat' dir='ltr'>nobis.</span> <span class='ocrx_word' id='word_1_637' title='bbox 1309 3100 1378 3131; x_wconf 79' lang='lat' dir='ltr'>Ergo</span> 
     </span>
     <span class='ocr_line' id='line_1_87' title="bbox 315 3135 1377 3168; baseline -0.002 -7"><span class='ocrx_word' id='word_1_638' title='bbox 315 3144 346 3161; x_wconf 87' lang='lat' dir='ltr'>ex</span> <span class='ocrx_word' id='word_1_639' title='bbox 370 3136 420 3160; x_wconf 90' lang='lat' dir='ltr'>hoc</span> <span class='ocrx_word' id='word_1_640' title='bbox 439 3135 520 3168; x_wconf 86' lang='lat' dir='ltr'>capite</span> <span class='ocrx_word' id='word_1_641' title='bbox 543 3139 631 3160; x_wconf 84' lang='lat' dir='ltr'>manet</span> <span class='ocrx_word' id='word_1_642' title='bbox 654 3142 758 3168; x_wconf 82' lang='lat' dir='ltr'>semper</span> <span class='ocrx_word' id='word_1_643' title='bbox 776 3135 968 3167; x_wconf 77' lang='lat' dir='ltr'>impossibilitas</span> <span class='ocrx_word' id='word_1_644' title='bbox 992 3135 1217 3160; x_wconf 85' lang='lat' dir='ltr'>demonstrationis</span> <span class='ocrx_word' id='word_1_645' title='bbox 1241 3135 1377 3160; x_wconf 89' lang='lat' dir='ltr'>circularis.</span> 
     </span>
     <span class='ocr_line' id='line_1_88' title="bbox 316 3170 1377 3203; baseline -0.002 -7"><span class='ocrx_word' id='word_1_646' title='bbox 316 3171 383 3196; x_wconf 89' lang='lat' dir='ltr'>Hinc</span> <span class='ocrx_word' id='word_1_647' title='bbox 401 3171 427 3195; x_wconf 87' lang='lat' dir='ltr'>in</span> <span class='ocrx_word' id='word_1_648' title='bbox 446 3170 664 3196; x_wconf 82' lang='lat' dir='ltr'>demonstratione</span> <span class='ocrx_word' id='word_1_649' title='bbox 682 3172 796 3202; x_wconf 77' lang='lat' dir='ltr'>propter</span> <span class='ocrx_word' id='word_1_650' title='bbox 813 3170 879 3202; x_wconf 82' lang='lat' dir='ltr'>quid</span> <span class='ocrx_word' id='word_1_651' title='bbox 896 3171 1043 3203; x_wconf 88' lang='lat' dir='ltr'>proceditur</span> <span class='ocrx_word' id='word_1_652' title='bbox 1060 3178 1075 3194; x_wconf 91' lang='lat' dir='ltr'>a</span> <span class='ocrx_word' id='word_1_653' title='bbox 1093 3178 1169 3195; x_wconf 84' lang='lat' dir='ltr'>causa</span> <span class='ocrx_word' id='word_1_654' title='bbox 1191 3170 1283 3194; x_wconf 86' lang='lat' dir='ltr'>notiori</span> <span class='ocrx_word' id='word_1_655' title='bbox 1302 3170 1377 3194; x_wconf 91' lang='lat' dir='ltr'>nobis</span> 
     </span>
     <span class='ocr_line' id='line_1_89' title="bbox 317 3204 1377 3237; baseline -0.003 -6"><span class='ocrx_word' id='word_1_656' title='bbox 317 3207 349 3231; x_wconf 90' lang='lat' dir='ltr'>ad</span> <span class='ocrx_word' id='word_1_657' title='bbox 373 3206 458 3230; x_wconf 88' lang='lat' dir='ltr'>minus</span> <span class='ocrx_word' id='word_1_658' title='bbox 482 3210 584 3236; x_wconf 88' lang='lat' dir='ltr'>notum;</span> <span class='ocrx_word' id='word_1_659' title='bbox 609 3213 671 3237; x_wconf 83' lang='lat' dir='ltr'>ergo</span> <span class='ocrx_word' id='word_1_660' title='bbox 694 3205 781 3229; x_wconf 88' lang='lat' dir='ltr'>minus</span> <span class='ocrx_word' id='word_1_661' title='bbox 804 3210 894 3230; x_wconf 90' lang='lat' dir='ltr'>notum</span> <span class='ocrx_word' id='word_1_662' title='bbox 917 3206 1122 3231; x_wconf 85' lang='lat' dir='ltr'>demonstratum</span> <span class='ocrx_word' id='word_1_663' title='bbox 1147 3213 1199 3229; x_wconf 88' lang='lat' dir='ltr'>non</span> <span class='ocrx_word' id='word_1_664' title='bbox 1217 3209 1302 3237; x_wconf 88' lang='lat' dir='ltr'>potest</span> <span class='ocrx_word' id='word_1_665' title='bbox 1324 3204 1377 3229; x_wconf 87' lang='lat' dir='ltr'>fieri</span> 
     </span>
     <span class='ocr_line' id='line_1_90' title="bbox 311 3238 1377 3274; baseline -0.002 -8"><span class='ocrx_word' id='word_1_666' title='bbox 311 3241 479 3274; x_wconf 77' lang='lat' dir='ltr'>praemissa,</span> <span class='ocrx_word' id='word_1_667' title='bbox 503 3248 550 3273; x_wconf 90' lang='lat' dir='ltr'>per</span> <span class='ocrx_word' id='word_1_668' title='bbox 568 3240 686 3265; x_wconf 83' lang='lat' dir='ltr'>eamdem</span> <span class='ocrx_word' id='word_1_669' title='bbox 705 3240 950 3265; x_wconf 84' lang='lat' dir='ltr'>demonstrationem</span> <span class='ocrx_word' id='word_1_670' title='bbox 963 3243 1078 3272; x_wconf 79' lang='lat' dir='ltr'>propter</span> <span class='ocrx_word' id='word_1_671' title='bbox 1092 3240 1164 3273; x_wconf 83' lang='lat' dir='ltr'>quid,</span> <span class='ocrx_word' id='word_1_672' title='bbox 1183 3240 1247 3272; x_wconf 89' lang='lat' dir='ltr'>quin</span> <span class='ocrx_word' id='word_1_673' title='bbox 1266 3238 1309 3263; x_wconf 87' lang='lat' dir='ltr'>fiat</span> <span class='ocrx_word' id='word_1_674' title='bbox 1323 3247 1377 3264; x_wconf 85' lang='lat' dir='ltr'>ma-</span> 
     </span>
     <span class='ocr_line' id='line_1_91' title="bbox 317 3274 1378 3309; baseline -0.003 -8"><span class='ocrx_word' id='word_1_675' title='bbox 317 3277 356 3309; x_wconf 88' lang='lat' dir='ltr'>gis</span> <span class='ocrx_word' id='word_1_676' title='bbox 376 3281 467 3301; x_wconf 80' lang='lat' dir='ltr'>notum</span> <span class='ocrx_word' id='word_1_677' title='bbox 490 3275 565 3300; x_wconf 88' lang='lat' dir='ltr'>nobis</span> <span class='ocrx_word' id='word_1_678' title='bbox 584 3282 663 3307; x_wconf 86' lang='lat' dir='ltr'>quam</span> <span class='ocrx_word' id='word_1_679' title='bbox 682 3275 707 3299; x_wconf 92' lang='lat' dir='ltr'>id</span> <span class='ocrx_word' id='word_1_680' title='bbox 731 3276 802 3307; x_wconf 92' lang='lat' dir='ltr'>quod</span> <span class='ocrx_word' id='word_1_681' title='bbox 821 3275 902 3307; x_wconf 88' lang='lat' dir='ltr'>prius·</span> <span class='ocrx_word' id='word_1_682' title='bbox 916 3280 1080 3307; x_wconf 88' lang='lat' dir='ltr'>assumptum</span> <span class='ocrx_word' id='word_1_683' title='bbox 1099 3280 1139 3300; x_wconf 90' lang='lat' dir='ltr'>est</span> <span class='ocrx_word' id='word_1_684' title='bbox 1156 3279 1185 3299; x_wconf 90' lang='lat' dir='ltr'>ut</span> <span class='ocrx_word' id='word_1_685' title='bbox 1203 3274 1284 3306; x_wconf 82' lang='lat' dir='ltr'>magis</span> <span class='ocrx_word' id='word_1_686' title='bbox 1303 3274 1378 3298; x_wconf 90' lang='lat' dir='ltr'>nobis</span> 
     </span>
     <span class='ocr_line' id='line_1_92' title="bbox 315 3309 1379 3344; baseline -0.003 -8"><span class='ocrx_word' id='word_1_687' title='bbox 315 3317 407 3336; x_wconf 86' lang='lat' dir='ltr'>notum</span> <span class='ocrx_word' id='word_1_688' title='bbox 422 3319 502 3344; x_wconf 86' lang='lat' dir='ltr'>quam</span> <span class='ocrx_word' id='word_1_689' title='bbox 516 3310 659 3335; x_wconf 84' lang='lat' dir='ltr'>conclusio:</span> <span class='ocrx_word' id='word_1_690' title='bbox 674 3310 745 3342; x_wconf 90' lang='lat' dir='ltr'>quod</span> <span class='ocrx_word' id='word_1_691' title='bbox 758 3314 891 3342; x_wconf 86' lang='lat' dir='ltr'>repugnat.</span> <span class='ocrx_word' id='word_1_692' title='bbox 906 3310 1027 3335; x_wconf 87' lang='lat' dir='ltr'>Similiter</span> <span class='ocrx_word' id='word_1_693' title='bbox 1040 3310 1066 3334; x_wconf 93' lang='lat' dir='ltr'>in</span> <span class='ocrx_word' id='word_1_694' title='bbox 1081 3309 1298 3334; x_wconf 84' lang='lat' dir='ltr'>demonstratione</span> <span class='ocrx_word' id='word_1_695' title='bbox 1316 3309 1379 3341; x_wconf 80' lang='lat' dir='ltr'>quia</span> 
     </span>
     <span class='ocr_line' id='line_1_93' title="bbox 317 3343 1378 3380; baseline -0.004 -9"><span class='ocrx_word' id='word_1_696' title='bbox 317 3347 464 3380; x_wconf 85' lang='lat' dir='ltr'>proceditur</span> <span class='ocrx_word' id='word_1_697' title='bbox 482 3353 497 3370; x_wconf 85' lang='lat' dir='ltr'>a</span> <span class='ocrx_word' id='word_1_698' title='bbox 514 3345 640 3378; x_wconf 86' lang='lat' dir='ltr'>principio</span> <span class='ocrx_word' id='word_1_699' title='bbox 659 3353 712 3369; x_wconf 87' lang='lat' dir='ltr'>non</span> <span class='ocrx_word' id='word_1_700' title='bbox 726 3345 808 3376; x_wconf 83' lang='lat' dir='ltr'>magis</span> <span class='ocrx_word' id='word_1_701' title='bbox 823 3350 885 3370; x_wconf 91' lang='lat' dir='ltr'>noto</span> <span class='ocrx_word' id='word_1_702' title='bbox 903 3345 930 3369; x_wconf 90' lang='lat' dir='ltr'>in</span> <span class='ocrx_word' id='word_1_703' title='bbox 945 3353 974 3369; x_wconf 87' lang='lat' dir='ltr'>se</span> <span class='ocrx_word' id='word_1_704' title='bbox 993 3346 1039 3370; x_wconf 88' lang='lat' dir='ltr'>sed</span> <span class='ocrx_word' id='word_1_705' title='bbox 1053 3345 1138 3377; x_wconf 88' lang='lat' dir='ltr'>quoad</span> <span class='ocrx_word' id='word_1_706' title='bbox 1153 3352 1215 3374; x_wconf 84' lang='lat' dir='ltr'>nos;</span> <span class='ocrx_word' id='word_1_707' title='bbox 1230 3351 1293 3375; x_wconf 88' lang='lat' dir='ltr'>ergo</span> <span class='ocrx_word' id='word_1_708' title='bbox 1307 3343 1378 3375; x_wconf 91' lang='lat' dir='ltr'>quod</span> 
     </span>
     <span class='ocr_line' id='line_1_94' title="bbox 315 3379 1379 3412; baseline -0.005 -5"><span class='ocrx_word' id='word_1_709' title='bbox 315 3381 478 3407; x_wconf 84' lang='lat' dir='ltr'>concluditur</span> <span class='ocrx_word' id='word_1_710' title='bbox 498 3388 551 3405; x_wconf 90' lang='lat' dir='ltr'>non</span> <span class='ocrx_word' id='word_1_711' title='bbox 573 3384 659 3412; x_wconf 89' lang='lat' dir='ltr'>potest</span> <span class='ocrx_word' id='word_1_712' title='bbox 676 3380 774 3404; x_wconf 83' lang='lat' dir='ltr'>assumi</span> <span class='ocrx_word' id='word_1_713' title='bbox 788 3384 817 3404; x_wconf 91' lang='lat' dir='ltr'>ut</span> <span class='ocrx_word' id='word_1_714' title='bbox 831 3380 893 3412; x_wconf 91' lang='lat' dir='ltr'>quid</span> <span class='ocrx_word' id='word_1_715' title='bbox 906 3380 989 3411; x_wconf 84' lang='lat' dir='ltr'>magis</span> <span class='ocrx_word' id='word_1_716' title='bbox 1003 3385 1095 3404; x_wconf 88' lang='lat' dir='ltr'>notum</span> <span class='ocrx_word' id='word_1_717' title='bbox 1109 3380 1195 3411; x_wconf 86' lang='lat' dir='ltr'>quoad</span> <span class='ocrx_word' id='word_1_718' title='bbox 1210 3386 1257 3403; x_wconf 90' lang='lat' dir='ltr'>nos</span> <span class='ocrx_word' id='word_1_719' title='bbox 1272 3379 1303 3402; x_wconf 87' lang='lat' dir='ltr'>ad</span> <span class='ocrx_word' id='word_1_720' title='bbox 1318 3385 1379 3402; x_wconf 89' lang='lat' dir='ltr'>con—</span> 
     </span>
     <span class='ocr_line' id='line_1_95' title="bbox 314 3413 1379 3448; baseline -0.005 -6"><span class='ocrx_word' id='word_1_721' title='bbox 314 3417 473 3442; x_wconf 88' lang='lat' dir='ltr'>cludendum</span> <span class='ocrx_word' id='word_1_722' title='bbox 487 3416 574 3448; x_wconf 87' lang='lat' dir='ltr'>ipsum</span> <span class='ocrx_word' id='word_1_723' title='bbox 589 3415 741 3447; x_wconf 86' lang='lat' dir='ltr'>principium</span> <span class='ocrx_word' id='word_1_724' title='bbox 752 3419 924 3447; x_wconf 83' lang='lat' dir='ltr'>assumptum,</span> <span class='ocrx_word' id='word_1_725' title='bbox 939 3414 1001 3447; x_wconf 90' lang='lat' dir='ltr'>quin</span> <span class='ocrx_word' id='word_1_726' title='bbox 1014 3414 1091 3439; x_wconf 88' lang='lat' dir='ltr'>simul</span> <span class='ocrx_word' id='word_1_727' title='bbox 1104 3414 1201 3438; x_wconf 88' lang='lat' dir='ltr'>dicatur</span> <span class='ocrx_word' id='word_1_728' title='bbox 1210 3413 1306 3445; x_wconf 87' lang='lat' dir='ltr'>aliquid</span> <span class='ocrx_word' id='word_1_729' title='bbox 1320 3420 1379 3437; x_wconf 89' lang='lat' dir='ltr'>esse</span> 
     </span>
     <span class='ocr_line' id='line_1_96' title="bbox 318 3448 1378 3485; baseline -0.005 -8"><span class='ocrx_word' id='word_1_730' title='bbox 318 3453 405 3485; x_wconf 84' lang='lat' dir='ltr'>quoad</span> <span class='ocrx_word' id='word_1_731' title='bbox 418 3459 465 3476; x_wconf 90' lang='lat' dir='ltr'>nos</span> <span class='ocrx_word' id='word_1_732' title='bbox 480 3451 557 3476; x_wconf 90' lang='lat' dir='ltr'>simul</span> <span class='ocrx_word' id='word_1_733' title='bbox 577 3455 603 3475; x_wconf 90' lang='lat' dir='ltr'>et</span> <span class='ocrx_word' id='word_1_734' title='bbox 615 3450 663 3474; x_wconf 85' lang='lat' dir='ltr'>sub</span> <span class='ocrx_word' id='word_1_735' title='bbox 678 3450 771 3474; x_wconf 89' lang='lat' dir='ltr'>eodem</span> <span class='ocrx_word' id='word_1_736' title='bbox 785 3454 904 3482; x_wconf 83' lang='lat' dir='ltr'>respectu</span> <span class='ocrx_word' id='word_1_737' title='bbox 919 3449 1000 3481; x_wconf 87' lang='lat' dir='ltr'>magis</span> <span class='ocrx_word' id='word_1_738' title='bbox 1013 3454 1039 3473; x_wconf 90' lang='lat' dir='ltr'>et</span> <span class='ocrx_word' id='word_1_739' title='bbox 1052 3449 1138 3473; x_wconf 89' lang='lat' dir='ltr'>minus</span> <span class='ocrx_word' id='word_1_740' title='bbox 1153 3453 1252 3473; x_wconf 89' lang='lat' dir='ltr'>notum.</span> <span class='ocrx_word' id='word_1_741' title='bbox 1267 3448 1378 3472; x_wconf 87' lang='lat' dir='ltr'>Demum</span> 
     </span>
     <span class='ocr_line' id='line_1_97' title="bbox 318 3483 1378 3516; baseline -0.005 -4"><span class='ocrx_word' id='word_1_742' title='bbox 318 3488 345 3512; x_wconf 91' lang='lat' dir='ltr'>in</span> <span class='ocrx_word' id='word_1_743' title='bbox 359 3487 516 3512; x_wconf 85' lang='lat' dir='ltr'>connexione</span> <span class='ocrx_word' id='word_1_744' title='bbox 532 3485 702 3510; x_wconf 88' lang='lat' dir='ltr'>terminorum</span> <span class='ocrx_word' id='word_1_745' title='bbox 717 3485 782 3509; x_wconf 92' lang='lat' dir='ltr'>inter</span> <span class='ocrx_word' id='word_1_746' title='bbox 795 3492 824 3509; x_wconf 90' lang='lat' dir='ltr'>se</span> <span class='ocrx_word' id='word_1_747' title='bbox 836 3485 861 3508; x_wconf 90' lang='lat' dir='ltr'>in</span> <span class='ocrx_word' id='word_1_748' title='bbox 880 3484 1053 3514; x_wconf 88' lang='lat' dir='ltr'>conclusione,</span> <span class='ocrx_word' id='word_1_749' title='bbox 1073 3489 1098 3508; x_wconf 90' lang='lat' dir='ltr'>et</span> <span class='ocrx_word' id='word_1_750' title='bbox 1111 3483 1137 3508; x_wconf 91' lang='lat' dir='ltr'>in</span> <span class='ocrx_word' id='word_1_751' title='bbox 1151 3483 1300 3516; x_wconf 86' lang='lat' dir='ltr'>praemissis</span> <span class='ocrx_word' id='word_1_752' title='bbox 1319 3490 1378 3507; x_wconf 89' lang='lat' dir='ltr'>cum</span> 
     </span>
     <span class='ocr_line' id='line_1_98' title="bbox 318 3518 1378 3554; baseline -0.006 -7"><span class='ocrx_word' id='word_1_753' title='bbox 318 3522 413 3552; x_wconf 90' lang='lat' dir='ltr'>medio,</span> <span class='ocrx_word' id='word_1_754' title='bbox 427 3522 499 3554; x_wconf 86' lang='lat' dir='ltr'>prius</span> <span class='ocrx_word' id='word_1_755' title='bbox 518 3525 558 3546; x_wconf 89' lang='lat' dir='ltr'>est</span> <span class='ocrx_word' id='word_1_756' title='bbox 576 3521 650 3545; x_wconf 90' lang='lat' dir='ltr'>nobis</span> <span class='ocrx_word' id='word_1_757' title='bbox 665 3520 766 3552; x_wconf 86' lang='lat' dir='ltr'>cognita</span> <span class='ocrx_word' id='word_1_758' title='bbox 785 3519 908 3544; x_wconf 87' lang='lat' dir='ltr'>connexio</span> <span class='ocrx_word' id='word_1_759' title='bbox 923 3523 1094 3543; x_wconf 89' lang='lat' dir='ltr'>extremorum</span> <span class='ocrx_word' id='word_1_760' title='bbox 1114 3526 1172 3543; x_wconf 91' lang='lat' dir='ltr'>cum</span> <span class='ocrx_word' id='word_1_761' title='bbox 1192 3518 1285 3548; x_wconf 90' lang='lat' dir='ltr'>medio,</span> <span class='ocrx_word' id='word_1_762' title='bbox 1301 3525 1378 3549; x_wconf 90' lang='lat' dir='ltr'>quam</span> 
     </span>
     <span class='ocr_line' id='line_1_99' title="bbox 317 3553 1378 3587; baseline -0.006 -5"><span class='ocrx_word' id='word_1_763' title='bbox 317 3565 411 3582; x_wconf 87' lang='lat' dir='ltr'>eorum</span> <span class='ocrx_word' id='word_1_764' title='bbox 429 3556 553 3582; x_wconf 89' lang='lat' dir='ltr'>connexio</span> <span class='ocrx_word' id='word_1_765' title='bbox 572 3556 637 3580; x_wconf 87' lang='lat' dir='ltr'>inter</span> <span class='ocrx_word' id='word_1_766' title='bbox 655 3563 696 3585; x_wconf 83' lang='lat' dir='ltr'>se;</span> <span class='ocrx_word' id='word_1_767' title='bbox 715 3559 741 3579; x_wconf 91' lang='lat' dir='ltr'>at</span> <span class='ocrx_word' id='word_1_768' title='bbox 759 3554 781 3579; x_wconf 88' lang='lat' dir='ltr'>si</span> <span class='ocrx_word' id='word_1_769' title='bbox 802 3554 933 3587; x_wconf 87' lang='lat' dir='ltr'>possibilis</span> <span class='ocrx_word' id='word_1_770' title='bbox 951 3554 1016 3578; x_wconf 85' lang='lat' dir='ltr'>foret</span> <span class='ocrx_word' id='word_1_771' title='bbox 1035 3553 1218 3578; x_wconf 88' lang='lat' dir='ltr'>demonstratio</span> <span class='ocrx_word' id='word_1_772' title='bbox 1236 3553 1378 3583; x_wconf 86' lang='lat' dir='ltr'>circularis,</span> 
     </span>
     <span class='ocr_line' id='line_1_100' title="bbox 317 3588 1379 3622; baseline -0.006 -5"><span class='ocrx_word' id='word_1_773' title='bbox 317 3592 444 3617; x_wconf 65' lang='lat' dir='ltr'>connexio</span> <span class='ocrx_word' id='word_1_774' title='bbox 458 3597 630 3617; x_wconf 87' lang='lat' dir='ltr'>extremorum</span> <span class='ocrx_word' id='word_1_775' title='bbox 645 3590 710 3615; x_wconf 91' lang='lat' dir='ltr'>inter</span> <span class='ocrx_word' id='word_1_776' title='bbox 730 3597 759 3615; x_wconf 88' lang='lat' dir='ltr'>se</span> <span class='ocrx_word' id='word_1_777' title='bbox 773 3590 854 3622; x_wconf 89' lang='lat' dir='ltr'>magis</span> <span class='ocrx_word' id='word_1_778' title='bbox 869 3595 939 3614; x_wconf 89' lang='lat' dir='ltr'>esset</span> <span class='ocrx_word' id='word_1_779' title='bbox 952 3594 1012 3614; x_wconf 89' lang='lat' dir='ltr'>nota</span> <span class='ocrx_word' id='word_1_780' title='bbox 1026 3588 1100 3613; x_wconf 90' lang='lat' dir='ltr'>nobis</span> <span class='ocrx_word' id='word_1_781' title='bbox 1119 3595 1198 3621; x_wconf 76' lang='lat' dir='ltr'>quam</span> <span class='ocrx_word' id='word_1_782' title='bbox 1212 3595 1302 3612; x_wconf 87' lang='lat' dir='ltr'>eorum</span> <span class='ocrx_word' id='word_1_783' title='bbox 1318 3595 1379 3612; x_wconf 93' lang='lat' dir='ltr'>con-</span> 
     </span>
     <span class='ocr_line' id='line_1_101' title="bbox 319 3622 1379 3658; baseline -0.006 -6"><span class='ocrx_word' id='word_1_784' title='bbox 319 3627 394 3652; x_wconf 87' lang='lat' dir='ltr'>nexio</span> <span class='ocrx_word' id='word_1_785' title='bbox 412 3635 472 3652; x_wconf 89' lang='lat' dir='ltr'>cum</span> <span class='ocrx_word' id='word_1_786' title='bbox 492 3627 584 3652; x_wconf 92' lang='lat' dir='ltr'>medio.</span> <span class='ocrx_word' id='word_1_787' title='bbox 605 3626 681 3656; x_wconf 84' lang='lat' dir='ltr'>Quod</span> <span class='ocrx_word' id='word_1_788' title='bbox 700 3625 776 3650; x_wconf 87' lang='lat' dir='ltr'>etiam</span> <span class='ocrx_word' id='word_1_789' title='bbox 795 3629 930 3658; x_wconf 86' lang='lat' dir='ltr'>repugnat.</span> <span class='ocrx_word' id='word_1_790' title='bbox 948 3623 1111 3649; x_wconf 85' lang='lat' dir='ltr'>Manifestum</span> <span class='ocrx_word' id='word_1_791' title='bbox 1125 3628 1164 3648; x_wconf 91' lang='lat' dir='ltr'>est</span> <span class='ocrx_word' id='word_1_792' title='bbox 1182 3630 1244 3655; x_wconf 87' lang='lat' dir='ltr'>ergo</span> <span class='ocrx_word' id='word_1_793' title='bbox 1263 3623 1334 3655; x_wconf 90' lang='lat' dir='ltr'>quod</span> <span class='ocrx_word' id='word_1_794' title='bbox 1353 3622 1379 3647; x_wconf 91' lang='lat' dir='ltr'>in</span> 
     </span>
    </p>
   </div>
   <div class='ocr_carea' id='block_1_15' title="bbox 2410 305 2480 352">
    <p class='ocr_par' dir='ltr' id='par_1_22' title="bbox 2410 305 2480 352">
     <span class='ocr_line' id='line_1_102' title="bbox 2410 305 2480 352; baseline 0 -12"><span class='ocrx_word' id='word_1_795' title='bbox 2410 305 2480 352; x_wconf 86' lang='lat'>167</span> 
     </span>
    </p>
   </div>
   <div class='ocr_carea' id='block_1_16' title="bbox 1418 380 2481 480">
    <p class='ocr_par' dir='ltr' id='par_1_23' title="bbox 1418 380 2481 480">
     <span class='ocr_line' id='line_1_103' title="bbox 1418 380 2481 429; baseline 0.003 -13"><span class='ocrx_word' id='word_1_796' title='bbox 1418 380 1520 417; x_wconf 91' lang='lat' dir='ltr'>idem</span> <span class='ocrx_word' id='word_1_797' title='bbox 1548 380 1594 417; x_wconf 89' lang='lat' dir='ltr'>sit</span> <span class='ocrx_word' id='word_1_798' title='bbox 1615 381 1724 429; x_wconf 82' lang='lat' dir='ltr'>prius</span> <span class='ocrx_word' id='word_1_799' title='bbox 1744 388 1779 417; x_wconf 89' lang='lat' dir='ltr'>et</span> <span class='ocrx_word' id='word_1_800' title='bbox 1791 381 1977 429; x_wconf 83' lang='lat' dir='ltr'>posterius</span> <span class='ocrx_word' id='word_1_801' title='bbox 1996 389 2167 429; x_wconf 91' lang='lat' dir='ltr'>respectu</span> <span class='ocrx_word' id='word_1_802' title='bbox 2191 381 2301 418; x_wconf 92' lang='lat' dir='ltr'>unius</span> <span class='ocrx_word' id='word_1_803' title='bbox 2330 389 2366 418; x_wconf 89' lang='lat' dir='ltr'>et</span> <span class='ocrx_word' id='word_1_804' title='bbox 2386 382 2481 420; x_wconf 90' lang='lat' dir='ltr'>eius-</span> 
     </span>
     <span class='ocr_line' id='line_1_104' title="bbox 1419 433 2479 480; baseline 0.002 -10"><span class='ocrx_word' id='word_1_805' title='bbox 1419 433 1523 480; x_wconf 88' lang='lat' dir='ltr'>dem,</span> <span class='ocrx_word' id='word_1_806' title='bbox 1552 441 1587 470; x_wconf 87' lang='lat' dir='ltr'>et</span> <span class='ocrx_word' id='word_1_807' title='bbox 1615 434 1736 470; x_wconf 82' lang='lat' dir='ltr'>notius</span> <span class='ocrx_word' id='word_1_808' title='bbox 1769 441 1805 470; x_wconf 87' lang='lat' dir='ltr'>et</span> <span class='ocrx_word' id='word_1_809' title='bbox 1832 434 1955 470; x_wconf 83' lang='lat' dir='ltr'>minus</span> <span class='ocrx_word' id='word_1_810' title='bbox 1983 439 2123 471; x_wconf 86' lang='lat' dir='ltr'>notum.</span> <span class='ocrx_word' id='word_1_811' title='bbox 2154 435 2240 470; x_wconf 90' lang='lat' dir='ltr'>Hoc</span> <span class='ocrx_word' id='word_1_812' title='bbox 2268 442 2394 471; x_wconf 89' lang='lat' dir='ltr'>autem</span> <span class='ocrx_word' id='word_1_813' title='bbox 2423 443 2479 472; x_wconf 91' lang='lat' dir='ltr'>est</span> 
     </span>
    </p>
   </div>
   <div class='ocr_carea' id='block_1_17' title="bbox 1417 486 2479 576">
    <p class='ocr_par' dir='ltr' id='par_1_24' title="bbox 1417 486 2479 576">
     <span class='ocr_line' id='line_1_105' title="bbox 1417 486 2479 535; baseline 0.002 -13"><span class='ocrx_word' id='word_1_814' title='bbox 1417 486 1660 535; x_wconf 89' lang='lat' dir='ltr'>impossibile.</span> <span class='ocrx_word' id='word_1_815' title='bbox 1683 488 1784 534; x_wconf 85' lang='lat' dir='ltr'>Ergo</span> <span class='ocrx_word' id='word_1_816' title='bbox 1813 486 2044 535; x_wconf 89' lang='lat' dir='ltr'>impossibile</span> <span class='ocrx_word' id='word_1_817' title='bbox 2074 494 2129 523; x_wconf 91' lang='lat' dir='ltr'>est</span> <span class='ocrx_word' id='word_1_818' title='bbox 2163 487 2387 524; x_wconf 88' lang='lat' dir='ltr'>circulariter</span> <span class='ocrx_word' id='word_1_819' title='bbox 2416 488 2479 524; x_wconf 91' lang='lat' dir='ltr'>de-</span> 
     </span>
     <span class='ocr_line' id='line_1_106' title="bbox 1418 546 1640 576; baseline 0 -1"><span class='ocrx_word' id='word_1_820' title='bbox 1418 546 1640 576; x_wconf 85' lang='lat' dir='ltr'>monstrare.</span> 
     </span>
    </p>
   </div>
   <div class='ocr_carea' id='block_1_18' title="bbox 1469 587 2526 641">
    <p class='ocr_par' dir='ltr' id='par_1_25' title="bbox 1469 587 2526 641">
     <span class='ocr_line' id='line_1_107' title="bbox 1469 587 2526 641; baseline 0.001 -13"><span class='ocrx_word' id='word_1_821' title='bbox 1469 604 1506 639; x_wconf 90' lang='lat'>4.</span> <span class='ocrx_word' id='word_1_822' title='bbox 1529 592 1604 628; x_wconf 89' lang='lat' dir='ltr'>Sed</span> <span class='ocrx_word' id='word_1_823' title='bbox 1623 599 1752 640; x_wconf 90' lang='lat' dir='ltr'>posset</span> <span class='ocrx_word' id='word_1_824' title='bbox 1770 589 1784 613; x_wconf 67' lang='lat'>⁶</span> <span class='ocrx_word' id='word_1_825' title='bbox 1803 591 1935 640; x_wconf 88' lang='lat' dir='ltr'>aliquis</span> <span class='ocrx_word' id='word_1_826' title='bbox 1961 592 2084 629; x_wconf 86' lang='lat' dir='ltr'>dicere</span> <span class='ocrx_word' id='word_1_827' title='bbox 2104 592 2207 641; x_wconf 89' lang='lat' dir='ltr'>quod</span> <span class='ocrx_word' id='word_1_828' title='bbox 2227 591 2329 629; x_wconf 89' lang='lat' dir='ltr'>idem</span> <span class='ocrx_word' id='word_1_829' title='bbox 2356 599 2481 641; x_wconf 91' lang='lat' dir='ltr'>potest</span> <span class='ocrx_word' id='word_1_830' title='bbox 2519 587 2526 595; x_wconf 84' lang='grc'><strong>”</strong></span> 
     </span>
    </p>
   </div>
   <div class='ocr_carea' id='block_1_19' title="bbox 1412 644 2480 903">
    <p class='ocr_par' dir='ltr' id='par_1_26' title="bbox 1412 644 2480 903">
     <span class='ocr_line' id='line_1_108' title="bbox 1418 644 2480 693; baseline 0 -12"><span class='ocrx_word' id='word_1_831' title='bbox 1418 657 1500 681; x_wconf 88' lang='lat' dir='ltr'>esse</span> <span class='ocrx_word' id='word_1_832' title='bbox 1527 645 1630 693; x_wconf 91' lang='lat' dir='ltr'>prius</span> <span class='ocrx_word' id='word_1_833' title='bbox 1659 652 1695 681; x_wconf 88' lang='lat' dir='ltr'>et</span> <span class='ocrx_word' id='word_1_834' title='bbox 1721 644 1906 693; x_wconf 91' lang='lat' dir='ltr'>posterius</span> <span class='ocrx_word' id='word_1_835' title='bbox 1934 645 2006 681; x_wconf 89' lang='lat' dir='ltr'>alio</span> <span class='ocrx_word' id='word_1_836' title='bbox 2036 653 2072 682; x_wconf 91' lang='lat' dir='ltr'>et</span> <span class='ocrx_word' id='word_1_837' title='bbox 2090 645 2162 682; x_wconf 89' lang='lat' dir='ltr'>alio</span> <span class='ocrx_word' id='word_1_838' title='bbox 2191 645 2322 691; x_wconf 87' lang='lat' dir='ltr'>modo,</span> <span class='ocrx_word' id='word_1_839' title='bbox 2343 645 2480 681; x_wconf 89' lang='lat' dir='ltr'>scilicet</span> 
     </span>
     <span class='ocr_line' id='line_1_109' title="bbox 1417 697 2478 746; baseline 0 -12"><span class='ocrx_word' id='word_1_840' title='bbox 1417 705 1459 734; x_wconf 90' lang='lat' dir='ltr'>ut</span> <span class='ocrx_word' id='word_1_841' title='bbox 1476 698 1550 734; x_wconf 90' lang='lat' dir='ltr'>hoc</span> <span class='ocrx_word' id='word_1_842' title='bbox 1570 697 1615 734; x_wconf 90' lang='lat' dir='ltr'>sit</span> <span class='ocrx_word' id='word_1_843' title='bbox 1632 697 1740 746; x_wconf 82' lang='lat' dir='ltr'>prius·</span> <span class='ocrx_word' id='word_1_844' title='bbox 1754 698 1880 745; x_wconf 88' lang='lat' dir='ltr'>quoad</span> <span class='ocrx_word' id='word_1_845' title='bbox 1905 709 1989 743; x_wconf 75' lang='lat' dir='ltr'>noS,</span> <span class='ocrx_word' id='word_1_846' title='bbox 2017 706 2052 734; x_wconf 91' lang='lat' dir='ltr'>et</span> <span class='ocrx_word' id='word_1_847' title='bbox 2079 698 2169 735; x_wconf 92' lang='lat' dir='ltr'>illud</span> <span class='ocrx_word' id='word_1_848' title='bbox 2198 698 2242 734; x_wconf 91' lang='lat' dir='ltr'>sit</span> <span class='ocrx_word' id='word_1_849' title='bbox 2264 698 2367 746; x_wconf 91' lang='lat' dir='ltr'>prius</span> <span class='ocrx_word' id='word_1_850' title='bbox 2391 698 2478 734; x_wconf 85' lang='lat' dir='ltr'>sim-</span> 
     </span>
     <span class='ocr_line' id='line_1_110' title="bbox 1412 750 2477 799; baseline 0.001 -13"><span class='ocrx_word' id='word_1_851' title='bbox 1412 750 1559 798; x_wconf 84' lang='lat' dir='ltr'>pliciter</span> <span class='ocrx_word' id='word_1_852' title='bbox 1577 756 1599 787; x_wconf 81' lang='lat'>⁸.</span> <span class='ocrx_word' id='word_1_853' title='bbox 1625 750 1728 787; x_wconf 89' lang='lat' dir='ltr'>Sicut</span> <span class='ocrx_word' id='word_1_854' title='bbox 1755 750 1954 796; x_wconf 86' lang='lat' dir='ltr'>singularia</span> <span class='ocrx_word' id='word_1_855' title='bbox 1982 759 2067 787; x_wconf 89' lang='lat' dir='ltr'>sunt</span> <span class='ocrx_word' id='word_1_856' title='bbox 2085 751 2212 799; x_wconf 90' lang='lat' dir='ltr'>priora</span> <span class='ocrx_word' id='word_1_857' title='bbox 2240 751 2366 799; x_wconf 89' lang='lat' dir='ltr'>quoad</span> <span class='ocrx_word' id='word_1_858' title='bbox 2395 762 2477 798; x_wconf 87' lang='lat' dir='ltr'>nos,</span> 
     </span>
     <span class='ocr_line' id='line_1_111' title="bbox 1420 802 2478 851; baseline 0.001 -12"><span class='ocrx_word' id='word_1_859' title='bbox 1420 811 1455 839; x_wconf 92' lang='lat' dir='ltr'>et</span> <span class='ocrx_word' id='word_1_860' title='bbox 1481 803 1690 851; x_wconf 88' lang='lat' dir='ltr'>posteriora</span> <span class='ocrx_word' id='word_1_861' title='bbox 1718 802 1953 850; x_wconf 87' lang='lat' dir='ltr'>simpliciter;</span> <span class='ocrx_word' id='word_1_862' title='bbox 1981 803 2207 840; x_wconf 87' lang='lat' dir='ltr'>universalia</span> <span class='ocrx_word' id='word_1_863' title='bbox 2225 815 2318 840; x_wconf 89' lang='lat' dir='ltr'>vero</span> <span class='ocrx_word' id='word_1_864' title='bbox 2348 816 2369 839; x_wconf 91' lang='lat' dir='ltr'>e</span> <span class='ocrx_word' id='word_1_865' title='bbox 2389 815 2478 840; x_wconf 90' lang='lat' dir='ltr'>con-</span> 
     </span>
     <span class='ocr_line' id='line_1_112' title="bbox 1418 855 2476 903; baseline 0.001 -11"><span class='ocrx_word' id='word_1_866' title='bbox 1418 868 1531 892; x_wconf 88' lang='lat' dir='ltr'>verso</span> <span class='ocrx_word' id='word_1_867' title='bbox 1542 855 1568 892; x_wconf 64' lang='grc' dir='ltr'>ζ.</span> <span class='ocrx_word' id='word_1_868' title='bbox 1585 856 1671 892; x_wconf 89' lang='lat' dir='ltr'>Hoc</span> <span class='ocrx_word' id='word_1_869' title='bbox 1685 863 1812 893; x_wconf 88' lang='lat' dir='ltr'>autern</span> <span class='ocrx_word' id='word_1_870' title='bbox 1828 855 1945 891; x_wconf 92' lang='lat' dir='ltr'>modo</span> <span class='ocrx_word' id='word_1_871' title='bbox 1961 855 2126 893; x_wconf 90' lang='lat' dir='ltr'>inductio</span> <span class='ocrx_word' id='word_1_872' title='bbox 2146 856 2232 892; x_wconf 87' lang='lat' dir='ltr'>facit</span> <span class='ocrx_word' id='word_1_873' title='bbox 2246 864 2391 903; x_wconf 85' lang='lat' dir='ltr'>notum,</span> <span class='ocrx_word' id='word_1_874' title='bbox 2408 857 2476 893; x_wconf 91' lang='lat' dir='ltr'>sci-</span> 
     </span>
    </p>
   </div>
   <div class='ocr_carea' id='block_1_20' title="bbox 1419 908 2514 946">
    <p class='ocr_par' dir='ltr' id='par_1_27' title="bbox 1419 908 2514 946">
     <span class='ocr_line' id='line_1_113' title="bbox 1419 908 2514 946; baseline 0.002 -2"><span class='ocrx_word' id='word_1_875' title='bbox 1419 908 1532 944; x_wconf 74' lang='lat' dir='ltr'>licet*</span> <span class='ocrx_word' id='word_1_876' title='bbox 1542 909 1658 944; x_wconf 91' lang='lat' dir='ltr'>altero</span> <span class='ocrx_word' id='word_1_877' title='bbox 1674 909 1792 946; x_wconf 90' lang='lat' dir='ltr'>modo</span> <span class='ocrx_word' id='word_1_878' title='bbox 1808 922 1830 946; x_wconf 92' lang='lat' dir='ltr'>a</span> <span class='ocrx_word' id='word_1_879' title='bbox 1850 908 2181 946; x_wconf 84' lang='lat' dir='ltr'>demonstratione.</span> <span class='ocrx_word' id='word_1_880' title='bbox 2201 910 2304 946; x_wconf 90' lang='lat' dir='ltr'>Nam</span> <span class='ocrx_word' id='word_1_881' title='bbox 2320 909 2478 946; x_wconf 89' lang='lat' dir='ltr'>demon·</span> <span class='ocrx_word' id='word_1_882' title='bbox 2505 922 2514 930; x_wconf 87' lang='grc'>·</span> 
     </span>
    </p>
   </div>
   <div class='ocr_carea' id='block_1_21' title="bbox 1419 960 2480 1220">
    <p class='ocr_par' dir='ltr' id='par_1_28' title="bbox 1419 960 2480 1220">
     <span class='ocr_line' id='line_1_114' title="bbox 1419 960 2479 1010; baseline 0.001 -13"><span class='ocrx_word' id='word_1_883' title='bbox 1419 961 1545 997; x_wconf 86' lang='lat' dir='ltr'>stratio</span> <span class='ocrx_word' id='word_1_884' title='bbox 1574 961 1744 1009; x_wconf 92' lang='lat' dir='ltr'>procedit</span> <span class='ocrx_word' id='word_1_885' title='bbox 1772 974 1816 998; x_wconf 89' lang='lat' dir='ltr'>ex</span> <span class='ocrx_word' id='word_1_886' title='bbox 1844 960 2031 1008; x_wconf 88' lang='lat' dir='ltr'>prioribus</span> <span class='ocrx_word' id='word_1_887' title='bbox 2059 962 2291 1010; x_wconf 91' lang='lat' dir='ltr'>simpliciter:</span> <span class='ocrx_word' id='word_1_888' title='bbox 2313 962 2479 999; x_wconf 91' lang='lat' dir='ltr'>inductio</span> 
     </span>
     <span class='ocr_line' id='line_1_115' title="bbox 1420 1013 2480 1062; baseline 0.002 -13"><span class='ocrx_word' id='word_1_889' title='bbox 1420 1021 1547 1050; x_wconf 90' lang='lat' dir='ltr'>autem</span> <span class='ocrx_word' id='word_1_890' title='bbox 1585 1026 1630 1049; x_wconf 88' lang='lat' dir='ltr'>ex</span> <span class='ocrx_word' id='word_1_891' title='bbox 1666 1013 1853 1062; x_wconf 91' lang='lat' dir='ltr'>prioribus</span> <span class='ocrx_word' id='word_1_892' title='bbox 1888 1014 2015 1061; x_wconf 90' lang='lat' dir='ltr'>quoad</span> <span class='ocrx_word' id='word_1_893' title='bbox 2052 1027 2122 1051; x_wconf 91' lang='lat' dir='ltr'>nos</span> <span class='ocrx_word' id='word_1_894' title='bbox 2145 1015 2175 1051; x_wconf 73' lang='grc'>*.</span> <span class='ocrx_word' id='word_1_895' title='bbox 2196 1035 2220 1042; x_wconf 94' lang='grc'>-</span> <span class='ocrx_word' id='word_1_896' title='bbox 2246 1015 2322 1051; x_wconf 90' lang='lat' dir='ltr'>Sed</span> <span class='ocrx_word' id='word_1_897' title='bbox 2359 1015 2390 1051; x_wconf 91' lang='lat' dir='ltr'>si</span> <span class='ocrx_word' id='word_1_898' title='bbox 2427 1015 2480 1051; x_wconf 93' lang='lat' dir='ltr'>sic</span> 
     </span>
     <span class='ocr_line' id='line_1_116' title="bbox 1419 1066 2478 1115; baseline 0.002 -13"><span class='ocrx_word' id='word_1_899' title='bbox 1419 1066 1527 1102; x_wconf 88' lang='lat' dir='ltr'>fieret</span> <span class='ocrx_word' id='word_1_900' title='bbox 1563 1066 1833 1102; x_wconf 88' lang='lat' dir='ltr'>demonstratio</span> <span class='ocrx_word' id='word_1_901' title='bbox 1869 1066 2075 1113; x_wconf 89' lang='lat' dir='ltr'>circularis,</span> <span class='ocrx_word' id='word_1_902' title='bbox 2105 1075 2145 1103; x_wconf 89' lang='lat' dir='ltr'>ut</span> <span class='ocrx_word' id='word_1_903' title='bbox 2181 1067 2318 1104; x_wconf 87' lang='lat' dir='ltr'>scilicet</span> <span class='ocrx_word' id='word_1_904' title='bbox 2353 1067 2478 1115; x_wconf 91' lang='lat' dir='ltr'>primo</span> 
     </span>
     <span class='ocr_line' id='line_1_117' title="bbox 1420 1118 2479 1168; baseline 0.002 -14"><span class='ocrx_word' id='word_1_905' title='bbox 1420 1118 1705 1155; x_wconf 87' lang='lat' dir='ltr'>concluderetur</span> <span class='ocrx_word' id='word_1_906' title='bbox 1717 1119 1736 1139; x_wconf 77' lang='lat'>’¹‘</span> <span class='ocrx_word' id='word_1_907' title='bbox 1747 1130 1791 1155; x_wconf 87' lang='lat' dir='ltr'>ex</span> <span class='ocrx_word' id='word_1_908' title='bbox 1801 1118 1989 1167; x_wconf 90' lang='lat' dir='ltr'>prioribus</span> <span class='ocrx_word' id='word_1_909' title='bbox 1999 1119 2225 1168; x_wconf 88' lang='lat' dir='ltr'>simpliciter,</span> <span class='ocrx_word' id='word_1_910' title='bbox 2236 1127 2368 1168; x_wconf 89' lang='lat' dir='ltr'>postea</span> <span class='ocrx_word' id='word_1_911' title='bbox 2385 1132 2479 1157; x_wconf 90' lang='lat' dir='ltr'>vero</span> 
     </span>
     <span class='ocr_line' id='line_1_118' title="bbox 1420 1170 2480 1220; baseline 0.002 -13"><span class='ocrx_word' id='word_1_912' title='bbox 1420 1183 1465 1207; x_wconf 88' lang='lat' dir='ltr'>ex</span> <span class='ocrx_word' id='word_1_913' title='bbox 1493 1170 1680 1218; x_wconf 89' lang='lat' dir='ltr'>prioribus</span> <span class='ocrx_word' id='word_1_914' title='bbox 1717 1171 1844 1219; x_wconf 90' lang='lat' dir='ltr'>quoad</span> <span class='ocrx_word' id='word_1_915' title='bbox 1882 1184 1972 1217; x_wconf 91' lang='lat' dir='ltr'>nos;</span> <span class='ocrx_word' id='word_1_916' title='bbox 2012 1180 2228 1220; x_wconf 90' lang='lat' dir='ltr'>sequeretur</span> <span class='ocrx_word' id='word_1_917' title='bbox 2265 1173 2368 1220; x_wconf 93' lang='lat' dir='ltr'>quod</span> <span class='ocrx_word' id='word_1_918' title='bbox 2402 1185 2480 1209; x_wconf 91' lang='lat' dir='ltr'>non</span> 
     </span>
    </p>
   </div>
   <div class='ocr_carea' id='block_1_22' title="bbox 1419 1372 2486 2285">
    <p class='ocr_par' dir='ltr' id='par_1_29' title="bbox 1419 1372 2481 1476">
     <span class='ocr_line' id='line_1_119' title="bbox 1419 1372 2481 1405; baseline 0.002 -9"><span class='ocrx_word' id='word_1_919' title='bbox 1419 1372 1491 1396; x_wconf 90' lang='lat' dir='ltr'>omni</span> <span class='ocrx_word' id='word_1_920' title='bbox 1506 1373 1724 1398; x_wconf 85' lang='lat' dir='ltr'>demonstratione</span> <span class='ocrx_word' id='word_1_921' title='bbox 1739 1373 1854 1398; x_wconf 86' lang='lat' dir='ltr'>circulari</span> <span class='ocrx_word' id='word_1_922' title='bbox 1869 1380 1972 1405; x_wconf 89' lang='lat' dir='ltr'>semper</span> <span class='ocrx_word' id='word_1_923' title='bbox 1986 1372 2124 1397; x_wconf 81' lang='lat' dir='ltr'>offenditur</span> <span class='ocrx_word' id='word_1_924' title='bbox 2137 1372 2280 1398; x_wconf 82' lang='lat' dir='ltr'>absurditas</span> <span class='ocrx_word' id='word_1_925' title='bbox 2294 1373 2318 1397; x_wconf 93' lang='lat' dir='ltr'>vi</span> <span class='ocrx_word' id='word_1_926' title='bbox 2329 1373 2481 1398; x_wconf 82' lang='lat' dir='ltr'>conditionis</span> 
     </span>
     <span class='ocr_line' id='line_1_120' title="bbox 1420 1407 2480 1442; baseline 0.001 -10"><span class='ocrx_word' id='word_1_927' title='bbox 1420 1408 1558 1440; x_wconf 89' lang='lat' dir='ltr'>requisitae</span> <span class='ocrx_word' id='word_1_928' title='bbox 1577 1408 1607 1432; x_wconf 90' lang='lat' dir='ltr'>ad</span> <span class='ocrx_word' id='word_1_929' title='bbox 1623 1416 1775 1441; x_wconf 86' lang='lat' dir='ltr'>processum</span> <span class='ocrx_word' id='word_1_930' title='bbox 1795 1409 2041 1439; x_wconf 85' lang='lat' dir='ltr'>demonstrativum,</span> <span class='ocrx_word' id='word_1_931' title='bbox 2066 1408 2088 1433; x_wconf 92' lang='lat' dir='ltr'>si</span> <span class='ocrx_word' id='word_1_932' title='bbox 2106 1408 2234 1432; x_wconf 89' lang='lat' dir='ltr'>circulatio</span> <span class='ocrx_word' id='word_1_933' title='bbox 2257 1407 2300 1432; x_wconf 86' lang='lat' dir='ltr'>fiat</span> <span class='ocrx_word' id='word_1_934' title='bbox 2312 1408 2480 1442; x_wconf 84' lang='lat' dir='ltr'>formaliter.</span> 
     </span>
     <span class='ocr_line' id='line_1_121' title="bbox 1421 1443 1847 1476; baseline 0.002 -9"><span class='ocrx_word' id='word_1_935' title='bbox 1421 1450 1515 1475; x_wconf 88' lang='lat' dir='ltr'>nempe</span> <span class='ocrx_word' id='word_1_936' title='bbox 1534 1443 1583 1467; x_wconf 90' lang='lat' dir='ltr'>sub</span> <span class='ocrx_word' id='word_1_937' title='bbox 1603 1444 1695 1468; x_wconf 89' lang='lat' dir='ltr'>eodem</span> <span class='ocrx_word' id='word_1_938' title='bbox 1721 1449 1847 1476; x_wconf 81' lang='lat' dir='ltr'>respectu.</span> 
     </span>
    </p>

    <p class='ocr_par' dir='ltr' id='par_1_30' title="bbox 1420 1478 2484 2172">
     <span class='ocr_line' id='line_1_122' title="bbox 1475 1478 2480 1512; baseline 0.001 -10"><span class='ocrx_word' id='word_1_939' title='bbox 1475 1478 1551 1508; x_wconf 91' lang='lat' dir='ltr'>Quod</span> <span class='ocrx_word' id='word_1_940' title='bbox 1571 1479 1678 1503; x_wconf 88' lang='lat' dir='ltr'>consilio</span> <span class='ocrx_word' id='word_1_941' title='bbox 1698 1483 1722 1503; x_wconf 91' lang='lat' dir='ltr'>et</span> <span class='ocrx_word' id='word_1_942' title='bbox 1741 1487 1793 1503; x_wconf 89' lang='lat' dir='ltr'>non</span> <span class='ocrx_word' id='word_1_943' title='bbox 1813 1487 1873 1503; x_wconf 81' lang='lat' dir='ltr'>casu</span> <span class='ocrx_word' id='word_1_944' title='bbox 1893 1478 1957 1504; x_wconf 89' lang='lat' dir='ltr'>dico.</span> <span class='ocrx_word' id='word_1_945' title='bbox 1978 1479 2155 1511; x_wconf 87' lang='lat' dir='ltr'>Quaecunque</span> <span class='ocrx_word' id='word_1_946' title='bbox 2173 1479 2242 1503; x_wconf 91' lang='lat' dir='ltr'>enim</span> <span class='ocrx_word' id='word_1_947' title='bbox 2267 1478 2402 1511; x_wconf 88' lang='lat' dir='ltr'>hucusque</span> <span class='ocrx_word' id='word_1_948' title='bbox 2421 1486 2480 1512; x_wconf 90' lang='lat' dir='ltr'>pro-</span> 
     </span>
     <span class='ocr_line' id='line_1_123' title="bbox 1421 1513 2482 1546; baseline 0.001 -9"><span class='ocrx_word' id='word_1_949' title='bbox 1421 1513 1478 1537; x_wconf 83' lang='lat' dir='ltr'>bavi</span> <span class='ocrx_word' id='word_1_950' title='bbox 1492 1518 1642 1546; x_wconf 88' lang='lat' dir='ltr'>supponunt</span> <span class='ocrx_word' id='word_1_951' title='bbox 1656 1514 1682 1538; x_wconf 91' lang='lat' dir='ltr'>in</span> <span class='ocrx_word' id='word_1_952' title='bbox 1696 1514 1859 1539; x_wconf 87' lang='lat' dir='ltr'>circulatione</span> <span class='ocrx_word' id='word_1_953' title='bbox 1875 1514 1971 1538; x_wconf 87' lang='lat' dir='ltr'>servari</span> <span class='ocrx_word' id='word_1_954' title='bbox 1985 1514 2053 1538; x_wconf 86' lang='lat' dir='ltr'>idem</span> <span class='ocrx_word' id='word_1_955' title='bbox 2073 1514 2298 1538; x_wconf 88' lang='lat' dir='ltr'>demonstrationis</span> <span class='ocrx_word' id='word_1_956' title='bbox 2313 1521 2406 1546; x_wconf 85' lang='lat' dir='ltr'>genus:</span> <span class='ocrx_word' id='word_1_957' title='bbox 2421 1522 2482 1538; x_wconf 88' lang='lat' dir='ltr'>nam</span> 
     </span>
     <span class='ocr_line' id='line_1_124' title="bbox 1421 1549 2481 1581; baseline 0 -8"><span class='ocrx_word' id='word_1_958' title='bbox 1421 1549 1443 1572; x_wconf 91' lang='lat' dir='ltr'>si</span> <span class='ocrx_word' id='word_1_959' title='bbox 1462 1553 1575 1573; x_wconf 87' lang='lat' dir='ltr'>mutetur</span> <span class='ocrx_word' id='word_1_960' title='bbox 1594 1549 1777 1573; x_wconf 86' lang='lat' dir='ltr'>demonstratio</span> <span class='ocrx_word' id='word_1_961' title='bbox 1801 1554 1845 1573; x_wconf 89' lang='lat' dir='ltr'>aut</span> <span class='ocrx_word' id='word_1_962' title='bbox 1863 1549 1885 1573; x_wconf 92' lang='lat' dir='ltr'>ei</span> <span class='ocrx_word' id='word_1_963' title='bbox 1911 1549 2006 1581; x_wconf 82' lang='lat' dir='ltr'>aliquid</span> <span class='ocrx_word' id='word_1_964' title='bbox 2026 1549 2208 1579; x_wconf 87' lang='lat' dir='ltr'>admisceatur,</span> <span class='ocrx_word' id='word_1_965' title='bbox 2233 1549 2363 1581; x_wconf 90' lang='lat' dir='ltr'>possibilis</span> <span class='ocrx_word' id='word_1_966' title='bbox 2386 1554 2426 1574; x_wconf 92' lang='lat' dir='ltr'>est</span> <span class='ocrx_word' id='word_1_967' title='bbox 2444 1549 2481 1573; x_wconf 92' lang='lat' dir='ltr'>in-</span> 
     </span>
     <span class='ocr_line' id='line_1_125' title="bbox 1420 1584 2482 1617; baseline 0.001 -9"><span class='ocrx_word' id='word_1_968' title='bbox 1420 1584 1506 1608; x_wconf 85' lang='lat' dir='ltr'>versio</span> <span class='ocrx_word' id='word_1_969' title='bbox 1526 1584 1764 1614; x_wconf 83' lang='lat' dir='ltr'>demonstrationis,</span> <span class='ocrx_word' id='word_1_970' title='bbox 1785 1592 1851 1616; x_wconf 87' lang='lat' dir='ltr'>quae</span> <span class='ocrx_word' id='word_1_971' title='bbox 1869 1589 1956 1609; x_wconf 88' lang='lat' dir='ltr'>tamen</span> <span class='ocrx_word' id='word_1_972' title='bbox 1975 1592 2027 1608; x_wconf 91' lang='lat' dir='ltr'>non</span> <span class='ocrx_word' id='word_1_973' title='bbox 2046 1584 2149 1616; x_wconf 89' lang='lat' dir='ltr'>proprie</span> <span class='ocrx_word' id='word_1_974' title='bbox 2168 1584 2214 1608; x_wconf 90' lang='lat' dir='ltr'>sed</span> <span class='ocrx_word' id='word_1_975' title='bbox 2233 1584 2372 1617; x_wconf 88' lang='lat' dir='ltr'>improprie</span> <span class='ocrx_word' id='word_1_976' title='bbox 2391 1584 2482 1609; x_wconf 89' lang='lat' dir='ltr'>dicitur</span> 
     </span>
     <span class='ocr_line' id='line_1_126' title="bbox 1422 1619 2482 1651; baseline 0.001 -8"><span class='ocrx_word' id='word_1_977' title='bbox 1422 1619 1561 1643; x_wconf 86' lang='lat' dir='ltr'>circularis.</span> <span class='ocrx_word' id='word_1_978' title='bbox 1586 1619 1624 1643; x_wconf 91' lang='lat' dir='ltr'>Sit</span> <span class='ocrx_word' id='word_1_979' title='bbox 1642 1619 1690 1643; x_wconf 86' lang='lat' dir='ltr'>iste</span> <span class='ocrx_word' id='word_1_980' title='bbox 1709 1619 1892 1651; x_wconf 81' lang='lat' dir='ltr'>syllogismus:</span> <span class='ocrx_word' id='word_1_981' title='bbox 1921 1619 2004 1644; x_wconf 86' lang='lat' dir='ltr'>Omne</span> <span class='ocrx_word' id='word_1_982' title='bbox 2027 1619 2128 1643; x_wconf 84' lang='lat' dir='ltr'>animal</span> <span class='ocrx_word' id='word_1_983' title='bbox 2151 1619 2282 1644; x_wconf 82' lang='lat' dir='ltr'>rationale</span> <span class='ocrx_word' id='word_1_984' title='bbox 2305 1622 2345 1644; x_wconf 84' lang='lat' dir='ltr'>est</span> <span class='ocrx_word' id='word_1_985' title='bbox 2369 1619 2482 1648; x_wconf 78' lang='lat' dir='ltr'>risibile5</span> 
     </span>
     <span class='ocr_line' id='line_1_127' title="bbox 1422 1654 2482 1687; baseline 0.001 -9"><span class='ocrx_word' id='word_1_986' title='bbox 1422 1654 1506 1679; x_wconf 82' lang='lat' dir='ltr'>omnis</span> <span class='ocrx_word' id='word_1_987' title='bbox 1519 1654 1597 1679; x_wconf 88' lang='lat' dir='ltr'>homo</span> <span class='ocrx_word' id='word_1_988' title='bbox 1607 1657 1645 1679; x_wconf 86' lang='lat' dir='ltr'>est</span> <span class='ocrx_word' id='word_1_989' title='bbox 1654 1654 1755 1678; x_wconf 85' lang='lat' dir='ltr'>animal</span> <span class='ocrx_word' id='word_1_990' title='bbox 1769 1655 1900 1679; x_wconf 87' lang='lat' dir='ltr'>rationale</span> <span class='ocrx_word' id='word_1_991' title='bbox 1905 1661 1913 1683; x_wconf 92' lang='lat'>,·</span> <span class='ocrx_word' id='word_1_992' title='bbox 1928 1662 1992 1687; x_wconf 85' lang='lat' dir='ltr'>ergo</span> <span class='ocrx_word' id='word_1_993' title='bbox 2006 1655 2091 1679; x_wconf 88' lang='lat' dir='ltr'>omnis</span> <span class='ocrx_word' id='word_1_994' title='bbox 2105 1655 2183 1679; x_wconf 87' lang='lat' dir='ltr'>homo</span> <span class='ocrx_word' id='word_1_995' title='bbox 2192 1657 2231 1679; x_wconf 83' lang='lat' dir='ltr'>est</span> <span class='ocrx_word' id='word_1_996' title='bbox 2245 1654 2360 1679; x_wconf 76' lang='lat' dir='ltr'>risibilis.</span> <span class='ocrx_word' id='word_1_997' title='bbox 2375 1655 2482 1687; x_wconf 88' lang='lat' dir='ltr'>Optime</span> 
     </span>
     <span class='ocr_line' id='line_1_128' title="bbox 1422 1689 2482 1718; baseline 0.001 -5"><span class='ocrx_word' id='word_1_998' title='bbox 1422 1689 1594 1713; x_wconf 86' lang='lat' dir='ltr'>concluditur:</span> <span class='ocrx_word' id='word_1_999' title='bbox 1614 1689 1705 1714; x_wconf 85' lang='lat' dir='ltr'>Omnis</span> <span class='ocrx_word' id='word_1_1000' title='bbox 1719 1689 1796 1714; x_wconf 88' lang='lat' dir='ltr'>homo</span> <span class='ocrx_word' id='word_1_1001' title='bbox 1806 1693 1845 1714; x_wconf 85' lang='lat' dir='ltr'>est</span> <span class='ocrx_word' id='word_1_1002' title='bbox 1855 1690 1960 1714; x_wconf 86' lang='lat' dir='ltr'>risibilis</span> <span class='ocrx_word' id='word_1_1003' title='bbox 1967 1697 1976 1718; x_wconf 83' lang='grc'>,·</span> <span class='ocrx_word' id='word_1_1004' title='bbox 1990 1697 2066 1714; x_wconf 88' lang='lat' dir='ltr'>omne</span> <span class='ocrx_word' id='word_1_1005' title='bbox 2079 1689 2180 1714; x_wconf 87' lang='lat' dir='ltr'>animal</span> <span class='ocrx_word' id='word_1_1006' title='bbox 2194 1689 2324 1714; x_wconf 83' lang='lat' dir='ltr'>rationale</span> <span class='ocrx_word' id='word_1_1007' title='bbox 2337 1693 2377 1714; x_wconf 86' lang='lat' dir='ltr'>est</span> <span class='ocrx_word' id='word_1_1008' title='bbox 2390 1690 2468 1715; x_wconf 90' lang='lat' dir='ltr'>homo</span> <span class='ocrx_word' id='word_1_1009' title='bbox 2472 1697 2482 1718; x_wconf 74' lang='lat'>,-</span> 
     </span>
     <span class='ocr_line' id='line_1_129' title="bbox 1421 1725 2482 1757; baseline 0 -8"><span class='ocrx_word' id='word_1_1010' title='bbox 1421 1732 1486 1757; x_wconf 84' lang='lat' dir='ltr'>ergo</span> <span class='ocrx_word' id='word_1_1011' title='bbox 1505 1731 1582 1749; x_wconf 85' lang='lat' dir='ltr'>omne</span> <span class='ocrx_word' id='word_1_1012' title='bbox 1606 1725 1706 1749; x_wconf 86' lang='lat' dir='ltr'>animal</span> <span class='ocrx_word' id='word_1_1013' title='bbox 1729 1725 1860 1749; x_wconf 84' lang='lat' dir='ltr'>rationale</span> <span class='ocrx_word' id='word_1_1014' title='bbox 1883 1728 1922 1749; x_wconf 92' lang='lat' dir='ltr'>est</span> <span class='ocrx_word' id='word_1_1015' title='bbox 1945 1725 2050 1749; x_wconf 81' lang='lat' dir='ltr'>risibile.</span> <span class='ocrx_word' id='word_1_1016' title='bbox 2075 1725 2148 1754; x_wconf 88' lang='lat' dir='ltr'>Quae</span> <span class='ocrx_word' id='word_1_1017' title='bbox 2171 1725 2303 1749; x_wconf 90' lang='lat' dir='ltr'>conclusio</span> <span class='ocrx_word' id='word_1_1018' title='bbox 2326 1729 2366 1749; x_wconf 91' lang='lat' dir='ltr'>est</span> <span class='ocrx_word' id='word_1_1019' title='bbox 2388 1725 2482 1757; x_wconf 87' lang='lat' dir='ltr'>princi—</span> 
     </span>
     <span class='ocr_line' id='line_1_130' title="bbox 1422 1759 2483 1793; baseline 0.001 -10"><span class='ocrx_word' id='word_1_1020' title='bbox 1422 1760 1493 1793; x_wconf 88' lang='lat' dir='ltr'>pium</span> <span class='ocrx_word' id='word_1_1021' title='bbox 1512 1759 1604 1792; x_wconf 87' lang='lat' dir='ltr'>prioris</span> <span class='ocrx_word' id='word_1_1022' title='bbox 1619 1759 1773 1792; x_wconf 81' lang='lat' dir='ltr'>syllogismi.</span> <span class='ocrx_word' id='word_1_1023' title='bbox 1792 1760 1923 1792; x_wconf 74' lang='lat' dir='ltr'>OptimuS,</span> <span class='ocrx_word' id='word_1_1024' title='bbox 1944 1760 2057 1792; x_wconf 84' lang='lat' dir='ltr'>inquam,</span> <span class='ocrx_word' id='word_1_1025' title='bbox 2077 1765 2116 1784; x_wconf 90' lang='lat' dir='ltr'>est</span> <span class='ocrx_word' id='word_1_1026' title='bbox 2135 1760 2182 1784; x_wconf 87' lang='lat' dir='ltr'>iste</span> <span class='ocrx_word' id='word_1_1027' title='bbox 2196 1767 2344 1792; x_wconf 86' lang='lat' dir='ltr'>processus,</span> <span class='ocrx_word' id='word_1_1028' title='bbox 2363 1760 2410 1784; x_wconf 88' lang='lat' dir='ltr'>sed</span> <span class='ocrx_word' id='word_1_1029' title='bbox 2429 1767 2483 1784; x_wconf 90' lang='lat' dir='ltr'>non</span> 
     </span>
     <span class='ocr_line' id='line_1_131' title="bbox 1422 1795 2482 1827; baseline 0 -8"><span class='ocrx_word' id='word_1_1030' title='bbox 1422 1800 1462 1819; x_wconf 86' lang='lat' dir='ltr'>est</span> <span class='ocrx_word' id='word_1_1031' title='bbox 1477 1795 1605 1819; x_wconf 84' lang='lat' dir='ltr'>circularis</span> <span class='ocrx_word' id='word_1_1032' title='bbox 1624 1795 1673 1819; x_wconf 88' lang='lat' dir='ltr'>nisi</span> <span class='ocrx_word' id='word_1_1033' title='bbox 1692 1796 1778 1827; x_wconf 84' lang='lat' dir='ltr'>quoad</span> <span class='ocrx_word' id='word_1_1034' title='bbox 1797 1795 1980 1827; x_wconf 84' lang='lat' dir='ltr'>apparentiam,</span> <span class='ocrx_word' id='word_1_1035' title='bbox 1995 1795 2055 1827; x_wconf 90' lang='lat' dir='ltr'>quia</span> <span class='ocrx_word' id='word_1_1036' title='bbox 2075 1795 2173 1827; x_wconf 84' lang='lat' dir='ltr'>primus</span> <span class='ocrx_word' id='word_1_1037' title='bbox 2193 1795 2361 1827; x_wconf 87' lang='lat' dir='ltr'>syllogismus</span> <span class='ocrx_word' id='word_1_1038' title='bbox 2380 1799 2420 1819; x_wconf 89' lang='lat' dir='ltr'>est</span> <span class='ocrx_word' id='word_1_1039' title='bbox 2438 1795 2482 1819; x_wconf 91' lang='lat' dir='ltr'>de-</span> 
     </span>
     <span class='ocr_line' id='line_1_132' title="bbox 1423 1830 2481 1862; baseline 0 -8"><span class='ocrx_word' id='word_1_1040' title='bbox 1423 1830 1574 1854; x_wconf 87' lang='lat' dir='ltr'>monstratio</span> <span class='ocrx_word' id='word_1_1041' title='bbox 1588 1833 1702 1862; x_wconf 81' lang='lat' dir='ltr'>propter</span> <span class='ocrx_word' id='word_1_1042' title='bbox 1719 1830 1799 1862; x_wconf 84' lang='lat' dir='ltr'>quid;</span> <span class='ocrx_word' id='word_1_1043' title='bbox 1817 1831 1880 1854; x_wconf 90' lang='lat' dir='ltr'>alter</span> <span class='ocrx_word' id='word_1_1044' title='bbox 1898 1838 1960 1854; x_wconf 90' lang='lat' dir='ltr'>vero</span> <span class='ocrx_word' id='word_1_1045' title='bbox 1976 1835 2015 1854; x_wconf 89' lang='lat' dir='ltr'>est</span> <span class='ocrx_word' id='word_1_1046' title='bbox 2029 1830 2212 1854; x_wconf 89' lang='lat' dir='ltr'>demonstratio</span> <span class='ocrx_word' id='word_1_1047' title='bbox 2230 1830 2299 1862; x_wconf 83' lang='lat' dir='ltr'>quia.</span> <span class='ocrx_word' id='word_1_1048' title='bbox 2319 1830 2394 1854; x_wconf 86' lang='lat' dir='ltr'>Ratio</span> <span class='ocrx_word' id='word_1_1049' title='bbox 2411 1830 2481 1854; x_wconf 89' lang='lat' dir='ltr'>enim</span> 
     </span>
     <span class='ocr_line' id='line_1_133' title="bbox 1423 1865 2483 1897; baseline 0 -8"><span class='ocrx_word' id='word_1_1050' title='bbox 1423 1865 1570 1889; x_wconf 85' lang='lat' dir='ltr'>risibilitatis</span> <span class='ocrx_word' id='word_1_1051' title='bbox 1589 1870 1630 1890; x_wconf 90' lang='lat' dir='ltr'>est</span> <span class='ocrx_word' id='word_1_1052' title='bbox 1647 1866 1673 1889; x_wconf 91' lang='lat' dir='ltr'>in</span> <span class='ocrx_word' id='word_1_1053' title='bbox 1691 1865 1796 1890; x_wconf 90' lang='lat' dir='ltr'>homine</span> <span class='ocrx_word' id='word_1_1054' title='bbox 1815 1873 1845 1890; x_wconf 89' lang='lat' dir='ltr'>ex</span> <span class='ocrx_word' id='word_1_1055' title='bbox 1863 1865 1974 1890; x_wconf 88' lang='lat' dir='ltr'>animali</span> <span class='ocrx_word' id='word_1_1056' title='bbox 1988 1865 2114 1890; x_wconf 84' lang='lat' dir='ltr'>rationali</span> <span class='ocrx_word' id='word_1_1057' title='bbox 2132 1865 2204 1897; x_wconf 87' lang='lat' dir='ltr'>quasi</span> <span class='ocrx_word' id='word_1_1058' title='bbox 2230 1873 2260 1889; x_wconf 87' lang='lat' dir='ltr'>ex</span> <span class='ocrx_word' id='word_1_1059' title='bbox 2284 1872 2362 1890; x_wconf 85' lang='lat' dir='ltr'>causa</span> <span class='ocrx_word' id='word_1_1060' title='bbox 2380 1865 2483 1897; x_wconf 87' lang='lat' dir='ltr'>propria</span> 
     </span>
     <span class='ocr_line' id='line_1_134' title="bbox 1423 1899 2481 1934; baseline 0 -10"><span class='ocrx_word' id='word_1_1061' title='bbox 1423 1905 1449 1925; x_wconf 91' lang='lat' dir='ltr'>et</span> <span class='ocrx_word' id='word_1_1062' title='bbox 1467 1900 1567 1925; x_wconf 88' lang='lat' dir='ltr'>formali</span> <span class='ocrx_word' id='word_1_1063' title='bbox 1592 1899 1635 1933; x_wconf 90' lang='lat' dir='ltr'>(et</span> <span class='ocrx_word' id='word_1_1064' title='bbox 1657 1900 1707 1925; x_wconf 88' lang='lat' dir='ltr'>hoc</span> <span class='ocrx_word' id='word_1_1065' title='bbox 1730 1900 1868 1924; x_wconf 84' lang='lat' dir='ltr'>assumitur</span> <span class='ocrx_word' id='word_1_1066' title='bbox 1892 1900 1918 1924; x_wconf 89' lang='lat' dir='ltr'>in</span> <span class='ocrx_word' id='word_1_1067' title='bbox 1943 1900 2020 1932; x_wconf 88' lang='lat' dir='ltr'>priori</span> <span class='ocrx_word' id='word_1_1068' title='bbox 2039 1899 2223 1934; x_wconf 87' lang='lat' dir='ltr'>syllogismo):</span> <span class='ocrx_word' id='word_1_1069' title='bbox 2243 1900 2301 1924; x_wconf 87' lang='lat' dir='ltr'>ideo</span> <span class='ocrx_word' id='word_1_1070' title='bbox 2317 1900 2386 1924; x_wconf 90' lang='lat' dir='ltr'>enim</span> <span class='ocrx_word' id='word_1_1071' title='bbox 2400 1900 2481 1924; x_wconf 85' lang='lat' dir='ltr'>homo</span> 
     </span>
     <span class='ocr_line' id='line_1_135' title="bbox 1423 1935 2483 1968; baseline -0.001 -8"><span class='ocrx_word' id='word_1_1072' title='bbox 1423 1940 1463 1960; x_wconf 88' lang='lat' dir='ltr'>est</span> <span class='ocrx_word' id='word_1_1073' title='bbox 1476 1936 1579 1960; x_wconf 88' lang='lat' dir='ltr'>risibilis</span> <span class='ocrx_word' id='word_1_1074' title='bbox 1598 1935 1658 1968; x_wconf 88' lang='lat' dir='ltr'>quia</span> <span class='ocrx_word' id='word_1_1075' title='bbox 1676 1940 1716 1960; x_wconf 91' lang='lat' dir='ltr'>est</span> <span class='ocrx_word' id='word_1_1076' title='bbox 1734 1935 1827 1960; x_wconf 87' lang='lat' dir='ltr'>animal</span> <span class='ocrx_word' id='word_1_1077' title='bbox 1846 1935 1983 1965; x_wconf 85' lang='lat' dir='ltr'>rationale;</span> <span class='ocrx_word' id='word_1_1078' title='bbox 2003 1940 2028 1960; x_wconf 87' lang='lat' dir='ltr'>et</span> <span class='ocrx_word' id='word_1_1079' title='bbox 2047 1940 2234 1967; x_wconf 88' lang='lat' dir='ltr'>consequenter</span> <span class='ocrx_word' id='word_1_1080' title='bbox 2248 1935 2326 1966; x_wconf 83' lang='lat' dir='ltr'>prius</span> <span class='ocrx_word' id='word_1_1081' title='bbox 2350 1940 2375 1960; x_wconf 91' lang='lat' dir='ltr'>et</span> <span class='ocrx_word' id='word_1_1082' title='bbox 2399 1935 2483 1967; x_wconf 88' lang='lat' dir='ltr'>magis</span> 
     </span>
     <span class='ocr_line' id='line_1_136' title="bbox 1423 1970 2484 2003; baseline 0 -8"><span class='ocrx_word' id='word_1_1083' title='bbox 1423 1976 1514 1995; x_wconf 92' lang='lat' dir='ltr'>notum</span> <span class='ocrx_word' id='word_1_1084' title='bbox 1535 1971 1620 2003; x_wconf 87' lang='lat' dir='ltr'>quoad</span> <span class='ocrx_word' id='word_1_1085' title='bbox 1639 1978 1668 1995; x_wconf 90' lang='lat' dir='ltr'>se</span> <span class='ocrx_word' id='word_1_1086' title='bbox 1686 1975 1739 2002; x_wconf 86' lang='lat' dir='ltr'>est,</span> <span class='ocrx_word' id='word_1_1087' title='bbox 1764 1971 1865 1995; x_wconf 86' lang='lat' dir='ltr'>animal</span> <span class='ocrx_word' id='word_1_1088' title='bbox 1887 1971 2018 1995; x_wconf 87' lang='lat' dir='ltr'>rationale</span> <span class='ocrx_word' id='word_1_1089' title='bbox 2036 1974 2075 1995; x_wconf 89' lang='lat' dir='ltr'>est</span> <span class='ocrx_word' id='word_1_1090' title='bbox 2093 1971 2207 1999; x_wconf 85' lang='lat' dir='ltr'>risibile,</span> <span class='ocrx_word' id='word_1_1091' title='bbox 2227 1978 2322 2002; x_wconf 84' lang='lat' dir='ltr'>quam,</span> <span class='ocrx_word' id='word_1_1092' title='bbox 2348 1970 2425 1995; x_wconf 88' lang='lat' dir='ltr'>homo</span> <span class='ocrx_word' id='word_1_1093' title='bbox 2443 1973 2484 1995; x_wconf 82' lang='lat' dir='ltr'>est</span> 
     </span>
     <span class='ocr_line' id='line_1_137' title="bbox 1423 2005 2483 2038; baseline 0 -8"><span class='ocrx_word' id='word_1_1094' title='bbox 1423 2006 1538 2031; x_wconf 85' lang='lat' dir='ltr'>risibilis.</span> <span class='ocrx_word' id='word_1_1095' title='bbox 1563 2007 1632 2037; x_wconf 88' lang='lat' dir='ltr'>Ergo</span> <span class='ocrx_word' id='word_1_1096' title='bbox 1650 2006 1676 2030; x_wconf 88' lang='lat' dir='ltr'>in</span> <span class='ocrx_word' id='word_1_1097' title='bbox 1695 2006 1775 2030; x_wconf 88' lang='lat' dir='ltr'>altero</span> <span class='ocrx_word' id='word_1_1098' title='bbox 1794 2006 1963 2038; x_wconf 88' lang='lat' dir='ltr'>syllogismo,</span> <span class='ocrx_word' id='word_1_1099' title='bbox 1984 2006 2141 2030; x_wconf 84' lang='lat' dir='ltr'>assumendo</span> <span class='ocrx_word' id='word_1_1100' title='bbox 2160 2010 2189 2029; x_wconf 91' lang='lat' dir='ltr'>ut</span> <span class='ocrx_word' id='word_1_1101' title='bbox 2207 2005 2378 2038; x_wconf 91' lang='lat' dir='ltr'>principium,</span> <span class='ocrx_word' id='word_1_1102' title='bbox 2398 2006 2483 2030; x_wconf 81' lang='lat' dir='ltr'>omnis</span> 
     </span>
     <span class='ocr_line' id='line_1_138' title="bbox 1423 2040 2484 2073; baseline -0.002 -7"><span class='ocrx_word' id='word_1_1103' title='bbox 1423 2041 1501 2066; x_wconf 89' lang='lat' dir='ltr'>homo</span> <span class='ocrx_word' id='word_1_1104' title='bbox 1519 2044 1559 2066; x_wconf 86' lang='lat' dir='ltr'>est</span> <span class='ocrx_word' id='word_1_1105' title='bbox 1578 2041 1700 2070; x_wconf 85' lang='lat' dir='ltr'>risibilis,</span> <span class='ocrx_word' id='word_1_1106' title='bbox 1727 2041 1867 2065; x_wconf 87' lang='lat' dir='ltr'>assumitur</span> <span class='ocrx_word' id='word_1_1107' title='bbox 1885 2041 1910 2065; x_wconf 92' lang='lat' dir='ltr'>id</span> <span class='ocrx_word' id='word_1_1108' title='bbox 1929 2041 1998 2073; x_wconf 92' lang='lat' dir='ltr'>quod</span> <span class='ocrx_word' id='word_1_1109' title='bbox 2018 2041 2160 2065; x_wconf 89' lang='lat' dir='ltr'>secundum</span> <span class='ocrx_word' id='word_1_1110' title='bbox 2179 2048 2208 2065; x_wconf 87' lang='lat' dir='ltr'>se</span> <span class='ocrx_word' id='word_1_1111' title='bbox 2226 2045 2266 2065; x_wconf 90' lang='lat' dir='ltr'>est</span> <span class='ocrx_word' id='word_1_1112' title='bbox 2288 2040 2433 2072; x_wconf 88' lang='lat' dir='ltr'>posterius,</span> <span class='ocrx_word' id='word_1_1113' title='bbox 2458 2045 2484 2065; x_wconf 93' lang='lat' dir='ltr'>et</span> 
     </span>
     <span class='ocr_line' id='line_1_139' title="bbox 1424 2075 2484 2109; baseline -0.002 -8"><span class='ocrx_word' id='word_1_1114' title='bbox 1424 2077 1495 2109; x_wconf 89' lang='lat' dir='ltr'>prius</span> <span class='ocrx_word' id='word_1_1115' title='bbox 1515 2081 1605 2101; x_wconf 89' lang='lat' dir='ltr'>notum</span> <span class='ocrx_word' id='word_1_1116' title='bbox 1631 2084 1683 2101; x_wconf 88' lang='lat' dir='ltr'>non</span> <span class='ocrx_word' id='word_1_1117' title='bbox 1707 2077 1793 2109; x_wconf 91' lang='lat' dir='ltr'>quoad</span> <span class='ocrx_word' id='word_1_1118' title='bbox 1819 2081 1953 2106; x_wconf 86' lang='lat' dir='ltr'>naturam,</span> <span class='ocrx_word' id='word_1_1119' title='bbox 1977 2077 2023 2100; x_wconf 91' lang='lat' dir='ltr'>sed</span> <span class='ocrx_word' id='word_1_1120' title='bbox 2048 2076 2135 2108; x_wconf 91' lang='lat' dir='ltr'>quoad</span> <span class='ocrx_word' id='word_1_1121' title='bbox 2154 2083 2216 2106; x_wconf 89' lang='lat' dir='ltr'>nos,</span> <span class='ocrx_word' id='word_1_1122' title='bbox 2241 2080 2267 2100; x_wconf 90' lang='lat' dir='ltr'>et</span> <span class='ocrx_word' id='word_1_1123' title='bbox 2289 2075 2347 2100; x_wconf 89' lang='lat' dir='ltr'>ideo</span> <span class='ocrx_word' id='word_1_1124' title='bbox 2372 2080 2484 2100; x_wconf 88' lang='lat' dir='ltr'>mutatur</span> 
     </span>
     <span class='ocr_line' id='line_1_140' title="bbox 1423 2110 2483 2145; baseline -0.001 -9"><span class='ocrx_word' id='word_1_1125' title='bbox 1423 2112 1506 2145; x_wconf 89' lang='lat' dir='ltr'>prima</span> <span class='ocrx_word' id='word_1_1126' title='bbox 1524 2112 1710 2143; x_wconf 82' lang='lat' dir='ltr'>argumentatio</span> <span class='ocrx_word' id='word_1_1127' title='bbox 1730 2114 1844 2143; x_wconf 80' lang='lat' dir='ltr'>propter</span> <span class='ocrx_word' id='word_1_1128' title='bbox 1862 2111 1942 2143; x_wconf 80' lang='lat' dir='ltr'>quid,</span> <span class='ocrx_word' id='word_1_1129' title='bbox 1969 2111 1994 2135; x_wconf 93' lang='lat' dir='ltr'>in</span> <span class='ocrx_word' id='word_1_1130' title='bbox 2016 2111 2264 2143; x_wconf 88' lang='lat' dir='ltr'>argumentationem</span> <span class='ocrx_word' id='word_1_1131' title='bbox 2282 2110 2363 2143; x_wconf 85' lang='lat' dir='ltr'>quia,·</span> <span class='ocrx_word' id='word_1_1132' title='bbox 2387 2115 2412 2135; x_wconf 91' lang='lat' dir='ltr'>et</span> <span class='ocrx_word' id='word_1_1133' title='bbox 2430 2118 2483 2135; x_wconf 90' lang='lat' dir='ltr'>non</span> 
     </span>
     <span class='ocr_line' id='line_1_141' title="bbox 1422 2146 1723 2172; baseline -0.003 0"><span class='ocrx_word' id='word_1_1134' title='bbox 1422 2146 1567 2172; x_wconf 85' lang='lat' dir='ltr'>verificatur</span> <span class='ocrx_word' id='word_1_1135' title='bbox 1585 2147 1723 2172; x_wconf 87' lang='lat' dir='ltr'>circulatio.</span> 
     </span>
    </p>

    <p class='ocr_par' dir='ltr' id='par_1_31' title="bbox 1423 2181 2486 2285">
     <span class='ocr_line' id='line_1_142' title="bbox 1478 2181 2484 2215; baseline -0.001 -9"><span class='ocrx_word' id='word_1_1136' title='bbox 1478 2183 1551 2212; x_wconf 87' lang='lat' dir='ltr'>Quae</span> <span class='ocrx_word' id='word_1_1137' title='bbox 1570 2182 1657 2207; x_wconf 80' lang='lat' dir='ltr'>omnia</span> <span class='ocrx_word' id='word_1_1138' title='bbox 1675 2187 1703 2206; x_wconf 88' lang='lat' dir='ltr'>ut</span> <span class='ocrx_word' id='word_1_1139' title='bbox 1724 2182 1813 2215; x_wconf 90' lang='lat' dir='ltr'>paucis</span> <span class='ocrx_word' id='word_1_1140' title='bbox 1837 2182 2038 2214; x_wconf 87' lang='lat' dir='ltr'>complectamur</span> <span class='ocrx_word' id='word_1_1141' title='bbox 2056 2181 2172 2206; x_wconf 85' lang='lat' dir='ltr'>dicimus.</span> <span class='ocrx_word' id='word_1_1142' title='bbox 2192 2181 2382 2206; x_wconf 85' lang='lat' dir='ltr'>Demonstratio</span> <span class='ocrx_word' id='word_1_1143' title='bbox 2404 2181 2484 2206; x_wconf 88' lang='lat' dir='ltr'>circu-</span> 
     </span>
     <span class='ocr_line' id='line_1_143' title="bbox 1423 2216 2486 2249; baseline -0.001 -7"><span class='ocrx_word' id='word_1_1144' title='bbox 1423 2217 1500 2249; x_wconf 86' lang='lat' dir='ltr'>laris,</span> <span class='ocrx_word' id='word_1_1145' title='bbox 1529 2223 1622 2242; x_wconf 89' lang='lat' dir='ltr'>attenta</span> <span class='ocrx_word' id='word_1_1146' title='bbox 1648 2222 1737 2242; x_wconf 88' lang='lat' dir='ltr'>natura</span> <span class='ocrx_word' id='word_1_1147' title='bbox 1755 2217 1899 2249; x_wconf 86' lang='lat' dir='ltr'>syllogismi</span> <span class='ocrx_word' id='word_1_1148' title='bbox 1926 2216 2132 2247; x_wconf 88' lang='lat' dir='ltr'>demonstrativi,</span> <span class='ocrx_word' id='word_1_1149' title='bbox 2157 2221 2196 2241; x_wconf 91' lang='lat' dir='ltr'>est</span> <span class='ocrx_word' id='word_1_1150' title='bbox 2220 2217 2396 2248; x_wconf 84' lang='lat' dir='ltr'>impossibilis,</span> <span class='ocrx_word' id='word_1_1151' title='bbox 2424 2216 2486 2248; x_wconf 83' lang='lat' dir='ltr'>quia</span> 
     </span>
     <span class='ocr_line' id='line_1_144' title="bbox 1425 2251 2484 2285; baseline -0.001 -8"><span class='ocrx_word' id='word_1_1152' title='bbox 1425 2258 1465 2277; x_wconf 88' lang='lat' dir='ltr'>est</span> <span class='ocrx_word' id='word_1_1153' title='bbox 1478 2253 1639 2285; x_wconf 85' lang='lat' dir='ltr'>impossibile</span> <span class='ocrx_word' id='word_1_1154' title='bbox 1653 2257 1682 2276; x_wconf 89' lang='lat' dir='ltr'>ut</span> <span class='ocrx_word' id='word_1_1155' title='bbox 1696 2253 1764 2277; x_wconf 89' lang='lat' dir='ltr'>idem</span> <span class='ocrx_word' id='word_1_1156' title='bbox 1779 2252 1921 2276; x_wconf 85' lang='lat' dir='ltr'>secundum</span> <span class='ocrx_word' id='word_1_1157' title='bbox 1936 2252 2004 2276; x_wconf 88' lang='lat' dir='ltr'>idem</span> <span class='ocrx_word' id='word_1_1158' title='bbox 2019 2252 2051 2276; x_wconf 87' lang='lat' dir='ltr'>sit</span> <span class='ocrx_word' id='word_1_1159' title='bbox 2065 2251 2139 2276; x_wconf 91' lang='lat' dir='ltr'>nobis</span> <span class='ocrx_word' id='word_1_1160' title='bbox 2153 2252 2234 2283; x_wconf 80' lang='lat' dir='ltr'>magis</span> <span class='ocrx_word' id='word_1_1161' title='bbox 2245 2257 2270 2276; x_wconf 93' lang='lat' dir='ltr'>et</span> <span class='ocrx_word' id='word_1_1162' title='bbox 2283 2252 2369 2276; x_wconf 90' lang='lat' dir='ltr'>minus</span> <span class='ocrx_word' id='word_1_1163' title='bbox 2384 2255 2484 2276; x_wconf 89' lang='lat' dir='ltr'>notum.</span> 
     </span>
    </p>
   </div>
   <div class='ocr_carea' id='block_1_23' title="bbox 1403 2287 2483 2317">
    <p class='ocr_par' dir='ltr' id='par_1_32' title="bbox 1403 2287 2483 2317">
     <span class='ocr_line' id='line_1_145' title="bbox 1403 2287 2483 2317; baseline -0.001 -5"><span class='ocrx_word' id='word_1_1164' title='bbox 1403 2308 1407 2311; x_wconf 83' lang='lat'>.</span> <span class='ocrx_word' id='word_1_1165' title='bbox 1424 2288 1534 2312; x_wconf 87' lang='lat' dir='ltr'>Attentis</span> <span class='ocrx_word' id='word_1_1166' title='bbox 1549 2293 1634 2312; x_wconf 89' lang='lat' dir='ltr'>autem</span> <span class='ocrx_word' id='word_1_1167' title='bbox 1649 2288 1726 2312; x_wconf 88' lang='lat' dir='ltr'>rebus</span> <span class='ocrx_word' id='word_1_1168' title='bbox 1741 2287 1923 2311; x_wconf 88' lang='lat' dir='ltr'>demonstratis</span> <span class='ocrx_word' id='word_1_1169' title='bbox 1938 2287 2123 2311; x_wconf 82' lang='lat' dir='ltr'>demonstratio</span> <span class='ocrx_word' id='word_1_1170' title='bbox 2137 2287 2266 2311; x_wconf 89' lang='lat' dir='ltr'>circularis</span> <span class='ocrx_word' id='word_1_1171' title='bbox 2285 2287 2429 2317; x_wconf 84' lang='lat' dir='ltr'>uniformis,</span> <span class='ocrx_word' id='word_1_1172' title='bbox 2444 2294 2483 2311; x_wconf 86' lang='lat' dir='ltr'>re-</span> 
     </span>
    </p>
   </div>
   <div class='ocr_carea' id='block_1_24' title="bbox 1421 2321 2491 3652">
    <p class='ocr_par' dir='ltr' id='par_1_33' title="bbox 1425 2321 2488 2742">
     <span class='ocr_line' id='line_1_146' title="bbox 1425 2321 2484 2355; baseline -0.001 -8"><span class='ocrx_word' id='word_1_1173' title='bbox 1425 2328 1495 2347; x_wconf 86' lang='lat' dir='ltr'>tento</span> <span class='ocrx_word' id='word_1_1174' title='bbox 1520 2331 1614 2355; x_wconf 89' lang='lat' dir='ltr'>nempe</span> <span class='ocrx_word' id='word_1_1175' title='bbox 1639 2323 1732 2347; x_wconf 89' lang='lat' dir='ltr'>eodem</span> <span class='ocrx_word' id='word_1_1176' title='bbox 1757 2322 1982 2347; x_wconf 83' lang='lat' dir='ltr'>demonstrationis</span> <span class='ocrx_word' id='word_1_1177' title='bbox 2007 2329 2108 2353; x_wconf 86' lang='lat' dir='ltr'>genere,</span> <span class='ocrx_word' id='word_1_1178' title='bbox 2128 2327 2168 2346; x_wconf 91' lang='lat' dir='ltr'>est</span> <span class='ocrx_word' id='word_1_1179' title='bbox 2186 2322 2279 2354; x_wconf 87' lang='lat' dir='ltr'>pariter</span> <span class='ocrx_word' id='word_1_1180' title='bbox 2302 2321 2484 2354; x_wconf 85' lang='lat' dir='ltr'>impossibilis,</span> 
     </span>
     <span class='ocr_line' id='line_1_147' title="bbox 1425 2357 2485 2391; baseline -0.001 -9"><span class='ocrx_word' id='word_1_1181' title='bbox 1425 2358 1486 2391; x_wconf 87' lang='lat' dir='ltr'>quia</span> <span class='ocrx_word' id='word_1_1182' title='bbox 1500 2365 1603 2390; x_wconf 88' lang='lat' dir='ltr'>semper</span> <span class='ocrx_word' id='word_1_1183' title='bbox 1620 2357 1764 2382; x_wconf 79' lang='lat' dir='ltr'>verificatur</span> <span class='ocrx_word' id='word_1_1184' title='bbox 1777 2357 1845 2382; x_wconf 87' lang='lat' dir='ltr'>idem</span> <span class='ocrx_word' id='word_1_1185' title='bbox 1859 2357 2001 2382; x_wconf 90' lang='lat' dir='ltr'>secundum</span> <span class='ocrx_word' id='word_1_1186' title='bbox 2017 2357 2085 2381; x_wconf 91' lang='lat' dir='ltr'>idem</span> <span class='ocrx_word' id='word_1_1187' title='bbox 2100 2357 2198 2381; x_wconf 88' lang='lat' dir='ltr'>assumi</span> <span class='ocrx_word' id='word_1_1188' title='bbox 2216 2361 2245 2381; x_wconf 93' lang='lat' dir='ltr'>ut</span> <span class='ocrx_word' id='word_1_1189' title='bbox 2259 2357 2340 2389; x_wconf 89' lang='lat' dir='ltr'>magis</span> <span class='ocrx_word' id='word_1_1190' title='bbox 2359 2362 2385 2381; x_wconf 90' lang='lat' dir='ltr'>et</span> <span class='ocrx_word' id='word_1_1191' title='bbox 2399 2357 2485 2381; x_wconf 73' lang='lat' dir='ltr'>minus</span> 
     </span>
     <span class='ocr_line' id='line_1_148' title="bbox 1426 2391 2484 2425; baseline -0.001 -8"><span class='ocrx_word' id='word_1_1192' title='bbox 1426 2398 1516 2418; x_wconf 92' lang='lat' dir='ltr'>notum</span> <span class='ocrx_word' id='word_1_1193' title='bbox 1537 2393 1624 2423; x_wconf 89' lang='lat' dir='ltr'>nobis;</span> <span class='ocrx_word' id='word_1_1194' title='bbox 1644 2393 1690 2417; x_wconf 92' lang='lat' dir='ltr'>sed</span> <span class='ocrx_word' id='word_1_1195' title='bbox 1709 2397 1748 2417; x_wconf 87' lang='lat' dir='ltr'>est</span> <span class='ocrx_word' id='word_1_1196' title='bbox 1766 2392 1896 2425; x_wconf 89' lang='lat' dir='ltr'>possibilis</span> <span class='ocrx_word' id='word_1_1197' title='bbox 1915 2392 2072 2424; x_wconf 90' lang='lat' dir='ltr'>quandoque</span> <span class='ocrx_word' id='word_1_1198' title='bbox 2091 2392 2219 2416; x_wconf 88' lang='lat' dir='ltr'>circularis</span> <span class='ocrx_word' id='word_1_1199' title='bbox 2239 2392 2423 2416; x_wconf 86' lang='lat' dir='ltr'>demonstratio</span> <span class='ocrx_word' id='word_1_1200' title='bbox 2437 2391 2484 2416; x_wconf 81' lang='lat' dir='ltr'>dif-</span> 
     </span>
     <span class='ocr_line' id='line_1_149' title="bbox 1426 2427 2486 2460; baseline -0.002 -7"><span class='ocrx_word' id='word_1_1201' title='bbox 1426 2429 1530 2458; x_wconf 89' lang='lat' dir='ltr'>formis,</span> <span class='ocrx_word' id='word_1_1202' title='bbox 1554 2428 1651 2453; x_wconf 86' lang='lat' dir='ltr'>variato</span> <span class='ocrx_word' id='word_1_1203' title='bbox 1670 2435 1764 2460; x_wconf 88' lang='lat' dir='ltr'>nempe</span> <span class='ocrx_word' id='word_1_1204' title='bbox 1783 2432 1827 2452; x_wconf 86' lang='lat' dir='ltr'>aut</span> <span class='ocrx_word' id='word_1_1205' title='bbox 1851 2427 1986 2452; x_wconf 91' lang='lat' dir='ltr'>immutato</span> <span class='ocrx_word' id='word_1_1206' title='bbox 2004 2435 2098 2459; x_wconf 88' lang='lat' dir='ltr'>genere</span> <span class='ocrx_word' id='word_1_1207' title='bbox 2123 2427 2363 2452; x_wconf 87' lang='lat' dir='ltr'>demonstrationis:</span> <span class='ocrx_word' id='word_1_1208' title='bbox 2388 2434 2441 2459; x_wconf 90' lang='lat' dir='ltr'>quo</span> <span class='ocrx_word' id='word_1_1209' title='bbox 2460 2427 2486 2451; x_wconf 90' lang='lat' dir='ltr'>in</span> 
     </span>
     <span class='ocr_line' id='line_1_150' title="bbox 1427 2462 2487 2496; baseline -0.002 -8"><span class='ocrx_word' id='word_1_1210' title='bbox 1427 2472 1488 2489; x_wconf 88' lang='lat' dir='ltr'>casu</span> <span class='ocrx_word' id='word_1_1211' title='bbox 1507 2471 1559 2488; x_wconf 91' lang='lat' dir='ltr'>non</span> <span class='ocrx_word' id='word_1_1212' title='bbox 1578 2463 1681 2496; x_wconf 88' lang='lat' dir='ltr'>proprie</span> <span class='ocrx_word' id='word_1_1213' title='bbox 1699 2464 1745 2488; x_wconf 90' lang='lat' dir='ltr'>sed</span> <span class='ocrx_word' id='word_1_1214' title='bbox 1764 2463 1903 2495; x_wconf 87' lang='lat' dir='ltr'>improprie</span> <span class='ocrx_word' id='word_1_1215' title='bbox 1921 2462 2029 2487; x_wconf 85' lang='lat' dir='ltr'>habetur</span> <span class='ocrx_word' id='word_1_1216' title='bbox 2047 2462 2183 2492; x_wconf 86' lang='lat' dir='ltr'>circulatio,</span> <span class='ocrx_word' id='word_1_1217' title='bbox 2202 2470 2329 2494; x_wconf 87' lang='lat' dir='ltr'>apparens</span> <span class='ocrx_word' id='word_1_1218' title='bbox 2348 2469 2443 2494; x_wconf 88' lang='lat' dir='ltr'>nempe</span> <span class='ocrx_word' id='word_1_1219' title='bbox 2461 2465 2487 2486; x_wconf 89' lang='lat' dir='ltr'>et</span> 
     </span>
     <span class='ocr_line' id='line_1_151' title="bbox 1427 2496 2488 2530; baseline -0.002 -7"><span class='ocrx_word' id='word_1_1220' title='bbox 1427 2508 1479 2523; x_wconf 91' lang='lat' dir='ltr'>non</span> <span class='ocrx_word' id='word_1_1221' title='bbox 1498 2499 1580 2523; x_wconf 89' lang='lat' dir='ltr'>realis.</span> <span class='ocrx_word' id='word_1_1222' title='bbox 1600 2498 1656 2523; x_wconf 88' lang='lat' dir='ltr'>Dixi</span> <span class='ocrx_word' id='word_1_1223' title='bbox 1675 2498 1832 2530; x_wconf 89' lang='lat' dir='ltr'>quandoque</span> <span class='ocrx_word' id='word_1_1224' title='bbox 1851 2497 1911 2530; x_wconf 87' lang='lat' dir='ltr'>quia</span> <span class='ocrx_word' id='word_1_1225' title='bbox 1930 2505 1982 2522; x_wconf 90' lang='lat' dir='ltr'>non</span> <span class='ocrx_word' id='word_1_1226' title='bbox 2001 2505 2104 2529; x_wconf 88' lang='lat' dir='ltr'>semper</span> <span class='ocrx_word' id='word_1_1227' title='bbox 2128 2496 2182 2522; x_wconf 87' lang='lat' dir='ltr'>fieri</span> <span class='ocrx_word' id='word_1_1228' title='bbox 2201 2505 2260 2521; x_wconf 90' lang='lat' dir='ltr'>cum</span> <span class='ocrx_word' id='word_1_1229' title='bbox 2278 2497 2383 2521; x_wconf 82' lang='lat' dir='ltr'>veritate</span> <span class='ocrx_word' id='word_1_1230' title='bbox 2402 2501 2488 2529; x_wconf 89' lang='lat' dir='ltr'>potest</span> 
     </span>
     <span class='ocr_line' id='line_1_152' title="bbox 1426 2532 2486 2566; baseline -0.002 -8"><span class='ocrx_word' id='word_1_1231' title='bbox 1426 2534 1569 2559; x_wconf 88' lang='lat' dir='ltr'>circulatio:</span> <span class='ocrx_word' id='word_1_1232' title='bbox 1584 2534 1722 2566; x_wconf 84' lang='lat' dir='ltr'>requiritur</span> <span class='ocrx_word' id='word_1_1233' title='bbox 1740 2533 1808 2558; x_wconf 88' lang='lat' dir='ltr'>enim</span> <span class='ocrx_word' id='word_1_1234' title='bbox 1827 2532 2045 2561; x_wconf 79' lang='lat' dir='ltr'>convertibilitas,</span> <span class='ocrx_word' id='word_1_1235' title='bbox 2061 2536 2090 2556; x_wconf 92' lang='lat' dir='ltr'>ut</span> <span class='ocrx_word' id='word_1_1236' title='bbox 2102 2532 2224 2564; x_wconf 88' lang='lat' dir='ltr'>probatur</span> <span class='ocrx_word' id='word_1_1237' title='bbox 2238 2532 2301 2556; x_wconf 88' lang='lat' dir='ltr'>infra</span> <span class='ocrx_word' id='word_1_1238' title='bbox 2321 2540 2367 2564; x_wconf 93' lang='lat' dir='ltr'>n.7</span> <span class='ocrx_word' id='word_1_1239' title='bbox 2383 2537 2408 2556; x_wconf 89' lang='lat' dir='ltr'>et</span> <span class='ocrx_word' id='word_1_1240' title='bbox 2421 2539 2486 2564; x_wconf 68' lang='lat' dir='ltr'>seq„</span> 
     </span>
     <span class='ocr_line' id='line_1_153' title="bbox 1427 2567 2487 2602; baseline -0.003 -8"><span class='ocrx_word' id='word_1_1241' title='bbox 1427 2577 1494 2602; x_wconf 86' lang='lat' dir='ltr'>quae</span> <span class='ocrx_word' id='word_1_1242' title='bbox 1507 2570 1532 2594; x_wconf 91' lang='lat' dir='ltr'>in</span> <span class='ocrx_word' id='word_1_1243' title='bbox 1546 2569 1667 2594; x_wconf 89' lang='lat' dir='ltr'>omnibus</span> <span class='ocrx_word' id='word_1_1244' title='bbox 1677 2577 1729 2593; x_wconf 91' lang='lat' dir='ltr'>non</span> <span class='ocrx_word' id='word_1_1245' title='bbox 1743 2573 1828 2600; x_wconf 88' lang='lat' dir='ltr'>potest</span> <span class='ocrx_word' id='word_1_1246' title='bbox 1841 2568 1929 2592; x_wconf 89' lang='lat' dir='ltr'>haberi</span> <span class='ocrx_word' id='word_1_1247' title='bbox 1944 2567 1995 2600; x_wconf 80' lang='lat' dir='ltr'>(Cf.</span> <span class='ocrx_word' id='word_1_1248' title='bbox 2005 2567 2053 2592; x_wconf 84' lang='lat' dir='ltr'>hac</span> <span class='ocrx_word' id='word_1_1249' title='bbox 2071 2567 2103 2592; x_wconf 90' lang='lat' dir='ltr'>de</span> <span class='ocrx_word' id='word_1_1250' title='bbox 2117 2575 2145 2592; x_wconf 93' lang='lat' dir='ltr'>re</span> <span class='ocrx_word' id='word_1_1251' title='bbox 2154 2567 2212 2592; x_wconf 84' lang='lat' dir='ltr'>Alb.</span> <span class='ocrx_word' id='word_1_1252' title='bbox 2223 2568 2308 2599; x_wconf 86' lang='lat' dir='ltr'>Magn.</span> <span class='ocrx_word' id='word_1_1253' title='bbox 2318 2567 2344 2591; x_wconf 90' lang='lat' dir='ltr'>in</span> <span class='ocrx_word' id='word_1_1254' title='bbox 2358 2567 2487 2595; x_wconf 79' lang='lat' dir='ltr'>IPoster.‚</span> 
     </span>
     <span class='ocr_line' id='line_1_154' title="bbox 1426 2602 2487 2636; baseline -0.003 -7"><span class='ocrx_word' id='word_1_1255' title='bbox 1426 2605 1543 2635; x_wconf 51' lang='lat' dir='ltr'>tract..11,</span> <span class='ocrx_word' id='word_1_1256' title='bbox 1558 2612 1613 2636; x_wconf 88' lang='lat' dir='ltr'>cap.</span> <span class='ocrx_word' id='word_1_1257' title='bbox 1627 2612 1661 2634; x_wconf 88' lang='lat' dir='ltr'>v1,</span> <span class='ocrx_word' id='word_1_1258' title='bbox 1676 2609 1701 2628; x_wconf 88' lang='lat' dir='ltr'>et</span> <span class='ocrx_word' id='word_1_1259' title='bbox 1715 2604 1741 2628; x_wconf 89' lang='lat' dir='ltr'>in</span> <span class='ocrx_word' id='word_1_1260' title='bbox 1755 2604 1775 2628; x_wconf 88' lang='lat' dir='ltr'>ll</span> <span class='ocrx_word' id='word_1_1261' title='bbox 1790 2603 1923 2631; x_wconf 85' lang='lat' dir='ltr'>Priorum,</span> <span class='ocrx_word' id='word_1_1262' title='bbox 1938 2607 2008 2627; x_wconf 82' lang='lat' dir='ltr'>tract.</span> <span class='ocrx_word' id='word_1_1263' title='bbox 2025 2603 2046 2626; x_wconf 90' lang='lat'>11</span> <span class='ocrx_word' id='word_1_1264' title='bbox 2061 2610 2108 2634; x_wconf 88' lang='lat' dir='ltr'>per</span> <span class='ocrx_word' id='word_1_1265' title='bbox 2121 2602 2369 2627; x_wconf 89' lang='lat' dir='ltr'>totum.-Dominic.</span> <span class='ocrx_word' id='word_1_1266' title='bbox 2384 2609 2399 2626; x_wconf 92' lang='lat' dir='ltr'>a</span> <span class='ocrx_word' id='word_1_1267' title='bbox 2413 2602 2487 2626; x_wconf 85' lang='lat' dir='ltr'>Flan-</span> 
     </span>
     <span class='ocr_line' id='line_1_155' title="bbox 1428 2637 2488 2671; baseline -0.004 -6"><span class='ocrx_word' id='word_1_1268' title='bbox 1428 2640 1482 2665; x_wconf 91' lang='lat' dir='ltr'>dria</span> <span class='ocrx_word' id='word_1_1269' title='bbox 1500 2640 1526 2664; x_wconf 89' lang='lat' dir='ltr'>in</span> <span class='ocrx_word' id='word_1_1270' title='bbox 1545 2640 1553 2664; x_wconf 89' lang='lat'>1</span> <span class='ocrx_word' id='word_1_1271' title='bbox 1569 2640 1678 2668; x_wconf 67' lang='lat' dir='ltr'>Foster„</span> <span class='ocrx_word' id='word_1_1272' title='bbox 1698 2647 1740 2671; x_wconf 88' lang='lat' dir='ltr'>qu.</span> <span class='ocrx_word' id='word_1_1273' title='bbox 1759 2646 1812 2668; x_wconf 86' lang='lat' dir='ltr'>xm,</span> <span class='ocrx_word' id='word_1_1274' title='bbox 1827 2638 1896 2663; x_wconf 87' lang='lat' dir='ltr'>artic.</span> <span class='ocrx_word' id='word_1_1275' title='bbox 1915 2646 1923 2662; x_wconf 87' lang='lat'><strong>1</strong></span> <span class='ocrx_word' id='word_1_1276' title='bbox 1942 2643 1967 2662; x_wconf 92' lang='lat' dir='ltr'>et</span> <span class='ocrx_word' id='word_1_1277' title='bbox 1983 2637 2155 2662; x_wconf 85' lang='lat' dir='ltr'>2.-Caietan.</span> <span class='ocrx_word' id='word_1_1278' title='bbox 2170 2637 2195 2661; x_wconf 91' lang='lat' dir='ltr'>in</span> <span class='ocrx_word' id='word_1_1279' title='bbox 2214 2638 2223 2662; x_wconf 91' lang='lat'>1</span> <span class='ocrx_word' id='word_1_1280' title='bbox 2238 2637 2347 2663; x_wconf 79' lang='lat' dir='ltr'>Foster..</span> <span class='ocrx_word' id='word_1_1281' title='bbox 2366 2644 2421 2669; x_wconf 86' lang='lat' dir='ltr'>cap.</span> <span class='ocrx_word' id='word_1_1282' title='bbox 2434 2644 2488 2668; x_wconf 85' lang='lat' dir='ltr'>xm,</span> 
     </span>
     <span class='ocr_line' id='line_1_156' title="bbox 1427 2672 2486 2708; baseline -0.004 -8"><span class='ocrx_word' id='word_1_1283' title='bbox 1427 2675 1452 2708; x_wconf 66' lang='grc' dir='ltr'>ξ.</span> <span class='ocrx_word' id='word_1_1284' title='bbox 1466 2675 1544 2700; x_wconf 85' lang='lat' dir='ltr'>Circa</span> <span class='ocrx_word' id='word_1_1285' title='bbox 1557 2675 1699 2700; x_wconf 86' lang='lat' dir='ltr'>secundam</span> <span class='ocrx_word' id='word_1_1286' title='bbox 1709 2674 1898 2699; x_wconf 84' lang='lat' dir='ltr'>conclusionem</span> <span class='ocrx_word' id='word_1_1287' title='bbox 1914 2673 2102 2706; x_wconf 86' lang='lat' dir='ltr'>etc.—Sylvest.</span> <span class='ocrx_word' id='word_1_1288' title='bbox 2116 2673 2198 2697; x_wconf 85' lang='lat' dir='ltr'>Maur.</span> <span class='ocrx_word' id='word_1_1289' title='bbox 2208 2672 2234 2697; x_wconf 91' lang='lat' dir='ltr'>in</span> <span class='ocrx_word' id='word_1_1290' title='bbox 2244 2673 2253 2696; x_wconf 91' lang='lat'>1</span> <span class='ocrx_word' id='word_1_1291' title='bbox 2264 2673 2373 2701; x_wconf 68' lang='lat' dir='ltr'>Foster„</span> <span class='ocrx_word' id='word_1_1292' title='bbox 2384 2679 2439 2705; x_wconf 90' lang='lat' dir='ltr'>cap.</span> <span class='ocrx_word' id='word_1_1293' title='bbox 2449 2679 2486 2702; x_wconf 88' lang='lat' dir='ltr'>m,</span> 
     </span>
     <span class='ocr_line' id='line_1_157' title="bbox 1428 2708 1961 2742; baseline -0.006 -7"><span class='ocrx_word' id='word_1_1294' title='bbox 1428 2716 1454 2736; x_wconf 88' lang='lat' dir='ltr'>et</span> <span class='ocrx_word' id='word_1_1295' title='bbox 1472 2711 1498 2735; x_wconf 91' lang='lat' dir='ltr'>in</span> <span class='ocrx_word' id='word_1_1296' title='bbox 1517 2711 1536 2735; x_wconf 92' lang='lat'>11</span> <span class='ocrx_word' id='word_1_1297' title='bbox 1556 2710 1688 2738; x_wconf 82' lang='lat' dir='ltr'>Priorum,</span> <span class='ocrx_word' id='word_1_1298' title='bbox 1709 2717 1764 2742; x_wconf 90' lang='lat' dir='ltr'>cap.</span> <span class='ocrx_word' id='word_1_1299' title='bbox 1782 2716 1799 2732; x_wconf 90' lang='lat' dir='ltr'>v</span> <span class='ocrx_word' id='word_1_1300' title='bbox 1817 2713 1843 2733; x_wconf 88' lang='lat' dir='ltr'>et</span> <span class='ocrx_word' id='word_1_1301' title='bbox 1861 2708 1961 2741; x_wconf 84' lang='lat' dir='ltr'>seqq.)</span> 
     </span>
    </p>

    <p class='ocr_par' dir='ltr' id='par_1_34' title="bbox 1421 2741 2488 2849">
     <span class='ocr_line' id='line_1_158' title="bbox 1480 2741 2487 2779; baseline -0.005 -9"><span class='ocrx_word' id='word_1_1302' title='bbox 1480 2745 1508 2779; x_wconf 89' lang='grc' dir='ltr'>γ)</span> <span class='ocrx_word' id='word_1_1303' title='bbox 1525 2745 1598 2770; x_wconf 89' lang='lat' dir='ltr'>Idem</span> <span class='ocrx_word' id='word_1_1304' title='bbox 1610 2745 1648 2777; x_wconf 84' lang='lat' dir='ltr'>fit</span> <span class='ocrx_word' id='word_1_1305' title='bbox 1662 2748 1689 2770; x_wconf 84' lang='lat' dir='ltr'>et</span> <span class='ocrx_word' id='word_1_1306' title='bbox 1702 2744 1864 2776; x_wconf 78' lang='lat' dir='ltr'>principium</span> <span class='ocrx_word' id='word_1_1307' title='bbox 1879 2747 1905 2768; x_wconf 89' lang='lat' dir='ltr'>et</span> <span class='ocrx_word' id='word_1_1308' title='bbox 1918 2743 2058 2768; x_wconf 85' lang='lat' dir='ltr'>conclusio.</span> <span class='ocrx_word' id='word_1_1309' title='bbox 2072 2743 2119 2767; x_wconf 87' lang='lat' dir='ltr'>Est</span> <span class='ocrx_word' id='word_1_1310' title='bbox 2132 2743 2207 2767; x_wconf 87' lang='lat' dir='ltr'>lectio</span> <span class='ocrx_word' id='word_1_1311' title='bbox 2222 2742 2295 2767; x_wconf 88' lang='lat' dir='ltr'>codd.</span> <span class='ocrx_word' id='word_1_1312' title='bbox 2310 2741 2487 2772; x_wconf 88' lang='lat' dir='ltr'>CDLMQST,</span> 
     </span>
     <span class='ocr_line' id='line_1_159' title="bbox 1428 2777 2488 2811; baseline -0.005 -5"><span class='ocrx_word' id='word_1_1313' title='bbox 1428 2787 1454 2806; x_wconf 91' lang='lat' dir='ltr'>et</span> <span class='ocrx_word' id='word_1_1314' title='bbox 1472 2781 1549 2806; x_wconf 89' lang='lat' dir='ltr'>etiam</span> <span class='ocrx_word' id='word_1_1315' title='bbox 1567 2779 1796 2804; x_wconf 82' lang='lat' dir='ltr'>ABEGHKNOR:</span> <span class='ocrx_word' id='word_1_1316' title='bbox 1816 2779 1884 2804; x_wconf 90' lang='lat' dir='ltr'>idem</span> <span class='ocrx_word' id='word_1_1317' title='bbox 1896 2779 1935 2811; x_wconf 86' lang='lat' dir='ltr'>sit</span> <span class='ocrx_word' id='word_1_1318' title='bbox 1953 2778 2115 2810; x_wconf 80' lang='lat' dir='ltr'>principium</span> <span class='ocrx_word' id='word_1_1319' title='bbox 2135 2781 2161 2803; x_wconf 84' lang='lat' dir='ltr'>et</span> <span class='ocrx_word' id='word_1_1320' title='bbox 2178 2777 2346 2803; x_wconf 84' lang='lat' dir='ltr'>conclusio.—</span> <span class='ocrx_word' id='word_1_1321' title='bbox 2359 2777 2393 2801; x_wconf 76' lang='lat' dir='ltr'>P:</span> <span class='ocrx_word' id='word_1_1322' title='bbox 2418 2777 2488 2801; x_wconf 85' lang='lat' dir='ltr'>idem</span> 
     </span>
     <span class='ocr_line' id='line_1_160' title="bbox 1421 2813 2254 2849; baseline -0.005 -8"><span class='ocrx_word' id='word_1_1323' title='bbox 1421 2817 1459 2849; x_wconf 90' lang='lat' dir='ltr'>fit</span> <span class='ocrx_word' id='word_1_1324' title='bbox 1482 2815 1613 2841; x_wconf 86' lang='lat' dir='ltr'>conclusio</span> <span class='ocrx_word' id='word_1_1325' title='bbox 1631 2818 1657 2840; x_wconf 85' lang='lat' dir='ltr'>et</span> <span class='ocrx_word' id='word_1_1326' title='bbox 1670 2814 1852 2847; x_wconf 82' lang='lat' dir='ltr'>principium,·</span> <span class='ocrx_word' id='word_1_1327' title='bbox 1869 2814 1891 2838; x_wconf 87' lang='lat'>1:</span> <span class='ocrx_word' id='word_1_1328' title='bbox 1911 2814 1980 2838; x_wconf 89' lang='lat' dir='ltr'>idem</span> <span class='ocrx_word' id='word_1_1329' title='bbox 1999 2817 2039 2838; x_wconf 84' lang='lat' dir='ltr'>est</span> <span class='ocrx_word' id='word_1_1330' title='bbox 2057 2818 2104 2838; x_wconf 85' lang='lat' dir='ltr'>etc.</span> <span class='ocrx_word' id='word_1_1331' title='bbox 2122 2818 2151 2837; x_wconf 93' lang='lat' dir='ltr'>ut</span> <span class='ocrx_word' id='word_1_1332' title='bbox 2169 2813 2254 2837; x_wconf 87' lang='lat' dir='ltr'>Piana.</span> 
     </span>
    </p>

    <p class='ocr_par' dir='ltr' id='par_1_35' title="bbox 1429 2846 2489 2949">
     <span class='ocr_line' id='line_1_161' title="bbox 1481 2846 2489 2884; baseline -0.006 -8"><span class='ocrx_word' id='word_1_1333' title='bbox 1481 2851 1506 2884; x_wconf 83' lang='grc' dir='ltr'>δ)</span> <span class='ocrx_word' id='word_1_1334' title='bbox 1527 2851 1581 2876; x_wconf 88' lang='lat' dir='ltr'>Sed</span> <span class='ocrx_word' id='word_1_1335' title='bbox 1598 2853 1690 2882; x_wconf 82' lang='lat' dir='ltr'>posset</span> <span class='ocrx_word' id='word_1_1336' title='bbox 1707 2854 1755 2875; x_wconf 85' lang='lat' dir='ltr'>etc.</span> <span class='ocrx_word' id='word_1_1337' title='bbox 1779 2850 1824 2874; x_wconf 86' lang='lat' dir='ltr'>Est</span> <span class='ocrx_word' id='word_1_1338' title='bbox 1843 2849 1918 2873; x_wconf 90' lang='lat' dir='ltr'>lectio</span> <span class='ocrx_word' id='word_1_1339' title='bbox 1942 2849 2044 2873; x_wconf 78' lang='lat' dir='ltr'>codd.—-</span> <span class='ocrx_word' id='word_1_1340' title='bbox 2057 2849 2092 2872; x_wconf 89' lang='lat' dir='ltr'>P:</span> <span class='ocrx_word' id='word_1_1341' title='bbox 2110 2848 2157 2872; x_wconf 84' lang='lat' dir='ltr'>sed</span> <span class='ocrx_word' id='word_1_1342' title='bbox 2176 2851 2273 2879; x_wconf 85' lang='lat' dir='ltr'>potest.</span> <span class='ocrx_word' id='word_1_1343' title='bbox 2285 2860 2305 2865; x_wconf 91' lang='lat'>-</span> <span class='ocrx_word' id='word_1_1344' title='bbox 2316 2846 2489 2871; x_wconf 84' lang='lat' dir='ltr'>Amanuensis</span> 
     </span>
     <span class='ocr_line' id='line_1_162' title="bbox 1429 2881 2489 2916; baseline -0.006 -5"><span class='ocrx_word' id='word_1_1345' title='bbox 1429 2887 1486 2912; x_wconf 89' lang='lat' dir='ltr'>cod.</span> <span class='ocrx_word' id='word_1_1346' title='bbox 1505 2887 1526 2911; x_wconf 92' lang='lat' dir='ltr'>L</span> <span class='ocrx_word' id='word_1_1347' title='bbox 1545 2886 1671 2910; x_wconf 89' lang='lat' dir='ltr'>mendose</span> <span class='ocrx_word' id='word_1_1348' title='bbox 1691 2885 1788 2910; x_wconf 88' lang='lat' dir='ltr'>scribit:</span> <span class='ocrx_word' id='word_1_1349' title='bbox 1807 2884 1855 2909; x_wconf 85' lang='lat' dir='ltr'>sed</span> <span class='ocrx_word' id='word_1_1350' title='bbox 1873 2887 1965 2916; x_wconf 83' lang='lat' dir='ltr'>posset</span> <span class='ocrx_word' id='word_1_1351' title='bbox 1982 2890 2037 2908; x_wconf 86' lang='lat' dir='ltr'>esse</span> <span class='ocrx_word' id='word_1_1352' title='bbox 2057 2883 2135 2915; x_wconf 77' lang='lat' dir='ltr'>prius</span> <span class='ocrx_word' id='word_1_1353' title='bbox 2158 2886 2185 2908; x_wconf 90' lang='lat' dir='ltr'>et</span> <span class='ocrx_word' id='word_1_1354' title='bbox 2203 2882 2291 2907; x_wconf 85' lang='lat' dir='ltr'>notius</span> <span class='ocrx_word' id='word_1_1355' title='bbox 2314 2882 2368 2907; x_wconf 87' lang='lat' dir='ltr'>alio</span> <span class='ocrx_word' id='word_1_1356' title='bbox 2385 2885 2412 2906; x_wconf 93' lang='lat' dir='ltr'>et</span> <span class='ocrx_word' id='word_1_1357' title='bbox 2435 2881 2489 2905; x_wconf 86' lang='lat' dir='ltr'>alio</span> 
     </span>
     <span class='ocr_line' id='line_1_163' title="bbox 1429 2921 2052 2949; baseline -0.005 -2"><span class='ocrx_word' id='word_1_1358' title='bbox 1429 2922 1509 2947; x_wconf 83' lang='lat' dir='ltr'>modo</span> <span class='ocrx_word' id='word_1_1359' title='bbox 1526 2921 1625 2946; x_wconf 81' lang='lat' dir='ltr'>scilicet</span> <span class='ocrx_word' id='word_1_1360' title='bbox 1642 2926 1691 2946; x_wconf 87' lang='lat' dir='ltr'>etc.</span> <span class='ocrx_word' id='word_1_1361' title='bbox 2048 2943 2052 2949; x_wconf 91' lang='grc'><em>,</em></span> 
     </span>
    </p>

    <p class='ocr_par' dir='ltr' id='par_1_36' title="bbox 1429 2951 2490 3268">
     <span class='ocr_line' id='line_1_164' title="bbox 1483 2951 2489 2990; baseline -0.007 -8"><span class='ocrx_word' id='word_1_1362' title='bbox 1483 2956 1506 2990; x_wconf 85' lang='grc' dir='ltr'>ε)</span> <span class='ocrx_word' id='word_1_1363' title='bbox 1527 2957 1632 2982; x_wconf 84' lang='lat' dir='ltr'>Scilicet</span> <span class='ocrx_word' id='word_1_1364' title='bbox 1651 2959 1680 2981; x_wconf 93' lang='lat' dir='ltr'>ut</span> <span class='ocrx_word' id='word_1_1365' title='bbox 1698 2955 1747 2980; x_wconf 87' lang='lat' dir='ltr'>hoc</span> <span class='ocrx_word' id='word_1_1366' title='bbox 1764 2955 1799 2980; x_wconf 86' lang='lat' dir='ltr'>sit</span> <span class='ocrx_word' id='word_1_1367' title='bbox 1816 2955 1895 2987; x_wconf 84' lang='lat' dir='ltr'>prius</span> <span class='ocrx_word' id='word_1_1368' title='bbox 1914 2954 2035 2979; x_wconf 91' lang='lat' dir='ltr'>etc.-1ta</span> <span class='ocrx_word' id='word_1_1369' title='bbox 2053 2953 2135 2982; x_wconf 68' lang='lat' dir='ltr'>codd„</span> <span class='ocrx_word' id='word_1_1370' title='bbox 2151 2960 2203 2977; x_wconf 83' lang='lat' dir='ltr'>exc.</span> <span class='ocrx_word' id='word_1_1371' title='bbox 2218 2953 2247 2982; x_wconf 92' lang='lat' dir='ltr'>B,</span> <span class='ocrx_word' id='word_1_1372' title='bbox 2262 2952 2306 2984; x_wconf 88' lang='lat' dir='ltr'>qui</span> <span class='ocrx_word' id='word_1_1373' title='bbox 2325 2951 2401 2983; x_wconf 86' lang='lat' dir='ltr'>legit:</span> <span class='ocrx_word' id='word_1_1374' title='bbox 2419 2951 2489 2976; x_wconf 81' lang='lat' dir='ltr'>sicut</span> 
     </span>
     <span class='ocr_line' id='line_1_165' title="bbox 1430 2986 2487 3024; baseline -0.008 -7"><span class='ocrx_word' id='word_1_1375' title='bbox 1430 2992 1502 3024; x_wconf 86' lang='lat' dir='ltr'>quod</span> <span class='ocrx_word' id='word_1_1376' title='bbox 1519 2992 1567 3017; x_wconf 87' lang='lat' dir='ltr'>hoc</span> <span class='ocrx_word' id='word_1_1377' title='bbox 1580 2992 1616 3016; x_wconf 89' lang='lat' dir='ltr'>sit</span> <span class='ocrx_word' id='word_1_1378' title='bbox 1629 2991 1707 3023; x_wconf 82' lang='lat' dir='ltr'>prius</span> <span class='ocrx_word' id='word_1_1379' title='bbox 1721 2990 1810 3022; x_wconf 83' lang='lat' dir='ltr'>quoad</span> <span class='ocrx_word' id='word_1_1380' title='bbox 1828 2997 1875 3015; x_wconf 85' lang='lat' dir='ltr'>nos</span> <span class='ocrx_word' id='word_1_1381' title='bbox 1893 2993 1920 3015; x_wconf 87' lang='lat' dir='ltr'>et</span> <span class='ocrx_word' id='word_1_1382' title='bbox 1938 2989 1967 3014; x_wconf 81' lang='lat' dir='ltr'>id</span> <span class='ocrx_word' id='word_1_1383' title='bbox 1979 2989 2014 3014; x_wconf 86' lang='lat' dir='ltr'>sit</span> <span class='ocrx_word' id='word_1_1384' title='bbox 2027 2989 2105 3021; x_wconf 81' lang='lat' dir='ltr'>prius</span> <span class='ocrx_word' id='word_1_1385' title='bbox 2118 2987 2382 3019; x_wconf 84' lang='lat' dir='ltr'>simpliciter.-Edit.</span> <span class='ocrx_word' id='word_1_1386' title='bbox 2395 2986 2487 3010; x_wconf 85' lang='lat' dir='ltr'>Piana:</span> 
     </span>
     <span class='ocr_line' id='line_1_166' title="bbox 1429 3021 2490 3058; baseline -0.007 -6"><span class='ocrx_word' id='word_1_1387' title='bbox 1429 3028 1527 3053; x_wconf 87' lang='lat' dir='ltr'>scilicet</span> <span class='ocrx_word' id='word_1_1388' title='bbox 1549 3030 1579 3051; x_wconf 88' lang='lat' dir='ltr'>ut</span> <span class='ocrx_word' id='word_1_1389' title='bbox 1599 3027 1648 3051; x_wconf 87' lang='lat' dir='ltr'>hoc</span> <span class='ocrx_word' id='word_1_1390' title='bbox 1665 3026 1701 3051; x_wconf 85' lang='lat' dir='ltr'>sit</span> <span class='ocrx_word' id='word_1_1391' title='bbox 1717 3026 1795 3058; x_wconf 82' lang='lat' dir='ltr'>prius</span> <span class='ocrx_word' id='word_1_1392' title='bbox 1814 3025 1902 3057; x_wconf 81' lang='lat' dir='ltr'>quoad</span> <span class='ocrx_word' id='word_1_1393' title='bbox 1925 3032 1971 3049; x_wconf 89' lang='lat' dir='ltr'>nos</span> <span class='ocrx_word' id='word_1_1394' title='bbox 1989 3027 2016 3049; x_wconf 88' lang='lat' dir='ltr'>et</span> <span class='ocrx_word' id='word_1_1395' title='bbox 2034 3023 2100 3048; x_wconf 84' lang='lat' dir='ltr'>illud</span> <span class='ocrx_word' id='word_1_1396' title='bbox 2116 3023 2152 3048; x_wconf 81' lang='lat' dir='ltr'>sit</span> <span class='ocrx_word' id='word_1_1397' title='bbox 2170 3022 2304 3054; x_wconf 82' lang='lat' dir='ltr'>posterius</span> <span class='ocrx_word' id='word_1_1398' title='bbox 2327 3021 2490 3053; x_wconf 84' lang='lat' dir='ltr'>simpliciter.</span> 
     </span>
     <span class='ocr_line' id='line_1_167' title="bbox 1431 3055 2490 3094; baseline -0.008 -7"><span class='ocrx_word' id='word_1_1399' title='bbox 1431 3063 1487 3087; x_wconf 92' lang='lat' dir='ltr'>Non</span> <span class='ocrx_word' id='word_1_1400' title='bbox 1502 3062 1637 3094; x_wconf 83' lang='lat' dir='ltr'>posterius</span> <span class='ocrx_word' id='word_1_1401' title='bbox 1659 3062 1706 3086; x_wconf 90' lang='lat' dir='ltr'>sed</span> <span class='ocrx_word' id='word_1_1402' title='bbox 1719 3061 1798 3093; x_wconf 81' lang='lat' dir='ltr'>prius</span> <span class='ocrx_word' id='word_1_1403' title='bbox 1816 3060 1953 3092; x_wconf 87' lang='lat' dir='ltr'>legendum</span> <span class='ocrx_word' id='word_1_1404' title='bbox 1972 3065 2011 3084; x_wconf 90' lang='lat' dir='ltr'>est</span> <span class='ocrx_word' id='word_1_1405' title='bbox 2029 3067 2089 3083; x_wconf 87' lang='lat' dir='ltr'>curn</span> <span class='ocrx_word' id='word_1_1406' title='bbox 2108 3058 2195 3082; x_wconf 87' lang='lat' dir='ltr'>codd.:</span> <span class='ocrx_word' id='word_1_1407' title='bbox 2216 3065 2275 3081; x_wconf 88' lang='lat' dir='ltr'>nam</span> <span class='ocrx_word' id='word_1_1408' title='bbox 2294 3064 2315 3081; x_wconf 92' lang='lat' dir='ltr'>s.</span> <span class='ocrx_word' id='word_1_1409' title='bbox 2329 3056 2445 3080; x_wconf 89' lang='lat' dir='ltr'>Thomas</span> <span class='ocrx_word' id='word_1_1410' title='bbox 2464 3055 2490 3079; x_wconf 89' lang='lat' dir='ltr'>in</span> 
     </span>
     <span class='ocr_line' id='line_1_168' title="bbox 1429 3089 2490 3129; baseline -0.007 -7"><span class='ocrx_word' id='word_1_1411' title='bbox 1429 3098 1477 3122; x_wconf 87' lang='lat' dir='ltr'>hac</span> <span class='ocrx_word' id='word_1_1412' title='bbox 1495 3097 1639 3122; x_wconf 89' lang='lat' dir='ltr'>obiectione</span> <span class='ocrx_word' id='word_1_1413' title='bbox 1656 3096 1764 3129; x_wconf 84' lang='lat' dir='ltr'>opponit</span> <span class='ocrx_word' id='word_1_1414' title='bbox 1782 3096 1845 3120; x_wconf 92' lang='lat' dir='ltr'>illud</span> <span class='ocrx_word' id='word_1_1415' title='bbox 1864 3095 1934 3127; x_wconf 88' lang='lat' dir='ltr'>quod</span> <span class='ocrx_word' id='word_1_1416' title='bbox 1950 3099 1989 3119; x_wconf 89' lang='lat' dir='ltr'>est</span> <span class='ocrx_word' id='word_1_1417' title='bbox 2000 3089 2070 3127; x_wconf 72' lang='lat' dir='ltr'>prius</span> <span class='ocrx_word' id='word_1_1418' title='bbox 2084 3093 2199 3121; x_wconf 81' lang='lat' dir='ltr'>relative,</span> <span class='ocrx_word' id='word_1_1419' title='bbox 2220 3100 2266 3117; x_wconf 90' lang='lat' dir='ltr'>seu</span> <span class='ocrx_word' id='word_1_1420' title='bbox 2283 3091 2368 3124; x_wconf 88' lang='lat' dir='ltr'>quoad</span> <span class='ocrx_word' id='word_1_1421' title='bbox 2381 3098 2428 3115; x_wconf 89' lang='lat' dir='ltr'>nos</span> <span class='ocrx_word' id='word_1_1422' title='bbox 2447 3098 2490 3115; x_wconf 90' lang='lat' dir='ltr'>so-</span> 
     </span>
     <span class='ocr_line' id='line_1_169' title="bbox 1430 3126 2490 3163; baseline -0.008 -6"><span class='ocrx_word' id='word_1_1423' title='bbox 1430 3133 1578 3162; x_wconf 90' lang='lat' dir='ltr'>lummodo,</span> <span class='ocrx_word' id='word_1_1424' title='bbox 1598 3132 1630 3156; x_wconf 89' lang='lat' dir='ltr'>ad</span> <span class='ocrx_word' id='word_1_1425' title='bbox 1644 3131 1706 3156; x_wconf 93' lang='lat' dir='ltr'>illud</span> <span class='ocrx_word' id='word_1_1426' title='bbox 1725 3131 1794 3163; x_wconf 90' lang='lat' dir='ltr'>quod</span> <span class='ocrx_word' id='word_1_1427' title='bbox 1814 3135 1853 3155; x_wconf 87' lang='lat' dir='ltr'>est</span> <span class='ocrx_word' id='word_1_1428' title='bbox 1870 3130 1940 3163; x_wconf 89' lang='lat' dir='ltr'>prius</span> <span class='ocrx_word' id='word_1_1429' title='bbox 1959 3130 2087 3157; x_wconf 84' lang='lat' dir='ltr'>absolute,</span> <span class='ocrx_word' id='word_1_1430' title='bbox 2107 3136 2153 3153; x_wconf 90' lang='lat' dir='ltr'>seu</span> <span class='ocrx_word' id='word_1_1431' title='bbox 2172 3135 2203 3152; x_wconf 89' lang='lat' dir='ltr'>ex</span> <span class='ocrx_word' id='word_1_1432' title='bbox 2221 3132 2310 3152; x_wconf 88' lang='lat' dir='ltr'>natura</span> <span class='ocrx_word' id='word_1_1433' title='bbox 2327 3134 2375 3151; x_wconf 87' lang='lat' dir='ltr'>sua</span> <span class='ocrx_word' id='word_1_1434' title='bbox 2389 3131 2414 3150; x_wconf 91' lang='lat' dir='ltr'>et</span> <span class='ocrx_word' id='word_1_1435' title='bbox 2428 3126 2490 3150; x_wconf 88' lang='lat' dir='ltr'>sim-</span> 
     </span>
     <span class='ocr_line' id='line_1_170' title="bbox 1430 3160 2490 3200; baseline -0.008 -8"><span class='ocrx_word' id='word_1_1436' title='bbox 1430 3167 1537 3200; x_wconf 88' lang='lat' dir='ltr'>pliciter.</span> <span class='ocrx_word' id='word_1_1437' title='bbox 1557 3167 1632 3196; x_wconf 85' lang='lat' dir='ltr'>Quod</span> <span class='ocrx_word' id='word_1_1438' title='bbox 1646 3171 1671 3191; x_wconf 90' lang='lat' dir='ltr'>et</span> <span class='ocrx_word' id='word_1_1439' title='bbox 1683 3166 1801 3198; x_wconf 89' lang='lat' dir='ltr'>exemplo</span> <span class='ocrx_word' id='word_1_1440' title='bbox 1820 3165 1986 3197; x_wconf 84' lang='lat' dir='ltr'>singularium</span> <span class='ocrx_word' id='word_1_1441' title='bbox 1999 3169 2024 3189; x_wconf 89' lang='lat' dir='ltr'>et</span> <span class='ocrx_word' id='word_1_1442' title='bbox 2041 3163 2223 3188; x_wconf 87' lang='lat' dir='ltr'>universalium</span> <span class='ocrx_word' id='word_1_1443' title='bbox 2243 3162 2390 3186; x_wconf 88' lang='lat' dir='ltr'>declaratur.</span> <span class='ocrx_word' id='word_1_1444' title='bbox 2409 3160 2490 3185; x_wconf 87' lang='lat' dir='ltr'>Susti-</span> 
     </span>
     <span class='ocr_line' id='line_1_171' title="bbox 1431 3196 2489 3234; baseline -0.006 -8"><span class='ocrx_word' id='word_1_1445' title='bbox 1431 3202 1484 3227; x_wconf 89' lang='lat' dir='ltr'>neri</span> <span class='ocrx_word' id='word_1_1446' title='bbox 1498 3206 1588 3234; x_wconf 85' lang='lat' dir='ltr'>posset</span> <span class='ocrx_word' id='word_1_1447' title='bbox 1605 3201 1680 3226; x_wconf 88' lang='lat' dir='ltr'>lectio</span> <span class='ocrx_word' id='word_1_1448' title='bbox 1699 3201 1778 3225; x_wconf 86' lang='lat' dir='ltr'>Piana</span> <span class='ocrx_word' id='word_1_1449' title='bbox 1796 3200 1818 3225; x_wconf 89' lang='lat' dir='ltr'>si</span> <span class='ocrx_word' id='word_1_1450' title='bbox 1837 3200 1955 3224; x_wconf 87' lang='lat' dir='ltr'>haberet:</span> <span class='ocrx_word' id='word_1_1451' title='bbox 1974 3199 2072 3224; x_wconf 85' lang='lat' dir='ltr'>scilicet</span> <span class='ocrx_word' id='word_1_1452' title='bbox 2091 3202 2120 3223; x_wconf 85' lang='lat' dir='ltr'>ut</span> <span class='ocrx_word' id='word_1_1453' title='bbox 2137 3198 2186 3223; x_wconf 89' lang='lat' dir='ltr'>hoc</span> <span class='ocrx_word' id='word_1_1454' title='bbox 2198 3198 2234 3223; x_wconf 90' lang='lat' dir='ltr'>sit</span> <span class='ocrx_word' id='word_1_1455' title='bbox 2247 3197 2326 3229; x_wconf 78' lang='lat' dir='ltr'>prius</span> <span class='ocrx_word' id='word_1_1456' title='bbox 2339 3196 2427 3228; x_wconf 81' lang='lat' dir='ltr'>quoad</span> <span class='ocrx_word' id='word_1_1457' title='bbox 2441 3202 2489 3220; x_wconf 72' lang='lat' dir='ltr'>nos</span> 
     </span>
     <span class='ocr_line' id='line_1_172' title="bbox 1431 3236 1784 3268; baseline -0.006 -6"><span class='ocrx_word' id='word_1_1458' title='bbox 1431 3240 1457 3262; x_wconf 88' lang='lat' dir='ltr'>et</span> <span class='ocrx_word' id='word_1_1459' title='bbox 1470 3237 1605 3268; x_wconf 82' lang='lat' dir='ltr'>posterius</span> <span class='ocrx_word' id='word_1_1460' title='bbox 1623 3236 1784 3268; x_wconf 83' lang='lat' dir='ltr'>simpliciter.</span> 
     </span>
    </p>

    <p class='ocr_par' dir='ltr' id='par_1_37' title="bbox 1431 3265 2491 3652">
     <span class='ocr_line' id='line_1_173' title="bbox 1484 3265 2491 3304; baseline -0.007 -8"><span class='ocrx_word' id='word_1_1461' title='bbox 1484 3270 1509 3304; x_wconf 77' lang='grc' dir='ltr'>ζ)</span> <span class='ocrx_word' id='word_1_1462' title='bbox 1529 3271 1605 3296; x_wconf 87' lang='lat' dir='ltr'>Sicut</span> <span class='ocrx_word' id='word_1_1463' title='bbox 1622 3270 1771 3303; x_wconf 72' lang='lat' dir='ltr'>singularia</span> <span class='ocrx_word' id='word_1_1464' title='bbox 1789 3276 1836 3295; x_wconf 88' lang='lat' dir='ltr'>etc.</span> <span class='ocrx_word' id='word_1_1465' title='bbox 1860 3270 1974 3295; x_wconf 90' lang='lat' dir='ltr'>Novitius</span> <span class='ocrx_word' id='word_1_1466' title='bbox 1993 3269 2019 3294; x_wconf 91' lang='lat' dir='ltr'>in</span> <span class='ocrx_word' id='word_1_1467' title='bbox 2037 3269 2077 3293; x_wconf 90' lang='lat' dir='ltr'>his</span> <span class='ocrx_word' id='word_1_1468' title='bbox 2096 3277 2125 3293; x_wconf 91' lang='lat' dir='ltr'>ac</span> <span class='ocrx_word' id='word_1_1469' title='bbox 2143 3267 2268 3292; x_wconf 86' lang='lat' dir='ltr'>similibus</span> <span class='ocrx_word' id='word_1_1470' title='bbox 2287 3267 2402 3298; x_wconf 87' lang='lat' dir='ltr'>legendis</span> <span class='ocrx_word' id='word_1_1471' title='bbox 2428 3265 2491 3290; x_wconf 87' lang='lat' dir='ltr'>sciat</span> 
     </span>
     <span class='ocr_line' id='line_1_174' title="bbox 1432 3302 2490 3337; baseline -0.006 -6"><span class='ocrx_word' id='word_1_1472' title='bbox 1432 3314 1462 3331; x_wconf 83' lang='lat' dir='ltr'>ex</span> <span class='ocrx_word' id='word_1_1473' title='bbox 1480 3311 1567 3331; x_wconf 88' lang='lat' dir='ltr'>mente</span> <span class='ocrx_word' id='word_1_1474' title='bbox 1585 3314 1606 3330; x_wconf 90' lang='lat' dir='ltr'>s.</span> <span class='ocrx_word' id='word_1_1475' title='bbox 1616 3305 1734 3330; x_wconf 77' lang='lat' dir='ltr'>‘rhomae</span> <span class='ocrx_word' id='word_1_1476' title='bbox 1752 3313 1856 3337; x_wconf 86' lang='lat' dir='ltr'>semper</span> <span class='ocrx_word' id='word_1_1477' title='bbox 1875 3305 2028 3336; x_wconf 87' lang='lat' dir='ltr'>distinguere</span> <span class='ocrx_word' id='word_1_1478' title='bbox 2047 3303 2217 3335; x_wconf 85' lang='lat' dir='ltr'>cognitionem</span> <span class='ocrx_word' id='word_1_1479' title='bbox 2236 3302 2384 3327; x_wconf 85' lang='lat' dir='ltr'>sensitivam</span> <span class='ocrx_word' id='word_1_1480' title='bbox 2403 3306 2429 3326; x_wconf 89' lang='lat' dir='ltr'>et</span> <span class='ocrx_word' id='word_1_1481' title='bbox 2447 3308 2490 3325; x_wconf 84' lang='lat' dir='ltr'>co-</span> 
     </span>
     <span class='ocr_line' id='line_1_175' title="bbox 1431 3337 2490 3373; baseline -0.006 -8"><span class='ocrx_word' id='word_1_1482' title='bbox 1431 3341 1571 3373; x_wconf 90' lang='lat' dir='ltr'>gnitionem</span> <span class='ocrx_word' id='word_1_1483' title='bbox 1590 3340 1784 3370; x_wconf 84' lang='lat' dir='ltr'>intellectivam;</span> <span class='ocrx_word' id='word_1_1484' title='bbox 1803 3348 1833 3364; x_wconf 91' lang='lat' dir='ltr'>ac</span> <span class='ocrx_word' id='word_1_1485' title='bbox 1852 3340 1944 3365; x_wconf 89' lang='lat' dir='ltr'>deinde</span> <span class='ocrx_word' id='word_1_1486' title='bbox 1962 3339 2092 3371; x_wconf 86' lang='lat' dir='ltr'>intelligat,</span> <span class='ocrx_word' id='word_1_1487' title='bbox 2107 3338 2176 3370; x_wconf 91' lang='lat' dir='ltr'>quod</span> <span class='ocrx_word' id='word_1_1488' title='bbox 2191 3344 2294 3370; x_wconf 90' lang='lat' dir='ltr'>semper</span> <span class='ocrx_word' id='word_1_1489' title='bbox 2312 3337 2419 3361; x_wconf 85' lang='lat' dir='ltr'>inculcat</span> <span class='ocrx_word' id='word_1_1490' title='bbox 2437 3337 2490 3360; x_wconf 84' lang='lat' dir='ltr'>An-</span> 
     </span>
     <span class='ocr_line' id='line_1_176' title="bbox 1432 3371 2491 3408; baseline -0.005 -8"><span class='ocrx_word' id='word_1_1491' title='bbox 1432 3376 1537 3408; x_wconf 88' lang='lat' dir='ltr'>gelicus,</span> <span class='ocrx_word' id='word_1_1492' title='bbox 1552 3375 1688 3407; x_wconf 86' lang='lat' dir='ltr'>singularia</span> <span class='ocrx_word' id='word_1_1493' title='bbox 1702 3382 1761 3399; x_wconf 90' lang='lat' dir='ltr'>esse</span> <span class='ocrx_word' id='word_1_1494' title='bbox 1775 3375 1872 3407; x_wconf 89' lang='lat' dir='ltr'>priora,</span> <span class='ocrx_word' id='word_1_1495' title='bbox 1892 3382 1939 3399; x_wconf 89' lang='lat' dir='ltr'>seu</span> <span class='ocrx_word' id='word_1_1496' title='bbox 1953 3374 2024 3406; x_wconf 89' lang='lat' dir='ltr'>prius</span> <span class='ocrx_word' id='word_1_1497' title='bbox 2039 3373 2138 3405; x_wconf 83' lang='lat' dir='ltr'>cognita</span> <span class='ocrx_word' id='word_1_1498' title='bbox 2151 3381 2166 3397; x_wconf 90' lang='lat' dir='ltr'>a</span> <span class='ocrx_word' id='word_1_1499' title='bbox 2179 3372 2267 3402; x_wconf 90' lang='lat' dir='ltr'>nobis,</span> <span class='ocrx_word' id='word_1_1500' title='bbox 2286 3372 2332 3396; x_wconf 90' lang='lat' dir='ltr'>sed</span> <span class='ocrx_word' id='word_1_1501' title='bbox 2347 3371 2491 3403; x_wconf 87' lang='lat' dir='ltr'>cognitione</span> 
     </span>
     <span class='ocr_line' id='line_1_177' title="bbox 1432 3406 2490 3442; baseline -0.005 -7"><span class='ocrx_word' id='word_1_1502' title='bbox 1432 3411 1566 3441; x_wconf 82' lang='lat' dir='ltr'>sensitiva;</span> <span class='ocrx_word' id='word_1_1503' title='bbox 1585 3410 1737 3434; x_wconf 86' lang='lat' dir='ltr'>universalia</span> <span class='ocrx_word' id='word_1_1504' title='bbox 1755 3417 1814 3434; x_wconf 89' lang='lat' dir='ltr'>esse</span> <span class='ocrx_word' id='word_1_1505' title='bbox 1832 3409 1902 3442; x_wconf 89' lang='lat' dir='ltr'>prius</span> <span class='ocrx_word' id='word_1_1506' title='bbox 1916 3417 1931 3434; x_wconf 83' lang='lat' dir='ltr'>a</span> <span class='ocrx_word' id='word_1_1507' title='bbox 1945 3409 2018 3433; x_wconf 89' lang='lat' dir='ltr'>nobis</span> <span class='ocrx_word' id='word_1_1508' title='bbox 2037 3408 2150 3440; x_wconf 85' lang='lat' dir='ltr'>cognita,</span> <span class='ocrx_word' id='word_1_1509' title='bbox 2171 3408 2216 3432; x_wconf 89' lang='lat' dir='ltr'>sed</span> <span class='ocrx_word' id='word_1_1510' title='bbox 2235 3406 2378 3439; x_wconf 88' lang='lat' dir='ltr'>cognitione</span> <span class='ocrx_word' id='word_1_1511' title='bbox 2392 3406 2490 3430; x_wconf 83' lang='lat' dir='ltr'>intelle-</span> 
     </span>
     <span class='ocr_line' id='line_1_178' title="bbox 1431 3441 2491 3477; baseline -0.006 -7"><span class='ocrx_word' id='word_1_1512' title='bbox 1431 3446 1504 3471; x_wconf 88' lang='lat' dir='ltr'>ctiva.</span> <span class='ocrx_word' id='word_1_1513' title='bbox 1523 3446 1556 3470; x_wconf 82' lang='lat' dir='ltr'>Et</span> <span class='ocrx_word' id='word_1_1514' title='bbox 1574 3445 1633 3477; x_wconf 90' lang='lat' dir='ltr'>quia</span> <span class='ocrx_word' id='word_1_1515' title='bbox 1651 3444 1762 3476; x_wconf 89' lang='lat' dir='ltr'>cognitio</span> <span class='ocrx_word' id='word_1_1516' title='bbox 1781 3449 1867 3469; x_wconf 88' lang='lat' dir='ltr'>nostra</span> <span class='ocrx_word' id='word_1_1517' title='bbox 1884 3444 2035 3468; x_wconf 90' lang='lat' dir='ltr'>intellectiva</span> <span class='ocrx_word' id='word_1_1518' title='bbox 2047 3442 2231 3475; x_wconf 89' lang='lat' dir='ltr'>praesupponit</span> <span class='ocrx_word' id='word_1_1519' title='bbox 2248 3441 2419 3474; x_wconf 84' lang='lat' dir='ltr'>cognitionem</span> <span class='ocrx_word' id='word_1_1520' title='bbox 2431 3449 2491 3465; x_wconf 85' lang='lat' dir='ltr'>sen·</span> 
     </span>
     <span class='ocr_line' id='line_1_179' title="bbox 1432 3475 2490 3512; baseline -0.005 -7"><span class='ocrx_word' id='word_1_1521' title='bbox 1432 3481 1541 3511; x_wconf 88' lang='lat' dir='ltr'>sitivam,</span> <span class='ocrx_word' id='word_1_1522' title='bbox 1561 3480 1620 3512; x_wconf 86' lang='lat' dir='ltr'>quia</span> <span class='ocrx_word' id='word_1_1523' title='bbox 1638 3480 1670 3504; x_wconf 90' lang='lat' dir='ltr'>ab</span> <span class='ocrx_word' id='word_1_1524' title='bbox 1689 3480 1731 3504; x_wconf 87' lang='lat' dir='ltr'>illa</span> <span class='ocrx_word' id='word_1_1525' title='bbox 1751 3479 1876 3511; x_wconf 89' lang='lat' dir='ltr'>originem</span> <span class='ocrx_word' id='word_1_1526' title='bbox 1895 3479 1981 3511; x_wconf 91' lang='lat' dir='ltr'>aliquo</span> <span class='ocrx_word' id='word_1_1527' title='bbox 1994 3479 2073 3503; x_wconf 90' lang='lat' dir='ltr'>modo</span> <span class='ocrx_word' id='word_1_1528' title='bbox 2092 3478 2173 3508; x_wconf 84' lang='lat' dir='ltr'>ducit3</span> <span class='ocrx_word' id='word_1_1529' title='bbox 2193 3477 2250 3502; x_wconf 90' lang='lat' dir='ltr'>ideo</span> <span class='ocrx_word' id='word_1_1530' title='bbox 2262 3481 2365 3509; x_wconf 81' lang='lat' dir='ltr'>sumpta</span> <span class='ocrx_word' id='word_1_1531' title='bbox 2377 3476 2403 3500; x_wconf 87' lang='lat' dir='ltr'>in</span> <span class='ocrx_word' id='word_1_1532' title='bbox 2416 3475 2490 3501; x_wconf 81' lang='lat' dir='ltr'>nobis</span> 
     </span>
     <span class='ocr_line' id='line_1_180' title="bbox 1432 3511 2491 3548; baseline -0.005 -8"><span class='ocrx_word' id='word_1_1533' title='bbox 1432 3516 1576 3548; x_wconf 82' lang='lat' dir='ltr'>cognitione</span> <span class='ocrx_word' id='word_1_1534' title='bbox 1594 3515 1620 3539; x_wconf 90' lang='lat' dir='ltr'>in</span> <span class='ocrx_word' id='word_1_1535' title='bbox 1638 3522 1744 3547; x_wconf 88' lang='lat' dir='ltr'>genere,</span> <span class='ocrx_word' id='word_1_1536' title='bbox 1764 3519 1840 3547; x_wconf 91' lang='lat' dir='ltr'>prout</span> <span class='ocrx_word' id='word_1_1537' title='bbox 1858 3521 1951 3547; x_wconf 91' lang='lat' dir='ltr'>nempe</span> <span class='ocrx_word' id='word_1_1538' title='bbox 1970 3513 2146 3546; x_wconf 86' lang='lat' dir='ltr'>complectitur</span> <span class='ocrx_word' id='word_1_1539' title='bbox 2163 3517 2218 3537; x_wconf 88' lang='lat' dir='ltr'>tum</span> <span class='ocrx_word' id='word_1_1540' title='bbox 2237 3511 2416 3536; x_wconf 81' lang='lat' dir='ltr'>intellectivam</span> <span class='ocrx_word' id='word_1_1541' title='bbox 2434 3516 2491 3535; x_wconf 90' lang='lat' dir='ltr'>tum</span> 
     </span>
     <span class='ocr_line' id='line_1_181' title="bbox 1432 3546 2491 3581; baseline -0.005 -6"><span class='ocrx_word' id='word_1_1542' title='bbox 1432 3551 1592 3580; x_wconf 85' lang='lat' dir='ltr'>sensitivam,</span> <span class='ocrx_word' id='word_1_1543' title='bbox 1612 3550 1747 3574; x_wconf 89' lang='lat' dir='ltr'>dicendum</span> <span class='ocrx_word' id='word_1_1544' title='bbox 1770 3555 1809 3574; x_wconf 84' lang='lat' dir='ltr'>est</span> <span class='ocrx_word' id='word_1_1545' title='bbox 1833 3550 1903 3581; x_wconf 91' lang='lat' dir='ltr'>quod</span> <span class='ocrx_word' id='word_1_1546' title='bbox 1926 3548 2061 3581; x_wconf 88' lang='lat' dir='ltr'>singularia</span> <span class='ocrx_word' id='word_1_1547' title='bbox 2085 3552 2145 3572; x_wconf 88' lang='lat' dir='ltr'>sunt</span> <span class='ocrx_word' id='word_1_1548' title='bbox 2167 3547 2238 3581; x_wconf 91' lang='lat' dir='ltr'>prius</span> <span class='ocrx_word' id='word_1_1549' title='bbox 2257 3555 2272 3571; x_wconf 85' lang='lat' dir='ltr'>a</span> <span class='ocrx_word' id='word_1_1550' title='bbox 2291 3546 2365 3571; x_wconf 88' lang='lat' dir='ltr'>nobis</span> <span class='ocrx_word' id='word_1_1551' title='bbox 2390 3546 2491 3578; x_wconf 73' lang='lat' dir='ltr'>cognita</span> 
     </span>
     <span class='ocr_line' id='line_1_182' title="bbox 1433 3581 2490 3618; baseline -0.005 -8"><span class='ocrx_word' id='word_1_1552' title='bbox 1433 3594 1511 3618; x_wconf 88' lang='lat' dir='ltr'>quam</span> <span class='ocrx_word' id='word_1_1553' title='bbox 1521 3585 1687 3614; x_wconf 59' lang='lat' dir='ltr'>univer-salim</span> <span class='ocrx_word' id='word_1_1554' title='bbox 1699 3590 1728 3609; x_wconf 89' lang='lat' dir='ltr'>ut</span> <span class='ocrx_word' id='word_1_1555' title='bbox 1742 3584 1783 3609; x_wconf 90' lang='lat' dir='ltr'>hic</span> <span class='ocrx_word' id='word_1_1556' title='bbox 1792 3583 1931 3609; x_wconf 75' lang='lat' dir='ltr'>affirmatur</span> <span class='ocrx_word' id='word_1_1557' title='bbox 1948 3591 1962 3608; x_wconf 84' lang='lat' dir='ltr'>a</span> <span class='ocrx_word' id='word_1_1558' title='bbox 1979 3591 2000 3609; x_wconf 90' lang='lat' dir='ltr'>s.</span> <span class='ocrx_word' id='word_1_1559' title='bbox 2007 3583 2109 3608; x_wconf 81' lang='lat' dir='ltr'>Thema</span> <span class='ocrx_word' id='word_1_1560' title='bbox 2118 3582 2168 3616; x_wconf 82' lang='lat' dir='ltr'>(Cf.</span> <span class='ocrx_word' id='word_1_1561' title='bbox 2178 3590 2256 3615; x_wconf 85' lang='lat' dir='ltr'>supra</span> <span class='ocrx_word' id='word_1_1562' title='bbox 2266 3582 2322 3607; x_wconf 87' lang='lat' dir='ltr'>lect.</span> <span class='ocrx_word' id='word_1_1563' title='bbox 2332 3589 2349 3612; x_wconf 83' lang='grc' dir='ltr'>ι,</span> <span class='ocrx_word' id='word_1_1564' title='bbox 2360 3581 2386 3606; x_wconf 88' lang='lat' dir='ltr'>in</span> <span class='ocrx_word' id='word_1_1565' title='bbox 2398 3586 2457 3606; x_wconf 92' lang='lat' dir='ltr'>nota</span> <span class='ocrx_word' id='word_1_1566' title='bbox 2467 3589 2490 3615; x_wconf 85' lang='grc' dir='ltr'>ρ,</span> 
     </span>
     <span class='ocr_line' id='line_1_183' title="bbox 1433 3619 1704 3652; baseline -0.007 -6"><span class='ocrx_word' id='word_1_1567' title='bbox 1433 3627 1458 3646; x_wconf 92' lang='lat' dir='ltr'>et</span> <span class='ocrx_word' id='word_1_1568' title='bbox 1476 3622 1533 3646; x_wconf 82' lang='lat' dir='ltr'>lect.</span> <span class='ocrx_word' id='word_1_1569' title='bbox 1551 3629 1585 3651; x_wconf 80' lang='lat' dir='ltr'>iv,</span> <span class='ocrx_word' id='word_1_1570' title='bbox 1605 3629 1630 3645; x_wconf 92' lang='lat' dir='ltr'>n.</span> <span class='ocrx_word' id='word_1_1571' title='bbox 1654 3619 1704 3652; x_wconf 78' lang='lat'>16).</span> 
     </span>
    </p>
   </div>
   <div class='ocr_carea' id='block_1_25' title="bbox 2606 764 2618 780">
    <p class='ocr_par' dir='ltr' id='par_1_38' title="bbox 2606 764 2618 780">
     <span class='ocr_line' id='line_1_184' title="bbox 2606 764 2618 780; baseline 0 0"><span class='ocrx_word' id='word_1_1572' title='bbox 2606 764 2618 780; x_wconf 81' lang='grc' dir='ltr'>ε</span> 
     </span>
    </p>
   </div>
   <div class='ocr_carea' id='block_1_26' title="bbox 2605 860 2620 889">
    <p class='ocr_par' dir='ltr' id='par_1_39' title="bbox 2605 860 2620 889">
     <span class='ocr_line' id='line_1_185' title="bbox 2605 860 2620 889; baseline 0 0"><span class='ocrx_word' id='word_1_1573' title='bbox 2605 860 2620 889; x_wconf 80' lang='grc' dir='ltr'>ζ</span> 
     </span>
    </p>
   </div>
   <div class='ocr_carea' id='block_1_27' title="bbox 2506 925 2719 968">
    <p class='ocr_par' dir='ltr' id='par_1_40' title="bbox 2506 925 2719 968">
     <span class='ocr_line' id='line_1_186' title="bbox 2539 925 2719 944; baseline -0.006 -3"><span class='ocrx_word' id='word_1_1574' title='bbox 2539 925 2719 944; x_wconf 67' lang='grc' dir='ltr'>,ωουαιιιικοακ</span> 
     </span>
     <span class='ocr_line' id='line_1_187' title="bbox 2506 945 2678 968; baseline 0 -1"><span class='ocrx_word' id='word_1_1575' title='bbox 2506 953 2541 968; x_wconf 78' lang='grc' dir='ltr'>ετ.</span> <span class='ocrx_word' id='word_1_1576' title='bbox 2550 958 2561 962; x_wconf 99' lang='grc'>-</span> <span class='ocrx_word' id='word_1_1577' title='bbox 2570 952 2611 967; x_wconf 73' lang='lat' dir='ltr'>ru:</span> <span class='ocrx_word' id='word_1_1578' title='bbox 2626 945 2678 967; x_wconf 78' lang='lat' dir='ltr'>sed.</span> 
     </span>
    </p>
   </div>
   <div class='ocr_carea' id='block_1_28' title="bbox 2507 1038 2723 1064">
    <p class='ocr_par' dir='ltr' id='par_1_41' title="bbox 2507 1038 2723 1064">
     <span class='ocr_line' id='line_1_188' title="bbox 2507 1038 2723 1064; baseline -0.005 -5"><span class='ocrx_word' id='word_1_1579' title='bbox 2507 1039 2515 1048; x_wconf 82' lang='grc'>·</span> <span class='ocrx_word' id='word_1_1580' title='bbox 2524 1038 2644 1064; x_wconf 73' lang='lat' dir='ltr'>Cf.lect.1,</span> <span class='ocrx_word' id='word_1_1581' title='bbox 2663 1043 2686 1058; x_wconf 89' lang='lat' dir='ltr'>n.</span> <span class='ocrx_word' id='word_1_1582' title='bbox 2695 1043 2723 1058; x_wconf 88' lang='lat'>11.</span> 
     </span>
    </p>
   </div>
   <div class='ocr_carea' id='block_1_29' title="bbox 2507 1133 2720 1182">
    <p class='ocr_par' dir='ltr' id='par_1_42' title="bbox 2507 1133 2720 1182">
     <span class='ocr_line' id='line_1_189' title="bbox 2507 1133 2720 1180; baseline -0.005 -25"><span class='ocrx_word' id='word_1_1583' title='bbox 2507 1135 2538 1180; x_wconf 53' lang='lat' dir='ltr'>{n</span> <span class='ocrx_word' id='word_1_1584' title='bbox 2549 1133 2720 1155; x_wconf 71' lang='lat' dir='ltr'>demonstrare</span> 
     </span>
     <span class='ocr_line' id='line_1_190' title="bbox 2518 1166 2554 1182; baseline 0.028 -1"><span class='ocrx_word' id='word_1_1585' title='bbox 2518 1166 2554 1182; x_wconf 86' lang='lat' dir='ltr'>ur.</span> 
     </span>
    </p>
   </div>
  </div>
 </body>
</html>
