2788 4204
23 980 26 983 .
66 963 88 975 *⁹
100 969 129 985 o:
141 964 172 985 *et
181 962 281 990 praedi-

1166 265 1277 301 CAP.
1309 265 1375 312 IV,
1410 266 1561 302 LECT.
1592 266 1643 301 IX

310 341 594 379 terminandum
631 349 688 379 est
723 342 815 390 quid
849 342 1071 390 intelligatur
1100 356 1188 380 cum
1218 343 1378 380 dicimus

310 396 356 432 de
374 396 488 442 omni,
510 404 547 432 et
558 407 632 443 per
648 407 698 442 se,
716 403 752 432 et
771 395 991 432 universale.
1009 396 1250 443 Cognoscere
1275 396 1377 432 enim

310 448 379 485 ista
408 457 463 485 est
496 449 752 488 necessarium
785 448 833 484 ad
862 449 1059 485 sciendum
1089 462 1134 485 ex
1167 450 1303 498 quibus
1332 450 1378 486 sit

311 501 594 538 demonstratio,
623 502 709 538 Hoc
736 513 903 548 namque
933 509 1083 550 oportet
1116 503 1311 539 observari
1339 503 1377 539 in

311 554 706 592 demonstrationibus.
729 555 891 603 Oportet
919 555 1022 591 enim
1050 555 1088 591 in
1110 556 1377 603 propositioni-

311 607 382 644 bus
411 607 744 645 demonstrationis
773 607 915 655 aliquid
943 608 1202 645 universaliter
1228 609 1375 656 praedi-

311 660 397 707 cari,
418 661 524 708 quod
551 660 736 708 significat
763 661 836 698 dici
873 661 918 697 de
946 661 1068 707 omni,
1100 669 1135 697 et
1156 673 1229 709 per
1254 674 1313 707 se,
1342 670 1378 698 et

67 717 284 765 {ss'ssoss'ssssissssf
311 712 423 749 etiam
446 714 574 761 primo
605 715 644 761 ²¹⁸,
666 714 772 761 quod
799 713 984 761 significat
1019 714 1243 751 universale.
1270 715 1376 751 Haec

165 780 175 796 ε
309 773 437 802 autem
465 767 534 803 tria
567 779 607 803 se
635 767 778 803 habent
805 779 851 803 ex
880 766 1071 804 additione
1096 767 1145 803 ad
1173 767 1337 804 invicem
1352 773 1374 804 ‘.

66 826 235 878 {fffss'g'fff'
253 832 280 847 νε
309 819 413 855 Nam
442 832 558 856 omne
583 820 688 868 quod
705 832 779 868 per
804 833 844 857 se
862 820 1111 869 praedicatur,
1134 820 1246 857 etiam
1260 821 1281 842 '¹‘
1295 821 1375 857 uni-

66 881 75 890 ·
87 869 282 902 ὁοάἀ-ὶνκὸτεί-
307 873 502 909 versaliter
519 873 775 922 praedicatur;
797 874 863 910 sed
878 874 898 895 *
912 886 991 910 non
1007 886 1026 910 e
1043 886 1242 910 converso.
1265 873 1374 910 Simi-

65 938 75 947 ·
89 936 164 959 omne
173 942 201 958 ex
211 935 281 967 codd,-
308 925 390 962 liter
405 939 520 963 omne
531 927 551 948 ³¹²
561 926 667 974 quod
674 927 803 975 primo
817 927 1067 975 praedicatur,
1083 927 1321 975 praedicatur
1332 926 1374 947 *³¹²

301 987 376 1027 per
401 992 452 1026 se,
473 980 541 1016 sed
568 991 647 1016 non
676 980 916 1017 convertitur.
937 980 1049 1017 Unde
1078 980 1191 1016 etiam
1220 986 1376 1028 apparet

126 1072 128 1074 μ
163 1038 178 1067 ζ
308 1032 402 1069 ratio
422 1032 564 1070 ordinis
591 1033 762 1070 istorum.
784 1033 1006 1070 Differentia
1030 1033 1143 1070 etiam
1158 1032 1172 1059 ζ
1187 1042 1224 1070 et
1242 1044 1375 1069 nume-

308 1098 371 1122 rus
399 1085 557 1122 istorum
586 1086 700 1122 trium
728 1094 886 1135 apparet
914 1098 960 1123 ex
988 1087 1074 1132 hoc,
1101 1087 1205 1134 quod
1234 1085 1376 1134 aliquid

305 1139 515 1187 praedicari
543 1138 677 1175 dicitur
704 1140 750 1176 de
778 1140 883 1176 omni
913 1140 993 1176 sive
1022 1139 1281 1176 universaliter
1307 1150 1376 1186 per

307 1191 635 1240 comparationem
655 1192 702 1229 ad
733 1204 794 1239 ea,
824 1204 921 1240 quae
949 1191 1187 1229 continentur
1219 1193 1288 1229 sub
1315 1204 1375 1227 su-

307 1244 442 1282 biecto.
463 1245 576 1281 Tunc
595 1245 698 1281 enim
718 1245 851 1282 dicitur
879 1245 1019 1293 aliquid
1042 1246 1088 1281 de
1115 1247 1230 1291 omni,
1251 1253 1292 1282 ut
1310 1246 1374 1281 ha-

248 1319 254 1324 ·
273 1318 280 1341 2
306 1299 416 1335 betur
429 1298 468 1334 in
478 1298 573 1334 libro
583 1299 762 1335 Priorum
776 1299 807 1344 ³,
819 1299 974 1346 quando
989 1299 1030 1319 *³*
1043 1298 1134 1335 nihil
1155 1307 1210 1336 est
1225 1311 1374 1336 sumere

306 1352 376 1395 sub
400 1351 595 1398 subiecto,
632 1352 679 1388 de
708 1363 785 1399 quo
818 1352 1078 1400 praedicatum
1107 1364 1186 1389 non
1218 1352 1373 1390 dicatur.

305 1406 380 1442 Per
396 1417 436 1442 se
454 1412 583 1441 autem
610 1405 744 1442 dicitur
771 1404 912 1453 aliquid
930 1405 1161 1454 praedicari,
1182 1418 1250 1454 per
1271 1418 1375 1442 com-

305 1458 545 1507 parationem
566 1458 756 1508 adipsum
781 1459 1010 1495 subiectum:
1036 1459 1319 1508 quia*ponitur
1338 1459 1376 1495 in

67 991 143 1011 caur-

63 1545 75 1556 ,
163 1517 208 1572 ’3η
307 1511 388 1550 eius
408 1511 639 1560 definitione,
654 1513 718 1549 vel
737 1525 758 1548 e
780 1524 967 1549 converso
977 1517 1004 1560 η,
1024 1520 1065 1549 ut
1084 1512 1208 1549 infra*
1220 1513 1374 1561 patebit.

58 1571 142 1626 im
149 1598 243 1619 m
255 1577 279 1618 οξ
304 1566 435 1603 Primo
449 1578 543 1602 vero
553 1567 573 1587 *
584 1565 717 1602 dicitur
731 1565 871 1613 aliquid
885 1565 1094 1614 praedicari
1109 1566 1157 1603 de
1172 1567 1288 1603 altero
1307 1578 1376 1616 per

59 1629 100 1652 n·-
117 1623 184 1646 θ’*
232 1612 240 1623 '
307 1619 633 1669 comparationem
649 1619 697 1656 ad
714 1631 770 1666 ea,
791 1631 889 1667 quae
909 1627 996 1656 sunt
1009 1619 1135 1668 priora
1154 1619 1324 1656 subiecto
1341 1627 1377 1656 et

64 1707 75 1718 ,
84 1705 128 1729 ἃ
145 1671 179 1728 εξ
188 1705 248 1728 md
265 1712 280 1728 B
307 1673 536 1710 continentia
551 1673 676 1721 ipsum
686 1670 710 1709 ⁰.
724 1673 827 1709 Nam
842 1673 984 1709 habere
998 1680 1072 1709 tres
1083 1674 1241 1720 angulos
1261 1681 1329 1710 etc.
1343 1673 1374 1720 *,

63 1722 274 1759 omimwm'ss.
307 1739 386 1764 non
399 1725 638 1776 praedicatur
650 1725 775 1775 primo
791 1726 839 1763 de
855 1726 1022 1763 isoscele:
1042 1726 1132 1774 quia
1150 1727 1254 1775 prius
1268 1738 1375 1775 prae-

61 1785 279 1835 ssfflffssff·
307 1780 451 1818 dicatur
466 1780 513 1817 de
527 1779 654 1828 priori,
684 1779 822 1816 scilicet
837 1780 857 1800 *
877 1779 924 1816 de
952 1779 1147 1827 triangulo.

359 1845 398 1881 4.
419 1833 611 1881 Secundo,
631 1832 700 1870 ibi:
720 1834 781 1869 De
799 1833 905 1869 omni
926 1833 1074 1880 quidem
1096 1840 1178 1879 etc.‚
1199 1832 1375 1870 determi-

306 1894 371 1924 nat
383 1887 634 1936 propositum.
657 1887 706 1923 Et
725 1886 905 1923 dividitur
923 1886 962 1923 in
981 1894 1056 1923 tres
1070 1894 1196 1934 partes
1209 1887 1239 1923 ³¹⁸.
1257 1907 1280 1914 -
1296 1886 1374 1922 Pri-

290 1952 386 1987 -mo,
415 1940 579 1978 ostendit
597 1939 689 1988 quid
708 1940 754 1976 sit
772 1940 847 1976 dici
872 1940 918 1977 de
936 1939 1056 1983 omni;
1080 1939 1262 1987 secundo,
1283 1939 1375 1987 quid

65 1998 76 2009 ⁶
90 1997 207 2025 ΜΝ
306 1993 352 2030 sit
370 1993 445 2030 dici
455 2005 528 2042 per
545 2006 602 2039 se;
621 1993 688 2030 ibi:
708 1995 784 2030 Per
800 2005 840 2030 se
858 1999 983 2030 autem
998 1994 1018 2014 ’²
1037 2001 1120 2039 etc.;
1140 1993 1261 2040 tertio,
1283 1993 1375 2040 quid

67 2056 75 2066 ·
89 2053 154 2077 ua.
168 2060 202 2076 ¹¹·
305 2046 351 2084 sit
361 2047 582 2091 universale
593 2047 661 2084 ibi:
678 2047 898 2085 Universale
910 2053 1035 2084 autem
1046 2046 1128 2083 dico
1139 2047 1159 2068 ³¹³
1175 2054 1243 2083 etc.
1266 2046 1375 2083 Circa

55 2117 68 2127 ·
89 2121 230 2138 umam:
241 2115 277 2137 αι-
303 2100 471 2149 primum
488 2101 564 2138 duo
581 2101 677 2137 facit.
694 2101 838 2148 Primo,
859 2100 1023 2137 ostendit
1040 2100 1060 2120 *
1078 2100 1169 2148 quid
1185 2100 1231 2136 sit
1244 2100 1319 2136 dici
1330 2099 1376 2136 de

59 2142 109 2164 ω’
305 2154 420 2191 omni.
440 2153 502 2191 Ad
530 2153 636 2202 quod
664 2153 864 2191 sciendum
891 2161 948 2190 est
972 2153 1078 2202 quod
1103 2153 1179 2190 dici
1195 2154 1240 2190 de
1258 2153 1373 2198 omni,

304 2310 342 2328 ex
360 2300 453 2334 quibus
475 2302 503 2325 et
526 2298 647 2332 qualibus
667 2296 703 2332 (A
721 2298 804 2323 omitt.
826 2301 853 2323 et
871 2298 1005 2330 qualibus;
1023 2297 1046 2328 1,
1069 2301 1096 2322 et
1118 2305 1155 2322 ex
1177 2296 1314 2330 qualibus)
1334 2300 1373 2322 est

305 2336 391 2398 ffld.
408 2334 453 2369 sit)
468 2334 668 2363 demonstratio,
680 2334 772 2366 primo
786 2333 816 2367 (1,
822 2332 952 2366 primum)
968 2333 1199 2358 determinandum
1213 2336 1252 2357 est
1267 2331 1372 2365 (CDGH

365 2371 431 2397 RST
438 2378 491 2396 om.
504 2373 543 2395 est
547 2376 557 2398 ,·
570 2371 600 2400 B,
611 2368 856 2402 determinabimus)
868 2369 933 2401 quid
947 2368 1119 2401 intelligimus
1134 2368 1166 2400 (1,
1181 2368 1360 2401 intelligamus
1365 2375 1373 2398 ,·

306 2407 382 2434 codd.
401 2404 587 2439 intelligatur)
609 2412 667 2430 cum
688 2404 800 2430 dicimus
823 2403 882 2435 (Η,
898 2411 951 2436 per
969 2404 1035 2433 dici;
1053 2403 1089 2434 T,
1109 2403 1174 2435 quid
1193 2400 1318 2438 dicimus)
1341 2403 1373 2428 de

305 2442 392 2472 omni,
411 2445 438 2467 et
451 2448 504 2474 per
521 2447 560 2469 se,
581 2443 607 2465 et
626 2439 781 2465 universale.
804 2440 968 2472 Cognoscere
986 2439 1055 2464 enim
1080 2439 1131 2464 ista
1151 2437 1189 2471 (A
1208 2439 1291 2463 omitt.
1310 2437 1372 2472 ista)

305 2482 345 2504 est
363 2477 540 2503 necessarium
558 2475 595 2500 ad
613 2475 747 2500 sciendum
761 2473 817 2508 (1Q,
831 2474 1052 2507 cognoscendum)
1068 2481 1105 2499 ex
1119 2474 1212 2507 quibus
1224 2477 1263 2499 est
1270 2474 1373 2506 ‚(codd„

306 2522 359 2539 exc.
379 2512 510 2542 DHNOT,
530 2510 576 2543 sit)
596 2510 796 2536 demonstratio.
818 2510 878 2535 Hoc
897 2517 1009 2542 namque
1028 2508 1123 2542 (codd.,
1143 2517 1196 2534 exc.
1211 2510 1274 2540 AG,
1293 2509 1373 2543 enim)

306 2551 412 2582 oportet
429 2546 566 2573 observari
589 2546 615 2571 in
636 2545 904 2571 demonstrationibus
929 2543 1022 2578 (codd.,
1043 2553 1096 2570 exc.
1117 2545 1173 2575 AG,
1192 2545 1328 2570 observari
1347 2545 1372 2569 in

306 2582 577 2610 demonstrationibus
602 2585 721 2614 oportet;
744 2581 768 2612 1,
793 2579 906 2615 debent).
927 2580 1038 2613 Oportet
1058 2580 1128 2605 enim
1152 2585 1199 2605 etc.
1223 2581 1326 2606 Praeter
1344 2588 1375 2605 ea

305 2627 389 2653 pauca
402 2626 470 2652 quae
482 2617 639 2643 mutavimus
655 2624 685 2641 ex
700 2617 782 2646 codd.,
798 2617 868 2641 nulla
880 2616 944 2640 ratio
957 2621 1063 2648 apparet
1077 2623 1122 2640 cur
1136 2624 1150 2640 a
1163 2616 1241 2640 Piana
1255 2616 1374 2640 recedere

307 2653 544 2681 debeamus.-Ex
561 2652 654 2695 quibus
668 2655 694 2677 et
708 2652 828 2684 qualibus
843 2651 892 2676 vel·
899 2651 1016 2684 qualium
1036 2656 1077 2676 est
1095 2651 1171 2676 lectio
1185 2656 1269 2676 textus
1284 2651 1374 2676 aristo-

305 2689 388 2716 telici:
401 2687 429 2715 ἐκ
443 2686 518 2714 τίνων
533 2697 575 2713 κτιι
591 2685 685 2712 ποίων;
703 2687 780 2717 Quod
795 2687 960 2712 considerans
977 2687 1146 2719 Rhiloponus,
1161 2687 1208 2711 ait:
1224 2697 1237 2709 ι
1249 2687 1374 2717 Verbum,

309 2735 323 2750 2
342 2733 380 2752 ex
392 2724 485 2759 quibus
499 2727 525 2749 et
537 2723 658 2756 qualibus
676 2730 727 2747 non
747 2730 778 2747 ex
796 2723 988 2755 comparatione
1002 2722 1098 2746 dictum
1118 2727 1171 2752 est;
1191 2723 1238 2747 sed
1257 2730 1303 2755 per
1317 2723 1374 2755 qui-

309 2770 324 2786 »
344 2761 392 2787 bus
409 2761 552 2786 declaratur
570 2757 798 2792 propositionibus,
812 2766 858 2791 per
873 2758 990 2790 qualium
1005 2763 1091 2782 autem
1110 2757 1313 2790 problematum:
1328 2758 1374 2782 ho-

309 2805 324 2822 »
342 2803 402 2821 rum
420 2795 489 2821 enim
509 2799 549 2820 est
569 2794 762 2822 demonstratio,
781 2802 860 2827 quam
879 2798 982 2826 oportet
1000 2793 1154 2818 constituere
1173 2801 1204 2818 ex
1223 2793 1374 2818 necessariis

310 2841 325 2857 2
344 2830 564 2865 propositionibus
575 2840 589 2853 »
610 2827 654 2863 (In
673 2829 683 2854 1
702 2829 816 2859 Foster„
841 2829 866 2862 ξ.
883 2829 1014 2859 Quoniam
1033 2832 1123 2854 autem
1142 2828 1300 2861 impossibile
1318 2835 1375 2860 etc.‚

308 2874 367 2900 pag.
383 2873 425 2897 21,
439 2866 488 2891 col.
505 2864 678 2890 1.—Venetiis
701 2863 788 2898 1569).

318 2924 321 2926 .
362 2901 385 2935 ε)
406 2901 441 2926 Se
459 2901 556 2925 habent
573 2907 611 2925 ex
626 2899 765 2925 additione
779 2900 816 2925 ad
834 2900 953 2925 invicem.
973 2899 1125 2924 Codd.—P:
1141 2907 1178 2924 ex
1196 2900 1335 2925 additione
1348 2907 1376 2925 se

310 2936 406 2962 habent
425 2936 462 2961 ad
480 2935 590 2960 invicem
596 2942 605 2964 ‚·
619 2935 654 2959 R:
667 2942 695 2959 se
714 2935 823 2960 invicem
838 2936 935 2960 habent
948 2942 985 2959 ex
997 2935 1170 2959 additione.—-
1181 2936 1283 2960 Habere
1302 2943 1331 2960 se
1346 2943 1376 2960 ex

310 2971 439 2997 additione
457 2971 489 2995 ad
507 2971 621 3003 aliquid,
647 2978 699 2994 non
722 2971 798 2995 debet
817 2971 884 2995 sumi
904 2970 1066 2995 materialiter
1089 2970 1164 3002 quasi
1186 2978 1268 2995 unum
1287 2979 1376 2995 revera

309 3006 382 3032 alteri
401 3006 509 3036 uniatur,
529 3006 594 3030 sicut
613 3010 738 3037 quantum
757 3013 804 3038 per
822 3005 977 3030 additionem
1000 3005 1105 3030 alterius
1125 3006 1212 3037 quanti
1232 3005 1260 3030 fit
1278 3006 1375 3036 maius,

309 3043 352 3068 vel
371 3041 421 3066 alio
441 3040 517 3065 simili
536 3041 627 3070 modo;
646 3041 692 3065 sed
711 3046 751 3065 est
769 3041 853 3065 dicere
871 3046 955 3065 totum
974 3040 1042 3064 istud
1061 3045 1086 3065 et
1101 3041 1197 3073 aliquid
1216 3041 1284 3065 aliud
1290 3049 1297 3071 ;
1313 3042 1378 3066 sicut

311 3077 392 3102 homo
415 3084 445 3101 ex
468 3076 597 3100 additione
615 3083 645 3100 se
662 3075 740 3100 habet
765 3076 796 3100 ad
815 3076 932 3107 animal,
958 3080 983 3099 et
1001 3076 1094 3100 animal
1114 3076 1146 3100 ad
1165 3076 1271 3104 vivens,
1297 3082 1322 3101 et
1339 3077 1376 3101 vi-

310 3120 375 3137 vens
391 3112 424 3136 ad
441 3111 616 3140 substantiam
627 3118 636 3134 .-
654 3111 714 3143 quia
732 3111 812 3135 homo
831 3110 909 3135 habet
926 3115 1010 3135 totum
1029 3111 1055 3135 id
1074 3111 1144 3143 quod
1164 3116 1204 3135 est
1222 3111 1332 3141 animal,
1352 3117 1378 3136 et

312 3155 392 3180 supra
406 3147 431 3171 id
445 3147 515 3171 addit
532 3153 588 3172 esse
605 3146 752 3174 rationale,·
770 3146 864 3170 animal
883 3146 960 3170 habet
978 3151 1062 3170 totum
1081 3146 1106 3170 id
1125 3147 1196 3178 quod
1215 3151 1255 3170 est
1272 3147 1376 3177 vivens,

310 3188 338 3208 et
350 3190 428 3215 supra
441 3181 467 3206 id
480 3181 557 3206 habet
574 3189 630 3207 esse
647 3181 815 3210 sensitivam
833 3181 923 3205 vivens
941 3181 1018 3205 habet
1036 3186 1119 3206 totum
1138 3182 1163 3206 id
1178 3182 1249 3214 quod
1262 3187 1301 3206 est
1315 3182 1376 3206 sub-

311 3218 418 3249 stantia,
442 3222 467 3242 et
486 3225 565 3250 supra
582 3217 607 3241 id
630 3216 707 3241 habet
728 3223 783 3241 esse
802 3216 898 3241 vivum.
922 3217 988 3241 Hinc
1007 3217 1055 3240 dici
1074 3217 1196 3249 equidem
1215 3221 1314 3248 potest:
1338 3221 1378 3244 est

312 3254 405 3283 hom0;
426 3260 489 3284 ergo
507 3257 548 3277 est
566 3252 675 3276 animal:
695 3256 735 3276 est
753 3251 859 3281 animal,
878 3258 940 3283 ergo
959 3257 999 3276 est
1017 3252 1119 3276 vivens:
1139 3257 1178 3276 est
1195 3252 1294 3280 vivens,
1315 3259 1376 3283 ergo

313 3294 353 3314 est
372 3287 521 3313 substantia.
540 3288 574 3311 At
592 3295 644 3311 non
663 3286 776 3311 converti
795 3291 892 3319 potest:
912 3292 951 3311 est
970 3287 1124 3318 substantia3
1144 3295 1206 3318 ergo
1220 3292 1260 3311 est
1273 3286 1376 3311 vivens:

312 3329 352 3349 est
370 3324 472 3352 vivens;
492 3330 554 3354 ergo
574 3327 613 3347 est
631 3322 797 3346 sensitivum:
817 3326 857 3346 est
874 3322 1039 3353 sensitivum;
1059 3329 1122 3354 ergo
1140 3326 1180 3346 est
1198 3322 1327 3346 rationale.

365 3359 391 3392 ζ)
413 3357 572 3391 Differentia
590 3357 671 3382 etiam
699 3362 747 3381 etc.
770 3357 833 3381 Cod.
855 3357 876 3381 L
896 3357 995 3381 insulse
1022 3357 1095 3388 legit:
1110 3357 1203 3388 prima
1220 3356 1300 3381 etiam
1320 3361 1376 3386 etc.;

313 3394 360 3420 1N:
385 3394 535 3427 differentia
549 3396 576 3418 et
594 3399 718 3417 numerus
737 3397 799 3422 etc.;
822 3392 860 3416 fl:
875 3391 1026 3425 differentia
1044 3395 1070 3416 et
1089 3392 1169 3416 etiam
1189 3396 1249 3420 etc.;
1270 3391 1306 3421 Q:
1326 3391 1378 3424 dif-

304 3429 427 3464 ferentia
446 3429 515 3454 enim
537 3433 583 3453 etc.
603 3427 729 3458 Quamvis
748 3435 800 3451 non
823 3426 955 3459 displiceat
973 3427 1047 3451 lectio
1066 3427 1160 3451 codicis
1179 3427 1218 3456 H,
1237 3426 1377 3450 retinemus

313 3470 400 3490 tamen
416 3464 535 3495 Pianam,
555 3471 622 3496 quae
635 3467 674 3488 est
689 3463 763 3487 lectio
778 3462 888 3487 aliorum
903 3462 976 3486 codd.
992 3462 1069 3493 longe
1082 3461 1196 3486 melioris
1210 3466 1285 3485 notae
1299 3469 1377 3493 quam

314 3500 371 3525 cod.
390 3499 527 3524 H.—-lnfra
546 3499 602 3523 cod.
618 3498 642 3523 G
655 3497 733 3522 habet
746 3505 867 3522 erronee:
883 3496 981 3522 dicitur
1000 3496 1032 3521 de
1045 3496 1117 3521 omni
1130 3503 1219 3525 causa,
1234 3496 1289 3521 sive
1302 3502 1349 3521 etc.
1359 3511 1379 3515 —-

314 3535 339 3560 1:
358 3538 407 3560 aut
425 3534 618 3560 universaliter.

367 3569 395 3605 η)
419 3570 463 3595 Vel
477 3577 491 3595 e
504 3576 638 3598 converso,
652 3568 747 3593 scilicet
760 3568 819 3601 quia
831 3568 856 3592 in
870 3566 1016 3592 definitione
1030 3566 1166 3600 praedicati
1179 3566 1282 3599 ponitur
1294 3566 1379 3592 subie-

313 3610 394 3631 ctum-

2426 269 2495 315 173

1430 351 1545 392 prout
1562 343 1624 380 hic
1643 343 1814 391 sumitur,
1835 343 1939 380 addit
1957 356 2072 393 supra
2090 345 2165 381 dici
2181 345 2227 381 de
2249 346 2363 392 omni,
2383 354 2497 395 prout

1431 397 1592 433 sumitur
1619 396 1657 433 in
1676 397 1771 442 libro
1794 397 1984 434 Priorum.
2007 398 2110 434 Nam
2129 398 2168 434 in
2196 391 2290 434 libro
2318 400 2496 436 Priorum

1431 450 1645 498 accipitur*
1658 450 1733 486 dici
1755 451 1800 486 de
1819 451 1924 487 omni
1951 452 2218 498 communiter,
2243 460 2357 499 prout
2382 452 2497 488 utitur
2522 461 2531 469 ·
2547 461 2676 507 goda-p:
2692 468 2733 484 ιη-

1432 515 1478 538 eo
1508 511 1544 539 et
1566 503 1787 552 „dialecticus
1825 512 1861 540 et
1891 504 2180 541 demonstrator.
2220 505 2269 540 Et
2296 505 2383 542 ideo
2414 518 2494 542 non
2522 492 2601 508 'mur‘

1429 556 1514 603 plus
1532 556 1686 604 ponitur
1704 557 1742 592 in
1762 557 1981 593 definitione
2002 558 2093 606 eius,
2114 569 2231 606 quam
2255 559 2359 605 quod
2386 570 2495 606 prae-

1432 609 1598 647 dicatum
1617 609 1704 646 insit
1723 610 1874 647 cuilibet
1894 622 2028 652 eorum
2048 624 2147 659 quae
2168 610 2406 648 continentur
2424 613 2495 649 sub

1430 663 1611 700 subiecto.
1634 664 1720 700 Hoc
1749 671 1876 700 autem
1906 664 2085 712 contingit
2110 665 2173 701 vel
2207 669 2248 700 ut
2281 676 2382 702 nunc
2402 666 2432 713 *,
2460 673 2497 702 et

1430 716 1484 752 sic
1511 717 1626 754 utitur
1644 717 1875 765 quandoque
1895 717 1970 753 dici
1995 718 2040 754 de
2059 719 2164 754 omni
2181 717 2413 765 dialecticus;
2433 720 2495 756 vel

1428 770 1672 818 simpliciter*
1691 779 1727 806 et
1747 770 1956 807 secundum
1979 782 2094 807 omne
2123 779 2286 820 tempus,
2308 780 2345 808 et
2363 772 2416 808 sic
2435 784 2496 808 so·
2523 763 2735 814 'ofyetfieriiinv

1429 823 1510 859 lum
1538 823 1652 859 utitur
1680 835 1726 859 eo
1756 822 2046 859 demonstrator.
2519 809 2622 836 ''nme''

1488 877 1520 912 5.
1542 877 1591 912 Et
1618 876 1704 913 ideo
1724 876 1762 912 in
1791 875 2009 912 definitione
2029 870 2103 911 dici
2128 877 2174 912 de
2192 877 2305 923 omni,
2327 877 2403 913 duo
2426 889 2495 926 po-

1430 928 1498 964 nit:
1520 941 1685 976 quorum
1721 940 1843 965 unum
1873 936 1947 975 est,
1976 937 2017 964 ut
2044 928 2134 965 nihil
2168 929 2213 965 sit
2241 942 2392 966 sumere
2424 930 2494 966 sub

1430 981 1599 1018 subiecto
1621 982 1680 1018 cui
1707 981 1969 1030 praedicatum
1988 993 2067 1017 non
2095 981 2190 1018 insit.
2217 983 2265 1018 Et
2283 983 2357 1018 hoc
2385 982 2494 1031 signi-

1429 1034 1518 1070 ficat
1546 1047 1635 1071 cum
1663 1034 1762 1071 dicit:
1791 1034 1882 1071 Non
1912 1035 1948 1070 in
1978 1035 2140 1082 quodam
2179 1035 2326 1082 quidem
2353 1036 2426 1081 sic,
2456 1036 2494 1072 in

1430 1087 1593 1134 quodam
1621 1093 1746 1123 autem
1775 1099 1862 1123 non.
1883 1087 1997 1124 Aliud
2027 1095 2092 1134 est,
2122 1088 2226 1135 quod
2254 1100 2333 1124 non
2361 1089 2407 1125 sit
2434 1101 2494 1125 ac-

1431 1139 1556 1187 cipere
1585 1139 1949 1188 aliquod*tempus,
1970 1141 2008 1176 in
2036 1152 2114 1188 quo
2147 1141 2406 1189 praedicatum
2434 1154 2494 1178 su-
2521 1155 2570 1176 *aa
2581 1155 2734 1186 om.auq.,3n

1432 1192 1586 1228 biecto*
1605 1205 1684 1229 non
1699 1193 1911 1235 conveniat.
1933 1194 1983 1229 Et
2001 1194 2075 1230 hoc
2095 1194 2263 1240 designat
2283 1206 2371 1230 cum
2391 1194 2493 1231 dicit:
2520 1188 2641 1255 {figam
2674 1181 2731 1208 ‘¹¹¹4

1430 1246 1567 1294 Neque
1603 1246 1806 1293 aliquando
1842 1247 1916 1292 sic,
1954 1246 2156 1294 aliquando
2194 1259 2289 1291 non,·
2327 1255 2362 1283 et
2389 1247 2496 1296 ponit
2523 1234 2662 1281 codimm
2705 1240 2733 1255 ⁴³¹

1432 1300 1661 1347 exemplum.
1703 1298 1807 1335 Sicut
1841 1299 1888 1335 de
1927 1299 2033 1335 omni
2069 1299 2226 1335 homine
2259 1300 2497 1348 praedicatur

1432 1352 1590 1398 animal3
1612 1359 1648 1388 et
1667 1352 1715 1389 de
1734 1354 1996 1401 quocunque*
2015 1364 2153 1389 verum
2174 1360 2228 1388 est
2248 1353 2371 1389 dicere
2391 1353 2496 1401 quod
2523 1366 2531 1374 ·
2546 1371 2573 1385 A:
2599 1364 2733 1391 quolibet...

1432 1405 1477 1441 sit
1495 1405 1627 1453 homo,
1652 1417 1789 1442 verum
1819 1413 1874 1442 est
1903 1406 2025 1442 dicere
2055 1405 2160 1454 quod
2189 1405 2267 1442 sit*
2287 1406 2437 1452 animal,
2460 1413 2496 1443 et
2522 1390 2679 1451 2133·un
2699 1393 2736 1412 “³

1431 1459 1740 1507 quandocunque
1770 1466 1825 1495 est
1843 1460 1975 1506 homo,
2006 1466 2062 1495 est
2086 1459 2239 1495 animal.
2261 1460 2309 1495 Et
2327 1459 2498 1495 similiter
2548 1449 2602 1464 ⁴⁰⁵³
2618 1445 2659 1464 ω’

1432 1523 1471 1547 se
1490 1512 1606 1548 habet
1621 1512 1668 1548 de
1687 1512 1786 1548 linea
1806 1519 1842 1548 et
1860 1512 1907 1549 de
1926 1519 2085 1561 puncto:
2107 1524 2197 1548 nam
2215 1512 2431 1560 punctum*
2443 1519 2498 1548 est
2523 1522 2533 1531 ⁸
2549 1527 2594 1567 αἱ
2618 1521 2738 1568 ‹igodtitffit

1431 1565 1469 1601 in
1497 1565 1595 1601 linea
1623 1565 1790 1613 qualibet
1818 1573 1854 1601 et
1881 1577 2043 1613 semper.
2519 1553 2703 1600 ἷῗὲῗυίῗ-εῑηᾳῗ
2730 1563 2736 1568 ’

1486 1620 1521 1656 6.
1544 1619 1739 1665 Secundo;
1760 1618 1831 1655 ibi:
1852 1620 2012 1668 Signum
2032 1623 2156 1655 autem
2182 1624 2262 1664 etc.‚
2284 1618 2497 1654 manifestat

1430 1672 1594 1720 positam
1633 1672 1893 1709 definitionem
1929 1685 1998 1721 per
2034 1671 2184 1718 signum
2227 1671 2275 1707 ab
2316 1670 2497 1708 instantiis

1432 1734 1639 1774 sumptum.
1670 1727 1762 1762 Non
1791 1725 1892 1762 enim
1927 1726 2042 1762 fertur
2063 1728 2081 1743 ’ἑ
2101 1724 2274 1761 instantia
2303 1732 2434 1761 contra
2454 1724 2496 1745 *²¹⁶
2513 1730 2732 1784 Jeffffld³¹²⁸³⁶m

1430 1779 1685 1816 universalem
1712 1779 2033 1828 propositionem,
2064 1778 2133 1814 nisi
2161 1777 2250 1825 quia
2278 1777 2405 1815 deficit
2431 1777 2495 1814 ali·
2521 1772 2734 1830 &beon-mst-

1431 1832 1523 1880 quid
1552 1845 1707 1880 eorum,
1737 1844 1836 1880 quae
1863 1845 1932 1881 per
1961 1844 2046 1869 eam
2066 1831 2321 1878 significantur
2343 1838 2361 1868 ¹.
2393 1831 2494 1868 Cum
2625 1845 2632 1860 ι
2687 1845 2697 1854 ·

1431 1893 1559 1922 autem
1588 1886 1879 1934 interrogamur,
1905 1899 1954 1923 an
1975 1887 1995 1907 '¹‘
2022 1885 2161 1933 aliquid
2189 1885 2425 1933 praedicetur
2449 1885 2495 1921 de
2521 1897 2616 1918 κυεῖ.

1431 1940 1536 1976 omni
1561 1939 1599 1976 in
1629 1939 1933 1977 demonstrativis
1962 1946 1995 1986 ²,
2025 1938 2221 1988 dupliciter
2253 1938 2406 1975 ferimus
2439 1938 2494 1974 in·
2622 1954 2637 1970 κ

1431 1993 1600 2038 stantias;
1615 1994 1678 2029 vel
1692 1993 1780 2041 quia
1796 1992 1834 2029 in
1848 1993 2018 2041 quodam
2039 2004 2172 2029 eorum
2188 2003 2286 2040 quae
2302 1991 2494 2028 continen-

1430 2053 1490 2082 tur
1504 2047 1574 2083 sub
1590 2046 1759 2083 subiecto
1775 2058 1854 2083 non
1870 2054 1924 2083 est
1937 2058 2091 2091 verum;
2112 2047 2173 2082 vel
2188 2045 2276 2093 quia
2291 2044 2494 2093 aliquando
2523 2082 2530 2090 ,
2546 2087 2559 2102 c
2574 2087 2613 2102 om
2639 2083 2675 2102 m
2693 2087 2731 2102 ve-

1431 2111 1509 2136 non
1538 2107 1593 2136 est
1614 2112 1752 2136 verum
1771 2100 1801 2135 *.
1824 2100 1934 2136 Unde
1958 2099 2200 2135 manifestum
2226 2106 2281 2135 est
2300 2098 2403 2146 quod
2423 2097 2498 2134 dici
2522 2113 2572 2128 rum
2586 2114 2595 2131 .·
2617 2097 2667 2128 'sed
2699 2110 2734 2128 est

2522 2133 2640 2155 mendum.

1430 2153 1475 2189 de
1503 2153 1608 2189 omni
1633 2161 1822 2201 utrunque
1849 2152 2130 2201 praedictorum
2154 2151 2338 2199 significat
2354 2149 2377 2187 λ.
2505 2191 2508 2194 Δ
2618 2160 2635 2185 λ

2524 670 2532 678 ’
2543 675 2558 690 ι.
2567 670 2641 691 omitt.
2652 671 2692 695 ut,·
2704 676 2732 692 c:

2524 697 2549 717 ut
2563 702 2622 717 nunc
2636 698 2678 717 est.

1482 2295 1506 2331 θ)
1528 2297 1602 2327 Quae
1620 2302 1683 2322 sunt
1696 2298 1793 2330 priora
1808 2298 1923 2323 subiecto
1941 2301 1967 2322 et
1985 2297 2147 2322 continentia
2163 2297 2256 2328 ipsum.
2276 2297 2439 2329 Apponenda
2453 2301 2494 2321 est

1428 2333 1551 2364 particula
1574 2337 1600 2358 et
1620 2341 1650 2358 ex
1670 2334 1761 2363 codd.,
1786 2342 1852 2366 quae
1876 2334 1948 2358 deest
1969 2333 1994 2357 in
2020 2332 2135 2357 Piana.—
2149 2332 2271 2356 Advertat
2292 2331 2402 2356 novitius
2422 2333 2492 2364 quod

1428 2369 1513 2393 minus
1533 2368 1694 2399 universalia,
1714 2374 1775 2401 puta
1790 2369 1876 2398 homo,
1893 2370 1998 2393 brutum
2019 2373 2044 2393 et
2062 2368 2159 2400 species
2178 2368 2324 2396 brutorum.
2345 2367 2493 2400 concipiun-

1427 2410 1468 2428 tur
1487 2412 1502 2428 a
1520 2404 1594 2428 nobis
1614 2404 1687 2436 quasi
1706 2405 1822 2430 subiecta
1842 2404 1924 2436 magis
1943 2404 2095 2434 universali,
2119 2403 2185 2427 sicut
2208 2404 2232 2428 in
2258 2408 2346 2427 nostro
2365 2403 2492 2435 exemplo,

1427 2439 1549 2468 animam
1575 2447 1642 2471 quae
1661 2440 1719 2464 ideo
1738 2440 1899 2464 continentur
1918 2440 1966 2464 sub
1987 2439 2068 2471 magis
2088 2438 2235 2463 universali.
2261 2438 2335 2462 Unde
2355 2438 2434 2462 homo
2453 2442 2493 2462 est

1427 2475 1535 2503 animal,
1555 2475 1629 2499 bruta
1652 2480 1712 2500 sunt
1732 2475 2013 2500 animalia—Animal
2038 2480 2122 2499 autem
2147 2479 2186 2498 est
2209 2473 2361 2498 sensitivum
2385 2478 2410 2497 et
2433 2481 2492 2498 sen-

1428 2510 1518 2535 sitivae
1533 2515 1594 2534 sunt
1606 2511 1706 2543 species
1719 2519 1811 2535 omnes
1825 2511 2001 2535 animantium.
2015 2510 2041 2534 Si
2054 2514 2190 2542 quaeratur
2204 2517 2266 2540 ergo
2279 2508 2318 2532 cui
2327 2508 2417 2540 primo
2432 2516 2493 2533 con-

1427 2546 1512 2570 veniat
1531 2554 1589 2570 esse
1607 2546 1768 2575 sensitivam,
1788 2546 1899 2571 animali
1918 2554 2012 2578 nempe
2032 2546 2073 2570 vel
2094 2544 2194 2570 homini
2211 2545 2252 2568 vel
2267 2544 2344 2568 bruto
2351 2551 2360 2573 ,·
2385 2551 2492 2576 respon-

1429 2581 1483 2606 deri
1502 2582 1585 2612 debet,
1604 2582 1723 2607 animali.
1743 2582 1775 2606 Et
1788 2582 1851 2606 ratio
1870 2586 1909 2606 est
1927 2582 2000 2614 quia,
2021 2589 2073 2606 non
2092 2580 2214 2612 quoniam
2233 2580 2312 2604 homo
2326 2579 2367 2603 vel
2387 2579 2492 2604 brutum

1429 2622 1489 2641 sunt
1507 2617 1646 2648 sensitiva,
1672 2617 1765 2642 animal
1791 2623 1830 2642 est
1854 2617 2024 2647 sensitivum,
2049 2617 2095 2641 sed
2115 2624 2145 2640 ex
2163 2615 2298 2648 opposito,
2322 2614 2382 2646 quia
2400 2614 2493 2638 animal

1429 2658 1468 2677 est
1481 2652 1641 2684 sensitivum,
1654 2653 1712 2677 ideo
1725 2658 1785 2677 sunt
1804 2653 1918 2677 sensitivi
1936 2652 2055 2678 homines
2069 2657 2093 2677 et
2105 2651 2187 2675 bruta.
2196 2665 2216 2669 —
2226 2650 2292 2674 Hinc
2311 2649 2387 2674 etiam
2401 2649 2492 2674 intelli-

1429 2693 1472 2721 gat
1495 2688 1606 2712 novitius
1632 2696 1676 2712 cur
1700 2696 1779 2721 supra
1797 2688 1886 2712 dixerit
1910 2696 1931 2713 s.
1945 2688 2062 2713 Thomas
2087 2687 2156 2719 quod
2175 2686 2267 2717 primo
2290 2684 2414 2716 significat
2435 2685 2493 2709 uni-

1429 2724 1546 2752 versale,
1571 2724 1603 2748 de
1622 2731 1675 2756 quo
1693 2723 1784 2756 primo
1799 2723 1890 2748 dicitur
1908 2723 2032 2756 quidquid
2057 2722 2190 2752 subiectis,
2205 2727 2330 2753 quatenus
2353 2720 2415 2744 illud
2434 2728 2492 2752 par-

1429 2759 1533 2792 ticipant
1543 2778 1549 2788 ‚
1571 2758 1697 2784 tribuitur.

1484 2793 1503 2826 v.)
1529 2794 1604 2825 Quae
1617 2802 1670 2826 per
1683 2802 1741 2819 eam
1760 2794 1954 2827 significantur.
1970 2794 2018 2818 Est
2036 2793 2110 2818 lectio
2129 2792 2203 2817 codd.
2222 2789 2492 2820 ADGHIKNOQRT,

1430 2834 1456 2854 et
1474 2830 1582 2854 indicata
1600 2831 1631 2854 ab
1651 2830 1715 2854 aliis.
1735 2830 1770 2855 E:
1790 2830 1835 2862 qui
1854 2837 1906 2862 per
1923 2837 1981 2854 eam
1999 2829 2200 2861 significantur-5
2222 2827 2256 2851 B:
2276 2833 2344 2859 quae
2363 2833 2415 2857 per
2433 2832 2491 2850 eam

1429 2866 1597 2898 significatum
1615 2866 1651 2890 L:
1672 2873 1738 2898 quae
1756 2865 1943 2899 significantur
1955 2872 2008 2897 per
2025 2872 2083 2889 eam
2089 2871 2098 2892 ,·
2121 2863 2201 2888 PCM:
2221 2862 2292 2894 quod
2309 2868 2363 2893 per
2380 2867 2438 2886 eam
2457 2860 2493 2885 si-

1430 2901 1589 2934 gnificatur;
1608 2901 1625 2925 S
1645 2901 1738 2925 dubius
1757 2906 1804 2925 est.

1483 2935 1508 2970 κ)
1530 2936 1559 2960 In
1573 2936 1796 2961 demonstrativis.
1811 2936 1880 2960 Haec
1893 2935 1967 2959 lectio
1980 2934 2054 2959 codd.
2070 2933 2134 2967 (exc.
2148 2932 2204 2966 ER)
2219 2933 2316 2965 optima
2329 2937 2379 2961 est,
2395 2939 2423 2955 ac
2437 2930 2491 2955 suf-

1430 2970 1538 2996 ficienda
1558 2972 1650 2996 Pianae
1670 2977 1694 2996 et
1713 2972 1769 2995 cod.
1790 2972 1824 2995 E:
1845 2971 1876 2995 de
1900 2970 1972 2995 omni
1996 2969 2233 2994 demonstratione:
2258 2975 2325 2999 quae
2349 2966 2422 2991 lectio
2445 2966 2492 2990 ob-

1430 3007 1577 3031 scuritatem
1603 3007 1700 3039 parit.—-
1711 3007 1746 3030 R:
1767 3006 1792 3030 in
1813 3005 2045 3030 demonstratione.
2055 3019 2074 3023 -
2087 3004 2195 3028 Codices
2210 3003 2330 3027 omittunt
2344 3006 2406 3026 tunc
2420 3001 2491 3034 quod

1432 3047 1490 3066 ante
1505 3042 1645 3073 dupliciter
1659 3042 1754 3066 habent
1766 3042 1885 3071 PEQRS,
1905 3046 1930 3065 et
1944 3041 2031 3071 legunt
2043 3039 2158 3073 ferimus
2173 3039 2230 3062 loco
2244 3038 2380 3071 inferimus
2399 3037 2492 3061 Pianae

1431 3082 1456 3101 et
1475 3078 1550 3101 codd.
1570 3077 1619 3107 KQ
1637 3082 1662 3101 et
1680 3077 1703 3100 R
1722 3084 1774 3101 sec.
1793 3084 1911 3100 manu.—
1925 3075 2042 3107 Denique
2061 3074 2125 3099 infra
2148 3081 2206 3098 cum
2225 3073 2299 3097 codd.
2319 3071 2492 3096 BCDEGHIK

1431 3112 1571 3136 LMNRST
1595 3112 1704 3143 legimus
1728 3115 1869 3143 utrumque
1888 3111 1939 3142 (Q,
1960 3107 2086 3144 utroque)
2114 3110 2171 3133 loco
2197 3108 2398 3140 unumquodque
2422 3107 2491 3139 quod

1431 3147 1527 3171 habent
1545 3147 1602 3176 PA;
1622 3152 1647 3171 et
1665 3155 1724 3170 cum
1744 3147 1807 3171 eisd.
1831 3146 1905 3170 codd.
1925 3144 1988 3178 (exc.
2013 3144 2081 3178 ΗΝ),
2100 3149 2126 3169 et
2147 3143 2198 3173 AQ
2210 3143 2409 3175 praedictorum
2434 3143 2492 3166 loco

1431 3189 1531 3212 eorum,
1551 3187 1578 3206 ut
1597 3182 1686 3213 legunt
1699 3182 1784 3205 PH.—-
1797 3182 1833 3205 N:
1853 3184 1984 3212 utrunque
1994 3181 2120 3209 istorum;
2136 3179 2172 3203 O:
2193 3182 2282 3203 utrum
2297 3177 2426 3210 (corrupte
2445 3185 2492 3209 pro

1433 3215 1612 3249 utrunque).—
1627 3217 1684 3240 Duo
1703 3224 1781 3248 supra
1801 3214 1836 3249 (n.
1851 3214 1977 3250 praeced.)
1998 3215 2063 3239 dicta
2088 3219 2149 3238 sunt
2173 3213 2266 3238 includi
2289 3213 2315 3237 in
2334 3214 2370 3245 τῷ
2389 3212 2442 3237 dici
2460 3212 2493 3237 de

1432 3252 1516 3280 omni,
1532 3259 1626 3284 nempe
1636 3256 1661 3275 et
1671 3252 1741 3283 quod
1757 3251 1822 3275 nihil
1835 3251 1870 3275 sit
1887 3257 1990 3275 sumere
2004 3255 2060 3279 etc.‚
2079 3255 2105 3274 et
2118 3250 2188 3281 quod
2202 3256 2253 3273 non
2267 3248 2303 3273 sit
2316 3247 2434 3279 accipere
2444 3252 2492 3272 etc.

1432 3287 1498 3310 Hinc
1522 3286 1609 3310 lectio:
1631 3289 1762 3318 utrunque
1776 3286 1977 3317 praedictorum
1996 3285 2138 3317 significat.

1483 3320 1511 3355 λ)
1533 3321 1595 3346 Dici
1613 3321 1645 3345 de
1664 3321 1736 3345 omni
1754 3325 1885 3352 utrunque
1894 3320 2095 3352 praedictorum
2110 3319 2251 3352 significat.
2267 3319 2294 3342 In
2314 3323 2374 3342 nota
2387 3325 2492 3350 praece-

1432 3357 1501 3381 denti
1526 3356 1644 3380 dedimus
1668 3356 1795 3380 variantes
1820 3356 1894 3379 codd.
1918 3355 2054 3386 lectiones;
2075 3363 2142 3379 nunc
2161 3359 2245 3378 autem
2271 3354 2303 3378 de
2327 3353 2383 3385 ipsa
2401 3360 2429 3377 re
2453 3357 2494 3377 est

1432 3391 1619 3416 disserendum.
1639 3392 1696 3415 Hoc
1710 3390 1854 3415 Aristotelis
1869 3390 2035 3422 principium,
2056 3390 2117 3414 Dici
2136 3389 2168 3413 de
2186 3388 2271 3417 omni,
2291 3388 2326 3413 uti
2340 3387 2492 3412 fundamen-

1432 3432 1488 3451 tum
1512 3426 1654 3458 syllogismi
1673 3426 1727 3450 iure
1750 3426 1895 3457 meritoque
1913 3425 1988 3456 logici
2007 3429 2062 3448 tum
2087 3424 2183 3456 antiqui
2203 3429 2257 3447 tum
2277 3423 2432 3448 recentiores
2451 3430 2492 3447 ac·

1432 3466 1567 3494 cepemnt;
1587 3461 1633 3485 sed
1651 3465 1680 3484 ut
1698 3460 1723 3484 in
1743 3468 1789 3484 sua
1807 3465 1874 3484 recta
1893 3458 2076 3491 significatione
2094 3463 2254 3489 assumatur,
2274 3459 2400 3491 quaedam
2420 3462 2493 3482 nota-

1431 3501 1491 3521 runt
1509 3496 1658 3520 Scholastici
1677 3496 1741 3520 scitu
1761 3495 1912 3520 necessaria.
1933 3494 2138 3519 Praenotandum
2163 3498 2203 3518 est
2220 3501 2283 3526 ergo
2307 3494 2378 3526 quod
2396 3500 2493 3526 propo-

1433 3531 1490 3556 sitio
1510 3531 1595 3563 aliqua
1617 3530 1769 3555 universalis
1795 3530 1929 3562 dupliciter
1947 3529 2074 3554 enunciari
2093 3534 2194 3562 potest,
2220 3536 2315 3561 nempe
2340 3536 2398 3552 cum
2418 3528 2492 3559 signo

1432 3566 1692 3599 syncategorematico
1706 3565 1814 3597 (omnis)
1825 3571 1850 3589 et
1863 3565 1919 3589 sine
1931 3565 1981 3589 isto
1996 3564 2077 3596 signo,
2089 3572 2183 3596 nempe
2197 3563 2325 3588 indefinite
2336 3562 2387 3597 (cf.
2396 3563 2493 3594 Perih„

1432 3602 1475 3626 lib.
1495 3602 1513 3633 1,
1532 3602 1589 3626 lect.
1607 3600 1642 3636 x).
1661 3601 1706 3625 Ex.
1725 3608 1764 3633 g.:
1789 3608 1809 3625 ι.
1828 3600 1914 3625 omnis
1931 3600 2009 3625 homo
2027 3603 2067 3625 est
2085 3600 2206 3628 bonus,·—
2216 3606 2239 3623 2.
2255 3599 2340 3624 omnis
2358 3598 2436 3624 homo
2454 3601 2494 3623 est
