2548 4192
2202 294 2367 321 CCLXXVll

774 555 1418 621 DISSERTATIO
1479 559 1745 622 XXVI.

159 722 225 762 De
252 721 444 762 innoxia
472 721 622 761 sancti
650 719 855 762 Thomae
883 721 1126 772 Aquinatis
1159 723 1381 771 doctrina,
1416 736 1532 774 quae
1566 723 1901 765 Parisiensibus
1935 728 1981 765 et
2014 725 2357 766 Oxoniensibus

495 793 705 834 censuris
733 805 988 844 perperam,
1017 794 1220 845 imperite
1249 798 1295 835 et
1323 807 1404 846 per
1430 795 1637 836 iniuriam
1663 799 1825 836 notata
1853 796 2023 837 dicitur.

558 1201 770 1239 CAPUT
803 1202 831 1239 1.

157 1295 273 1322 Cenmra
297 1297 414 1322 immune
437 1296 582 1321 ostenditur
603 1296 780 1329 theologicum
807 1297 902 1330 dogma
928 1297 960 1322 de
979 1295 1139 1322 affluentiore
1165 1297 1234 1322 dono

228 1333 324 1366 gratiae
346 1332 520 1360 aliisvaemnfis
538 1333 646 1365 Angelis
673 1340 814 1364 concesso,
838 1340 886 1366 pro
905 1337 1011 1357 naturae
1034 1340 1125 1357 eorum
1146 1333 1234 1358 discri-

154 1389 163 1392 -
227 1368 444 1402 mitemque
462 1368 494 1393 de
512 1368 627 1401 potentia
651 1367 713 1400 Dei,
732 1375 800 1401 quae
824 1368 858 1393 ad
875 1376 959 1393 unum
978 1368 1023 1402 qui
1042 1368 1160 1393 conditus
1179 1373 1232 1400 est,

228 1404 351 1429 coarctari
369 1404 498 1429 mundum
516 1404 625 1429 videtur.

284 1627 289 1632 ,
326 1567 464 1653 ξ’έξν
491 1600 598 1642 sisque
621 1600 807 1631 hominibus
829 1601 977 1641 vulgatos
996 1608 1231 1642 propugnatos-

265 1635 457 1695 §92‡&}5M
491 1655 565 1687 que,
582 1645 766 1685 praehabito
784 1645 1010 1685 magistrorum
1026 1645 1059 1676 in
1070 1645 1231 1687 theologia

267 1685 308 1714 »''‘
330 1696 373 1723 ,η’
396 1684 445 1713 „⁴⁴
491 1689 637 1728 consilio,
648 1689 773 1720 Parisiis
784 1696 814 1720 et
824 1689 943 1721 Oxonii
958 1690 1039 1720 latae
1055 1690 1230 1731 suntagal-

278 1726 283 1734 ’
490 1734 528 1764 lis
544 1741 576 1764 et
591 1734 690 1774 anglis
706 1734 884 1775 Episcopis,
905 1733 1124 1765 tertiodecimo
1141 1745 1230 1765 aerae

490 1778 675 1809 christianae
683 1778 1025 1819 saecu10‚diligentiore
1036 1787 1132 1819 opera
1143 1789 1230 1810 enar-

155 1822 295 1853 ravimus
311 1823 474 1863 superiore
497 1822 531 1853 in
554 1823 790 1854 Dissertatione.
815 1822 984 1853 Censorias
1007 1822 1124 1853 litteras
1148 1823 1229 1862 illas,

155 1871 239 1908 quae
254 1867 309 1897 abs
325 1866 487 1907 Stephano
503 1866 657 1907 Tempier
674 1867 839 1898 Parisiensi
856 1866 1018 1908 Episcopo
1041 1876 1126 1898 anno
1146 1878 1228 1910 1277

156 1911 246 1942 datae
259 1910 399 1949 fuerunt,
416 1918 564 1953 cum'per
577 1921 629 1942 eas
645 1917 754 1942 notata
770 1918 801 1942 et
820 1911 942 1942 confixa
960 1912 1149 1943 iactarentur
1163 1923 1229 1943 non

154 1964 256 1997 panea
271 1955 370 1986 sancti
384 1955 532 1987 Thomae
551 1956 616 1986 sive
632 1955 856 1996 philosophica
871 1956 936 1987 sive
953 1956 1135 1997 theologica
1151 1957 1229 1998 dog-

154 2005 251 2038 mata,
267 1999 424 2041 supprimi
448 2006 480 2031 et
502 2000 620 2031 aboleri
644 2000 736 2031 iussit
757 2007 873 2041 coepto
898 2001 1024 2032 saeculo
1044 2001 1230 2043 insequente

154 2044 334 2086 Stephanus
358 2045 436 2076 alter
451 2045 489 2075 de
503 2044 672 2076 Bourretto
697 2045 840 2076 eiusdem
854 2045 1013 2076 Ecclesiae
1028 2046 1167 2077 Antistes
1177 2070 1185 2085 ,
1201 2047 1231 2077 si

158 2090 299 2120 Thomae
321 2089 453 2130 quidem
476 2089 655 2120 doctrinam
680 2095 862 2131 tangerent.
887 2090 1000 2132 Neque
1018 2090 1052 2120 in
1067 2090 1166 2122 hocce
1181 2091 1229 2122 iu-

156 2132 240 2165 dicio
263 2133 364 2164 haesit
387 2133 590 2165 doctissimus
612 2134 760 2172 Praesul;
791 2134 846 2165 sed
869 2144 928 2175 pro
956 2134 1078 2165 infectis
1102 2146 1228 2166 revoca-

153 2177 258 2220 tisque
281 2178 441 2209 habendas
465 2188 532 2210 esse
555 2178 672 2209 litteras
696 2179 833 2217 easdem,
854 2189 892 2210 eo
910 2179 1158 2220 prudentissimo
1175 2181 1228 2210 ad-

153 2222 255 2254 hibito
272 2229 524 2263 temperamento
541 2223 687 2262 decrevit,
705 2229 864 2264 quatenus
879 2224 1025 2254 eamdem
1041 2225 1228 2256 sanctissimi

129 2304 131 2306 ¹
153 2267 368 2308 Praeceptoris
391 2268 570 2298 doctrinam
594 2273 731 2309 tangere
760 2267 1003 2299 adserebantur.
1029 2268 1227 2310 Abro‘gantes

152 2311 339 2343 huiusmodi
371 2311 487 2343 litteras
517 2313 591 2343 loco
620 2319 799 2343 memorato
833 2313 1050 2344 recensuimus
1080 2314 1227 2355 notisque

151 2356 396 2388 illustravimus:
421 2366 596 2398 earumque
620 2366 695 2388 cum
718 2357 750 2388 in
781 2357 917 2388 dubium
940 2365 1070 2389 vocatae
1094 2358 1226 2397 fuerint,

151 2400 250 2432 fidem
273 2409 304 2432 et
328 2398 511 2432 αὖθεντίαν
536 2411 595 2442 pro
618 2402 702 2432 virili
723 2401 815 2433 tutati
840 2412 961 2432 sumus.
978 2402 1062 2433 Hinc
1077 2413 1152 2433 vero
1170 2414 1227 2434 no-

152 2445 232 2476 mini
255 2452 287 2476 et
309 2446 412 2476 famae
436 2453 467 2477 et
490 2446 713 2477 existimationi
737 2445 884 2477 Thomae
900 2446 1079 2487 AquInatis‚
1096 2447 1239 2489 eiusque'

153 2490 314 2521 doctrinae
336 2490 505 2531 integritau'
529 2490 602 2521 satis
626 2501 785 2532 superque
810 2491 1005 2531 consultum,
1030 2501 1126 2522 nemo
1150 2499 1234 2533 pru:

153 2535 230 2565 dens
254 2545 290 2566 ac
314 2535 427 2565 doctus
450 2534 569 2565 inficias
593 2534 660 2566 ibit.

221 2579 283 2610 Sed
307 2579 410 2610 adhuc
433 2579 648 2619 Praeceptoris
671 2579 814 2619 Angelici
845 2579 977 2620 eiusque
1002 2580 1162 2611 doctrinae
1179 2591 1227 2612 ce-

151 2624 287 2655 lebritati
310 2623 457 2654 nonnihil
480 2623 576 2654 studii
599 2623 699 2654 nostri
726 2624 884 2655 litandum
908 2631 962 2655 est.
988 2625 1124 2664 Seligere
1147 2636 1227 2656 non-

152 2669 260 2700 nullos
282 2667 374 2699 liceat
397 2668 584 2709 praecipuos
608 2668 756 2699 articulos
780 2669 922 2699 censoria
949 2669 1174 2701 Parisiensium
1197 2677 1228 2701 et

152 2712 387 2745 Oxoniensium
410 2712 603 2743 iudiciorum
625 2713 747 2753 virgula
766 2713 845 2743 olim
860 2719 986 2743 notatos
1006 2714 1227 2756 adhibitosque

153 2764 264 2789 contra
285 2758 433 2789 Thomae
469 2757 647 2788 doctrinam
675 2768 693 2788 a
717 2758 891 2789 Lamaraeo
927 2757 1058 2799 aliisque
1089 2759 1157 2790 aevi
1180 2770 1227 2790 se-

153 2801 274 2844 quioris
296 2801 445 2840 aemulis3
470 2811 590 2842 eosque
613 2801 851 2842 diligentissime
875 2801 1017 2833 conferre
1040 2813 1115 2834 cum
1138 2804 1228 2834 Tho-

152 2856 225 2877 mae
247 2846 406 2887 dogmatis
428 2847 480 2885 iis,
506 2856 589 2887 quae
611 2846 731 2877 litterae
763 2846 877 2877 cortice
909 2847 1053 2888 inspecto
1085 2858 1228 2879 consona

151 2891 318 2921 videntur:
341 2897 377 2921 ut
400 2891 570 2922 collatione
601 2890 682 2921 facta
705 2901 879 2932 severoque
902 2891 1047 2923 instituto
1072 2892 1226 2932 examine,

153 2934 406 2975 splendidissime
429 2935 606 2965 innotescat
629 2935 772 2973 demum,
795 2935 874 2965 nihil
897 2935 930 2966 in
944 2935 1043 2976 ipsius
1059 2937 1227 2978 Aquinatis

153 2978 297 3009 doctrina
320 2978 433 3018 inesse,
457 2979 547 3020 quod
569 2979 620 3009 vel
643 2989 680 3010 ex
702 2980 764 3010 levi
788 2980 884 3010 etiam
903 2980 1084 3021 suspicione
1103 2982 1144 3012 ad
1158 2982 1226 3012 illas

153 3023 252 3063 redigi
276 3030 422 3054 censuras
445 3023 593 3064 potuerit.

220 3069 289 3107 Age
312 3075 403 3098 vero:
433 3077 501 3097 rem
530 3067 634 3108 ipsam
657 3068 886 3108 aggrediamur.
917 3068 952 3099 ln
981 3078 1112 3100 censura
1136 3071 1226 3101 Guil-

153 3111 240 3142 lelmi
272 3111 453 3142 parisiensis
480 3111 632 3151 Episcopi
664 3122 769 3142 nonus
801 3113 968 3144 damnatus
998 3114 1147 3145 articulus
1178 3115 1227 3146 his

153 3155 256 3186 verbis
280 3155 422 3186 effertur:
457 3155 522 3192 Qui
544 3156 638 3186 habet
660 3157 795 3187 meliora
826 3158 992 3188 naturalia
1023 3159 1064 3189 de
1093 3161 1227 3190 necessi-

155 3206 220 3231 tate
243 3200 368 3231 habebit
391 3198 445 3242 (al.
462 3198 568 3242 habet)
585 3201 739 3231 maiorem
755 3202 899 3242 gratiam
917 3208 948 3232 et
965 3203 1116 3243 gloriam.
1137 3204 1227 3234 Tum

153 3244 303 3285 opposita
327 3244 495 3284 exponitur
513 3244 636 3274 veritas:
664 3245 759 3282 Quod
780 3246 956 3276 secundum
967 3248 1226 3287 praeordinatio-

155 3299 226 3320 nem
251 3294 282 3319 et
299 3289 628 3329 praedestinationem
651 3289 730 3327 Dei,
762 3299 783 3319 a
806 3290 876 3320 Deo
899 3290 1031 3321 dabitur
1061 3293 1172 3332 gratia
1197 3298 1227 3323 et

151 3334 273 3375 gloria.
298 3334 446 3363 Errorem
475 3333 561 3363 hunc
585 3333 623 3363 ab
647 3333 806 3374 Aquinate
837 3341 910 3374 post
939 3335 1038 3374 ipsius
1063 3335 1226 3366 Guillelmi

153 3388 320 3409 censuram
342 3377 552 3408 instauratum
575 3377 671 3407 fuisse
695 3377 832 3408 clamant
855 3378 888 3408 in
907 3378 952 3416 ΙΙ,
977 3379 1111 3410 distinct.
1131 3390 1176 3418 111,
1197 3387 1227 3410 et

154 3422 166 3452 I
183 3433 227 3462 p.,
247 3433 301 3464 qu.
322 3433 395 3460 an,
415 3427 470 3452 art.
486 3431 530 3460 vx,
547 3427 578 3451 et
596 3431 650 3462 qu.
671 3431 759 3459 cvm,
777 3428 831 3452 art.
848 3432 890 3452 tv,
911 3423 987 3460 Quo
1011 3429 1174 3463 postremo
1193 3424 1225 3454 in

153 3466 227 3497 loco
251 3467 294 3497 sic
318 3467 361 3497 ait
383 3467 454 3497 ille:
478 3466 614 3507 Angelis
637 3466 713 3496 data
736 3471 813 3496 sunt
835 3466 920 3498 dona
943 3468 1090 3508 gratuita
1114 3477 1224 3498 secun-

153 3511 230 3541 dum
255 3512 463 3552 capacitatem
488 3510 701 3541 naturalium:
724 3510 809 3550 quod
832 3520 895 3540 non
921 3516 967 3542 est
986 3512 1018 3541 in
1035 3511 1223 3543 hominibus.

154 3555 236 3585 Rem
263 3556 345 3586 hanc
368 3556 441 3586 loco
470 3555 568 3585 altero
593 3555 666 3585 data
697 3565 793 3595 opera
817 3562 998 3595 pertractat:
1022 3556 1226 3587 Rationabile

154 3604 212 3636 est,
236 3599 394 3641 inquiens,
418 3600 503 3641 quod
525 3600 645 3640 Angeli
667 3600 723 3640 qui
745 3600 907 3630 meliorem
933 3605 1083 3630 naturam
1108 3601 1223 3631 habue-

153 3649 232 3674 runt
255 3646 349 3675 etiam
373 3644 501 3685 fortius
534 3650 564 3675 et
592 3644 758 3685 efficacius
787 3643 831 3674 ad
857 3645 962 3675 Deum
995 3645 1060 3675 sint
1092 3655 1223 3676 conver-

1288 1202 1376 1232 si....
1405 1200 1497 1232 Unde
1520 1201 1657 1239 videtur,
1682 1201 1768 1242 quod
1790 1202 1919 1243 Angeli‚
1943 1204 1999 1243 qui
2021 1203 2202 1234 habuerunt
2225 1204 2358 1234 meliora

1290 1246 1467 1283 naturalia,
1493 1245 1675 1276 habuerunt
1694 1246 1770 1286 plus
1793 1246 1832 1276 de
1854 1247 1965 1287 gratia
1982 1252 2012 1277 et
2026 1247 2145 1288 gloria.
2165 1247 2289 1285 Quibus
2306 1248 2359 1279 de-

1288 1299 1381 1320 mum
1404 1289 1491 1330 paria
1514 1296 1606 1328 sunt,
1631 1300 1713 1331 quae
1735 1290 1830 1321 habet
1852 1291 1926 1321 loco
1950 1291 2091 1331 primum
2115 1292 2225 1331 citato,
2249 1303 2304 1333 qu.
2328 1303 2357 1332 1,

1288 1341 1344 1365 art.
1364 1344 1397 1364 vx
1416 1333 1449 1364 in
1470 1333 1543 1365 fine.

1356 1378 1450 1410 Oculi
1475 1378 1538 1409 sint
1560 1385 1687 1419 oportet
1710 1378 1842 1420 caligine
1866 1379 1982 1417 obruti,
1997 1379 2053 1421 qui
2072 1380 2167 1420 longe
2182 1380 2358 1421 discrepan-

1288 1429 1333 1453 tes
1358 1422 1460 1453 theses
1484 1433 1550 1453 non
1581 1422 1724 1454 videant:
1750 1433 1785 1454 ac
1815 1423 2084 1464 praeiudiciorum
2114 1424 2248 1455 tenebris
2276 1425 2359 1456 infu-

1287 1474 1371 1498 scata
1385 1477 1475 1498 mens
1492 1467 1595 1506 fuerit,
1611 1477 1692 1509 quae
1708 1468 1895 1498 damnatum
1911 1468 2080 1499 articulum
2095 1468 2270 1500 confundat
2285 1480 2360 1500 cum

1286 1511 1384 1542 sancti
1408 1511 1556 1542 Thomae
1580 1511 1732 1542 doctrina.
1757 1512 1913 1543 Absolute
1937 1519 1968 1543 et
1983 1513 2157 1544 universim
2172 1514 2312 1553 Angelos
2328 1520 2359 1544 et

1286 1556 1434 1586 homines
1459 1556 1680 1597 complectitur
1703 1556 1852 1587 articulus
1870 1557 2048 1588 damnatus:
2066 1557 2105 1588 de
2120 1557 2250 1597 Angelis
2266 1558 2358 1588 dum-

1286 1606 1370 1631 taxat
1392 1600 1536 1641 loquitur
1566 1600 1720 1641 AquinaS.
1746 1601 1869 1631 Erroris
1899 1601 1984 1632 virus
2014 1602 2047 1632 in
2072 1611 2110 1632 eo
2135 1602 2277 1642 positum
2301 1609 2358 1639 est,

1286 1645 1375 1685 quod
1404 1645 1538 1676 meliora
1570 1646 1735 1676 naturalia
1768 1645 1832 1676 sive
1855 1646 1970 1686 Angeli
1994 1646 2059 1676 sive
2087 1646 2246 1685 hominis,
2277 1653 2358 1676 tam-

1286 1699 1385 1729 quam
1409 1689 1632 1731 dispositiones
1656 1689 1864 1730 accipiuntur,
1888 1700 1970 1731 quae
1993 1690 2137 1731 proxime
2157 1701 2231 1721 cum
2246 1692 2358 1732 gratia

1286 1738 1317 1764 et
1339 1734 1448 1774 gloria
1473 1733 1717 1774 proportionem
1740 1734 1885 1765 habeant:
1910 1734 2041 1776 ipsaque
2064 1736 2176 1776 gratia
2200 1741 2231 1766 et
2248 1736 2357 1776 gloria

1285 1777 1420 1808 conferri
1444 1778 1484 1809 de
1508 1779 1694 1809 necessitate
1713 1778 1860 1809 dicuntur
1878 1779 1964 1809 iuxta
1979 1780 2141 1809 meliorem
2157 1780 2357 1811 naturalium

1286 1832 1479 1853 mensuram.
1505 1823 1614 1860 Quam
1636 1822 1731 1862 longe
1755 1822 1856 1853 differt
1879 1823 2117 1854 Thomisticum
2133 1823 2270 1863 dogma!
2287 1825 2356 1854 Me-

1285 1867 1369 1898 liora
1393 1867 1592 1907 Angelorum
1616 1868 1794 1905 naturalia,
1819 1868 1946 1898 nonnisi
1971 1875 2006 1898 ut
2029 1868 2231 1899 occasionem
2246 1878 2357 1909 quam-

1285 1911 1359 1941 dam
1383 1918 1541 1942 remotam
1564 1911 1676 1952 respici
1700 1922 1718 1942 a
1736 1910 1810 1942 Deo
1835 1912 1928 1942 docet
1950 1913 2093 1953 Aquinas
2116 1912 2149 1942 in
2173 1913 2357 1952 elargitione

1285 1955 1416 1996 gratiae:
1434 1966 1596 1997 unamque
1611 1963 1780 1995 promovet
1797 1956 1920 1986 divinae
1936 1957 2154 1987 Providentiae
2170 1957 2356 1995 decentiam,

1285 2010 1384 2041 quam
1407 2001 1466 2031 sibi
1490 2001 1576 2031 Deus
1599 2001 1632 2032 in
1657 2001 1818 2032 donorum
1835 2001 2123 2041 supernaturalium
2137 2001 2358 2032 distributione

1285 2054 1344 2085 pro
1369 2055 1426 2076 sua
1449 2045 1515 2087 ipse
1539 2045 1680 2077 libertate
1711 2055 1849 2087 suaeque
1879 2045 2049 2086 sapientiae
2072 2045 2205 2076 consilio
2229 2045 2357 2086 praesti-

1284 2089 1388 2120 tuerit.
1414 2090 1498 2121 Hinc
1526 2090 1559 2120 id
1583 2100 1650 2121 esse
1683 2090 1893 2128 rationabile,
1918 2090 2022 2131 inquit
2050 2090 2119 2120 ille:
2151 2090 2356 2131 diversosque

1284 2134 1337 2172 ait,
1363 2140 1502 2165 naturae
1532 2135 1711 2176 Angelicae
1735 2135 1863 2176 gradus
1891 2135 1994 2165 videri
2031 2132 2186 2177 (verbum
2214 2135 2356 2165 animad-

1283 2176 1369 2209 verte
1393 2179 1463 2210 crisi
1486 2179 1666 2220 theologica
1689 2177 1842 2222 plenum)
1871 2179 2036 2209 ordinatos
2059 2179 2103 2209 ad
2120 2178 2263 2210 diversos
2277 2189 2356 2220 gra—

1284 2224 1349 2254 tiae
1372 2228 1403 2254 et
1424 2225 1553 2265 gloriae
1575 2224 1711 2265 gradus.
1737 2223 1804 2254 Cur
1819 2233 1894 2254 vero
1910 2224 2050 2263 Angelos
2067 2223 2148 2253 inter
2163 2229 2193 2253 et
2207 2223 2354 2254 homines

1284 2267 1451 2299 discrimen
1475 2268 1618 2309 posuerit
1640 2265 1806 2298 Thomas?
1837 2267 1992 2298 Francisci
2026 2267 2124 2308 Sylvii
2148 2267 2354 2298 Commenta-

1283 2312 1367 2343 rium
1391 2307 1507 2354 accipe,
1532 2323 1598 2354 quo
1616 2311 1803 2343 discriminis
1822 2312 1901 2342 ratio
1917 2312 2038 2352 egregie
2052 2311 2224 2343 illustratur
2237 2312 2356 2342 ibidem

1283 2367 1314 2397 q.
1335 2367 1410 2394 an,
1431 2364 1486 2388 art.
1507 2365 1553 2388 v1:
1581 2357 1682 2387 «Alia
1708 2356 1787 2387 ratio
1812 2363 1858 2387 est
1881 2356 1920 2387 de
1943 2356 2088 2396 Angelis,
2113 2365 2212 2397 quam
2235 2357 2274 2387 de
2297 2356 2355 2387 ho-

1285 2413 1299 2427 »
1323 2401 1478 2432 minibus:
1508 2413 1533 2432 1.
1560 2401 1643 2439 Quia
1666 2401 1865 2440 Angelorum
1888 2407 1999 2431 natura
2023 2407 2088 2431 erat
2110 2401 2230 2441 integra
2253 2408 2284 2432 et
2306 2401 2354 2431 in-

1286 2458 1300 2472 »
1324 2453 1481 2486 corrupta:
1506 2446 1653 2476 homines
1677 2455 1752 2475 vero
1777 2445 1961 2485 dignitatern
1985 2451 2114 2475 naturae
2131 2456 2206 2476 suae
2222 2455 2354 2485 peccan-

1286 2502 1300 2517 »
1324 2491 1366 2520 do
1390 2491 1580 2529 amiserunt,
1610 2490 1690 2520 adeo
1705 2496 1741 2520 ut
1763 2490 1941 2521 secundum
1964 2499 2080 2530 corpus
2105 2496 2135 2520 et
2158 2490 2298 2520 animam
2321 2490 2354 2520 in

1285 2547 1300 2562 »
1323 2535 1459 2565 deterius
1483 2535 1545 2565 sint
1569 2533 1789 2565 commutati...
1817 2544 1846 2565 2.
1872 2534 1956 2571 Quia
1975 2534 2008 2564 in
2029 2534 2213 2564 hominibus
2235 2541 2281 2564 est
2300 2534 2354 2564 ali·

1286 2592 1300 2606 ιν
1323 2579 1412 2620 quid,
1437 2580 1526 2620 quod
1549 2586 1654 2620 potest
1676 2578 1830 2619 impedire
1853 2579 1903 2608 vel
1931 2579 2085 2609 retardare
2113 2585 2241 2609 motum
2264 2579 2353 2609 intel-

1286 2636 1300 2651 »
1323 2623 1453 2654 lectivae
1475 2624 1582 2665 partis,
1607 2623 1760 2654 nimirum
1783 2623 1944 2653 inclinatio
1968 2622 2064 2663 partis
2088 2623 2266 2653 sensitivae:
2287 2633 2353 2653 non

1286 2681 1300 2696 »
1323 2675 1432 2699 autern
1454 2668 1487 2699 in
1511 2668 1651 2708 Angelis.
1677 2666 1763 2698 Cum
1786 2667 1844 2698 hac
1868 2667 2074 2708 responsione
2098 2667 2232 2698 conferri
2252 2674 2357 2708 potest

1286 2725 1300 2740 >0
1323 2713 1473 2743 articulus
1489 2713 1598 2744 tertius
1614 2711 1781 2743 vicesimae
1797 2718 1926 2754 quartae
1947 2712 2141 2753 quaestionis
2164 2712 2197 2742 in
2214 2712 2255 2742 Ila
2270 2713 2325 2742 IIae
2338 2724 2352 2738 ι

1284 2757 1338 2787 ubi
1363 2757 1402 2787 ad
1425 2767 1555 2788 examen
1572 2753 1714 2788 vocatur:
1732 2763 1840 2788 utrum
1856 2756 1965 2787 caritas
1979 2756 2165 2787 infundatur
2179 2757 2355 2787 secundum

1284 2801 1489 2842 capacitatem
1512 2801 1715 2832 naturalium.

1351 2847 1450 2884 Quod
1468 2846 1636 2888 Aquinatis
1654 2846 1770 2886 dogma
1787 2845 1870 2876 ulnis
1884 2845 2037 2876 ambabus
2054 2845 2249 2886 frequentius
2265 2845 2354 2875 theo-

1283 2890 1349 2931 logi
1373 2891 1541 2931 amplexati
1558 2897 1642 2930 sunt,
1660 2891 1776 2931 quibus
1800 2890 1884 2920 ultro
1908 2889 2063 2920 consentit
2079 2889 2252 2930 Dionysius
2266 2890 2355 2920 Peta-

1282 2936 1353 2966 vius
1369 2935 1449 2966 libro
1466 2936 1477 2966 Ι
1492 2936 1540 2966 De
1555 2935 1684 2975 angelis,
1706 2934 1806 2975 capite
1824 2943 1895 2972 xvx,
1914 2944 2004 2964 num.
2023 2934 2057 2964 8:
2086 2946 2100 2961 «
2114 2934 2174 2964 Sed
2189 2941 2220 2964 et
2233 2934 2293 2974 ipsi
2307 2933 2354 2963 in-

1286 2993 1300 3007 »
1323 2987 1369 3011 ter
1386 2990 1418 3010 se
1432 2981 1562 3021 Angeli,
1587 2981 1744 3020 inquiens,
1767 2979 1818 3009 alii
1838 2978 1905 3008 aliis
1927 2978 2123 3008 affluentiore
2146 2978 2244 3018 gratia
2266 2977 2354 3008 ditati

1285 3037 1300 3052 »
1323 3031 1407 3062 sunt,
1432 3035 1492 3065 pro
1516 3034 1554 3055 eo
1579 3031 1674 3065 atque
1697 3030 1826 3054 naturae
1856 3022 2088 3063 praestantioris
2113 3029 2214 3061 erant,
2239 3022 2264 3052 si
2287 3022 2354 3052 Ma-

1285 3081 1300 3096 »
1322 3069 1420 3109 gistro
1444 3069 1677 3099 Sententiarum
1701 3068 1891 3099 credimus...
1917 3067 1979 3098 Cui
2003 3074 2034 3097 et
2057 3077 2081 3097 s,
2100 3067 2244 3097 Thomas
2260 3065 2355 3096 adsti-

1285 3126 1299 3140 »
1322 3113 1460 3153 pulatur,
1485 3123 1544 3154 pro
1567 3113 1683 3153 gradus
1707 3112 1860 3153 cuiusque
1885 3111 2033 3151 dignitate
2062 3111 2147 3142 dona
2169 3111 2351 3151 gratiarum,

1284 3170 1299 3185 >v
1323 3168 1357 3188 ac
1381 3157 1609 3198 perfectionem
1632 3156 1833 3188 beatitudinis
1857 3156 1970 3186 collata
1993 3166 2059 3186 esse
2083 3156 2210 3186 docens.
2226 3155 2354 3186 Etenim

1284 3215 1299 3229 »
1322 3202 1368 3232 uti
1392 3201 1591 3241 Angelorum
1614 3208 1726 3232 natura
1749 3201 1788 3231 ad
1811 3200 1943 3240 gratiam
1967 3206 1998 3230 et
2020 3200 2155 3240 gloriam
2179 3211 2196 3230 a
2219 3200 2289 3230 Deo
2309 3199 2353 3229 fa-

1284 3259 1299 3274 »
1323 3253 1371 3277 cta
1395 3252 1450 3276 est:
1475 3246 1518 3276 ita
1541 3246 1653 3276 diversi
1677 3252 1806 3276 naturae
1829 3244 1997 3284 Angelicae
2021 3245 2136 3284 gradus
2155 3244 2195 3274 ad
2211 3244 2352 3274 diversos

1284 3303 1299 3318 »
1321 3290 1432 3321 itidem
1454 3290 1570 3329 gratiae
1593 3289 1774 3330 gloriaeque
1797 3289 1912 3329 gradus
1936 3289 2072 3319 ordinati
2088 3295 2176 3327 sunt;
2200 3288 2352 3329 quemad-

1285 3348 1299 3362 »
1322 3334 1459 3364 modum
1483 3334 1678 3372 architectus,
1703 3344 1740 3364 ex
1764 3344 1802 3364 eo
1826 3333 1916 3374 quod
1939 3340 2040 3363 certos
2063 3333 2183 3373 lapides
2207 3332 2274 3362 aliis
2290 3332 2352 3362 ele-

1284 3391 1299 3406 »
1321 3378 1446 3418 gantius
1470 3378 1708 3418 accuratiusque
1731 3377 1879 3417 perpolit,
1902 3377 2027 3415 videtur
2050 3387 2104 3407 eos
2121 3377 2161 3406 ad
2176 3376 2352 3416 digniorem

1284 3436 1298 3450 »
1322 3423 1462 3463 aliquam
1485 3422 1614 3452 aedium
1634 3428 1757 3462 partem
1780 3421 1944 3451 destinare.
1965 3434 1979 3448 »
2012 3422 2099 3451 Haec
2118 3427 2192 3451 sunt
2207 3420 2352 3451 videlicet

1281 3473 1351 3497 tum
1374 3466 1482 3506 ipsum
1506 3466 1664 3496 decentiae
1683 3471 2021 3505 argumentum,'tum
2045 3465 2227 3505 exemplum
2251 3474 2351 3504 appo-

1281 3510 1467 3541 sitissimum
1491 3520 1526 3540 ac
1551 3510 1661 3540 eadem
1690 3509 1787 3539 ferme
1810 3509 1904 3539 verba
1927 3519 1945 3539 a
1974 3515 2082 3539 sancto
2112 3509 2241 3541 Thoma
2263 3508 2351 3539 adhi-

1279 3555 1353 3585 bita.
1380 3555 1453 3591 Qua
1475 3554 1508 3584 in
1531 3564 1563 3584 re
1586 3553 1759 3594 praeiverat
1782 3564 1806 3584 s.
1831 3553 1965 3583 Basilius
1983 3554 2021 3583 de
2038 3553 2155 3593 Spiritu
2175 3560 2284 3584 sancto
2301 3563 2351 3584 ca-

1280 3599 1344 3639 pite
1367 3609 1430 3636 xm,
1451 3609 1540 3629 num.
1565 3598 1623 3629 38:
1653 3597 1752 3629 quta
1772 3596 2014 3638 proportionem
2039 3598 2249 3628 excellentiae
2272 3596 2351 3640 (seu

1280 3654 1338 3684 pro
1363 3643 1561 3673 excellentiae
1585 3641 1711 3685 modo),
1735 3641 1798 3683 qua
1822 3651 1857 3672 se
1877 3643 2010 3673 invicem
2026 3648 2182 3683 superant
2196 3640 2351 3685 (Angeli),
