2548 4192
211 307 281 332 XCII

276 372 379 412 Pergit
397 371 554 402 Thomas:
573 383 587 397 <z
605 370 684 400 Item
703 368 865 405 obiiciunt,
881 367 969 407 quod
987 366 1019 396 in
1039 366 1183 395 Hebraeo
1204 373 1270 393 non

212 431 226 446 »
249 424 295 449 est
310 417 418 456 Virgo,
439 415 492 446 sed
508 415 613 451 Alma,
630 423 711 454 quae
728 412 812 452 apud
829 421 883 441 eos
900 409 1053 449 significat
1068 407 1270 438 iuvenculam

212 476 226 490 »
248 461 399 499 nubilem,
419 460 499 490 sicut
523 459 655 490 habetur
677 457 790 487 Genes.
810 465 890 492 xxxv,
924 452 979 495 (ἄ.
996 452 1047 503 ιιό)
1063 453 1101 482 de
1117 452 1268 489 Rebecca,

211 520 226 535 »
249 507 302 538 ubi
312 515 370 535 nos
382 505 543 541 habemus,
552 502 663 532 Puella
675 501 790 531 decora
802 500 906 535 nimis,
919 504 948 527 et
958 497 1017 537 ips1
1028 496 1265 546 haben-t‚A.lma.

211 564 225 579 »
248 551 288 582 Et
309 549 334 580 si
358 549 451 579 etiam
465 548 615 578 habeatur
636 544 784 580 Bethula,
812 542 898 583 quod
921 541 1006 580 apud
1036 550 1090 590 eos
1115 539 1268 588 S1gn1ficat

211 609 225 624 »
247 593 414 635 virginem,
431 602 496 622 non
507 596 631 631 oportet
645 589 733 629 quod
743 596 873 617 manens
889 585 976 624 virgo
992 590 1181 624 conciperet,
1193 592 1267 632 qiua

212 653 226 667 s
249 644 369 679 poterat
384 646 449 666 esse
472 635 559 676 quod
582 643 663 674 quae
676 639 751 662 tunc
771 637 834 661 erat
847 630 946 668 virgo,
967 635 1076 668 postea
1091 638 1127 658 ex
1147 637 1266 657 semine

211 697 225 712 ›>
248 684 304 714 viri
328 687 472 720 corrupta
492 677 691 717 concepisset.
712 676 761 705 Ad
781 674 870 715 quod
889 673 1068 710 dicendum,
1089 672 1177 722 quod
1197 671 1266 721 nul-

211 741 225 755 ›>
247 729 315 758 lum
329 725 455 764 signum
469 729 557 760 esset,
582 721 607 750 si
627 719 792 750 iuvencula
807 717 1000 756 concepisset
1019 723 1049 746 et
1064 723 1265 765 enam-Virgo

211 768 233 799 »’
248 776 401 809 corrupta.
421 766 579 798 Dominus
598 771 704 794 autem
723 763 852 803 aliquod
866 771 1019 800 magnum
1033 760 1135 790 voluit
1149 758 1265 798 S1gnifi-

211 828 224 843 »
248 825 314 845 care
334 822 407 844 curn
430 810 518 841 dixit:
545 809 584 839 In
599 807 800 849 profundum
821 805 952 846 inferni,
972 806 1087 835 sivein
1104 804 1263 834 excelsum

210 872 223 886 »
245 868 354 899 supra.
371 856 443 886 Ideo
459 861 565 884 autem
581 853 666 892 apud
681 862 739 882 nos
755 849 812 893 (al.
825 848 892 892 eos)
904 850 1033 889 ponitur
1047 848 1146 888 magis
1156 848 1262 884 Alma,

209 917 223 930 »
245 912 341 943 quarn
357 898 535 936 iuvencula;
555 898 629 937 quia
644 897 738 927 Alma
755 894 906 935 significat
921 894 1073 934 virginem
1088 892 1264 942 secundum

208 960 221 974 ›>
244 946 381 977 nominis
396 943 549 983 originem
559 939 650 982 (nam
667 941 782 971 Halam
796 939 959 980 significat
974 939 1114 974 latitare,
1131 942 1161 967 et
1175 936 1263 966 abdi-

208 1004 221 1019 »
244 997 328 1028 tum,
349 988 583 1023 absconditum,
611 986 768 1016 occultum
793 983 895 1025 esse),
921 990 951 1014 et
974 983 1076 1013 adhuc
1101 981 1183 1021 plus,
1208 990 1262 1011 cu-

208 1048 221 1063 »
243 1035 389 1066 stoditam
412 1031 558 1073 (consule
577 1029 820 1070 lexicographos
843 1038 882 1058 ac
900 1026 1115 1068 interpretes),
1127 1026 1188 1076 ‘de’
1200 1035 1263 1066 qua

206 1093 220 1107 »
243 1089 307 1109 non
332 1077 431 1118 possit
453 1075 558 1106 haberi
582 1075 655 1105 mali
684 1073 836 1113 suspicio:
863 1073 916 1102 sed
943 1071 1082 1102 Bethula
1111 1069 1263 1120 Significat

206 1137 220 1151 >›
243 1123 417 1153 secundum
440 1130 535 1151 usum
557 1118 708 1160 loquendi
722 1117 936 1158 posteriorem.
957 1129 970 1143 w
995 1115 1153 1165 Iudaicam
1177 1115 1263 1165 dern-

202 1178 263 1209 que
287 1168 429 1198 Thomas
443 1165 617 1205 insequitur
642 1162 881 1203 expositionem,
906 1170 986 1201 quae
1015 1167 1085 1190 tum
1109 1169 1263 1210 Virginem

202 1212 316 1252 nuptui
341 1212 455 1248 datam,
471 1217 540 1240 tum
563 1208 664 1239 filiurn
687 1206 824 1237 hominis
839 1216 935 1246 opera
958 1211 1150 1244 conceptum
1173 1204 1262 1254 intel-

200 1257 277 1296 ligit.
306 1269 320 1284 α
348 1256 520 1295 Exponunt
542 1260 647 1284 autem
680 1251 860 1291 dupliciter:
881 1250 1011 1291 quidam
1039 1249 1078 1279 de
1106 1249 1262 1287 Ezech1a,

204 1314 218 1327 »
241 1301 370 1341 quidam
393 1300 431 1329 de
454 1298 520 1328 filio
544 1291 654 1334 Isaiae,
669 1306 765 1336 quem
784 1295 907 1334 fingunt
926 1304 992 1324 esse
1010 1293 1148 1324 Manuel
1170 1303 1262 1344 uoca-

204 1358 218 1372 »
240 1352 318 1376 tum.
340 1344 401 1375 Sed
424 1343 512 1384 quod
531 1342 669 1382 primum
689 1350 754 1370 non
773 1340 872 1380 possit
895 1346 974 1369 stare
1000 1339 1043 1369 sic
1067 1338 1260 1368 ostenditur:

204 1402 217 1416 »
240 1390 314 1430 quia
337 1387 485 1418 Ezechias
505 1392 575 1417 erat
590 1386 841 1427 vigintiquinque
855 1394 1027 1421 annorum,
1043 1383 1178 1433 quando·
1192 1392 1260 1413 coe-

203 1447 218 1461 »
235 1435 285 1474 pit
307 1442 448 1474 regnare
467 1430 523 1474 (IV
543 1432 631 1470 Reg.,
646 1440 730 1467 xvm,
751 1430 785 1465 ᾗ.
805 1427 847 1471 2).
869 1430 910 1459 Et
928 1428 1035 1458 Achaz
1054 1434 1195 1467 regnavit
1212 1437 1261 1458 se-

203 1491 217 1506 »
240 1479 338 1509 decim
358 1478 452 1508 annis
471 1474 528 1518 (IV
552 1476 640 1515 Reg.,
655 1485 716 1511 xvr,
732 1475 767 1510 ὰ.
786 1471 828 1515 2).
854 1474 938 1513 Ergo
958 1472 1108 1503 Ezechias
1127 1479 1192 1503 erat
1209 1472 1261 1523 de-

203 1536 217 1550 »
241 1533 308 1553 cem
332 1531 488 1552 annorum
509 1520 637 1561 quando
657 1526 744 1559 pater
766 1528 842 1548 suus
866 1518 983 1558 incepit
1005 1524 1152 1558 regnare:
1173 1524 1203 1548 et
1218 1527 1261 1548 sic

203 1580 216 1595 »
240 1577 305 1597 non
328 1565 520 1607 promittitur
547 1564 597 1595 hic
620 1563 794 1594 nasciturus
796 1585 868 1594 .....
892 1563 1009 1593 Iterum
1037 1563 1126 1603 quod
1150 1572 1260 1593 secun-

201 1624 216 1639 »
243 1612 320 1642 dum
334 1621 399 1641 non
414 1609 513 1650 possit
527 1616 605 1640 stare
627 1607 811 1644 ostenditur,
826 1607 901 1648 quia
916 1607 977 1643 hoc
992 1607 1118 1638 nullum
1133 1606 1261 1647 signum

200 1669 215 1683 »
238 1656 346 1686 fuisset
368 1654 497 1697 (scilicet
514 1653 709 1694 prodigiale,
725 1652 812 1692 quod
828 1659 947 1693 peteret
969 1652 1116 1683 Achazus
1139 1653 1172 1682 in
1182 1661 1260 1692 pro-

200 1713 214 1727 »
227 1700 372 1741 fundum
397 1698 534 1740 inferni,
555 1699 621 1728 sive
644 1698 675 1727 in
700 1697 860 1728 excelsum
884 1694 1022 1739 supra):
1048 1704 1079 1728 et
1102 1703 1260 1737 praeterea

199 1757 213 1771 »
236 1744 317 1774 filius
338 1743 431 1774 Isaiae
450 1753 515 1773 non
539 1742 598 1773 fuit
616 1741 774 1772 Dominus
795 1742 938 1779 Iudaeae,
958 1751 1032 1772 cum
1052 1749 1158 1772 tamen
1177 1741 1260 1772 dica-

199 1801 212 1816 »
235 1795 286 1819 tur
303 1788 382 1818 infra
406 1786 525 1830 (capite
544 1797 612 1824 vni,
634 1788 668 1823 J.
686 1784 725 1828 8)
745 1793 825 1817 terra
844 1786 958 1817 Iudaea
978 1796 1046 1818 esse
1067 1786 1260 1817 Emmanuel

198 1846 212 1860 »
235 1832 417 1873 possessive.
441 1845 454 1860 »
478 1833 525 1862 De
550 1831 684 1872 Assyriis
704 1831 823 1871 quippe
843 1831 1004 1872 suppetias
1023 1831 1195 1862 ferentibus
1214 1832 1260 1862 lo—

195 1888 294 1918 quens
308 1877 479 1917 Propheta:
495 1877 538 1907 Et
551 1877 622 1913 erit,
634 1875 747 1917 inquit,
763 1877 906 1907 extensio
920 1877 1050 1907 alarum
1066 1877 1136 1907 eius
1150 1875 1259 1918 (Assy-

195 1922 315 1952 riorum
330 1920 435 1964 Regis)
447 1922 580 1962 implens
594 1921 793 1951 latitudinem
805 1926 914 1952 terrae
927 1926 1013 1959 tuae,
1022 1931 1041 1952 ο
1054 1921 1259 1953 Emmanuel.

196 1967 285 2004 Quae
314 1967 406 1996 verba
435 1966 611 2006 expendens
641 1965 742 1996 David
772 1965 940 1996 Kimchius
963 1966 1076 1997 doctor
1106 1965 1259 2005 iudaeus,

195 2011 282 2042 fateri
306 2011 427 2051 cogitur
453 2021 507 2051 per
536 2010 778 2040 Emmanuelem
802 2010 931 2050 intelligi
952 2020 1122 2051 personam
1147 2012 1260 2042 debere

193 2056 363 2094 illustrem,
384 2056 475 2086 cuius
498 2055 560 2086 dici
573 2056 675 2095 possit
694 2065 762 2086 esse
781 2054 926 2093 Iudaea,
947 2055 1003 2096 qui
1023 2056 1122 2086 dubio
1146 2056 1259 2096 procul

194 2100 282 2130 omni
302 2110 359 2130 nec
378 2106 433 2137 est,
449 2109 505 2130 nec
525 2109 590 2130 esse
609 2099 723 2140 poterit
743 2109 898 2140 umquam
917 2099 1002 2131 filius
1022 2100 1136 2141 aliquis
1152 2101 1256 2132 Isaiae.

259 2145 366 2185 Itaque
381 2144 459 2184 signi
480 2144 624 2185 qualitas,
644 2154 758 2185 nempe
779 2144 978 2185 prodigialis
1001 2145 1169 2185 conceptio
1189 2145 1257 2177 Vir-

192 2189 271 2229 ginis
286 2199 320 2219 ac
344 2189 483 2219 naturale
498 2188 640 2229 concepti
664 2189 752 2229 pueri
769 2199 904 2227 nomen,
927 2189 1044 2220 scilicet
1063 2190 1259 2221 Emmanuel

192 2233 324 2264 totidem
338 2241 431 2264 notae
446 2240 519 2264 sunt
533 2233 727 2273 magnificae,
744 2241 894 2273 augustae
911 2234 1087 2275 dignaeque
1105 2235 1257 2276 sapientia

192 2278 324 2318 Spiritus
344 2278 451 2316 sancti,
471 2288 552 2319 quae
575 2278 697 2319 liquido
722 2279 858 2318 probant
881 2278 998 2309 editam
1017 2280 1057 2310 ab
1082 2280 1160 2310 Isaia
1184 2290 1256 2320 pro-

192 2323 330 2362 phetiam
353 2322 494 2363 proxime
518 2330 548 2353 et
571 2322 637 2353 sine
661 2323 766 2353 medio
791 2330 972 2363 tangentem
996 2323 1177 2363 Christum;
1198 2325 1255 2355 mi—

192 2367 276 2397 nime
291 2376 364 2397 vero
379 2374 491 2408 typum
506 2367 658 2407 positum,
678 2368 732 2408 qui
748 2368 787 2398 ad
802 2368 941 2399 subiecta
955 2368 1040 2399 illius
1054 2369 1104 2399 vel
1119 2370 1255 2410 proximi

192 2411 342 2451 temporis
368 2412 484 2452 absque
510 2411 638 2451 negotio
659 2412 806 2452 applicari
827 2420 930 2453 queat.
953 2413 1082 2444 Accedit
1107 2414 1255 2445 omnium

191 2455 327 2485 maxima
350 2456 564 2496 Evangelistae
587 2457 735 2487 Matthaei
751 2457 950 2488 confirmatio
971 2458 1072 2499 capite
1091 2469 1113 2497 1,
1134 2459 1170 2495 ’'-
1194 2460 1253 2490 23:

189 2500 264 2530 Hoc
285 2505 390 2530 autem
412 2506 521 2538 totum,
543 2500 723 2541 inquientiS,
734 2501 865 2542 factum
890 2507 947 2539 est,
969 2508 1005 2533 ut
1022 2502 1256 2544 adimpleretur

190 2544 275 2584 quod
297 2544 413 2575 dictum
435 2550 480 2576 est
494 2555 514 2575 a
529 2546 666 2576 Domino
684 2555 747 2586 per
769 2547 958 2587 Prophetam
974 2547 1152 2579 dicentem:
1170 2549 1255 2580 Ecce

191 2589 283 2629 virgo
307 2590 338 2619 in
363 2594 453 2620 utero
467 2590 590 2620 habebit
608 2597 664 2621 etc.
681 2590 754 2621 Uno
774 2591 896 2622 litterali
921 2601 1015 2623 sensu
1039 2593 1182 2631 inducto,
1197 2594 1253 2635 qui

190 2633 351 2671 Ezechiae,
371 2640 425 2664 aut
440 2634 534 2665 Isaiae
549 2633 626 2672 filio,
646 2643 700 2666 aut
714 2635 799 2666 alteri
819 2636 958 2677 cuipiam
981 2638 1159 2676 conveniat,
1175 2639 1254 2669 Mat·

189 2677 270 2708 thaei
290 2685 510 2717 argumentum
531 2679 697 2719 infringere
712 2687 866 2711 conantur
886 2681 1007 2712 Iudaei:
1028 2683 1093 2714 vim
1110 2683 1254 2714 eiusdem

189 2722 383 2762 probationis
407 2730 487 2754 certe
510 2723 689 2763 infirmant,
714 2725 769 2765 qui
793 2725 958 2765 geminum
987 2737 1117 2759 sensum
1145 2728 1253 2759 obtru—

190 2766 268 2797 dunt
282 2766 472 2798 iudaizantes
493 2768 667 2808 scriptores.
697 2769 797 2800 Simili
822 2770 1064 2803 confirmatione
1083 2772 1252 2803 similibus-

189 2821 251 2851 que
274 2811 357 2842 notis
381 2811 507 2852 signum
535 2813 668 2844 alterum
701 2821 798 2852 caret,
824 2816 913 2855 quod
937 2817 1039 2856 capite
1063 2827 1116 2847 vni
1141 2817 1252 2848 datum

189 2854 309 2894 legitur.
332 2856 420 2887 Iussu
442 2856 499 2887 Dei
514 2859 645 2889 accessit
659 2858 702 2889 ad
715 2859 949 2900 Prophetissam
966 2860 1074 2893 isaias:
1090 2871 1172 2903 quae
1191 2872 1253 2894 vox

189 2899 266 2929 nihil
282 2900 373 2931 habet
387 2907 452 2931 tam
467 2901 670 2941 magnificum
685 2909 715 2933 et
730 2911 911 2943 augustum,
923 2907 1023 2947 quod,
1035 2907 1252 2948 praetermissa

188 2953 284 2974 uxore
299 2945 480 2985 prophetae,
492 2946 622 2987 aliquod
637 2947 721 2977 aliud
736 2947 851 2979 indicet
865 2950 972 2990 quaeri
988 2958 1135 2992 oportere
1150 2952 1252 2983 subie-

189 2994 284 3018 ctum.
315 2989 470 3030 Concepit
492 3001 567 3030 ergo
591 3001 670 3022 uxor
694 2992 788 3023 Isaiae
815 2999 846 3023 et
869 2996 990 3035 peperit
1012 2996 1135 3035 filiurn,
1155 3006 1253 3038 quem

188 3032 291 3062 vocari
314 3035 513 3066 mandaverat
527 3036 686 3067 Dominus
702 3037 736 3073 J.
758 3047 767 3066 ι
783 3044 791 3075 ;
821 3038 974 3071 Velociter
986 3042 1088 3081 spolia
1107 3041 1251 3080 detrahe,

189 3077 249 3106 cito
258 3078 429 3116 praedare.
438 3080 556 3111 Textus
571 3081 721 3112 hebraeus
732 3081 840 3112 habet:
857 3084 1115 3117 Maher-schalal
1123 3087 1252 3118 chasch-

189 3120 256 3160 bar,
273 3121 427 3162 Properat
450 3125 493 3155 ad
510 3126 656 3165 spolium,
668 3126 809 3167 festinat
828 3128 871 3158 ad
888 3130 1057 3168 praedam.
1081 3131 1253 3172 Mysticum

189 3173 307 3195 nomen
331 3173 386 3197 est.
416 3168 683 3208 Significationem
712 3171 779 3202 eius
803 3172 960 3212 Propheta
992 3175 1127 3206 declarat
1151 3176 1186 3212 ᾗ.
1212 3183 1251 3216 4:

193 3207 277 3245 Quia
291 3215 460 3251 antequam
475 3214 555 3244 sciat
572 3224 658 3254 puer
672 3225 787 3246 vocare
804 3221 933 3256 patrem
948 3228 1042 3250 suum
1062 3225 1092 3251 et
1115 3225 1250 3252 matrem

189 3262 297 3291 suam,
323 3255 492 3295 auferetur
505 3257 669 3298 fortitudo
692 3260 861 3298 Damasci,
883 3266 913 3292 et
935 3264 1036 3303 spolia
1061 3264 1250 3304 Samariae,

129 3325 134 3330 ,
189 3307 296 3328 coram
311 3299 402 3341 Rege
414 3302 634 3342 Assy-riorum.
651 3304 748 3341 Quod
763 3305 858 3336 etiam
873 3307 985 3338 evenit.
1006 3308 1112 3349 Opem
1132 3310 1252 3351 quippe

188 3342 315 3373 Achazo
335 3344 406 3376 tulit
419 3346 744 3388 Theglathphalassar,
760 3349 963 3390 Assyriorum
978 3353 1055 3391 Rex,
1071 3364 1155 3385 anno
1171 3354 1252 3385 eius-

188 3386 261 3416 dem
284 3388 400 3420 Achazi
425 3391 526 3429 tertio,
547 3399 620 3432 post
639 3393 734 3424 Isaiae
749 3394 934 3426 vaticinium
953 3397 1078 3436 primo:
1098 3409 1183 3430 anno
1199 3408 1252 3430 eo-

189 3431 261 3461 dem
285 3443 417 3473 regnum
432 3435 576 3467 Damasci
592 3447 735 3468 eversum
750 3437 819 3476 fuit,
836 3446 937 3471 morte
953 3441 1059 3480 Rasin,
1075 3443 1252 3484 populique

189 3474 221 3504 in
250 3477 410 3517 regionem
439 3480 495 3510 Kir
526 3482 746 3514 translatione:
778 3484 955 3526 eodemque
985 3496 1069 3518 anno
1094 3487 1252 3518 Samariae

190 3520 289 3558 spolia
312 3522 411 3553 ablata
443 3524 589 3564 fuerunt,
609 3527 765 3569 aliquibus
797 3528 941 3561 tribubus
973 3530 1005 3561 in
1038 3531 1251 3572 captivitatem

191 3563 376 3603 deportatis:
396 3577 431 3598 ac
446 3568 578 3608 dignum
593 3581 666 3602 sane
681 3572 963 3613 animadversione,
983 3585 1048 3606 non
1069 3575 1129 3606 dici
1143 3586 1162 3606 a
1176 3576 1251 3607 Pro-

190 3607 283 3646 pheta
311 3609 541 3644 samaritanum
570 3625 702 3654 regnum
725 3626 869 3648 eversum
898 3618 954 3656 iri,
987 3619 1041 3649 sed
1064 3620 1167 3660 spolia
1191 3620 1251 3651 Sa-

191 3653 313 3683 mariae
335 3654 519 3688 auferenda:
549 3659 650 3690 adhuc
666 3660 750 3690 enim
770 3661 892 3701 aliquot
915 3672 1015 3693 annos
1039 3663 1139 3703 viguit
1160 3663 1250 3695 illud.

929 283 1386 324 DISSERTATIONES
1417 283 1664 319 CRITICAE

1328 361 1415 390 Haec
1438 361 1548 390 eadem
1572 366 1618 389 est
1641 358 1788 389 Thomae
1812 358 1968 398 expositio
1992 358 2026 388 in
2050 359 2309 393 Commentario:
2328 363 2404 395 Hoc

1321 409 1427 444 potest
1450 404 1599 443 intelligi,
1620 402 1803 443 inquientis,
1823 403 1862 433 de
1879 404 2106 443 persecutione
2119 404 2218 445 facta
2235 416 2301 446 per
2323 408 2400 439 vie-

1325 447 1609 488 glathphalassar‚
1636 448 1692 487 qui
1714 447 1876 477 destruxit
1897 448 2096 479 Damascum
2125 447 2191 491 (IV
2211 450 2301 491 Reg.,
2330 462 2400 492 xvr,

1327 493 1361 527 5.
1375 490 1420 533 9),
1437 496 1467 521 et
1480 492 1630 530 spoliavit
1649 500 1787 531 regnum
1808 491 1980 522 Samariae
2003 491 2072 534 (IV,
2087 494 2178 533 Reg.,
2201 505 2253 533 xv,
2270 497 2306 531 ἅ.
2320 495 2398 539 29.).

1329 536 1420 565 Unde
1433 536 1605 575 signanter
1618 535 1707 565 dicit:
1715 534 1896 575 Auferetur
1900 536 2067 577 fortitudo
2081 538 2247 577 Damasci,
2258 545 2289 570 et
2297 542 2400 581 spolia

1324 580 1503 609 Samariae.
1515 578 1646 618 Optime
1662 586 1692 609 et
1706 579 1902 611 adamussim
1915 582 2072 622 quadrant
2086 583 2195 614 omnia
2209 583 2276 615 filio
2291 585 2398 617 Isaiae.

1391 623 1472 653 Sunt
1486 633 1560 652 vero
1581 623 1778 663 Interpretes,
1793 625 1849 665 qui
1868 626 2028 665 praedicto
2050 627 2146 658 Isaiae
2164 627 2231 659 filio
2252 639 2399 660 accomo—

1325 668 1400 697 dant
1427 667 1521 696 verba
1549 667 1658 707 capitis
1687 678 1750 707 vn,
1774 679 1852 700 vers.
1884 672 1920 700 15
1944 678 1975 701 et
1999 672 2056 701 16:
2082 672 2248 712 Butyrum
2277 679 2309 705 et
2337 676 2401 705 mel

1323 711 1482 748 comedet;
1501 718 1531 741 et
1554 713 1630 751 quia
1658 718 1830 753 antequam
1859 716 1941 746 sciat
1964 725 2052 756 puer
2077 717 2254 757 reprobare
2275 719 2396 750 malum

1323 761 1353 786 et
1372 756 1494 796 eligere
1512 755 1640 794 bonum,
1661 757 1905 799 derelinquetur
1922 765 2024 798 terra,
2044 771 2141 802 quam
2161 767 2196 792 tu
2215 762 2397 802 detestaris,

1322 810 1342 829 a
1357 799 1451 840 facie
1469 800 1608 830 duorum
1627 801 1754 842 Regum
1774 812 1926 835 suorum:
1940 798 1976 835 a'c
1995 805 2020 835 si
2039 806 2209 846 Propheta,
2224 814 2398 849 postquam

1321 844 1507 874 vaticinatus
1527 852 1608 875 esset
1626 846 1665 876 de
1682 846 1893 878 Emmanuele
1913 848 1980 879 filio
2001 849 2149 890 Virginis,
2167 852 2398 892 prophetarum

1321 898 1411 918 more
1435 889 1475 918 ad
1498 889 1585 919 aliud
1608 890 1788 922 subiectum
1815 892 1986 932 transierit,
2009 893 2177 936 filiumque
2201 906 2298 927 suum
2320 907 2398 928 mox

1321 933 1568 973 concipiendum
1588 941 1618 965 et
1637 935 1826 975 pariendum
1845 937 2062 977 designaverit.
2080 939 2126 970 Ita
2143 950 2177 970 se
2195 950 2264 971 rem
2281 941 2396 973 habere

1321 977 1499 1009 existimant
1531 978 1601 1018 alii,
1626 987 1662 1011 ut
1684 980 1844 1021 Propheta
1873 982 1988 1013 mentis
2021 983 2122 1014 oculis
2150 984 2397 1017 Emmanuelem

1320 1022 1470 1052 Messiam
1499 1023 1604 1054 Iesum
1637 1024 1802 1056 Christum
1835 1027 2049 1067 conspiciens,
2075 1035 2145 1059 tum
2174 1029 2397 1061 educationem

1321 1066 1388 1096 eius
1412 1067 1570 1107 prioribus
1594 1069 1696 1100 verbis
1720 1079 1857 1111 exponat
1879 1071 1912 1102 in
1936 1079 2016 1103 terra
2037 1073 2126 1111 Iuda,
2146 1073 2179 1103 in
2202 1084 2267 1115 qua
2289 1084 2396 1106 neces-

1320 1111 1399 1141 saria
1427 1112 1467 1142 ad
1490 1112 1611 1143 victum
1639 1124 1676 1144 ex
1705 1116 1785 1155 agris
1813 1116 1905 1147 cultis
1933 1124 1964 1147 et
1992 1127 2059 1147 non
2088 1118 2127 1149 ab
2155 1118 2246 1149 hoste
2278 1119 2395 1151 vexatis

1319 1156 1445 1186 abunde
1469 1165 1687 1198 suppeterent:
1707 1166 1778 1190 tum
1797 1161 1898 1192 verbis
1918 1161 1985 1192 aliis
2006 1169 2133 1203 tempus
2153 1162 2304 1194 infantiae
2318 1164 2394 1195 Em-

1319 1201 1475 1231 manuelis
1491 1210 1654 1245 comparet
1664 1214 1739 1234 cum
1754 1212 1836 1236 statu
1850 1206 2007 1246 praesenti
2023 1207 2167 1238 Iudaicae
2177 1207 2393 1248 Reipublicae,

1318 1245 1569 1288 vaticinatusque
1593 1247 1702 1287 fuerit,
1727 1259 1793 1280 non
1817 1260 1885 1281 esse
1908 1251 1981 1291 plus
2003 1251 2170 1292 lapsurum
2191 1253 2356 1293 temporis,
2375 1263 2395 1284 a

1319 1300 1385 1330 quo
1410 1290 1487 1321 haec
1514 1292 1670 1333 loquutus
1707 1301 1753 1325 est
1780 1296 1875 1326 verba
1906 1305 2008 1337 usque
2036 1297 2076 1327 ad
2105 1297 2263 1328 excidium
2291 1298 2393 1338 Regni

1318 1334 1466 1366 Damasci
1485 1343 1516 1367 et
1539 1337 1823 1378 depopulationem
1841 1340 2017 1379 Samariae,
2042 1351 2142 1382 quam
2159 1340 2239 1372 illud
2261 1341 2301 1373 sit
2314 1349 2393 1373 tem·

1317 1389 1379 1419 pus
1403 1381 1492 1420 quod
1515 1381 1690 1413 elaberetur
1713 1394 1730 1413 a
1754 1392 1911 1426 conceptu
1934 1393 2091 1427 partuque
2110 1387 2330 1418 Emmanuelis
2354 1387 2395 1418 ad

1318 1434 1420 1454 annos
1444 1425 1640 1457 discretionis
1663 1428 1742 1466 eius,
1766 1429 1812 1460 uti
1835 1429 1900 1460 iam
1924 1430 2103 1470 contigisse,
2127 1431 2234 1472 posito
2261 1441 2394 1473 quoque

1317 1467 1349 1498 in
1373 1468 1502 1508 signum
1525 1471 1656 1511 proprio
1679 1471 1758 1512 filio,
1783 1475 2007 1506 enarravimus.
2028 1476 2074 1506 Ita
2096 1475 2130 1506 in
2149 1476 2392 1508 Commentario

1317 1512 1473 1551 Thomas,
1483 1513 1527 1544 ita
1536 1515 1679 1557 plerique
1693 1517 1746 1548 alii
1761 1518 1956 1560 interpretes.
1972 1522 2016 1551 At
2030 1520 2116 1551 enim
2130 1531 2268 1561 puerum
2281 1521 2392 1560 istum,

1317 1557 1413 1588 Isaiae
1423 1557 1538 1598 filium,
1548 1559 1645 1591 simul
1659 1561 1754 1592 etiam
1768 1564 1900 1603 gessisse
1902 1565 2056 1606 figuram
2067 1571 2247 1607 typumque
2259 1566 2391 1604 Christi,

1316 1602 1473 1642 sapienter
1496 1604 1648 1636 admonet
1670 1605 1704 1636 in
1728 1607 1970 1639 Commentario
1990 1609 2150 1641 Thomas:
2170 1611 2226 1652 qui
2249 1611 2394 1643 videlicet

1316 1646 1483 1678 victoriam
1505 1648 1619 1681 virtute
1643 1661 1701 1681 sua
1723 1652 1879 1683 relaturus
1903 1661 1967 1684 erat
1990 1654 2029 1684 de
2051 1655 2198 1686 hostibus
2222 1655 2311 1694 luda,
2334 1656 2393 1688 hm.

1317 1691 1417 1722 stibus
1446 1703 1562 1734 nempe
1592 1695 1751 1727 Ecclesiae
1784 1697 1916 1729 ethnicis
1939 1699 2090 1740 quidem,
2119 1700 2175 1741 qui
2202 1710 2259 1741 per
2285 1700 2394 1742 Syriae

1317 1746 1452 1776 regnum
1475 1738 1690 1779 designantur,
1709 1740 1855 1772 idolatria
1878 1743 2015 1782 sublata3
2035 1744 2200 1776 obstinatis
2224 1745 2320 1776 etiam
2344 1746 2394 1777 lu-

1318 1780 1414 1819 daeis,
1429 1792 1512 1823 quos
1535 1793 1671 1823 regnum
1694 1785 1853 1817 Samariae
1876 1787 2031 1828 indigitat,
2047 1789 2191 1830 plurium
2215 1799 2329 1821 eorum
2345 1790 2394 1822 in·

1317 1826 1499 1863 credulitate
1514 1827 1645 1860 devicta.
1661 1830 1817 1872 Adeoque
1832 1833 2038 1872 perspicuum
2057 1843 2125 1864 esse
2149 1834 2243 1866 debet
2255 1844 2394 1876 puerum

1316 1870 1408 1900 illum
1429 1870 1564 1911 figuram
1584 1872 1701 1905 Christi
1719 1875 1867 1915 gessisse,
1888 1884 1924 1908 ut
1943 1887 2017 1908 cum
2035 1878 2195 1919 Propheta
2213 1879 2395 1921 proximam

1317 1916 1551 1955 praenuntiaret
1573 1918 1652 1949 Iuda
1664 1918 1884 1951 liberationem
1901 1922 2036 1963 mystico
2058 1923 2190 1954 nomine
2204 1923 2260 1954 filii
2284 1924 2334 1956 sui
2353 1925 2392 1956 si-

1315 1959 1508 2000 gnificatam,
1528 1962 1568 1992 ad
1587 1962 1695 2003 ipsum
1714 1966 1999 2006 contemplandum
2018 1967 2264 1999 Emmanuelem
2286 1969 2393 2000 lesum

1316 2003 1481 2036 Christum
1504 2006 1657 2047 rapiatur:
1676 2009 1720 2040 Et
1739 2011 1801 2040 erit
1819 2012 1964 2042 extensio
1984 2012 2114 2043 alarum
2137 2014 2207 2044 eius
2229 2011 2391 2056 (inquiens

1315 2058 1394 2080 vers.
1415 2048 1450 2093 8)
1470 2051 1606 2091 implens
1629 2053 1830 2085 latitudinem
1846 2060 1956 2087 terrae
1977 2062 2063 2095 tuae,
2084 2066 2104 2088 o
2125 2057 2332 2090 Emmanuel.

1381 2094 1515 2126 Nonum
1539 2103 1635 2137 caput
1658 2098 1810 2139 sequitur,
1830 2099 1863 2130 in
1881 2110 1949 2141 quo
1964 2100 2113 2132 historica
2131 2101 2212 2133 facta
2232 2103 2391 2144 quaedam

1314 2139 1428 2179 populi
1448 2139 1577 2179 Iudaici,
1597 2148 1633 2173 ut
1651 2142 1810 2184 aliquibus
1830 2144 1943 2185 placet,
1962 2145 2122 2186 Propheta
2141 2154 2260 2178 narrat:
2280 2147 2389 2180 simut-

1314 2193 1377 2224 que
1401 2184 1473 2215 data
1497 2185 1675 2225 occasione,
1695 2198 1714 2218 a
1733 2189 1826 2220 rebus
1846 2189 1974 2220 terrenis
1994 2190 2034 2221 ad
2053 2190 2174 2222 divinas
2193 2199 2322 2232 repente
2342 2198 2390 2224 ra·

1314 2227 1399 2268 pitur
1420 2228 1566 2270 fuditque
1589 2231 1787 2271 vaticinium,
1806 2234 1896 2275 quod
1919 2244 2023 2273 mere,
2044 2236 2204 2276 proxime,
2223 2236 2255 2267 vi
2278 2237 2389 2269 verbo·

1313 2281 1386 2303 rum
1409 2280 1440 2304 et
1461 2273 1592 2313 litterae,
1607 2276 1740 2308 refertur
1758 2278 1798 2308 ad
1817 2278 1996 2311 Christum:
2011 2280 2176 2312 Paruulus
2193 2282 2278 2313 enim
2293 2287 2391 2314 nam

1313 2322 1360 2348 est
1383 2318 1473 2349 nobis
1492 2317 1585 2361 (vers.
1607 2319 1660 2363 6),
1680 2327 1712 2352 et
1722 2322 1821 2363 filius
1843 2323 1940 2354 datus
1963 2329 2011 2355 est
2034 2325 2140 2363 nobis,
2162 2331 2193 2356 et
2205 2325 2325 2367 jactus
2342 2332 2390 2358 m

1306 2363 1513 2403 principatus
1530 2373 1629 2405 super
1646 2366 1816 2398 humerum
1836 2368 1924 2405 eius,·
1937 2374 1968 2399 et
1987 2369 2153 2401 vocabitur
2171 2380 2286 2402 nomen
2306 2371 2387 2410 eius,

1310 2406 1532 2446 Admirabilis,
1544 2408 1770 2449 Consiliarius,
1779 2412 1881 2451 Deus,
1890 2412 2010 2451 Fortis,
2019 2414 2118 2445 Pater
2122 2414 2239 2455 futuri
2252 2416 2386 2454 saeculi,

1310 2451 1465 2492 Princeps
1473 2454 1577 2493 pacis.
1597 2455 1870 2496 Multiplicabitur
1883 2458 1952 2489 eius
1969 2458 2150 2499 imperium,
2166 2465 2198 2490 et
2210 2461 2304 2501 pacis
2322 2470 2387 2492 non

1311 2497 1373 2527 erit
1384 2497 1470 2537 finis
1488 2495 1581 2539 (vers.
1603 2497 1648 2543 7).
1669 2500 1775 2541 Super
1792 2502 1908 2533 solium
1931 2503 2056 2541 David,
2077 2509 2108 2535 et
2129 2513 2229 2545 super
2247 2513 2386 2547 regnum

1311 2541 1381 2572 eius
1402 2541 1536 2580 sedebit,
1563 2548 1598 2574 ut
1621 2545 1788 2586 confirmet
1816 2546 1913 2585 illud,
1939 2553 1970 2578 et
1997 2549 2184 2580 corroboret
2211 2550 2244 2580 in
2268 2549 2387 2581 iuditio

1311 2590 1341 2616 et
1364 2586 1503 2624 iustitia,
1528 2588 1643 2619 amodo
1667 2595 1698 2620 et
1721 2600 1822 2631 usque
1845 2592 1878 2622 in
1906 2594 2145 2633 sempiternum.
2166 2593 2257 2631 Quot
2279 2594 2385 2634 verba,

1311 2636 1358 2660 tot
1381 2637 1456 2661 sunt
1479 2631 1687 2672 characteres,
1711 2634 1767 2675 qui
1791 2645 1895 2666 unum
1917 2637 2067 2668 Messinm
2096 2637 2199 2668 filium
2222 2638 2282 2669 Dei
2305 2638 2386 2671 deai-

1309 2681 1417 2714 gnant.
1437 2675 1550 2707 Paucis
1573 2679 1795 2718 complectitur
1819 2680 1930 2711 omnia
1953 2681 2098 2712 Thomas
2120 2682 2151 2712 in
2177 2682 2385 2714 Commenta-

1310 2718 1372 2749 rio:
1397 2719 1524 2758 Iudaei,
1540 2720 1698 2762 inquiens,
1719 2730 1885 2764 exponunt
1907 2725 1967 2756 hoc
1988 2725 2029 2756 de
2050 2726 2207 2768 Ezechias
2223 2727 2282 2758 sed
2292 2732 2386 2768 patet

1308 2763 1394 2804 quod
1407 2774 1546 2805 regnum
1567 2768 1636 2798 eius
1654 2777 1718 2798 non
1728 2767 1803 2809 fuit
1816 2769 2059 2801 corroboratum
2075 2771 2108 2801 in
2125 2776 2293 2803 aeternum
2299 2779 2314 2810 ,·
2327 2781 2386 2804 nee

1310 2809 1440 2839 nomina
1463 2812 1658 2843 conveniunt
1679 2812 1750 2851 sibi,
1769 2822 1853 2854 quae
1865 2814 2054 2856 significant
2075 2815 2217 2847 divinam
2242 2817 2383 2848 eminen-

1309 2853 1397 2885 tiam.
1417 2853 1479 2885 Sed
1493 2854 1570 2886 haec
1588 2856 1653 2887 iam
1671 2856 1755 2887 satis.
1776 2857 1944 2889 cancellos
1959 2859 2080 2901 quippe
2100 2859 2165 2891 iam
2185 2860 2267 2892 ultra
2285 2870 2384 2903 quam

1308 2907 1365 2938 par
1388 2905 1435 2929 eet
1453 2898 1585 2931 fortasse
1608 2902 1789 2942 transgressi
1813 2912 1942 2941 sumus,
1969 2904 2089 2935 nedum
2108 2905 2270 2936 maiestate
2291 2914 2383 2947 argu·

1309 2942 1408 2974 menti
1431 2943 1528 2974 veluti
1551 2945 1644 2986 rapti,
1667 2956 1779 2977 verum
1803 2946 2125 2990 etiarnvehementer
2147 2949 2303 2982 commoti
2324 2950 2383 2982 mi-

1308 2997 1369 3018 nus
1383 2996 1485 3029 aequa
1507 2988 1540 3019 in
1563 2991 1739 3021 Auctorem
1762 2990 1993 3024 Commentarii
2017 2993 2117 3025 nostri
2141 3001 2290 3033 censura;
2309 3004 2328 3026 e
2349 3004 2383 3027 re

1308 3038 1416 3062 nostra
1439 3032 1651 3066 existimantes
1674 3045 1752 3074 esse,
1772 3042 1808 3066 ut
1826 3036 2017 3068 methodum
2035 3038 2068 3068 in
2092 3039 2283 3079 exponendo
2304 3039 2384 3071 lsai·

1307 3075 1467 3117 Propheta
1489 3086 1644 3110 servatam
1667 3089 1686 3111 a
1708 3080 1838 3111 Thoma
1861 3087 2033 3121 tueremur,
2052 3083 2150 3114 veluti
2174 3083 2382 3124 aptissimam,

1307 3130 1326 3151 a
1350 3121 1482 3152 Iudaicis
1516 3124 1706 3155 commentis
1735 3125 1887 3164 alienam,
1911 3126 2053 3158 dissitam
2081 3127 2177 3159 etiam
2206 3138 2225 3159 ι
2251 3128 2382 3170 gemino

1308 3175 1402 3196 sensu
1426 3175 1539 3198 eorum
1563 3168 1618 3209 qui
1637 3168 1814 3209 iudaizant,
1840 3181 1875 3202 ac
1899 3170 2104 3212 frequentiori
2126 3172 2255 3204 tandem
2273 3172 2380 3204 catho-

1307 3210 1444 3241 licorum
1467 3211 1678 3253 interpretum
1702 3213 1800 3246 choro
1824 3225 2042 3247 communem.

1689 3309 1890 3347 CAPUT
1922 3311 1996 3348 111.

1307 3390 1426 3418 'rhomae
1435 3393 1559 3427 Aquinas
1577 3394 1757 3420 adiudicantur
1770 3395 1955 3422 Commentarii
1970 3397 1997 3422 in
2011 3397 2146 3423 lerenfiam
2159 3404 2191 3423 ae
2207 3396 2235 3423 in
2248 3394 2377 3422 Thmoo.

1379 3428 1540 3455 Reiiciuntur
1558 3429 1683 3456 postillae
1702 3430 1728 3456 in
1747 3431 1882 3458 Danielem
1906 3432 2027 3466 duosque
2050 3432 2130 3459 libros
2148 3432 2377 3459 machab-eorum

1379 3472 1442 3489 num
1456 3464 1576 3491 Thomae
1589 3466 1708 3498 Anguem
1723 3467 1779 3492 sive
1798 3467 1879 3493 lorsio
1894 3467 1949 3494 sive
1962 3467 2091 3500 Vallensi,
2108 3467 2185 3495 tribui
2199 3467 2310 3494 debeant
2329 3467 2380 3494 du-

1378 3499 1459 3525 bium.
1474 3500 1593 3526 casimiri
1612 3501 1709 3528 Oudini
1729 3502 1833 3528 dicteria
1851 3503 2017 3538 castigantur.

1307 3579 1329 3611 1.
1350 3574 1454 3654 Ad
1482 3590 1580 3621 opera
1607 3581 1705 3613 sancti
1735 3581 1883 3613 Thomae
1910 3582 2017 3614 redeat
2047 3591 2162 3614 sermo.
2194 3581 2378 3624 Sequuntur

1433 3622 1664 3656 Commentarii
1688 3625 1720 3656 in
1745 3626 1910 3657 ieremiam
1938 3626 2069 3668 eiusque
2092 3626 2248 3657 Threnos.
2278 3626 2378 3659 Silent

1305 3668 1512 3699 Ptolomaeus
1542 3669 1581 3699 de
1605 3669 1693 3700 Luca
1721 3676 1752 3700 et
1775 3670 1966 3701 Guillelmus
1996 3671 2035 3701 de
2059 3671 2179 3702 Tocco.
2205 3673 2248 3710 At
2271 3671 2376 3712 Logo·
