2548 4192
189 282 291 306 CCCVI

189 349 369 380 Parisiensis
402 349 496 379 huius
521 348 658 378 nominis
682 348 775 385 alter,
800 348 951 387 Aegidius
976 348 1014 377 de
1031 347 1191 377 Columna
1208 357 1260 376 ro-

190 404 303 425 manus
324 393 439 434 aliique
465 393 627 433 anonymi.
653 393 739 422 Haec
764 402 838 422 vero
863 392 1007 432 quisquis
1033 391 1261 421 animadvertat

190 439 282 476 serio,
308 438 438 468 minime
463 447 536 467 cum
553 437 670 467 Zornio
695 437 815 472 dixerit,
840 437 879 466 de
901 437 1018 466 Thoma
1043 437 1173 475 eiusque
1194 437 1259 466 exi-

189 484 371 514 stimatione
385 482 463 522 fere
486 487 591 511 actum
608 480 726 520 fuisse.
754 481 821 509 lmo
839 481 985 509 Thomae
1010 480 1197 509 existimatio
1214 480 1260 509 in-

191 534 348 558 crementa
371 526 480 556 habuit
504 525 650 554 maxima.
676 525 854 563 Stephanus
879 524 998 564 quippe
1027 525 1065 553 de
1091 524 1260 554 Bourretto

191 580 222 603 et
237 572 303 611 ipse
320 571 457 601 Antistes
474 569 672 605 Parisiensis,
693 578 873 604 rumorem,
899 568 953 608 qui
971 575 1080 598 contra
1097 568 1261 598 Thomam

191 617 264 647 exiit
286 616 318 645 in
342 615 466 653 vulgus,
492 613 633 643 cohibuit
657 612 917 652 compressitque,
942 609 1051 642 litteris
1071 612 1150 642 datis
1174 613 1262 653 apud

194 661 405 692 Gentiliacum
435 667 521 687 anno
543 657 676 686 Domini
691 657 786 693 1324,
804 657 855 686 die
878 657 957 687 iovis
972 662 1048 686 ante
1072 666 1183 687 sacros
1209 657 1260 687 Ci-

192 715 301 741 neres,
327 703 408 743 stylo
433 711 518 731 novo
549 701 641 731 1325.

259 750 293 778 ln
317 747 364 777 his
394 746 604 776 antecessoris
634 745 862 781 anathemata,
893 755 976 785 quae
1009 745 1059 775 vel
1082 745 1261 786 tangebant

193 794 243 825 vel
257 799 392 832 tangere
412 791 524 820 saltem
549 789 739 819 videbantur
754 790 933 819 doctrinam
955 790 1093 819 Thomae
1108 790 1148 819 de
1164 791 1260 830 Aqui—

192 848 250 874 no,
280 836 459 866 obliteravit
477 843 626 874 prorsus.
658 834 765 864 Zornii
789 835 884 864 verba
907 841 998 871 sunt,
1023 844 1105 874 quae
1129 834 1261 864 minime

192 880 340 921 Stephani
360 879 548 909 sententiam
572 878 761 918 exprimunt.
787 879 874 908 Haec
897 879 940 908 ita
956 889 988 909 se
1004 879 1114 908 habet:
1139 879 1260 918 Supra-

191 927 306 957 dictam
327 924 538 954 articulorum
561 923 855 953 condemnationem
876 928 906 953 et
923 924 1262 953 excommunicationis

190 970 394 1005 sententiam,
421 969 453 997 in
477 972 632 1007 quantum
664 972 805 1008 tangunt
835 968 885 998 vel
910 973 1046 1008 tangere
1069 974 1262 998 asseruntur

190 1025 303 1046 sanam
327 1013 506 1043 doctrinam
535 1013 639 1042 sancti
667 1012 858 1042 Thomae...
879 1013 1020 1042 totaliter
1038 1013 1257 1043 annullamus.

190 1061 379 1090 Persuasum
404 1063 468 1086 erat
490 1056 558 1086 viro
582 1056 786 1093 doctissimo,
811 1066 847 1086 ea
870 1064 976 1086 mente
1001 1057 1198 1096 Stephanum
1222 1057 1260 1087 de

190 1103 342 1142 Tempier
360 1101 513 1142 quosdam
530 1101 686 1131 articulos
705 1101 881 1137 damnasse,
900 1111 940 1131 ne
953 1101 1094 1141 forsitan
1110 1111 1163 1132 eos
1178 1102 1262 1132 male

191 1149 405 1188 intelligentes
420 1146 573 1176 caderent
596 1146 628 1174 in
646 1155 800 1175 errorem.
819 1145 982 1186 Siquidem
999 1146 1176 1186 petulantes
1193 1146 1261 1186 qui-

192 1193 265 1222 dam
293 1191 455 1222 studentes
480 1191 511 1219 in
541 1190 665 1220 artibus
695 1200 734 1220 ac
762 1191 918 1230 propriae
941 1190 1117 1230 facultatis
1147 1191 1262 1221 limites

191 1236 439 1270 trascendentes.
456 1234 566 1274 putida
585 1234 733 1264 Averrois
750 1241 780 1264 et
797 1236 939 1265 Arabum
957 1242 1138 1265 commenta
1154 1236 1261 1274 vulga-

190 1284 266 1313 bant
289 1282 321 1311 in
346 1279 480 1316 scholis;
505 1279 679 1318 eademque
703 1285 739 1309 ut
763 1278 883 1309 facilius
906 1279 1099 1316 inveherent,
1119 1279 1262 1310 innoxia—

191 1337 264 1358 rum
288 1325 401 1356 cortice
425 1323 563 1354 thesium
587 1323 741 1362 tegebant.
774 1324 853 1353 Tres
881 1323 932 1353 vel
955 1331 1110 1364 quatuor,
1138 1324 1262 1364 paucis-

191 1372 289 1402 simae
313 1370 379 1400 sine
404 1368 519 1406 dubio,
544 1367 645 1397 littera
668 1367 823 1407 inspecta,
843 1368 1025 1407 prostabant
1047 1368 1080 1398 in
1104 1368 1263 1408 Operibus

191 1416 349 1451 Thomae,
371 1413 425 1443 sed
442 1412 504 1442 alio
521 1419 631 1442 sensu:
656 1411 729 1441 hinc
745 1412 777 1441 in
792 1418 862 1442 tuto
887 1418 922 1441 ut
945 1419 1077 1451 poneret
1093 1413 1131 1442 ab
1147 1413 1263 1443 eodem

191 1461 329 1491 Doctore
349 1464 548 1498 propugnata
571 1456 718 1495 dogmata
744 1456 807 1485 sive
832 1456 1054 1495 philosophica
1078 1457 1142 1487 sive
1173 1457 1262 1487 theo-

190 1505 308 1544 logica,
333 1502 498 1533 obliterare
521 1501 733 1530 articulorum
759 1500 1053 1530 condemnationem
1083 1506 1114 1531 et
1137 1511 1261 1531 excom-

191 1548 417 1579 municationis
431 1546 633 1581 sententiam,
659 1544 780 1574 censuit
795 1545 842 1574 vir
858 1544 1121 1584 prudentissimus
1138 1546 1196 1576 sub
1213 1545 1262 1576 his

189 1593 308 1623 verbis:
335 1592 373 1622 In
397 1595 551 1631 quantum
576 1594 717 1629 tangunt
741 1589 791 1619 vel
809 1594 946 1629 tangere
960 1595 1154 1620 asseruntur
1176 1588 1261 1632 (non

191 1638 351 1673 videntur,
370 1642 405 1665 ut
418 1632 572 1675 Zornius)
588 1643 701 1663 sanam
719 1633 898 1663 doctrinam
915 1643 939 1664 s.
958 1634 1105 1664 Thomae.
1128 1635 1261 1665 Tactam

190 1691 296 1713 revera
319 1681 357 1710 ab
382 1686 575 1709 antecessore
600 1677 775 1707 doctrinam
800 1678 967 1718 Aquinatis
999 1678 1131 1709 minime
1160 1679 1261 1710 existi-

191 1727 312 1757 mabat:
338 1724 498 1754 infensum
522 1729 628 1752 tamen
653 1722 834 1762 aliquorum
859 1722 1003 1753 animum
1027 1730 1176 1761 noverat,
1205 1724 1260 1765 qui

190 1772 222 1802 id
245 1769 446 1801 adserebant.
465 1768 542 1797 Lata
558 1766 710 1796 sententia
726 1766 834 1796 hostes
851 1767 1028 1805 debellavit,
1052 1767 1261 1809 animumque

191 1825 287 1847 suum
311 1813 434 1853 aperuit
459 1810 628 1852 praeconio
653 1810 797 1847 laudum,
827 1821 893 1851 quo
917 1812 1082 1842 Thomam
1106 1813 1260 1843 celebrat:

191 1862 277 1897 Fuit,
298 1857 455 1898 inquiens,
472 1856 666 1886 universalis
688 1855 853 1886 Ecclesiae
872 1856 979 1886 lumen
998 1856 1260 1898 praefulgidum,

190 1913 319 1947 gemma
344 1902 478 1932 radians
501 1901 702 1936 clericorum,
721 1899 802 1941 sons
825 1900 1007 1938 doctorum,
1036 1901 1262 1932 Universitatis

192 1955 322 1980 nostrae
343 1946 536 1976 Parisiensis
558 1945 721 1984 speculum
746 1945 961 1975 clarissimum
986 1950 1016 1975 et
1032 1946 1261 1976 candelabrum

191 1995 320 2034 insigne
333 2001 373 2022 ac
389 1991 515 2021 lucens:
526 1999 589 2029 per
605 1989 690 2029 quod
704 1998 824 2026 omnes,
836 1990 892 2029 qui
907 1991 976 2020 vias
993 1991 1077 2020 vitae
1091 1996 1121 2021 et
1136 1991 1263 2021 scholas

191 2038 358 2070 doctrinae
371 2044 472 2065 sanae
482 2034 723 2074 ingrediuntur,
735 2034 842 2064 lumen
861 2034 986 2064 vident:
1002 2035 1150 2066 claritate
1167 2036 1261 2072 vitae,

181 2084 302 2125 famae
325 2081 435 2111 clarae
465 2084 495 2109 et
518 2079 671 2108 scientiae
698 2077 826 2109 lucidae
833 2102 843 2117 ,
870 2079 956 2109 velut
978 2080 1072 2109 stella
1095 2080 1262 2120 splendida

191 2134 222 2159 et
245 2126 414 2160 matutina,
440 2123 619 2163 refulgens.

259 2174 301 2202 At
319 2174 432 2210 patres
447 2167 702 2203 Praedicatores,
718 2165 823 2206 inquit
837 2167 984 2204 Zornius,
1000 2178 1062 2208 per
1091 2178 1167 2199 suos
1183 2178 1263 2198 nun-

192 2218 267 2253 cios,
287 2214 417 2255 publico
441 2213 537 2242 totius
562 2211 694 2241 Ordinis
717 2212 769 2241 sui
793 2212 920 2242 nomine
944 2217 974 2243 et
989 2214 1132 2250 consilio,
1155 2223 1176 2243 a
1195 2213 1263 2243 Ste-

186 2262 298 2302 phano
322 2257 569 2297 conceptissimis
593 2255 696 2286 verbis
715 2256 900 2295 petierunt,
929 2262 964 2287 ut
983 2258 1152 2297 praedicta
1176 2262 1263 2287 ante-

193 2305 327 2337 cessoris
350 2302 556 2333 anathemata
581 2310 598 2330 e
621 2300 724 2330 medio
749 2301 884 2330 tolleret.
917 2301 1029 2341 Neque
1053 2312 1128 2332 vero
1152 2302 1265 2332 abnuit

193 2350 384 2390 Stephanus,
406 2346 516 2376 relicto
536 2345 687 2384 precibus
703 2345 781 2375 loco·
807 2344 991 2376 Commune
1009 2346 1265 2377 Praedicatorum

192 2393 322 2425 Ordinis
344 2398 458 2421 votum
481 2390 564 2420 istud
585 2389 691 2426 fuisse,
716 2399 774 2429 pro
799 2396 884 2419 certo
908 2390 1028 2421 habeo:
1053 2397 1085 2421 at
1107 2391 1265 2431 supplices

192 2438 315 2468 libellos
340 2447 356 2466 a
379 2435 452 2464 viris
472 2434 621 2473 dignitate
641 2440 671 2463 et
686 2433 828 2463 doctrina
844 2434 1022 2465 clarissimis
1040 2435 1163 2466 oblatos
1184 2435 1265 2466 eius-

194 2483 267 2512 dem
292 2479 441 2520 Stephani
466 2479 504 2508 de
527 2479 695 2508 Bourretto
727 2477 845 2508 litterae
877 2478 1001 2509 docent.
1033 2479 1100 2510 Cur
1124 2490 1175 2510 eas
1199 2490 1265 2511 non

194 2526 303 2565 legerit
331 2520 488 2555 Zornius?
512 2523 641 2552 Habeo:
680 2522 880 2552 Venerabiles
908 2524 1014 2560 viros,
1039 2525 1207 2555 Decanum
1236 2530 1266 2555 et

196 2570 381 2610 Capitulum
412 2567 577 2598 Ecclesiae
600 2565 813 2596 parisiensis...
832 2577 896 2606 per
923 2569 1135 2598 venerabilem
1160 2570 1264 2599 virum

193 2616 386 2656 magistrum
411 2611 626 2642 Annibaldum
647 2610 824 2647 Decanum,
841 2611 1080 2643 Atrebatensem
1104 2613 1265 2643 archidia-

194 2669 330 2695 conum,
362 2666 477 2688 sacrae
500 2655 680 2695 theologiae
698 2654 859 2684 doctorem
889 2661 919 2686 et
946 2656 1110 2687 dominum
1134 2658 1264 2687 Petrum

194 2705 234 2735 de
262 2702 399 2743 Fagello
429 2701 642 2730 Parisiensem
671 2700 880 2736 canonicum,
913 2709 1023 2730 eorum
1049 2706 1186 2741 propter
1208 2702 1267 2732 hoc

196 2749 330 2779 nuncios
359 2746 403 2776 ad
427 2754 484 2775 nos
513 2744 696 2784 specialiter
725 2743 920 2781 destinatos,
954 2754 1012 2775 nos
1042 2746 1264 2785 requisivisse,

195 2793 346 2832 nobisque
367 2790 564 2830 supplicasse
586 2795 645 2818 etc.
676 2787 788 2817 Habeo
813 2787 928 2825 etiam,
958 2789 1115 2829 supplices
1143 2789 1266 2819 libellos

195 2838 286 2867 datos
302 2846 322 2866 a
339 2834 514 2865 venerabili
524 2838 621 2873 patre
637 2832 765 2862 domino
782 2831 953 2862 Guillelmo
969 2834 1032 2863 Dei
1044 2834 1154 2874 gratia
1177 2833 1266 2864 Vien-

198 2882 290 2912 nensi
305 2879 549 2919 Archiepiscopo
576 2886 691 2908 sacrae
719 2876 899 2917 theologiae
925 2877 1113 2918 professore
1141 2882 1171 2908 et
1193 2878 1267 2908 aliis

196 2926 311 2966 viginti
326 2924 426 2955 tribus
443 2922 610 2962 magistris
625 2922 657 2951 in
675 2921 846 2961 theologia.
866 2921 977 2952 Habeo
994 2922 1126 2952 demum
1143 2922 1268 2953 litteras

197 2971 333 3011 triginta
358 2978 468 2999 novem
496 2966 782 2997 baccalaureorum
808 2966 840 2995 in
865 2966 1046 3007 theologia,
1078 2976 1176 3006 super
1207 2967 1269 2997 hac

198 3024 234 3044 re
249 3013 481 3044 consulentium
497 3016 527 3041 et
542 3011 738 3051 rogantium.
760 3009 923 3040 Pollicitus
947 3017 1012 3041 erat
1033 3011 1167 3041 Zornius
1189 3011 1267 3041 nihil

196 3069 228 3088 se
244 3069 279 3088 ex
295 3057 407 3088 libellis
431 3055 512 3086 Petri
529 3055 567 3085 de
583 3055 663 3085 Alva
687 3061 717 3084 et
741 3055 875 3094 Astorga
891 3055 1163 3095 transcripturum‚
1179 3055 1268 3096 quod

196 3103 239 3133 ad
263 3102 406 3132 veritatis
429 3101 552 3131 lancem
578 3109 643 3129 non
667 3098 810 3138 exigeret.
844 3099 1055 3140 Transcripsit
1078 3100 1145 3130 sine
1169 3100 1268 3131 dubio

198 3146 322 3177 omnia:
347 3146 386 3176 ad
409 3144 546 3175 veritatis
569 3144 691 3173 lancem
716 3143 816 3183 exegit
839 3143 927 3174 nihil.

596 3240 790 3278 CAPUT
821 3242 873 3278 11.

198 3321 225 3346 ln
244 3320 347 3352 negotio
366 3319 467 3344 Ioannis
487 3319 519 3344 de
539 3319 706 3349 Monteeono,
726 3319 787 3344 nihil
808 3320 938 3345 doctrinae
958 3321 1038 3346 sancti
1057 3321 1176 3346 'rhomae
1195 3322 1270 3347 dero-

269 3362 364 3388 gatum.
385 3354 503 3388 lmperita
523 3355 590 3379 Petri
606 3355 756 3379 Alliacensis
776 3363 892 3381 censura.
912 3356 1028 3388 Aquinas
1051 3362 1185 3382 tractatum
1208 3357 1270 3382 scri-

269 3391 319 3424 psit
339 3398 471 3423 nunquam
483 3390 521 3415 De
536 3390 713 3415 concordantia
734 3390 860 3416 dictorum
880 3399 996 3417 suorum.
1016 3392 1136 3418 Vindices
1151 3393 1270 3418 Thomae

269 3426 357 3451 inscite
372 3431 499 3451 memorat
513 3426 630 3450 Zornius.
650 3426 779 3450 Germana
799 3427 914 3452 eiusdem
930 3427 1017 3461 Opera
1037 3436 1174 3461 perperam
1189 3436 1270 3462 pauca

269 3467 386 3486 numerat
404 3469 433 3486 ac
452 3461 676 3494 impudentissime
695 3467 813 3495 corrupta
832 3462 934 3488 adserit.

203 3539 225 3569 Ι.
258 3552 271 3567 α
292 3533 371 3613 Ex
386 3549 424 3570 eo
439 3547 582 3580 tempore
599 3540 720 3582 (pergit
736 3540 804 3582 ille)
816 3541 962 3572 Thomae
978 3542 1091 3582 scripta
1106 3542 1138 3573 in
1154 3542 1270 3574 scholis

258 3596 272 3610 ιο
354 3584 478 3623 publice
502 3591 613 3624 coepta
630 3592 703 3615 sunt
718 3586 834 3624 perlegi
857 3593 887 3616 et
903 3586 1117 3617 commendari
1142 3585 1200 3629 (ad
1217 3597 1270 3618 ne-

204 3638 219 3654 »
241 3627 365 3666 gotium
389 3637 500 3668 usque,
524 3629 613 3668 quod
637 3639 720 3659 anno
744 3630 824 3670 1387
843 3630 953 3661 habuit
972 3631 1105 3661 loannes
1122 3631 1160 3661 de
1176 3632 1270 3662 Mon-

914 267 1376 305 DlSSERTATIONES
1406 268 1655 305 CRITICAE

1321 360 1335 374 »
1358 354 1471 377 resono
1503 358 1578 378 cum
1601 349 1772 379 Academia
1802 349 1997 393 Parisiensi).
2033 351 2124 388 Quae
2149 348 2390 394 (Universitas)

1321 404 1335 419 »
1358 392 1474 422 obiecit
1497 392 1644 422 Thomae
1673 400 1721 424 tot
1749 393 1781 423 in
1805 393 1867 424 fide
1891 404 2030 433 errores,
2060 402 2108 426 tot
2137 395 2391 435 contrarietates,

1320 449 1334 462 »
1358 443 1404 466 tot
1421 437 1676 476 repugnationes,
1697 438 1792 468 etiam
1808 438 1840 468 in
1858 439 1987 469 materia
2003 440 2042 469 ad
2059 439 2156 470 fidem
2173 440 2358 479 pertinente.
2373 453 2387 467 >v

1317 481 1401 513 Nota
1424 481 1538 520 legitur
1561 481 1593 511 in
1614 482 1771 521 margine:
1800 495 1815 510 ex
1828 485 1911 513 Ante
1935 483 2013 513 alios
2030 484 2140 514 Petrus
2165 485 2203 514 de
2220 485 2342 514 Alliaco
2359 485 2392 514 in

1320 537 1334 551 »
1357 525 1437 555 libro
1463 532 1571 555 contra
1598 526 1751 556 Ioannem
1781 527 1819 557 de
1843 528 2035 557 Montesono
2065 528 2330 559 contradictiones
2359 529 2392 559 in

1320 582 1334 596 ³>
1358 569 1487 599 Thoma
1502 577 1686 609 apparentes
1702 571 1836 610 collegit.
1854 571 1915 601 Sed
1931 572 1970 601 ad
1987 572 2060 602 istas
2075 573 2298 613 repugnantias
2315 583 2391 603 con-

1319 626 1334 640 »
1358 613 1506 644 ciliandas
1523 621 1653 645 testatur
1670 615 1802 645 Ioannes
1820 615 1930 646 Vitalis
1954 616 2066 646 doctor
2089 617 2278 656 parisiensis,
2303 618 2392 647 Tho—

1320 670 1334 685 ω
1358 668 1445 687 mam
1464 658 1571 698 ipsum
1591 659 1750 699 scripsisse
1770 660 1886 690 librum
1903 660 2191 691 Retractationum.
2206 674 2220 687 ›
2248 661 2392 692 Dubium

1317 702 1444 732 nullum
1468 703 1508 732 ad
1528 703 1653 733 lancem
1675 704 1811 734 veritatis
1835 704 1921 734 haud
1946 715 2069 735 curasse
2092 705 2221 735 Petrum
2237 706 2393 736 Zornium

1317 756 1353 776 ea
1377 746 1569 784 examinare,
1594 757 1675 787 quae
1699 757 1736 778 ex
1759 749 1852 778 Petro
1876 749 1916 778 de
1939 749 2019 779 Alva
2043 749 2219 789 colligebat.
2245 750 2392 781 Thomae

1318 790 1467 820 obiecerit
1490 791 1662 821 Academia
1684 791 1866 822 Parisiensis
1891 794 1923 822 in
1938 793 2011 833 fide
2029 794 2188 824 errores?
2210 794 2389 834 Magistros,

1318 834 1373 875 qui
1389 842 1498 864 contra
1514 836 1743 866 Montesonum
1758 846 1843 866 anno
1866 837 1959 877 1387,
1975 838 2058 878 stylo
2076 847 2163 868 novo
2185 849 2194 867 1
2205 838 2266 868 388
2283 838 2332 868 die
2354 848 2392 878 14

1318 879 1434 909 mensis
1459 879 1606 909 februarii
1622 880 1709 919 apud
1725 887 1870 910 sanctum
1885 881 2105 911 Mathurinum
2128 882 2315 912 sententiam
2339 889 2390 913 tu-

1316 924 1390 960 lere,
1402 923 1651 954 luculentissime
1666 931 1814 954 testantes
1828 925 1947 955 habeo:
1965 926 2034 955 Nos
2047 926 2198 956 millesies
2211 926 2390 958 diximus...

1317 969 1457 1008 qualiter
1465 969 1570 998 sancti
1585 968 1723 998 Thomae
1732 969 1912 999 doctrinam
1925 970 1956 999 in
1972 969 2057 999 dicta
2075 975 2186 1000 nostra
2198 970 2391 1001 condemna-

1317 1014 1403 1042 tione
1420 1022 1621 1052 nequaquam
1646 1013 1865 1052 reprobamus.
1890 1011 1998 1050 Quid?
2021 1014 2110 1054 quod
2131 1014 2199 1053 ipse
2217 1014 2332 1049 ,Petrus
2352 1015 2392 1045 de

1318 1057 1452 1094 Alliaco,
1469 1057 1524 1097 qui
1541 1057 1613 1096 plus
1630 1056 1730 1087 nimio
1748 1057 1907 1087 calamum
1926 1057 2020 1095 acuit,
2037 1058 2070 1088 in
2086 1058 2221 1088 Actione
2237 1068 2294 1088 sua
2311 1059 2393 1089 dicta

1318 1101 1483 1131 Avenione
1499 1101 1531 1130 in
1548 1101 1749 1132 Consistorio
1765 1112 1853 1132 num.
1874 1112 1890 1132 2
1909 1102 1952 1132 sic
1969 1102 2028 1132 ait:
2048 1103 2285 1140 Protestamur,
2308 1103 2394 1144 quod

1318 1151 1431 1176 contra
1451 1146 1603 1176 honorem
1626 1151 1656 1176 et
1677 1147 1890 1176 reverentiam
1909 1148 2014 1177 sancti
2042 1147 2182 1177 Thomae
2196 1147 2236 1177 de
2251 1148 2389 1188 Aquino,

1318 1196 1376 1220 aut
1405 1190 1572 1220 doctrinae
1606 1191 1706 1230 ipsius
1735 1191 1815 1221 nihil
1848 1192 1979 1221 omnino
2003 1201 2232 1231 proponemus.
2265 1192 2393 1222 Dixerat

1319 1234 1413 1265 etiam
1429 1235 1462 1264 in
1479 1235 1631 1265 Sermone
1648 1245 1656 1264 1
1671 1245 1778 1265 coram
1794 1235 2072 1275 Papa-Clemente,
2083 1235 2116 1265 in
2132 1235 2199 1266 eius
2214 1235 2394 1266 obedientia

1319 1279 1391 1310 Vll:
1413 1278 1507 1316 Quod
1523 1280 1614 1309 nulla
1631 1289 1742 1309 earum
1761 1277 1930 1321 (thesium,
1949 1290 2031 1320 quae
2054 1280 2251 1310 damnandae
2274 1290 2393 1320 propo-

1319 1324 1475 1354 nebantur
1499 1330 1607 1354 contra
1621 1322 1870 1366 Montesonum)
1887 1334 1929 1354 ex
1944 1325 2036 1354 dictis
2058 1325 2165 1355 sancti
2185 1325 2324 1355 Thomae
2338 1324 2392 1355 do-

1318 1368 1528 1409 gmatizanda
1553 1369 1611 1405 sit,
1637 1369 1784 1408 quamvis
1802 1378 1930 1408 possem
1957 1369 2134 1407 ostendere,
2159 1379 2247 1400 nunc
2271 1370 2392 1400 omitto.

1319 1412 1406 1442 Haec
1417 1419 1490 1442 sunt
1504 1412 1693 1443 inconcussa
1703 1413 1906 1450 documenta,
1917 1413 2034 1453 quibus
2049 1423 2115 1443 non
2126 1415 2230 1450 varia,
2242 1413 2298 1443 sed
2308 1414 2393 1443 bona

1319 1466 1444 1496 semper
1467 1466 1503 1487 ac
1526 1457 1664 1496 propitia
1683 1467 1741 1497 pro
1766 1457 1884 1487 meritis
1902 1457 2029 1488 fortuna
2043 1458 2191 1488 Thomae
2214 1457 2368 1488 innititur.

1386 1500 1423 1531 11.
1442 1500 1589 1530 Candido
1609 1507 1715 1531 tamen
1732 1501 1832 1531 fateor
1847 1501 1967 1540 animo,
1985 1502 2091 1532 minus
2108 1512 2249 1543 aequum
2272 1502 2305 1532 in
2322 1511 2392 1532 san-

1319 1550 1406 1575 ctum
1430 1544 1602 1576 Doctorem
1626 1545 1775 1585 praebere
1789 1556 1822 1576 se
1840 1546 1970 1581 Petrum
1986 1546 2197 1577 Alliacensem
2212 1546 2245 1576 in
2262 1546 2392 1584 fusiore,

1318 1598 1416 1628 quem
1445 1589 1561 1627 edidit,
1589 1589 1647 1619 hac
1671 1589 1710 1620 de
1734 1599 1766 1619 re
1798 1596 1940 1620 tractatu.
1967 1591 2122 1630 Exempla
2154 1600 2304 1621 errorum
2327 1590 2395 1621 divi

1323 1633 1462 1663 Thomae
1485 1633 1585 1673 capite
1604 1644 1625 1672 1,
1645 1640 1676 1664 et
1697 1634 1841 1674 exempla
1863 1636 2129 1665 contrarietatum
2149 1636 2244 1665 etiam
2269 1636 2302 1665 in
2327 1644 2394 1665 ma—

1317 1678 1399 1708 teria
1423 1677 1467 1708 ad
1485 1678 1590 1719 fidem
1616 1679 1800 1718 pertinente
1824 1678 1924 1718 capite
1954 1689 1988 1708 111
2012 1678 2141 1709 adducit
2162 1679 2226 1709 ille.
2252 1678 2394 1709 Iudicem

1317 1732 1378 1762 ego
1402 1723 1532 1762 postulo
1556 1722 1798 1763 aequissimum,
1822 1722 1878 1763 qui
1902 1722 1969 1753 sine
1993 1723 2091 1762 gratia
2114 1730 2145 1754 et
2168 1723 2244 1753 odio
2269 1729 2393 1754 senten-

1317 1766 1394 1797 tiam
1424 1766 1511 1797 ferat.
1532 1779 1547 1795 ‹<
1566 1767 1711 1797 Primum
1744 1767 1928 1807 exemplum
1951 1777 2095 1798 errorum
2120 1767 2143 1798 1.
2169 1777 2202 1808 p.
2229 1767 2393 1806 Summae,

1319 1823 1334 1839 2·
1357 1821 1388 1852 q.
1405 1821 1499 1849 van,
1516 1811 1601 1842 artic.
1620 1811 1675 1842 ult.
1693 1811 1726 1842 in
1742 1822 1823 1852 resp.
1836 1812 1894 1842 ult.
1905 1819 1981 1852 arg.:
1999 1812 2094 1849 Quod
2108 1822 2171 1842 non
2188 1817 2235 1843 est
2243 1811 2397 1852 possibile

1319 1868 1333 1883 >
1356 1856 1455 1886 aliam
1480 1861 1602 1886 terram
1627 1866 1695 1887 esse
1713 1866 1809 1896 quam
1835 1857 1940 1894 istam,
1961 1857 2037 1896 quia
2057 1857 2162 1887 omnis
2185 1862 2274 1887 terra
2299 1861 2394 1887 natu-

1320 1913 1334 1928 »
1357 1901 1473 1930 raliter
1487 1900 1531 1931 ad
1546 1901 1605 1931 hoc
1621 1900 1759 1931 medium
1766 1900 1932 1941 serretur,
1951 1901 2142 1941 ubicumque
2165 1906 2256 1932 esset.
2271 1913 2286 1928 ›
2301 1901 2394 1938 Quae

1317 1945 1510 1985 praecedunt
1531 1945 1625 1975 verba
1645 1945 1804 1983 Thomae,
1821 1945 1898 1975 haec
1921 1952 2012 1975 sunt:
2032 1945 2179 1976 Mundus
2202 1950 2328 1976 constat
2353 1955 2396 1976 ex

1317 1994 1383 2020 tota
1405 1998 1467 2019 sua
1491 1991 1651 2020 materia:
1681 1989 1797 2030 quibus
1820 1989 1990 2020 innotescit
2013 1990 2052 2020 de
2076 1999 2143 2020 uno
2166 1989 2223 2020 illo
2248 1995 2394 2020 sanctum

1318 2034 1492 2064 Doctorem
1514 2033 1605 2074 loqui
1622 2034 1757 2071 mundo,
1774 2033 1830 2074 qui
1854 2040 1910 2064 est.
1927 2034 2012 2064 Hinc
2035 2034 2130 2064 verba
2145 2043 2227 2075 quae
2250 2040 2391 2075 sequun-

1318 2085 1379 2116 tur,
1396 2088 1453 2118 par
1476 2084 1522 2108 est
1538 2077 1668 2118 intelligi
1685 2078 1797 2108 debere
1812 2079 1988 2109 secundum
1999 2079 2178 2118 potentiam
2196 2078 2308 2109 mundi
2323 2087 2391 2108 ma-

1318 2123 1474 2159 terialem,
1487 2129 1523 2153 ut
1545 2122 1600 2164 (ib.
1599 2122 1619 2164 )
1643 2122 1685 2153 ait
1701 2122 1838 2163 Sylvius,
1849 2127 1880 2153 et
1893 2128 2034 2163 spectato
2051 2132 2087 2153 eo
2097 2132 2207 2153 rerum
2224 2132 2322 2154 cursu
2337 2123 2394 2163 qui

1319 2177 1406 2198 nunc
1429 2172 1494 2198 est:
1513 2177 1575 2198 non
1600 2172 1706 2198 autem
1731 2167 1907 2198 secundum
1926 2168 2105 2207 potentiam
2121 2167 2185 2198 Dei
2210 2167 2388 2205 Creator-is,

1320 2221 1421 2252 neque
1443 2217 1584 2252 spectato
1608 2212 1663 2242 illo
1679 2221 1789 2242 rerum
1814 2221 1924 2248 cursu,
1942 2221 2034 2252 quem
2052 2213 2119 2252 ipse
2131 2217 2239 2252 potest
2255 2221 2319 2252 pro
2333 2221 2393 2243 suo

1319 2256 1514 2296 beneplacito
1537 2257 1627 2287 dare.
1645 2256 1788 2287 Consule
1811 2256 1941 2295 ibidem,
1959 2266 2040 2297 quae
2059 2255 2222 2296 aptissima
2245 2256 2394 2287 Thomae

1320 2301 1512 2332 documenta
1536 2300 1716 2331 afferuntur.
1735 2301 1802 2331 lam
1821 2300 1943 2341 primus
1960 2310 2046 2331 error
2061 2300 2094 2331 in
2111 2310 2202 2331 auras
2223 2300 2298 2331 abit.
2312 2313 2327 2328 ι
2340 2300 2394 2332 Se-

1323 2358 1336 2372 »
1361 2345 1503 2376 cundum
1520 2345 1703 2385 exemplum
1717 2345 1798 2375 infra
1814 2351 1934 2386 quaest.
1952 2356 1982 2383 1.‚
1994 2352 2049 2376 art.
2066 2355 2109 2383 tv,
2120 2352 2151 2376 et
2165 2351 2286 2386 quaest.
2302 2355 2394 2384 Lxxv,

1323 2402 1338 2417 »
1359 2397 1416 2429 art.
1435 2390 1503 2420 ult.:
1525 2390 1620 2427 Quod
1635 2389 1826 2430 impossibile
1845 2395 1890 2420 est
1910 2389 1992 2420 duos
2009 2389 2153 2430 Angelos
2169 2399 2238 2420 esse
2253 2389 2394 2420 eiusdem

1323 2447 1337 2462 »
1360 2435 1519 2475 speciei.»
1539 2434 1673 2465 Thesim
1706 2434 1869 2464 innoxiam
1897 2444 1956 2474 pro
1988 2434 2083 2475 genio
2116 2433 2310 2475 ingenioque
2342 2433 2394 2464 vel

1320 2486 1449 2510 tuentur
1480 2479 1531 2509 vel
1561 2478 1705 2509 reiiciunt
1734 2478 1876 2518 theologi
1911 2488 1947 2509 ac
1983 2478 2170 2519 philosophi
2199 2478 2233 2508 in
2266 2477 2392 2509 scholis.

1320 2523 1406 2554 Nihil
1422 2523 1507 2554 enim
1525 2523 1674 2554 divinitus
1691 2523 1848 2554 Ecclesiae
1865 2522 2048 2564 Catholicae
2065 2522 2215 2554 traditum
2232 2529 2289 2561 est,
2304 2522 2395 2564 quod

1320 2568 1519 2607 Angelorum
1543 2567 1760 2605 differentiam,
1778 2567 1880 2608 qualis
1896 2577 1932 2598 ea
1949 2568 2081 2598 demum
2105 2567 2327 2598 constituenda
2342 2566 2393 2606 sit,

1321 2613 1401 2642 clare
1413 2613 1545 2652 detegat.
1561 2626 1575 2640 ι
1588 2612 1734 2643 Tertium
1749 2612 1932 2652 exemplum
1946 2611 2027 2642 infra
2041 2618 2162 2652 quaest.
2174 2621 2276 2649 Lxth,
2293 2617 2348 2642 art.
2359 2620 2395 2642 m

1324 2670 1338 2684 »
1361 2663 1392 2687 et
1406 2663 1476 2686 vm:
1493 2657 1544 2686 De
1567 2657 1690 2687 unitate
1703 2655 1840 2696 formae
1861 2656 2084 2686 substantialis
2101 2657 2134 2686 in
2153 2656 2290 2686 homine.
2309 2667 2324 2683 ι
2343 2655 2394 2685 Iu—

1321 2700 1440 2731 dicium
1464 2700 1570 2740 accipe
1594 2700 1757 2730 Guillelmi
1777 2699 1912 2731 Ochami
1931 2700 1964 2730 in
1987 2699 2129 2739 Dialogis
2153 2700 2164 2729 Ι
2189 2710 2232 2739 p.,
2254 2699 2335 2729 libro
2355 2698 2395 2738 11,

1322 2745 1422 2785 capite
1445 2751 1524 2774 xxn:
1547 2744 1669 2774 Dicunt
1689 2744 1818 2784 quidam
1839 2744 1925 2784 quod
1938 2743 2104 2774 damnatio
2120 2743 2310 2785 (praedictae
2326 2742 2393 2774 the—

1322 2799 1392 2819 seos
1417 2788 1634 2828 similiumque
1657 2798 1675 2818 a
1698 2788 1839 2818 Roberto
1864 2788 1902 2818 de
1926 2787 2120 2818 Kildwardbi
2144 2787 2394 2828 Archiepiscopo

1323 2832 1542 2871 Cantuariensi
1566 2830 1641 2874 lata)
1657 2833 1830 2863 temeraria
1855 2832 2025 2869 existebat,
2053 2842 2089 2863 eo
2112 2831 2198 2872 quod
2221 2833 2392 2870 veritates,

1323 2883 1358 2908 ut
1381 2878 1502 2914 dicunt,
1520 2877 1753 2908 condemnavit.
1774 2876 1866 2907 Unde
1880 2882 1910 2907 et
1928 2876 2057 2917 quidam
2075 2877 2160 2907 alius
2175 2877 2394 2917 Archiepisco-

1317 2931 1382 2962 pus
1406 2920 1575 2964 (Corinthi
1589 2944 1597 2957 ,
1623 2921 1814 2952 Guillelmus
1840 2921 1879 2951 de
1900 2919 2075 2963 Morbeka)
2101 2922 2203 2961 ipsum
2237 2920 2277 2952 de
2308 2920 2394 2952 dicta

1323 2967 1530 2997 damnatione
1561 2966 1682 2996 acriter
1714 2965 1950 3006 reprehendit...
1976 2965 2092 2996 Plures
2110 2966 2169 2996 alii
2199 2966 2301 3005 ipsam
2325 2962 2394 3007 (da-

1324 3008 1535 3052 mnationem)
1542 3009 1652 3051 fuisse
1667 3011 1872 3040 temerariam
1890 3015 2093 3050 reputarunt.
2103 3010 2219 3040 Plures
2233 3010 2317 3040 enim
2332 3009 2395 3040 Pa-

1324 3057 1474 3086 risienses
1503 3055 1649 3085 doctores
1681 3059 1712 3085 et
1740 3054 1904 3085 scholares
1933 3055 2127 3085 assertiones
2159 3054 2323 3084 damnatas
2353 3051 2396 3096 (a

1324 3098 1541 3131 Kildwardbio
1562 3106 1592 3129 et
1606 3105 1716 3139 postea
1730 3109 1748 3129 a
1763 3099 1880 3129 Ioanne
1894 3097 2049 3141 Pekamo)
2064 3099 2193 3139 publice
2211 3102 2395 3129 tenuerunt.

1395 3157 1409 3172 α
1431 3143 1575 3174 Primum
1598 3143 1781 3183 exemplum
1814 3142 2070 3174 contrarietatum
2093 3143 2126 3183 in
2158 3142 2288 3173 materia
2311 3140 2395 3180 fidei,

1328 3202 1342 3216 2
1366 3188 1487 3226 ISent.,
1503 3187 1573 3218 dist.
1590 3198 1631 3225 xi,
1648 3195 1768 3228 quaest.
1785 3187 1888 3225 unica,
1906 3194 1962 3218 art.
1978 3195 2019 3218 1v:
2038 3187 2133 3225 Quod
2141 3187 2240 3218 Pater
2249 3191 2279 3218 et
2293 3186 2397 3217 Filius

1329 3246 1343 3261 x
1360 3238 1498 3273 possunt
1529 3232 1593 3263 dici
1624 3233 1706 3262 sicut
1721 3232 1785 3262 duo
1807 3233 1994 3272 spiratores.
2022 3232 2057 3262 ln
2081 3231 2183 3272 prima
2207 3241 2283 3262 vero
2306 3236 2394 3271 parte

1329 3290 1343 3305 »
1365 3277 1528 3315 Summae,
1539 3283 1660 3317 quaest.
1675 3286 1777 3314 xxxvr,
1794 3283 1849 3307 art.
1866 3276 1922 3307 ult.
1940 3276 1980 3306 ad
2003 3276 2078 3307 ult.:
2097 3275 2192 3313 Quod
2213 3280 2289 3306 sunt
2313 3283 2397 3306 unus

1329 3334 1343 3348 »
1362 3322 1505 3362 spirator
1535 3326 1565 3351 et
1588 3331 1651 3351 non
1680 3320 1754 3351 duo.
1773 3333 1788 3348 »
1807 3321 1930 3361 Nempe
1963 3320 2133 3361 utrobique
2165 3320 2304 3351 duorum
2333 3318 2396 3359 spi-

1326 3367 1468 3396 rantium
1493 3364 1674 3396 enunciatio
1707 3364 1894 3396 sustinetur:
1920 3364 2015 3396 etiam
2037 3364 2175 3395 duorum
2198 3364 2394 3404 spiratorum

1326 3410 1430 3450 priore
1463 3410 1495 3440 in
1527 3409 1621 3447 loco,
1646 3410 1753 3440 minus
1772 3410 1923 3450 proprie:
1950 3415 1981 3440 at
2003 3410 2174 3450 spiratoris
2204 3408 2301 3438 unius
2322 3406 2396 3437 loco

1326 3454 1518 3495 posteriore,
1538 3454 1663 3491 melius,
1681 3461 1711 3484 et
1726 3454 1812 3484 salva
1835 3453 2021 3484 substantivi
2037 3452 2177 3483 nominis
2196 3450 2396 3492 proprietate.

1327 3498 1414 3536 Quid
1430 3498 1673 3538 reprehensione
1694 3495 1849 3538 dignum?
1869 3511 1883 3526 α
1902 3497 2087 3529 Secundum
2111 3495 2304 3535 exemplum,
2319 3493 2395 3535 quia

1330 3556 1343 3570 »
1366 3543 1400 3573 in
1417 3543 1441 3573 ll
1460 3543 1558 3580 Sent.‚
1576 3542 1646 3574 dist.
1672 3553 1682 3573 1
1708 3549 1828 3583 quaest.
1855 3552 1876 3580 1,
1902 3548 1959 3572 art.
1983 3551 2027 3572 ιιι.
2052 3540 2137 3578 dicit,
2163 3538 2249 3580 quod
2271 3539 2392 3569 creatio

1330 3600 1343 3615 »
1366 3586 1644 3618 instrumentaliter
1667 3586 1896 3617 communicari
1919 3585 2025 3626 potuit
2038 3591 2217 3622 creaturae,
2238 3582 2396 3613 sustinens

1330 3643 1343 3658 ι
1366 3631 1399 3662 in
1431 3631 1492 3662 hoc
1527 3631 1715 3671 opinionem
1753 3629 1913 3670 Magistri.
1925 3651 1933 3660 .
1945 3652 1953 3660 .
1989 3629 2024 3659 ln
2055 3628 2158 3669 prima
2194 3636 2269 3658 vero
2308 3633 2396 3667 parte
