2788 4204
1150 302 1261 338 CAP.
1292 303 1397 350 XIII,
1428 303 1579 340 LECT.
1609 304 1643 339 X

376 374 480 417 εἶναι,
502 377 561 408 οὐκ
586 376 684 409 ἔσται
705 372 851 431 δυτνατὸν
879 376 986 421 ἄμφω.
1014 379 1179 409 Aeta-erai-
1201 380 1311 409 τοίνυν
1330 379 1371 411 τὸ

377 421 436 452 οὐκ
456 422 642 474 ἀναγκαῖον
659 421 704 464 μή
724 418 810 453 εἶναι
833 420 992 453 ἀκολουθ;
982 425 1024 452 -ῖν
1043 423 1090 462 τῷ
1107 417 1253 453 δυνατὸν
1271 419 1368 454 εἶναι.

308 466 420 497 Τοῦτο
445 465 509 519 γάρ
536 465 655 502 ἀληθὲς
680 466 738 496 καὶ
762 465 858 497 zzz-oi.
882 466 944 497 τοῦ
966 466 1158 518 ἀναγκαῖον
1183 477 1280 497 ειναι.
1307 468 1372 498 Καὶ

375 509 459 563 γὰρ
466 508 555 544 αὕτη
577 511 646 564 γίνξ
633 520 710 541 ται
738 510 912 553 ἀντίφασις
939 510 984 551 τῇ
1011 508 1158 562 ἑπομένῃ
1184 510 1232 550 τῷ
1259 510 1296 540 οὐ
1318 505 1375 541 δυ-

376 553 479 585 νατὸν
506 548 604 584 εἶναι·
633 554 685 585 eze
673 555 743 594 Είνῳ
746 554 825 607 γοὶρ
845 542 1022 585 ἀκολουιθᾶ
1038 554 1078 586 τὸ
1098 541 1268 585 ἁδυνατον
1287 551 1372 585 εἶναι

374 598 433 628 καὶ
459 597 646 651 ἀναγκαῖον
663 597 710 641 μή
727 594 827 638 εἶναι,
848 597 885 629 οὗ
903 597 923 634 ἡ
944 597 1112 642 ἀπόφασις
1131 597 1171 630 τὸ
1189 598 1249 629 οὐκ
1268 598 1374 644 ἀναγ-

374 638 471 672 καῖον
496 653 543 683 μη
569 638 666 673 εἶναι.

301 684 541 717 Ἀκολουθοῧσί
565 698 603 717 τε
623 685 695 738 ἄρα
719 686 776 717 καὶ
803 697 909 717 αυται
927 687 962 717 αἱ
982 685 1176 729 ἀντιφάσεις
1200 685 1295 717 κατὰ
1312 684 1370 717 τὸν

375 729 544 783 εἱρηξιένον
571 728 710 771 τρόπον,
735 731 793 761 καὶ
820 725 914 761 οὐδέν
942 724 1110 762 ἀδύνατον
1129 729 1304 773 συμβαίνει
1322 741 1372 760 τι-

375 772 518 816 θεμενων
545 773 664 811 οἶτως.

391 869 394 871 Α
418 878 466 906 w,
539 861 548 873 =
565 861 717 896 ostquam
734 852 961 885 determinavit
976 851 1016 885 de
1033 852 1243 896 oppositione
1259 851 1372 884 moda-

419 890 489 954 [4⁶qu
518 908 548 946 (2,
564 900 656 939 lium,
664 900 716 933 hic
730 900 944 933 determinare
962 900 1101 933 intendit
1117 900 1157 933 de
1170 911 1372 944 consequen-

538 950 616 983 2tiis
639 960 762 982 earum.
798 949 839 982 Et
859 950 943 982 circa
963 949 1027 982 hoc
1049 948 1116 982 duo
1143 948 1233 981 facit:
1252 949 1371 992 primo,

505 1005 545 1042 91<
563 997 660 1030 tradit
682 998 867 1052 veritatem;
891 996 1051 1036 secundo,
1069 1004 1180 1029 movet
1208 996 1372 1040 quandam

563 1044 801 1078 dubitationem
819 1046 903 1078 circa
919 1045 1150 1084 determinata;
1167 1044 1225 1077 ibi:
1243 1044 1373 1078 Dubita-

418 937 484 978 ‘mgna
508 960 547 1020 Ὗς

63 1098 76 1108 ·
87 1097 150 1120 uet.
161 1103 210 1125 neq.
306 1093 349 1126 bit
364 1093 487 1126 autem*
499 1101 559 1126 etc.
577 1094 673 1127 Circa
684 1095 828 1137 primum
841 1093 908 1126 duo
920 1093 1010 1126 facit:
1024 1094 1143 1137 primo,
1156 1093 1250 1136 ponit
1262 1103 1373 1125 conse-

306 1142 455 1186 quentias
477 1153 591 1174 earum
608 1142 792 1175 secundum
815 1143 1009 1185 opinionem
1031 1141 1189 1180 aliorum;
1213 1141 1370 1180 secundo,

306 1189 523 1223 examinando
539 1198 571 1222 et
587 1190 782 1233 corrigendo
806 1190 926 1233 dictam
943 1189 1154 1233 opinionem,
1179 1189 1372 1222 determinat

65 1243 76 1254 ⁸
89 1242 192 1270 Num-s·
305 1239 494 1278 veritatem,
519 1237 580 1270 ibi:
601 1238 682 1280 Ergo
705 1238 886 1282 impossibile
901 1237 916 1254 *
939 1246 1001 1270 etc.

373 1296 403 1319 2.
421 1285 545 1326 Quoad
561 1287 706 1330 primum
722 1285 996 1320 considerandum
1013 1294 1062 1318 est
1077 1284 1168 1329 quod
1185 1296 1261 1317 cum
1277 1285 1371 1328 quili-

62 1343 270 1371 ‘Lect-pueeed-
305 1334 360 1368 bet
379 1334 498 1367 modus
522 1334 618 1367 faciat
641 1334 721 1367 duas
742 1335 989 1374 affirmationes,
1013 1343 1049 1366 ut
1072 1333 1197 1366 dictum
1220 1333 1282 1366 fuit
1296 1333 1322 1373 *,
1339 1342 1371 1366 et

291 1382 726 1421 sduabuesaffirmationibus
756 1391 968 1427 opponantur
991 1382 1074 1416 duae
1102 1383 1311 1426 negationes,
1335 1390 1372 1414 ut

305 1433 405 1465 etiam
417 1431 541 1464 dictum
553 1431 615 1464 fuit
630 1432 663 1464 in
680 1431 782 1465 Primo
797 1432 831 1472 *;
847 1431 1030 1465 secundum
1042 1431 1221 1476 quemlibet
1233 1430 1371 1464 modum

305 1479 386 1513 fient
411 1488 553 1524 quatuor
579 1480 844 1520 enunciationes,
862 1480 944 1513 duae
968 1480 1091 1514 scilicet
1114 1480 1323 1514 affirmativae
1340 1488 1372 1512 et

306 1529 389 1563 duae
413 1530 592 1572 negativae.
618 1529 706 1563 Cum
730 1538 840 1562 autem
864 1529 955 1562 modi
979 1530 1044 1562 sint
1068 1538 1219 1573 quatuor,
1233 1528 1372 1562 efficien-

306 1586 360 1612 tur
374 1578 538 1611 sexdecim
554 1577 720 1611 modales:
741 1579 966 1622 quaternarius
984 1579 1072 1611 enim
1096 1579 1129 1610 in
1153 1579 1299 1621 seipsum
1315 1576 1372 1610 du-

307 1635 378 1660 ctus
395 1626 558 1660 sexdecim
576 1627 756 1660 constituit.
774 1627 815 1660 Et
838 1628 996 1671 quoniam
1013 1627 1100 1671 apud
1124 1638 1250 1666 omnes,
1275 1638 1371 1670 quae-

306 1674 385 1709 libet
408 1676 567 1719 cuiusque
591 1675 693 1715 modi,
716 1675 948 1720 undecumque
971 1677 1126 1720 incipias,
1151 1675 1248 1708 habet
1270 1687 1371 1708 unam

306 1732 435 1756 rantum
458 1724 618 1768 cuiusque
645 1723 736 1757 modi
759 1735 794 1757 se
823 1734 1096 1769 consequentem,
1120 1724 1195 1758 ideo
1226 1723 1267 1757 ad
1294 1724 1371 1757 assi-

306 1771 452 1815 gnandas
481 1773 732 1827 consequentias
763 1772 963 1812 modalium,
987 1772 1132 1827 singulas
1163 1784 1203 1805 ex
1233 1772 1370 1815 singulis

306 1820 414 1855 modis
438 1821 584 1864 accipere
607 1829 739 1864 oportet
762 1830 795 1854 et
817 1820 858 1854 ad
881 1822 1134 1869 consequentiae
1150 1820 1300 1854 ordinem
1324 1821 1370 1853 in-

306 1877 356 1905 ter
370 1881 406 1902 se
430 1868 582 1902 adunare.

374 1927 404 1960 3.
429 1918 471 1951 Et
493 1917 558 1950 hoc
581 1918 683 1952 modo
707 1918 854 1952 fecerunt
881 1920 1026 1963 antiqui,
1050 1918 1090 1951 de
1122 1917 1241 1962 quibus
1266 1918 1371 1961 inquit

305 1965 512 1999 Aristoteles:
532 1966 764 2010 Consequentiae
777 1979 847 2001 vero
864 1968 948 2012 fiunt
967 1967 1128 2001 secundum
1146 1967 1371 2011 infrascriptum

305 2014 450 2055 ordinem,
474 2016 606 2059 antiquis
628 2016 673 2049 ita
698 2015 886 2060 ponentibus.
912 2017 1150 2049 Formaverunt
1179 2017 1268 2048 enim
1292 2027 1371 2059 qua—

305 2071 383 2097 tuor
398 2062 530 2096 ordines
546 2063 727 2097 modalium
738 2089 746 2104 ,
768 2066 802 2097 in
819 2076 960 2109 quorum
978 2064 1125 2108 quolibet
1148 2075 1264 2097 omnes
1288 2076 1371 2108 quae

62 2120 75 2131 ·
91 2119 136 2143 Ed.
159 2126 173 2142 c
192 2119 279 2143 mittit
306 2123 341 2146 se
357 2111 373 2128 '¹‘
389 2121 637 2156 consequuntur
660 2113 914 2146 collocaverunt.
928 2133 946 2138 -
961 2114 1006 2146 Ut
1022 2122 1132 2146 autem
1154 2113 1304 2146 confusio
1325 2114 1371 2146 vi-

63 2151 190 2196 Ϊῦοποοι,
306 2169 402 2201 tetur,
412 2169 558 2201 vocetur,
572 2173 649 2194 cum
664 2163 821 2202 Averroe,
834 2162 874 2195 de
890 2171 1029 2202 caetero,
1045 2163 1078 2195 in
1095 2162 1243 2207 quolibet
1258 2162 1371 2200 modo,

306 2208 497 2242 affirmativa
520 2208 560 2242 de
584 2209 615 2242 d·
638 2218 683 2249 to,
707 2219 740 2242 et
762 2210 883 2249 modo,
908 2211 1092 2254 affirmativa
1113 2211 1240 2255 simplex
1248 2222 1262 2250 ‚·
1286 2210 1371 2243 affir-

306 2257 428 2289 mativa
451 2265 561 2289 autem
607 2269 624 2290 e
648 2257 750 2290 modo
779 2266 811 2291 et
834 2260 984 2301 negativa
1005 2258 1044 2292 de
1069 2258 1168 2297 dicto,
1189 2259 1372 2303 affirmativa

307 2305 456 2339 declinata
462 2317 477 2346 ‚·
499 2307 651 2349 negativa
678 2318 757 2340 vero
781 2306 820 2340 de
837 2307 939 2340 modo
963 2316 996 2340 et
1014 2319 1083 2340 non
1108 2308 1211 2346 dicto,
1234 2308 1372 2350 negativa

307 2354 434 2399 simplex
441 2366 456 2394 ;
479 2355 630 2398 negativa
657 2364 768 2388 autem
792 2355 832 2388 de
863 2365 1023 2400 utroque,
1045 2357 1185 2399 negativa
1207 2356 1372 2389 declinata:

308 2403 352 2436 ita
372 2402 462 2447 quod
483 2403 574 2436 modi
597 2403 847 2437 affirmationem
865 2404 917 2437 vel
940 2406 1149 2448 negationem
1170 2404 1371 2448 simplicitas,

308 2451 385 2485 dicti
409 2464 488 2486 vero
512 2452 686 2486 declinatio
710 2452 910 2486 denominet.
925 2473 943 2478 -
957 2455 1119 2487 Dixerunt
1141 2465 1220 2496 ergo
1247 2453 1372 2497 antiqui

308 2500 399 2545 quod
415 2500 666 2534 affirmationem
682 2501 866 2545 simplicem
885 2502 925 2535 de
942 2502 1101 2546 possibili,
1118 2502 1250 2540 scilicet,
1270 2502 1373 2545 possi-

307 2548 371 2582 bile
387 2557 437 2582 est
459 2561 541 2589 esse,
557 2551 706 2594 sequitur
720 2549 912 2583 affirmativa
935 2551 1074 2594 simplex
1097 2550 1137 2584 de
1158 2551 1372 2593 contingenti,

307 2597 440 2638 scilicet,
465 2599 658 2642 contingens
674 2607 724 2631 est
739 2611 810 2632 esse
833 2598 1044 2643 (contingens
1061 2600 1149 2632 enim
1173 2599 1373 2631 convertitur

307 2658 384 2680 cum
396 2646 579 2692 possibili);
596 2656 628 2680 et
644 2648 793 2690 negativa
809 2648 948 2691 simplex
964 2647 1003 2680 de
1016 2646 1222 2691 impossibili,
1239 2646 1372 2686 scilicet,

307 2706 376 2728 non
409 2695 612 2739 impossibile
637 2705 726 2735 esse;
747 2705 779 2728 et
806 2695 955 2729 similiter
985 2697 1136 2739 negativa
1163 2694 1302 2739 simplex
1332 2694 1372 2727 de

306 2745 509 2783 necessario,
533 2743 665 2784 scilicet,
689 2755 758 2777 non
774 2756 908 2777 necesse
931 2753 980 2777 est
1003 2756 1084 2777 esse.
1102 2745 1143 2777 Et
1163 2744 1216 2777 hic
1240 2752 1288 2776 est
1312 2743 1374 2786 pri-

307 2804 382 2825 mus
399 2792 482 2826 ordo
497 2792 679 2826 modalium
703 2794 977 2837 consequentium
993 2804 1038 2826 se.
1052 2813 1070 2817 —
1085 2794 1123 2827 In
1147 2792 1293 2825 secundo
1317 2803 1372 2824 au-

82 2848 127 2871 Ed-
136 2855 163 2871 ε·-
171 2849 279 2877 qffirma-
306 2849 374 2875 tem
405 2841 555 2874 dixerunt
578 2841 669 2886 quod
697 2841 905 2875 affirmativas
925 2842 940 2859 *
961 2842 1136 2875 declinatas
1160 2841 1200 2874 de
1224 2840 1373 2885 possibili

63 2877 113 2898 ω’
305 2897 340 2922 et
354 2890 568 2933 contingenti,
584 2890 719 2929 scilicet,
736 2890 891 2934 possibile
916 2903 985 2924 non
1011 2902 1094 2930 esse,
1116 2899 1158 2930 et,
1179 2891 1373 2944 contingens

305 2948 376 2970 non
398 2949 487 2977 esse,
511 2947 695 2982 sequuntur
717 2941 886 2982 negativae
916 2939 1094 2972 declinatae
1118 2938 1158 2972 de
1188 2939 1372 2973 necessario

306 2994 339 3019 et
354 2985 560 3030 impossibili,
577 2987 710 3026 scilicet,
731 2999 800 3020 non
816 2989 1036 3021 necessarium
1056 2999 1125 3020 non
1145 2999 1227 3026 esse,
1244 2996 1286 3025 et,
1303 2997 1372 3019 non

307 3033 508 3077 impossibile
540 3046 609 3067 non
640 3047 754 3068 esse.-
770 3037 809 3069 In
840 3037 936 3069 tertio
966 3048 1045 3069 vero
1076 3036 1191 3069 ordine
1222 3035 1373 3069 dixerunt

307 3082 398 3126 quod
413 3083 578 3126 negativas
595 3083 761 3127 simplices
785 3083 825 3117 de
841 3084 989 3128 possibili
1010 3093 1042 3117 et
1058 3085 1271 3128 contingenti,
1289 3083 1372 3116 scili-

307 3139 369 3170 cet,
392 3142 460 3163 non
484 3131 640 3174 possibile
663 3143 745 3170 esse,
768 3143 837 3165 non
862 3134 1055 3176 contingens
1079 3145 1165 3172 esse,
1189 3140 1373 3177 sequuntur

307 3179 499 3212 affirmativa
522 3179 682 3212 declinata
713 3180 752 3213 de
776 3182 970 3221 necessario,
994 3181 1127 3221 scilicet,
1146 3193 1279 3214 necesse
1302 3192 1371 3213 non

308 3240 397 3266 esse,
422 3236 455 3260 et
477 3226 667 3261 affirmativa
691 3229 830 3272 simplex
853 3229 893 3262 de
917 3229 1129 3273 impossibili,
1154 3230 1287 3269 scilicet,
1311 3230 1372 3261 im-

307 3275 462 3320 possibile
486 3287 567 3308 esse.
581 3277 652 3309 -In
671 3285 792 3320 quarto
815 3276 949 3310 demum
971 3277 1085 3311 ordine
1109 3277 1259 3311 dixerunt
1282 3276 1372 3320 quod

308 3325 474 3368 negativas
499 3323 674 3357 declinatas
698 3325 738 3358 de
766 3326 914 3368 possibili
938 3335 971 3359 et
993 3326 1213 3369 contingenti,
1238 3325 1371 3363 scilicet,

307 3385 376 3406 non
393 3372 547 3416 possibile
570 3378 639 3405 non
655 3385 744 3411 esse,
760 3382 803 3412 et,
827 3385 895 3406 non
913 3375 1106 3417 contingens
1130 3385 1198 3406 non
1221 3385 1303 3411 esse,
1320 3385 1371 3405 se-

308 3429 455 3465 quuntur
470 3420 661 3454 affirmativa
677 3421 816 3464 simplex
832 3421 872 3454 de
889 3423 1082 3458 necessario,
1095 3421 1227 3460 scilicet,
1240 3432 1371 3453 necesse

309 3481 391 3508 esse,
415 3478 448 3502 et
471 3469 661 3502 affirmat1va
685 3469 844 3502 declinata
867 3469 908 3502 de
931 3469 1137 3513 impossibili,
1162 3469 1295 3509 scilicet,
1312 3470 1372 3501 im-

308 3516 464 3561 possibile
491 3526 541 3550 est
563 3528 630 3549 non
658 3528 739 3550 esse.

375 3577 406 3608 4.
424 3565 660 3599 Consideretur
676 3574 786 3598 autem
799 3577 838 3598 ex
853 3565 1090 3609 subscriptione
1107 3567 1274 3609 appositae
1290 3565 1373 3608 figu-

308 3625 374 3655 rae,
387 3613 667 3658 quemadmodum
680 3613 830 3654 dicimus,
844 3622 880 3646 ut
892 3613 1008 3646 clarius
1021 3613 1181 3647 elucescat
1193 3613 1370 3657 depictum.

62 1430 199 1458 ‘laetam

2418 314 2485 339 111

1493 391 1558 411 non
1574 381 1631 412 erit
1646 381 1794 421 possibile
1810 387 1980 420 utrunque.
2003 380 2204 420 Relinquitur
2217 390 2294 418 ergo
2307 391 2371 411 non
2387 391 2490 411 neces-

1493 425 1610 455 sarium
1627 436 1692 455 non
1711 435 1788 461 esse,
1809 425 1898 465 sequi
1912 435 1982 454 eam
2001 434 2082 464 quae
2099 431 2156 459 est,
2175 424 2325 463 possibile
2342 433 2387 455 est
2410 435 2487 455 esse.

1427 469 1514 499 Haec
1530 469 1615 499 enirn
1632 479 1704 499 vera
1718 476 1775 506 est,
1799 476 1830 499 et
1845 469 1884 498 de
1907 478 2032 498 necesse
2048 478 2124 502 esse,-
2145 469 2231 498 Haec
2252 469 2337 498 enim
2360 468 2395 498 fit
2414 479 2490 498 con-

1493 513 1635 543 tradictio
1655 513 1739 549 eius,
1761 523 1842 553 quae
1867 512 2009 552 sequitur
2031 512 2119 542 illam
2142 521 2223 551 quae
2247 519 2302 548 est,
2328 522 2393 542 non
2417 523 2490 551 pos-

1492 556 1581 586 sibile
1596 564 1677 586 esse:
1694 557 1780 586 illam
1805 557 1890 586 enim
1907 556 2048 596 sequitur
2062 566 2097 585 ea
2115 565 2199 596 quae
2216 562 2277 592 est,
2293 556 2489 596 impossibile

1492 610 1571 637 esse,
1599 607 1639 636 et,
1664 610 1788 630 necesse
1812 610 1877 630 non
1899 610 1976 638 esse,
2001 599 2090 630 cuius
2113 599 2238 639 negatio
2261 607 2322 638 est,
2346 610 2412 630 non
2435 610 2490 629 ne-

1493 654 1577 674 cesse
1601 654 1666 674 non
1690 654 1766 674 esse.

1425 687 1609 727 Sequuntur
1638 687 1732 726 igitur
1761 694 1792 717 et
1822 687 1879 717 hae
1910 687 2172 717 contradictiones
2195 687 2373 718 secundum
2397 697 2487 727 prae-

1493 731 1613 761 dictum
1640 731 1788 761 modum:
1817 738 1848 761 et
1873 731 1951 761 nihil
1971 731 2166 771 impossibile
2186 731 2339 771 contingit
2362 731 2405 761 sic
2428 741 2487 771 po-

1492 782 1566 805 snm.

1471 861 1745 889 CONSEQUENTIAE
1768 861 2044 884 ENUNCIATIONUM
2068 862 2243 886 MODALIUM
2266 863 2445 886 SECUNDUM

1427 906 1587 932 QUATUOR
1618 906 1760 928 ORDINES
1790 905 1830 927 ΑΒ
1862 905 2020 932 ANTIQUIS
2050 907 2187 929 POSITAE
2220 907 2262 929 ET
2297 907 2488 930 ORDINATAE

2074 961 2260 992 Secundus
2284 961 2378 993 Ordo

1995 1014 2121 1038 Possibile
2140 1020 2179 1038 est
2198 1022 2248 1038 non
2268 1022 2327 1039 esse

1995 1050 2152 1078 Contingens
2171 1055 2210 1074 est
2228 1057 2279 1074 non
2298 1057 2358 1074 esse

1996 1085 2053 1109 Non
2077 1085 2236 1117 impossibile
2256 1090 2295 1109 est
2318 1093 2371 1109 non
2394 1092 2454 1109 esse

1995 1120 2053 1144 Non
2072 1120 2245 1144 necessarium
2264 1125 2304 1144 est
2322 1128 2374 1144 non
2392 1127 2451 1144 esse

2087 1169 2245 1200 Quartus
2269 1169 2361 1200 Ordo

1936 1219 1942 1364 Ι
1995 1223 2052 1247 Νοη
2072 1222 2195 1255 possibile
2214 1228 2254 1247 est
2273 1231 2323 1247 non
2343 1231 2402 1248 esse

1565 959 1707 991 Primus
1731 959 1824 990 Ordo

1463 1013 1591 1037 Possibile
1609 1018 1649 1037 est
1666 1021 1726 1038 esse

1463 1048 1622 1078 Continget-is
1640 1053 1681 1072 est
1698 1056 1758 1073 esse

1462 1083 1519 1106 Non
1539 1083 1698 1115 impossibile
1719 1089 1758 1108 est
1776 1091 1835 1108 esse

1462 1118 1520 1141 Non
1540 1118 1712 1142 necessarium
1731 1123 1772 1143 est
1794 1126 1852 1143 esse

1563 1166 1704 1198 TertIus
1728 1167 1821 1198 Ordo

1461 1221 1519 1245 Non
1538 1221 1663 1252 possibile
1682 1225 1722 1245 est
1740 1229 1799 1245 esse

1461 1256 1519 1280 Non
1539 1255 1689 1291 contingens
1708 1261 1748 1280 est
1767 1264 1826 1281 esse

1462 1284 1624 1323 Impossibile
1643 1297 1683 1316 est
1701 1299 1759 1316 esse

1462 1326 1643 1351 Necessarium
1663 1333 1703 1352 est
1722 1336 1773 1352 non
1792 1336 1851 1354 esse

1996 1259 2052 1283 Non
2075 1258 2225 1288 contingens
2248 1263 2288 1282 est
2310 1266 2362 1282 non
2385 1265 2444 1282 esse

1995 1293 2158 1326 Impossibile
2177 1298 2216 1317 est
2234 1301 2286 1317 non
2305 1301 2364 1318 esse

1994 1330 2107 1354 Necesse
2126 1334 2165 1353 est
2185 1335 2244 1352 esse

1484 1392 1513 1423 5.
1527 1381 1656 1414 Deinde
1665 1393 1741 1415 cum
1754 1382 1841 1416 dicit:
1851 1384 1932 1427 Ergo
1940 1383 2117 1429 impossibile
2129 1389 2155 1416 et
2166 1394 2226 1416 non
2233 1382 2410 1426 impossibile
2417 1391 2489 1422 etc„

1426 1429 1642 1462 examinando
1667 1429 1785 1463 dictam
1806 1433 2008 1474 op‘nionem,
2032 1431 2224 1464 determsmt
2247 1430 2426 1462 veritatem.
2448 1430 2490 1462 Et

1427 1478 1510 1510 circa
1534 1477 1598 1510 hoc
1617 1477 1684 1510 duo
1708 1478 1797 1511 facit:
1823 1481 1899 1523 quia
1924 1481 2031 1523 primo
2055 1479 2218 1512 examinat
2241 1478 2488 1521 consequentias

1426 1537 1538 1558 earum
1558 1526 1597 1558 de
1614 1527 1824 1570 impossibili;
1841 1528 1998 1568 secundo,
2015 1528 2142 1560 illarum
2160 1526 2198 1559 de
2215 1527 2414 1564 necessario·,
2433 1525 2487 1558 ibi:

1426 1575 1635 1608 Necessarium
1651 1582 1750 1608 autem
1766 1576 1781 1593 *
1794 1585 1853 1609 etc.
1872 1577 1968 1610 Unde
1985 1589 2024 1610 ex
2041 1577 2217 1620 praemissa
2234 1575 2391 1618 op'nione
2407 1585 2488 1606 con-

1427 1623 1560 1656 cludens
1574 1633 1605 1656 et
1620 1624 1816 1667 approbans,
1829 1626 1920 1658 dicit:
1940 1627 2020 1669 Ergo
2032 1626 2116 1664 istae,
2130 1623 2262 1663 scilicet,
2276 1622 2488 1666 impossibile,

1426 1681 1469 1710 et,
1485 1684 1554 1705 non
1574 1672 1787 1716 impossibile,
1804 1683 1986 1717 sequuntur
2005 1674 2085 1713 illas,
2098 1672 2230 1711 scilicet,
2248 1672 2441 1714 contingens
2458 1680 2491 1704 et

1426 1720 1592 1764 possibile,
1605 1732 1674 1753 non
1691 1722 1894 1764 contingens,
1907 1731 1950 1759 et,
1966 1720 2217 1765 non>poss1bile,
2231 1728 2424 1764 sequuntur,
2438 1719 2487 1751 in-

1427 1780 1544 1812 quam,
1567 1769 1807 1809 contradictorie,
1836 1769 1918 1802 idest
1940 1771 1983 1802 ita
2007 1779 2043 1802 ut
2066 1768 2333 1802 contradictoriae
2366 1766 2406 1800 de
2426 1768 2487 1799 im-

1426 1817 1574 1861 possibili
1594 1817 1860 1850 contradictorias
1877 1817 1916 1851 de
1940 1818 2087 1861 possibili
2104 1826 2136 1850 et
2152 1816 2354 1859 contingenti
2371 1827 2487 1848 conse-

1426 1874 1579 1909 quantur,
1602 1866 1653 1898 sed
1674 1867 1847 1906 conversim,
1869 1866 1961 1904 idest,
1979 1866 2036 1899 sed
2051 1878 2119 1899 non
2139 1867 2181 1898 ita
2205 1863 2295 1909 quod
2316 1863 2488 1896 affirmatio

1426 1913 1676 1946 affirmationem
1700 1923 1732 1946 et
1755 1915 1885 1957 negatio
1909 1916 2117 1957 negationem
2141 1922 2306 1957 sequatur,
2330 1911 2387 1945 sed
2414 1923 2490 1944 con-

1425 1963 1557 2001 versim,
1572 1962 1704 2001 scilicet,
1717 1962 1807 2004 quod
1823 1962 2072 1996 affirmationem
2085 1963 2215 2005 negatio
2232 1971 2264 1994 et
2279 1962 2489 2004 negationem

1426 2010 1609 2044 affirmatio.
1630 2011 1670 2043 Et
1686 2010 1862 2054 explanans
1886 2011 1949 2044 hoc
1966 2012 2023 2044 ait:
2042 2011 2127 2043 Illud
2145 2011 2222 2043 enim
2241 2010 2320 2053 quod
2335 2015 2375 2042 est
2394 2009 2488 2053 possi-

1427 2059 1483 2092 bile
1505 2070 1584 2099 esse,
1614 2058 1696 2091 idest
1720 2058 1969 2092 affirmationem
1997 2058 2160 2102 possibilis
2188 2059 2319 2101 negatio
2343 2057 2490 2101 sequitur

1427 2106 1650 2151 imposs1bilis,
1667 2106 1760 2145 idest,
1774 2117 1841 2140 non
1858 2106 2059 2150 impossibile
2080 2116 2167 2145 esse;
2185 2107 2394 2149 negationem
2410 2115 2488 2137 vero

1427 2155 1592 2200 possibilis
1612 2155 1783 2189 affirmatio
1797 2157 1943 2200 sequitur
1957 2154 2177 2199 impossibiliS.
2196 2154 2280 2188 Illud
2297 2155 2384 2187 enim
2398 2153 2489 2198 quod

1427 2214 1486 2245 est,
1502 2216 1570 2237 non
1587 2204 1741 2248 possibile
1766 2216 1847 2242 esse,
1865 2205 2011 2247 sequitur
2028 2205 2098 2241 ista,
2115 2202 2316 2246 impossibile
2333 2211 2381 2235 est
2397 2211 2488 2240 esse;

1427 2255 1507 2286 haec
1530 2262 1650 2292 autem,
1674 2252 1807 2291 scilicet,
1827 2251 2029 2295 impossibile
2045 2263 2132 2289 esse,
2156 2251 2328 2284 affirmatio
2351 2259 2415 2288 est;
2435 2249 2489 2282 illa

1427 2313 1520 2341 vero,
1545 2301 1677 2340 scilicet,
1694 2313 1762 2334 non
1787 2300 1941 2344 possibile
1964 2312 2046 2338 esse,
2070 2301 2200 2343 negatio
2225 2308 2287 2332 est:
2312 2299 2364 2332 hic
2389 2299 2488 2343 siqui-

1428 2350 1503 2383 dem
1526 2350 1646 2383 modus
1675 2359 1828 2393 negatur;
1853 2349 1914 2389 ibi,
1930 2360 2007 2381 non.
2027 2350 2114 2382 Bene
2139 2349 2237 2391 igitur
2260 2348 2412 2381 dixerunt
2433 2359 2489 2380 an-

1427 2399 1510 2442 tiqui
1533 2399 1567 2431 in
1591 2398 1738 2442 quolibet
1756 2398 1871 2431 ordine
1891 2397 2000 2441 quoad
2025 2397 2274 2440 consequentias
2299 2396 2427 2429 illarum
2447 2395 2488 2428 de

1427 2447 1633 2490 impossibili,
1650 2448 1736 2491 quia,
1750 2456 1786 2480 ut
1802 2448 1835 2479 in
1852 2447 2069 2490 suprascripta
2084 2445 2188 2488 figura
2204 2454 2348 2489 apparet,
2361 2452 2491 2488 semper⁴

1427 2507 1467 2528 ex
1490 2495 1705 2528 affirmatione
1730 2494 1893 2538 possibilis
1917 2495 2126 2537 negationem
2150 2493 2376 2537 impossibilis,
2397 2502 2429 2526 et
2450 2505 2490 2526 ex

1427 2545 1600 2587 negatione
1625 2543 1789 2587 possibilis
1812 2543 2062 2576 affirmationem
2086 2541 2297 2585 impossibilis
2321 2541 2472 2574 inferunt.

1495 2594 1525 2624 6.
1550 2592 1678 2626 Deinde
1700 2604 1775 2625 cum
1792 2591 1883 2625 dicit:
1907 2591 2115 2624 Nzcessarium
2135 2597 2234 2623 autem
2254 2599 2326 2629 etc„
2351 2589 2489 2623 intendit

1427 2640 1643 2674 examinando
1668 2640 1882 2673 determinare
1899 2639 2148 2682 consequentias
2174 2638 2213 2671 de
2230 2640 2422 2672 necessario.
2447 2639 2489 2671 Et

1428 2690 1511 2722 circa
1535 2689 1598 2722 hoc
1622 2688 1689 2722 duo
1706 2689 1795 2721 facit:
1821 2689 1929 2731 primo
1956 2688 2118 2720 examinat
2147 2686 2230 2720 dicta
2258 2688 2486 2731 antiquorum;

1427 2737 1584 2777 secundo,
1601 2736 1793 2770 determinat
1809 2737 1978 2770 veritatem
1995 2737 2168 2775 intentam;
2186 2735 2243 2768 ibi:
2260 2737 2304 2768 At
2315 2747 2384 2769 vzro
2397 2748 2488 2779 neque

1427 2787 1624 2820 necessarium
1636 2785 1651 2802 *
1664 2794 1724 2819 etc.
1740 2786 1835 2819 Circa
1859 2786 2002 2828 primum
2026 2794 2166 2828 quatuor
2189 2784 2272 2816 facit.
2298 2785 2420 2824 Primo,
2437 2784 2490 2817 de-

1428 2835 1527 2868 clarat
1538 2833 1617 2879 quid
1634 2833 1715 2866 bene
1731 2842 1764 2866 et
1779 2832 1858 2877 quid
1875 2832 1959 2865 male
1976 2832 2099 2865 dictum
2115 2833 2156 2864 sit
2172 2831 2210 2864 ab
2223 2833 2364 2876 antiquis
2381 2833 2414 2864 in
2429 2832 2488 2865 hac

1427 2894 1472 2916 re.
1486 2902 1499 2907 -
1513 2882 1577 2916 Ubi
1591 2881 1825 2915 attendendum
1842 2890 1890 2913 est
1903 2879 1992 2924 quod
2008 2891 2083 2912 cum
2100 2888 2240 2923 quatuor
2255 2881 2319 2912 sint
2335 2881 2488 2913 enuncia-

1427 2932 1534 2964 tiones
1559 2931 1598 2964 de
1622 2930 1816 2968 necessario,
1842 2938 1878 2961 ut
1901 2928 2024 2961 dictum
2049 2937 2115 2967 est,
2140 2927 2323 2960 differentes
2347 2929 2430 2961 inter
2452 2941 2487 2962 se

1428 2979 1610 3012 secundum
1632 2979 1846 3022 quantitatem
1870 2986 1902 3009 et
1926 2976 2129 3020 qualitatem,
2153 2975 2234 3008 adeo
2260 2985 2295 3008 ut
2317 2987 2416 3008 unam
2441 2978 2488 3009 in-

1427 3037 1554 3071 tegrent
1577 3027 1715 3070 figuram
1740 3026 1959 3069 oppositionis
1984 3025 2070 3056 iuxta
2094 3035 2221 3056 morem
2238 3023 2366 3056 illarum
2384 3023 2423 3056 de
2440 3025 2487 3057 in-

1428 3087 1505 3115 esse,·
1530 3075 1612 3109 duae
1636 3086 1748 3108 earum
1771 3082 1848 3106 sunt
1879 3073 2057 3105 contrariae
2087 3073 2170 3104 inter
2192 3083 2241 3111 se,
2266 3071 2348 3104 duae
2377 3081 2488 3105 autem

1427 3125 1490 3157 illis
1508 3124 1676 3156 contrariis
1693 3122 1972 3159 contradictoriae,
1990 3129 2026 3152 ut
2040 3128 2128 3163 patet
2144 3121 2178 3152 in
2195 3119 2254 3152 hac
2269 3119 2382 3163 figura.

1644 3188 1747 3210 Necesse
2172 3185 2273 3206 Necesse

1880 3211 2034 3234 contrariae

1666 3246 1717 3262 esse
2166 3243 2212 3259 non
2227 3244 2278 3259 esse

2066 3294 2082 3309 ο

1842 3297 1904 3359 ⁰⁰04
2009 3309 2069 3365 οὑ.

1896 3356 1940 3393 ‘⁹04-
1983 3361 2011 3391 ὲ

1946 3410 1969 3432 ><

1877 3443 1937 3502 ὑοῦ
1978 3445 2036 3500 ⁰²⁰0

1839 3498 1888 3540 0⁰⁹
2030 3494 2074 3541 ‘⁰0

1612 3580 1666 3601 Non
1681 3586 1774 3602 necesse
2196 3582 2249 3604 Non

1854 3610 2058 3632 subcontrariae

1636 3639 1683 3655 non
1698 3639 1749 3655 esse
2145 3638 2238 3658 necesse
2251 3641 2302 3657 esse

2516 1588 2525 1596 '
2536 1587 2607 1608 Num.
2619 1593 2669 1614 seq.

2517 2794 2525 2802 ”
2535 2793 2606 2813 Num.
2621 2802 2639 2816 1.
