<?xml version="1.0" encoding="UTF-8"?>
<!DOCTYPE html PUBLIC "-//W3C//DTD XHTML 1.0 Transitional//EN"
    "http://www.w3.org/TR/xhtml1/DTD/xhtml1-transitional.dtd">
<html xmlns="http://www.w3.org/1999/xhtml" xml:lang="en" lang="en">
 <head>
  <title>
</title>
<meta http-equiv="Content-Type" content="text/html;charset=utf-8" />
  <meta name='ocr-system' content='tesseract 3.04.00' />
  <meta name='ocr-capabilities' content='ocr_page ocr_carea ocr_par ocr_line ocrx_word'/>
</head>
<body>
  <div class='ocr_page' id='page_1' title='image "./operaomniaiussui01thom/operaomniaiussui01thom_0497.png"; bbox 0 0 2788 4204; ppageno 0'>
   <div class='ocr_carea' id='block_1_1' title="bbox 42 2720 254 2775">
    <p class='ocr_par' dir='ltr' id='par_1_1' title="bbox 42 2720 254 2775">
     <span class='ocr_line' id='line_1_1' title="bbox 42 2720 254 2748; baseline 0 -6"><span class='ocrx_word' id='word_1_1' title='bbox 42 2722 56 2733; x_wconf 82' lang='grc'><em>“</em></span> <span class='ocrx_word' id='word_1_2' title='bbox 69 2720 106 2743; x_wconf 75' lang='lat' dir='ltr'>Cf.</span> <span class='ocrx_word' id='word_1_3' title='bbox 119 2720 173 2742; x_wconf 79' lang='lat' dir='ltr'>lect.</span> <span class='ocrx_word' id='word_1_4' title='bbox 187 2726 254 2748; x_wconf 75' lang='lat' dir='ltr'>prae-</span> 
     </span>
     <span class='ocr_line' id='line_1_2' title="bbox 43 2747 254 2775; baseline -0.005 -6"><span class='ocrx_word' id='word_1_5' title='bbox 43 2747 98 2769; x_wconf 60' lang='lat' dir='ltr'>ud.</span> <span class='ocrx_word' id='word_1_6' title='bbox 108 2753 131 2768; x_wconf 88' lang='lat' dir='ltr'>n.</span> <span class='ocrx_word' id='word_1_7' title='bbox 139 2753 156 2774; x_wconf 82' lang='grc' dir='ltr'>ι,</span> <span class='ocrx_word' id='word_1_8' title='bbox 166 2752 178 2774; x_wconf 85' lang='grc'><strong>5</strong></span> <span class='ocrx_word' id='word_1_9' title='bbox 186 2753 254 2775; x_wconf 72' lang='lat' dir='ltr'>seqq.</span> 
     </span>
    </p>
   </div>
   <div class='ocr_carea' id='block_1_2' title="bbox 50 2866 191 2889">
    <p class='ocr_par' dir='ltr' id='par_1_2' title="bbox 50 2866 191 2889">
     <span class='ocr_line' id='line_1_3' title="bbox 50 2866 191 2889; baseline -0.014 0"><span class='ocrx_word' id='word_1_10' title='bbox 50 2867 62 2878; x_wconf 73' lang='lat'><em>⁶</em></span> <span class='ocrx_word' id='word_1_11' title='bbox 74 2866 146 2889; x_wconf 82' lang='lat' dir='ltr'>Num.</span> <span class='ocrx_word' id='word_1_12' title='bbox 161 2870 191 2887; x_wconf 81' lang='lat'>21.</span> 
     </span>
    </p>
   </div>
   <div class='ocr_carea' id='block_1_3' title="bbox 78 3405 135 3453">
    <p class='ocr_par' dir='ltr' id='par_1_3' title="bbox 78 3405 135 3453">
     <span class='ocr_line' id='line_1_4' title="bbox 78 3405 109 3428; textangle 90"><span class='ocrx_word' id='word_1_13' title='bbox 78 3405 109 3428; x_wconf 73' lang='grc' dir='ltr'>Ω.</span> 
     </span>
     <span class='ocr_line' id='line_1_5' title="bbox 119 3405 135 3453; textangle 90"><span class='ocrx_word' id='word_1_14' title='bbox 119 3405 135 3453; x_wconf 82' lang='lat'>=..</span> 
     </span>
    </p>
   </div>
   <div class='ocr_carea' id='block_1_4' title="bbox 137 3409 265 3461">
    <p class='ocr_par' dir='ltr' id='par_1_4' title="bbox 137 3409 265 3461">
     <span class='ocr_line' id='line_1_6' title="bbox 137 3409 265 3433; baseline 0.008 -7"><span class='ocrx_word' id='word_1_15' title='bbox 137 3409 184 3427; x_wconf 81' lang='lat' dir='ltr'>eet.</span> <span class='ocrx_word' id='word_1_16' title='bbox 199 3411 265 3433; x_wconf 83' lang='lat' dir='ltr'>prae-</span> 
     </span>
     <span class='ocr_line' id='line_1_7' title="bbox 137 3437 256 3461; baseline 0 -8"><span class='ocrx_word' id='word_1_17' title='bbox 137 3447 143 3453; x_wconf 91' lang='lat'>.</span> <span class='ocrx_word' id='word_1_18' title='bbox 153 3439 174 3461; x_wconf 83' lang='lat'>5,</span> <span class='ocrx_word' id='word_1_19' title='bbox 190 3437 256 3460; x_wconf 82' lang='lat' dir='ltr'>seqq.</span> 
     </span>
    </p>
   </div>
   <div class='ocr_carea' id='block_1_5' title="bbox 52 3405 96 3454">
    <p class='ocr_par' dir='ltr' id='par_1_5' title="bbox 52 3405 96 3454">
     <span class='ocr_line' id='line_1_8' title="bbox 52 3405 96 3454; textangle 90"><span class='ocrx_word' id='word_1_20' title='bbox 52 3405 96 3454; x_wconf 52' lang='grc' dir='ltr'>Ξ.</span> 
     </span>
    </p>
   </div>
   <div class='ocr_carea' id='block_1_6' title="bbox 0 3307 18 3675">
    <p class='ocr_par' dir='ltr' id='par_1_6' title="bbox 0 3307 18 3675">
     <span class='ocr_line' id='line_1_9' title="bbox 0 3307 18 3675; textangle 90"><span class='ocrx_word' id='word_1_21' title='bbox 0 3395 18 3675; x_wconf 43' lang='grc' dir='ltr'>«ατὴψ-ᾳ-ψιπ-νρ-υψη</span> <span class='ocrx_word' id='word_1_22' title='bbox 0 3354 7 3385; x_wconf 53' lang='grc' dir='ltr'>νιν</span> <span class='ocrx_word' id='word_1_23' title='bbox 0 3326 3 3330; x_wconf 65' lang='lat' dir='ltr'>v</span> <span class='ocrx_word' id='word_1_24' title='bbox 0 3307 2 3310; x_wconf 52' lang='lat' dir='ltr'>v</span> 
     </span>
    </p>
   </div>
   <div class='ocr_carea' id='block_1_7' title="bbox 0 3682 36 4204">
    <p class='ocr_par' dir='ltr' id='par_1_7' title="bbox 0 3682 36 4204">
     <span class='ocr_line' id='line_1_10' title="bbox 0 3682 15 4204; textangle 90"><span class='ocrx_word' id='word_1_25' title='bbox 0 3994 13 4204; x_wconf 51' lang='lat' dir='ltr'>-q-WW-..w</span> <span class='ocrx_word' id='word_1_26' title='bbox 0 3862 8 3985; x_wconf 46' lang='lat' dir='ltr'>...2-..2..c,„..,</span> <span class='ocrx_word' id='word_1_27' title='bbox 0 3778 7 3854; x_wconf 35' lang='grc' dir='ltr'>,νην-ᾳ.-</span> <span class='ocrx_word' id='word_1_28' title='bbox 0 3761 5 3772; x_wconf 70' lang='lat'>‹-</span> <span class='ocrx_word' id='word_1_29' title='bbox 0 3702 12 3731; x_wconf 47' lang='grc' dir='ltr'>μς</span> <span class='ocrx_word' id='word_1_30' title='bbox 0 3682 15 3694; x_wconf 44' lang='lat'>¹2</span> 
     </span>
     <span class='ocr_line' id='line_1_11' title="bbox 29 4051 36 4058; textangle 90"><span class='ocrx_word' id='word_1_31' title='bbox 29 4051 36 4058; x_wconf 86' lang='lat'>.</span> 
     </span>
    </p>
   </div>
   <div class='ocr_carea' id='block_1_8' title="bbox 1092 305 1635 352">
    <p class='ocr_par' dir='ltr' id='par_1_8' title="bbox 1092 305 1635 352">
     <span class='ocr_line' id='line_1_12' title="bbox 1092 305 1635 352; baseline 0.002 -9"><span class='ocrx_word' id='word_1_32' title='bbox 1092 307 1202 343; x_wconf 88' lang='lat' dir='ltr'>CAP.</span> <span class='ocrx_word' id='word_1_33' title='bbox 1234 306 1333 352; x_wconf 86' lang='lat' dir='ltr'>XIV,</span> <span class='ocrx_word' id='word_1_34' title='bbox 1364 305 1514 343; x_wconf 88' lang='lat' dir='ltr'>LECT.</span> <span class='ocrx_word' id='word_1_35' title='bbox 1546 308 1635 344; x_wconf 82' lang='lat' dir='ltr'>xlv</span> 
     </span>
    </p>
   </div>
   <div class='ocr_carea' id='block_1_9' title="bbox 276 382 1354 3679">
    <p class='ocr_par' dir='ltr' id='par_1_9' title="bbox 276 382 1344 1393">
     <span class='ocr_line' id='line_1_13' title="bbox 277 382 1338 430; baseline -0.006 -10"><span class='ocrx_word' id='word_1_36' title='bbox 277 396 327 421; x_wconf 91' lang='lat' dir='ltr'>est</span> <span class='ocrx_word' id='word_1_37' title='bbox 342 386 481 420; x_wconf 85' lang='lat' dir='ltr'>malum:</span> <span class='ocrx_word' id='word_1_38' title='bbox 499 386 575 430; x_wconf 89' lang='lat' dir='ltr'>quia</span> <span class='ocrx_word' id='word_1_39' title='bbox 597 386 677 418; x_wconf 88' lang='lat' dir='ltr'>istae</span> <span class='ocrx_word' id='word_1_40' title='bbox 696 384 779 417; x_wconf 89' lang='lat' dir='ltr'>duae</span> <span class='ocrx_word' id='word_1_41' title='bbox 803 383 978 428; x_wconf 87' lang='lat' dir='ltr'>aliquando</span> <span class='ocrx_word' id='word_1_42' title='bbox 1002 391 1097 416; x_wconf 87' lang='lat' dir='ltr'>erunt</span> <span class='ocrx_word' id='word_1_43' title='bbox 1115 382 1214 415; x_wconf 89' lang='lat' dir='ltr'>simul</span> <span class='ocrx_word' id='word_1_44' title='bbox 1234 393 1338 414; x_wconf 87' lang='lat' dir='ltr'>verae.</span> 
     </span>
     <span class='ocr_line' id='line_1_14' title="bbox 276 430 1339 480; baseline -0.007 -11"><span class='ocrx_word' id='word_1_45' title='bbox 276 437 458 480; x_wconf 88' lang='lat' dir='ltr'><strong>Nunquam</strong></span> <span class='ocrx_word' id='word_1_46' title='bbox 482 443 592 468; x_wconf 87' lang='lat' dir='ltr'>autem</span> <span class='ocrx_word' id='word_1_47' title='bbox 614 445 691 466; x_wconf 89' lang='lat' dir='ltr'>vera</span> <span class='ocrx_word' id='word_1_48' title='bbox 714 433 829 476; x_wconf 90' lang='lat' dir='ltr'>opinio</span> <span class='ocrx_word' id='word_1_49' title='bbox 852 443 946 465; x_wconf 89' lang='lat' dir='ltr'>verae</span> <span class='ocrx_word' id='word_1_50' title='bbox 972 432 1131 464; x_wconf 85' lang='lat' dir='ltr'>contraria</span> <span class='ocrx_word' id='word_1_51' title='bbox 1151 440 1209 463; x_wconf 90' lang='lat' dir='ltr'>est.</span> <span class='ocrx_word' id='word_1_52' title='bbox 1235 430 1339 470; x_wconf 88' lang='lat' dir='ltr'>Quod</span> 
     </span>
     <span class='ocr_line' id='line_1_15' title="bbox 278 480 1339 525; baseline -0.007 -9"><span class='ocrx_word' id='word_1_53' title='bbox 278 493 388 517; x_wconf 87' lang='lat' dir='ltr'>autem</span> <span class='ocrx_word' id='word_1_54' title='bbox 411 484 490 516; x_wconf 91' lang='lat' dir='ltr'>istae</span> <span class='ocrx_word' id='word_1_55' title='bbox 515 482 597 515; x_wconf 87' lang='lat' dir='ltr'><strong>duae</strong></span> <span class='ocrx_word' id='word_1_56' title='bbox 628 480 803 525; x_wconf 90' lang='lat' dir='ltr'>aliquando</span> <span class='ocrx_word' id='word_1_57' title='bbox 835 480 933 513; x_wconf 89' lang='lat' dir='ltr'>simul</span> <span class='ocrx_word' id='word_1_58' title='bbox 964 480 1030 512; x_wconf 88' lang='lat' dir='ltr'>sint</span> <span class='ocrx_word' id='word_1_59' title='bbox 1051 490 1165 518; x_wconf 90' lang='lat' dir='ltr'>verae,</span> <span class='ocrx_word' id='word_1_60' title='bbox 1190 487 1278 522; x_wconf 90' lang='lat' dir='ltr'>patet</span> <span class='ocrx_word' id='word_1_61' title='bbox 1301 490 1339 510; x_wconf 88' lang='lat' dir='ltr'>ex</span> 
     </span>
     <span class='ocr_line' id='line_1_16' title="bbox 277 527 1339 576; baseline -0.007 -11"><span class='ocrx_word' id='word_1_62' title='bbox 277 532 343 565; x_wconf 92' lang='lat' dir='ltr'>hoc</span> <span class='ocrx_word' id='word_1_63' title='bbox 366 531 456 576; x_wconf 92' lang='lat' dir='ltr'>quod</span> <span class='ocrx_word' id='word_1_64' title='bbox 487 530 653 576; x_wconf 90' lang='lat' dir='ltr'>quoddam</span> <span class='ocrx_word' id='word_1_65' title='bbox 684 541 753 563; x_wconf 88' lang='lat' dir='ltr'>non</span> <span class='ocrx_word' id='word_1_66' title='bbox 783 529 910 562; x_wconf 91' lang='lat' dir='ltr'>bonum</span> <span class='ocrx_word' id='word_1_67' title='bbox 937 527 1062 560; x_wconf 90' lang='lat' dir='ltr'>malum</span> <span class='ocrx_word' id='word_1_68' title='bbox 1093 536 1158 559; x_wconf 90' lang='lat' dir='ltr'>est:</span> <span class='ocrx_word' id='word_1_69' title='bbox 1183 527 1339 559; x_wconf 90' lang='lat' dir='ltr'>iniustitia</span> 
     </span>
     <span class='ocr_line' id='line_1_17' title="bbox 278 575 1338 625; baseline -0.008 -11"><span class='ocrx_word' id='word_1_70' title='bbox 278 582 367 614; x_wconf 90' lang='lat' dir='ltr'>enim</span> <span class='ocrx_word' id='word_1_71' title='bbox 390 580 557 625; x_wconf 85' lang='lat' dir='ltr'>quoddam</span> <span class='ocrx_word' id='word_1_72' title='bbox 580 591 648 612; x_wconf 90' lang='lat' dir='ltr'>non</span> <span class='ocrx_word' id='word_1_73' title='bbox 671 578 797 611; x_wconf 89' lang='lat' dir='ltr'>bonum</span> <span class='ocrx_word' id='word_1_74' title='bbox 821 586 882 618; x_wconf 91' lang='lat' dir='ltr'>est,</span> <span class='ocrx_word' id='word_1_75' title='bbox 906 585 938 610; x_wconf 89' lang='lat' dir='ltr'>et</span> <span class='ocrx_word' id='word_1_76' title='bbox 961 575 1095 609; x_wconf 87' lang='lat' dir='ltr'>malum.</span> <span class='ocrx_word' id='word_1_77' title='bbox 1122 575 1234 615; x_wconf 88' lang='lat' dir='ltr'>Quare</span> <span class='ocrx_word' id='word_1_78' title='bbox 1259 586 1338 607; x_wconf 93' lang='lat' dir='ltr'>con-</span> 
     </span>
     <span class='ocr_line' id='line_1_18' title="bbox 277 623 1338 672; baseline -0.008 -10"><span class='ocrx_word' id='word_1_79' title='bbox 277 630 417 672; x_wconf 91' lang='lat' dir='ltr'>tingeret</span> <span class='ocrx_word' id='word_1_80' title='bbox 440 628 616 661; x_wconf 86' lang='lat' dir='ltr'>contrarias</span> <span class='ocrx_word' id='word_1_81' title='bbox 640 639 710 660; x_wconf 91' lang='lat' dir='ltr'>esse</span> <span class='ocrx_word' id='word_1_82' title='bbox 735 625 833 659; x_wconf 91' lang='lat' dir='ltr'>simul</span> <span class='ocrx_word' id='word_1_83' title='bbox 856 636 948 658; x_wconf 88' lang='lat' dir='ltr'>veras</span> <span class='ocrx_word' id='word_1_84' title='bbox 958 634 970 656; x_wconf 75' lang='lat' dir='ltr'>tv</span> <span class='ocrx_word' id='word_1_85' title='bbox 995 623 1086 668; x_wconf 93' lang='lat' dir='ltr'>quod</span> <span class='ocrx_word' id='word_1_86' title='bbox 1113 632 1162 656; x_wconf 91' lang='lat' dir='ltr'>est</span> <span class='ocrx_word' id='word_1_87' title='bbox 1185 624 1338 666; x_wconf 91' lang='lat' dir='ltr'>impossi-</span> 
     </span>
     <span class='ocr_line' id='line_1_19' title="bbox 278 672 1341 719; baseline -0.007 -9"><span class='ocrx_word' id='word_1_88' title='bbox 278 677 352 711; x_wconf 90' lang='lat' dir='ltr'><strong>bile.</strong></span> <span class='ocrx_word' id='word_1_89' title='bbox 376 678 420 710; x_wconf 87' lang='lat' dir='ltr'>At</span> <span class='ocrx_word' id='word_1_90' title='bbox 435 688 514 710; x_wconf 91' lang='lat' dir='ltr'>vero</span> <span class='ocrx_word' id='word_1_91' title='bbox 530 687 591 709; x_wconf 92' lang='lat' dir='ltr'>nec</span> <span class='ocrx_word' id='word_1_92' title='bbox 610 675 813 719; x_wconf 89' lang='lat' dir='ltr'>supradictae</span> <span class='ocrx_word' id='word_1_93' title='bbox 829 686 924 707; x_wconf 90' lang='lat' dir='ltr'>verae</span> <span class='ocrx_word' id='word_1_94' title='bbox 946 673 1095 718; x_wconf 91' lang='lat' dir='ltr'>opinioni</span> <span class='ocrx_word' id='word_1_95' title='bbox 1117 672 1276 705; x_wconf 90' lang='lat' dir='ltr'>contraria</span> <span class='ocrx_word' id='word_1_96' title='bbox 1292 680 1341 704; x_wconf 92' lang='lat' dir='ltr'>est</span> 
     </span>
     <span class='ocr_line' id='line_1_20' title="bbox 278 722 1340 770; baseline -0.007 -11"><span class='ocrx_word' id='word_1_97' title='bbox 278 726 332 759; x_wconf 86' lang='lat' dir='ltr'>illa</span> <span class='ocrx_word' id='word_1_98' title='bbox 348 726 473 770; x_wconf 91' lang='lat' dir='ltr'>opinio,</span> <span class='ocrx_word' id='word_1_99' title='bbox 498 736 580 769; x_wconf 91' lang='lat' dir='ltr'>quae</span> <span class='ocrx_word' id='word_1_100' title='bbox 605 733 654 757; x_wconf 89' lang='lat' dir='ltr'>est</span> <span class='ocrx_word' id='word_1_101' title='bbox 677 724 788 757; x_wconf 92' lang='lat' dir='ltr'>dicens</span> <span class='ocrx_word' id='word_1_102' title='bbox 812 723 1034 767; x_wconf 88' lang='lat' dir='ltr'>praedicatum</span> <span class='ocrx_word' id='word_1_103' title='bbox 1062 722 1262 754; x_wconf 87' lang='lat' dir='ltr'>contrarium</span> <span class='ocrx_word' id='word_1_104' title='bbox 1284 731 1340 752; x_wconf 89' lang='lat' dir='ltr'>ne-</span> 
     </span>
     <span class='ocr_line' id='line_1_21' title="bbox 277 769 1339 819; baseline -0.007 -11"><span class='ocrx_word' id='word_1_105' title='bbox 277 776 414 819; x_wconf 87' lang='lat' dir='ltr'>gativae,</span> <span class='ocrx_word' id='word_1_106' title='bbox 436 774 568 814; x_wconf 90' lang='lat' dir='ltr'>scilicet,</span> <span class='ocrx_word' id='word_1_107' title='bbox 591 785 659 806; x_wconf 91' lang='lat' dir='ltr'>non</span> <span class='ocrx_word' id='word_1_108' title='bbox 682 772 807 805; x_wconf 91' lang='lat' dir='ltr'>bonum</span> <span class='ocrx_word' id='word_1_109' title='bbox 831 783 900 805; x_wconf 92' lang='lat' dir='ltr'>non</span> <span class='ocrx_word' id='word_1_110' title='bbox 916 780 972 816; x_wconf 44' lang='lat' dir='ltr'>ests</span> <span class='ocrx_word' id='word_1_111' title='bbox 988 770 1126 810; x_wconf 90' lang='lat' dir='ltr'>malum,</span> <span class='ocrx_word' id='word_1_112' title='bbox 1152 769 1266 802; x_wconf 91' lang='lat' dir='ltr'>eadem</span> <span class='ocrx_word' id='word_1_113' title='bbox 1289 780 1339 801; x_wconf 92' lang='lat' dir='ltr'>ra-</span> 
     </span>
     <span class='ocr_line' id='line_1_22' title="bbox 277 818 1341 866; baseline -0.007 -10"><span class='ocrx_word' id='word_1_114' title='bbox 277 823 379 862; x_wconf 91' lang='lat' dir='ltr'>tione,</span> <span class='ocrx_word' id='word_1_115' title='bbox 396 823 472 866; x_wconf 89' lang='lat' dir='ltr'>quia</span> <span class='ocrx_word' id='word_1_116' title='bbox 495 822 593 854; x_wconf 90' lang='lat' dir='ltr'>simul</span> <span class='ocrx_word' id='word_1_117' title='bbox 617 830 649 854; x_wconf 93' lang='lat' dir='ltr'>et</span> <span class='ocrx_word' id='word_1_118' title='bbox 672 821 732 854; x_wconf 91' lang='lat' dir='ltr'>hae</span> <span class='ocrx_word' id='word_1_119' title='bbox 756 829 852 854; x_wconf 89' lang='lat' dir='ltr'>erunt</span> <span class='ocrx_word' id='word_1_120' title='bbox 866 831 972 853; x_wconf 91' lang='lat' dir='ltr'>verae.</span> <span class='ocrx_word' id='word_1_121' title='bbox 994 819 1168 852; x_wconf 88' lang='lat' dir='ltr'>Chimaera</span> <span class='ocrx_word' id='word_1_122' title='bbox 1188 818 1276 850; x_wconf 92' lang='lat' dir='ltr'>enim</span> <span class='ocrx_word' id='word_1_123' title='bbox 1292 825 1341 850; x_wconf 92' lang='lat' dir='ltr'>est</span> 
     </span>
     <span class='ocr_line' id='line_1_23' title="bbox 278 865 1340 916; baseline -0.006 -12"><span class='ocrx_word' id='word_1_124' title='bbox 278 871 445 916; x_wconf 86' lang='lat' dir='ltr'>quoddam</span> <span class='ocrx_word' id='word_1_125' title='bbox 476 881 544 903; x_wconf 89' lang='lat' dir='ltr'>non</span> <span class='ocrx_word' id='word_1_126' title='bbox 575 869 712 910; x_wconf 90' lang='lat' dir='ltr'>bonum,</span> <span class='ocrx_word' id='word_1_127' title='bbox 733 869 771 902; x_wconf 93' lang='lat' dir='ltr'>de</span> <span class='ocrx_word' id='word_1_128' title='bbox 801 880 865 913; x_wconf 91' lang='lat' dir='ltr'>qua</span> <span class='ocrx_word' id='word_1_129' title='bbox 887 879 1003 901; x_wconf 91' lang='lat' dir='ltr'>verum</span> <span class='ocrx_word' id='word_1_130' title='bbox 1034 875 1083 900; x_wconf 91' lang='lat' dir='ltr'>est</span> <span class='ocrx_word' id='word_1_131' title='bbox 1113 866 1211 899; x_wconf 86' lang='lat' dir='ltr'>simul</span> <span class='ocrx_word' id='word_1_132' title='bbox 1235 865 1340 899; x_wconf 88' lang='lat' dir='ltr'>dicere</span> 
     </span>
     <span class='ocr_line' id='line_1_24' title="bbox 279 915 1341 965; baseline -0.007 -12"><span class='ocrx_word' id='word_1_133' title='bbox 279 920 369 965; x_wconf 91' lang='lat' dir='ltr'>quod</span> <span class='ocrx_word' id='word_1_134' title='bbox 392 931 461 952; x_wconf 93' lang='lat' dir='ltr'>non</span> <span class='ocrx_word' id='word_1_135' title='bbox 485 928 534 952; x_wconf 91' lang='lat' dir='ltr'>est</span> <span class='ocrx_word' id='word_1_136' title='bbox 556 918 654 959; x_wconf 85' lang='lat' dir='ltr'>bona,</span> <span class='ocrx_word' id='word_1_137' title='bbox 678 927 710 951; x_wconf 91' lang='lat' dir='ltr'>et</span> <span class='ocrx_word' id='word_1_138' title='bbox 734 918 824 962; x_wconf 94' lang='lat' dir='ltr'>quod</span> <span class='ocrx_word' id='word_1_139' title='bbox 847 928 916 950; x_wconf 92' lang='lat' dir='ltr'>non</span> <span class='ocrx_word' id='word_1_140' title='bbox 939 925 988 949; x_wconf 93' lang='lat' dir='ltr'>est</span> <span class='ocrx_word' id='word_1_141' title='bbox 1010 915 1105 950; x_wconf 83' lang='lat' dir='ltr'>mala.</span> <span class='ocrx_word' id='word_1_142' title='bbox 1135 915 1341 959; x_wconf 85' lang='lat' dir='ltr'>Relinquitur</span> 
     </span>
     <span class='ocr_line' id='line_1_25' title="bbox 279 965 1340 1012; baseline -0.007 -10"><span class='ocrx_word' id='word_1_143' title='bbox 279 980 358 1012; x_wconf 91' lang='lat' dir='ltr'>ergo</span> <span class='ocrx_word' id='word_1_144' title='bbox 381 969 474 1001; x_wconf 90' lang='lat' dir='ltr'>tertia</span> <span class='ocrx_word' id='word_1_145' title='bbox 498 979 571 1012; x_wconf 90' lang='lat' dir='ltr'>pars</span> <span class='ocrx_word' id='word_1_146' title='bbox 595 967 732 1000; x_wconf 92' lang='lat' dir='ltr'>minoris</span> <span class='ocrx_word' id='word_1_147' title='bbox 761 966 850 1011; x_wconf 93' lang='lat' dir='ltr'>quod</span> <span class='ocrx_word' id='word_1_148' title='bbox 881 966 911 998; x_wconf 91' lang='lat' dir='ltr'>ei</span> <span class='ocrx_word' id='word_1_149' title='bbox 939 965 1091 1009; x_wconf 89' lang='lat' dir='ltr'>opinioni</span> <span class='ocrx_word' id='word_1_150' title='bbox 1112 975 1208 997; x_wconf 90' lang='lat' dir='ltr'>verae</span> <span class='ocrx_word' id='word_1_151' title='bbox 1239 975 1340 1007; x_wconf 92' lang='lat' dir='ltr'>quae,</span> 
     </span>
     <span class='ocr_line' id='line_1_26' title="bbox 279 1013 1341 1060; baseline -0.006 -10"><span class='ocrx_word' id='word_1_152' title='bbox 279 1026 328 1050; x_wconf 92' lang='lat' dir='ltr'>est</span> <span class='ocrx_word' id='word_1_153' title='bbox 344 1017 454 1050; x_wconf 92' lang='lat' dir='ltr'>dicens</span> <span class='ocrx_word' id='word_1_154' title='bbox 471 1017 628 1060; x_wconf 90' lang='lat' dir='ltr'>quoniam</span> <span class='ocrx_word' id='word_1_155' title='bbox 651 1026 719 1048; x_wconf 90' lang='lat' dir='ltr'>non</span> <span class='ocrx_word' id='word_1_156' title='bbox 741 1015 867 1048; x_wconf 91' lang='lat' dir='ltr'>bonum</span> <span class='ocrx_word' id='word_1_157' title='bbox 890 1025 959 1047; x_wconf 91' lang='lat' dir='ltr'>non</span> <span class='ocrx_word' id='word_1_158' title='bbox 983 1022 1032 1046; x_wconf 91' lang='lat' dir='ltr'>est</span> <span class='ocrx_word' id='word_1_159' title='bbox 1054 1013 1191 1052; x_wconf 91' lang='lat' dir='ltr'>bonum,</span> <span class='ocrx_word' id='word_1_160' title='bbox 1213 1020 1341 1044; x_wconf 91' lang='lat' dir='ltr'>contra-</span> 
     </span>
     <span class='ocr_line' id='line_1_27' title="bbox 278 1060 1342 1109; baseline -0.007 -10"><span class='ocrx_word' id='word_1_161' title='bbox 278 1067 325 1099; x_wconf 93' lang='lat' dir='ltr'>ria</span> <span class='ocrx_word' id='word_1_162' title='bbox 349 1074 398 1099; x_wconf 91' lang='lat' dir='ltr'>est</span> <span class='ocrx_word' id='word_1_163' title='bbox 421 1077 458 1098; x_wconf 91' lang='lat' dir='ltr'>ea</span> <span class='ocrx_word' id='word_1_164' title='bbox 482 1066 596 1109; x_wconf 93' lang='lat' dir='ltr'>opinio</span> <span class='ocrx_word' id='word_1_165' title='bbox 620 1076 689 1097; x_wconf 91' lang='lat' dir='ltr'>non</span> <span class='ocrx_word' id='word_1_166' title='bbox 712 1064 813 1104; x_wconf 89' lang='lat' dir='ltr'>boni,</span> <span class='ocrx_word' id='word_1_167' title='bbox 845 1075 928 1107; x_wconf 88' lang='lat' dir='ltr'>quae</span> <span class='ocrx_word' id='word_1_168' title='bbox 958 1071 1007 1095; x_wconf 93' lang='lat' dir='ltr'>est</span> <span class='ocrx_word' id='word_1_169' title='bbox 1030 1062 1141 1095; x_wconf 92' lang='lat' dir='ltr'>dicens</span> <span class='ocrx_word' id='word_1_170' title='bbox 1172 1060 1262 1105; x_wconf 92' lang='lat' dir='ltr'>quod</span> <span class='ocrx_word' id='word_1_171' title='bbox 1293 1068 1342 1092; x_wconf 90' lang='lat' dir='ltr'>est</span> 
     </span>
     <span class='ocr_line' id='line_1_28' title="bbox 278 1108 1342 1157; baseline -0.007 -9"><span class='ocrx_word' id='word_1_172' title='bbox 278 1114 427 1154; x_wconf 92' lang='lat' dir='ltr'>bonum,</span> <span class='ocrx_word' id='word_1_173' title='bbox 457 1125 539 1157; x_wconf 90' lang='lat' dir='ltr'>quae</span> <span class='ocrx_word' id='word_1_174' title='bbox 571 1122 620 1146; x_wconf 92' lang='lat' dir='ltr'>est</span> <span class='ocrx_word' id='word_1_175' title='bbox 654 1112 904 1145; x_wconf 91' lang='lat' dir='ltr'>contradictoria</span> <span class='ocrx_word' id='word_1_176' title='bbox 936 1111 1033 1144; x_wconf 94' lang='lat' dir='ltr'>illius.</span> <span class='ocrx_word' id='word_1_177' title='bbox 1067 1109 1195 1143; x_wconf 87' lang='lat' dir='ltr'>Deinde</span> <span class='ocrx_word' id='word_1_178' title='bbox 1233 1108 1342 1141; x_wconf 88' lang='lat' dir='ltr'>subdit</span> 
     </span>
     <span class='ocr_line' id='line_1_29' title="bbox 280 1158 1342 1204; baseline -0.006 -8"><span class='ocrx_word' id='word_1_179' title='bbox 280 1162 527 1196; x_wconf 87' lang='lat' dir='ltr'>conclusionem</span> <span class='ocrx_word' id='word_1_180' title='bbox 555 1162 731 1194; x_wconf 86' lang='lat' dir='ltr'>intentam:</span> <span class='ocrx_word' id='word_1_181' title='bbox 759 1161 864 1203; x_wconf 84' lang='lat' dir='ltr'>Quare</span> <span class='ocrx_word' id='word_1_182' title='bbox 894 1167 920 1193; x_wconf 84' lang='lat' dir='ltr'>et</span> <span class='ocrx_word' id='word_1_183' title='bbox 950 1161 975 1193; x_wconf 88' lang='lat' dir='ltr'>ei</span> <span class='ocrx_word' id='word_1_184' title='bbox 997 1159 1129 1204; x_wconf 84' lang='lat' dir='ltr'>opinioni</span> <span class='ocrx_word' id='word_1_185' title='bbox 1152 1158 1242 1199; x_wconf 84' lang='lat' dir='ltr'>boni,</span> <span class='ocrx_word' id='word_1_186' title='bbox 1267 1169 1342 1202; x_wconf 86' lang='lat' dir='ltr'>quae</span> 
     </span>
     <span class='ocr_line' id='line_1_30' title="bbox 280 1207 1342 1251; baseline -0.005 -7"><span class='ocrx_word' id='word_1_187' title='bbox 280 1211 357 1245; x_wconf 83' lang='lat' dir='ltr'>dicit</span> <span class='ocrx_word' id='word_1_188' title='bbox 379 1210 504 1243; x_wconf 90' lang='lat' dir='ltr'>bonum</span> <span class='ocrx_word' id='word_1_189' title='bbox 524 1218 573 1242; x_wconf 91' lang='lat' dir='ltr'>est</span> <span class='ocrx_word' id='word_1_190' title='bbox 596 1209 740 1250; x_wconf 88' lang='lat' dir='ltr'>bonum,</span> <span class='ocrx_word' id='word_1_191' title='bbox 773 1210 932 1242; x_wconf 89' lang='lat' dir='ltr'>contraria</span> <span class='ocrx_word' id='word_1_192' title='bbox 961 1217 1010 1241; x_wconf 91' lang='lat' dir='ltr'>est</span> <span class='ocrx_word' id='word_1_193' title='bbox 1041 1219 1079 1241; x_wconf 91' lang='lat' dir='ltr'>ea</span> <span class='ocrx_word' id='word_1_194' title='bbox 1102 1207 1181 1240; x_wconf 93' lang='lat' dir='ltr'>boni</span> <span class='ocrx_word' id='word_1_195' title='bbox 1209 1207 1342 1251; x_wconf 91' lang='lat' dir='ltr'>opinio,</span> 
     </span>
     <span class='ocr_line' id='line_1_31' title="bbox 278 1257 1343 1305; baseline -0.005 -12"><span class='ocrx_word' id='word_1_196' title='bbox 278 1272 363 1305; x_wconf 91' lang='lat' dir='ltr'>quae</span> <span class='ocrx_word' id='word_1_197' title='bbox 388 1259 465 1293; x_wconf 83' lang='lat' dir='ltr'>dicit</span> <span class='ocrx_word' id='word_1_198' title='bbox 493 1259 584 1303; x_wconf 93' lang='lat' dir='ltr'>quod</span> <span class='ocrx_word' id='word_1_199' title='bbox 606 1259 732 1292; x_wconf 91' lang='lat' dir='ltr'>bonum</span> <span class='ocrx_word' id='word_1_200' title='bbox 748 1270 817 1291; x_wconf 91' lang='lat' dir='ltr'>non</span> <span class='ocrx_word' id='word_1_201' title='bbox 841 1266 890 1291; x_wconf 91' lang='lat' dir='ltr'>est</span> <span class='ocrx_word' id='word_1_202' title='bbox 913 1257 1049 1298; x_wconf 89' lang='lat' dir='ltr'>bonum,</span> <span class='ocrx_word' id='word_1_203' title='bbox 1074 1257 1168 1297; x_wconf 91' lang='lat' dir='ltr'>idest,</span> <span class='ocrx_word' id='word_1_204' title='bbox 1185 1268 1243 1289; x_wconf 91' lang='lat' dir='ltr'>sua</span> <span class='ocrx_word' id='word_1_205' title='bbox 1264 1267 1343 1288; x_wconf 91' lang='lat' dir='ltr'>con-</span> 
     </span>
     <span class='ocr_line' id='line_1_32' title="bbox 279 1305 1344 1350; baseline -0.005 -8"><span class='ocrx_word' id='word_1_206' title='bbox 279 1308 475 1342; x_wconf 90' lang='lat' dir='ltr'>tradictoria.</span> <span class='ocrx_word' id='word_1_207' title='bbox 501 1307 786 1341; x_wconf 89' lang='lat' dir='ltr'>Contradictiones</span> <span class='ocrx_word' id='word_1_208' title='bbox 811 1318 890 1350; x_wconf 89' lang='lat' dir='ltr'>ergo</span> <span class='ocrx_word' id='word_1_209' title='bbox 915 1306 1093 1339; x_wconf 89' lang='lat' dir='ltr'>contrariae</span> <span class='ocrx_word' id='word_1_210' title='bbox 1113 1307 1147 1338; x_wconf 91' lang='lat' dir='ltr'>in</span> <span class='ocrx_word' id='word_1_211' title='bbox 1171 1305 1262 1338; x_wconf 90' lang='lat' dir='ltr'>omni</span> <span class='ocrx_word' id='word_1_212' title='bbox 1279 1316 1344 1337; x_wconf 91' lang='lat' dir='ltr'>ma-</span> 
     </span>
     <span class='ocr_line' id='line_1_33' title="bbox 279 1355 675 1393; baseline -0.005 -3"><span class='ocrx_word' id='word_1_213' title='bbox 279 1358 360 1390; x_wconf 90' lang='lat' dir='ltr'>teria</span> <span class='ocrx_word' id='word_1_214' title='bbox 384 1355 565 1393; x_wconf 84' lang='lat' dir='ltr'>censendae</span> <span class='ocrx_word' id='word_1_215' title='bbox 589 1364 675 1389; x_wconf 89' lang='lat' dir='ltr'>sunt.</span> 
     </span>
    </p>

    <p class='ocr_par' dir='ltr' id='par_1_10' title="bbox 278 1401 1347 2614">
     <span class='ocr_line' id='line_1_34' title="bbox 351 1401 1342 1447; baseline -0.005 -8"><span class='ocrx_word' id='word_1_216' title='bbox 351 1401 545 1439; x_wconf 58' lang='lat' dir='ltr'>161Deinde</span> <span class='ocrx_word' id='word_1_217' title='bbox 562 1416 637 1437; x_wconf 87' lang='lat' dir='ltr'>curn</span> <span class='ocrx_word' id='word_1_218' title='bbox 655 1404 746 1437; x_wconf 88' lang='lat' dir='ltr'>dicit:</span> <span class='ocrx_word' id='word_1_219' title='bbox 763 1403 962 1447; x_wconf 81' lang='lat' dir='ltr'>Manifestum</span> <span class='ocrx_word' id='word_1_220' title='bbox 978 1409 1019 1436; x_wconf 84' lang='lat' dir='ltr'>est</span> <span class='ocrx_word' id='word_1_221' title='bbox 1032 1403 1127 1446; x_wconf 82' lang='lat' dir='ltr'>igitur</span> <span class='ocrx_word' id='word_1_222' title='bbox 1143 1411 1219 1443; x_wconf 87' lang='lat' dir='ltr'>etc.,</span> <span class='ocrx_word' id='word_1_223' title='bbox 1237 1401 1342 1435; x_wconf 89' lang='lat' dir='ltr'>decla-</span> 
     </span>
     <span class='ocr_line' id='line_1_35' title="bbox 280 1451 1343 1495; baseline -0.004 -8"><span class='ocrx_word' id='word_1_224' title='bbox 280 1462 330 1488; x_wconf 90' lang='lat' dir='ltr'>rat</span> <span class='ocrx_word' id='word_1_225' title='bbox 353 1454 600 1487; x_wconf 86' lang='lat' dir='ltr'>determinatam</span> <span class='ocrx_word' id='word_1_226' title='bbox 622 1453 792 1486; x_wconf 89' lang='lat' dir='ltr'>veritatem</span> <span class='ocrx_word' id='word_1_227' title='bbox 816 1451 946 1485; x_wconf 87' lang='lat' dir='ltr'>extendi</span> <span class='ocrx_word' id='word_1_228' title='bbox 970 1451 1010 1484; x_wconf 89' lang='lat' dir='ltr'>ad</span> <span class='ocrx_word' id='word_1_229' title='bbox 1034 1452 1192 1495; x_wconf 90' lang='lat' dir='ltr'>cuiusque</span> <span class='ocrx_word' id='word_1_230' title='bbox 1218 1451 1343 1495; x_wconf 89' lang='lat' dir='ltr'>quanti-</span> 
     </span>
     <span class='ocr_line' id='line_1_36' title="bbox 280 1500 1345 1547; baseline -0.004 -11"><span class='ocrx_word' id='word_1_231' title='bbox 280 1504 354 1536; x_wconf 90' lang='lat' dir='ltr'>tatis</span> <span class='ocrx_word' id='word_1_232' title='bbox 370 1503 554 1547; x_wconf 81' lang='lat' dir='ltr'>opinioneS.</span> <span class='ocrx_word' id='word_1_233' title='bbox 579 1502 620 1535; x_wconf 89' lang='lat' dir='ltr'>Et</span> <span class='ocrx_word' id='word_1_234' title='bbox 636 1502 712 1546; x_wconf 92' lang='lat' dir='ltr'>quia</span> <span class='ocrx_word' id='word_1_235' title='bbox 728 1501 767 1535; x_wconf 93' lang='lat' dir='ltr'>de</span> <span class='ocrx_word' id='word_1_236' title='bbox 783 1500 970 1541; x_wconf 88' lang='lat' dir='ltr'>indefinitis,</span> <span class='ocrx_word' id='word_1_237' title='bbox 991 1509 1023 1533; x_wconf 91' lang='lat' dir='ltr'>et</span> <span class='ocrx_word' id='word_1_238' title='bbox 1038 1500 1296 1544; x_wconf 86' lang='lat' dir='ltr'>particularibus,</span> <span class='ocrx_word' id='word_1_239' title='bbox 1313 1509 1345 1533; x_wconf 92' lang='lat' dir='ltr'>et</span> 
     </span>
     <span class='ocr_line' id='line_1_37' title="bbox 278 1548 1345 1595; baseline -0.004 -11"><span class='ocrx_word' id='word_1_240' title='bbox 278 1550 499 1595; x_wconf 87' lang='lat' dir='ltr'>singularibus</span> <span class='ocrx_word' id='word_1_241' title='bbox 531 1551 595 1583; x_wconf 90' lang='lat' dir='ltr'>iam</span> <span class='ocrx_word' id='word_1_242' title='bbox 623 1550 748 1583; x_wconf 92' lang='lat' dir='ltr'>dictum</span> <span class='ocrx_word' id='word_1_243' title='bbox 774 1558 840 1589; x_wconf 89' lang='lat' dir='ltr'>est,</span> <span class='ocrx_word' id='word_1_244' title='bbox 872 1560 912 1581; x_wconf 89' lang='lat' dir='ltr'>eo</span> <span class='ocrx_word' id='word_1_245' title='bbox 944 1548 1034 1592; x_wconf 92' lang='lat' dir='ltr'>quod</span> <span class='ocrx_word' id='word_1_246' title='bbox 1062 1548 1150 1581; x_wconf 92' lang='lat' dir='ltr'>idem</span> <span class='ocrx_word' id='word_1_247' title='bbox 1179 1548 1345 1581; x_wconf 88' lang='lat' dir='ltr'>evidenter</span> 
     </span>
     <span class='ocr_line' id='line_1_38' title="bbox 279 1596 1345 1644; baseline -0.005 -10"><span class='ocrx_word' id='word_1_248' title='bbox 279 1608 415 1644; x_wconf 90' lang='lat' dir='ltr'>apparet</span> <span class='ocrx_word' id='word_1_249' title='bbox 438 1599 478 1633; x_wconf 91' lang='lat' dir='ltr'>de</span> <span class='ocrx_word' id='word_1_250' title='bbox 502 1600 548 1631; x_wconf 92' lang='lat' dir='ltr'>eis</span> <span class='ocrx_word' id='word_1_251' title='bbox 579 1599 612 1631; x_wconf 91' lang='lat' dir='ltr'>in</span> <span class='ocrx_word' id='word_1_252' title='bbox 636 1598 696 1631; x_wconf 92' lang='lat' dir='ltr'>hac</span> <span class='ocrx_word' id='word_1_253' title='bbox 720 1610 754 1631; x_wconf 93' lang='lat' dir='ltr'>re</span> <span class='ocrx_word' id='word_1_254' title='bbox 778 1597 936 1630; x_wconf 90' lang='lat' dir='ltr'>iudicium</span> <span class='ocrx_word' id='word_1_255' title='bbox 967 1596 1174 1641; x_wconf 87' lang='lat' dir='ltr'>(indefinitae</span> <span class='ocrx_word' id='word_1_256' title='bbox 1201 1598 1289 1629; x_wconf 89' lang='lat' dir='ltr'>enim</span> <span class='ocrx_word' id='word_1_257' title='bbox 1313 1606 1345 1630; x_wconf 90' lang='lat' dir='ltr'>et</span> 
     </span>
     <span class='ocr_line' id='line_1_39' title="bbox 281 1645 1343 1693; baseline -0.006 -10"><span class='ocrx_word' id='word_1_258' title='bbox 281 1648 491 1693; x_wconf 84' lang='lat' dir='ltr'>particulares</span> <span class='ocrx_word' id='word_1_259' title='bbox 514 1648 578 1680; x_wconf 90' lang='lat' dir='ltr'>nisi</span> <span class='ocrx_word' id='word_1_260' title='bbox 602 1659 662 1691; x_wconf 90' lang='lat' dir='ltr'>pro</span> <span class='ocrx_word' id='word_1_261' title='bbox 686 1646 810 1679; x_wconf 91' lang='lat' dir='ltr'>eisdem</span> <span class='ocrx_word' id='word_1_262' title='bbox 834 1654 1023 1690; x_wconf 89' lang='lat' dir='ltr'>supponant</span> <span class='ocrx_word' id='word_1_263' title='bbox 1046 1646 1130 1678; x_wconf 90' lang='lat' dir='ltr'>sicut</span> <span class='ocrx_word' id='word_1_264' title='bbox 1153 1645 1343 1689; x_wconf 88' lang='lat' dir='ltr'>singulares,</span> 
     </span>
     <span class='ocr_line' id='line_1_40' title="bbox 282 1695 1344 1742; baseline -0.004 -11"><span class='ocrx_word' id='word_1_265' title='bbox 282 1709 340 1742; x_wconf 90' lang='lat' dir='ltr'>per</span> <span class='ocrx_word' id='word_1_266' title='bbox 359 1697 498 1730; x_wconf 89' lang='lat' dir='ltr'>modum</span> <span class='ocrx_word' id='word_1_267' title='bbox 522 1696 746 1729; x_wconf 87' lang='lat' dir='ltr'>affirmationis</span> <span class='ocrx_word' id='word_1_268' title='bbox 771 1704 803 1728; x_wconf 90' lang='lat' dir='ltr'>et</span> <span class='ocrx_word' id='word_1_269' title='bbox 825 1695 1009 1738; x_wconf 89' lang='lat' dir='ltr'>negationis</span> <span class='ocrx_word' id='word_1_270' title='bbox 1033 1706 1100 1728; x_wconf 92' lang='lat' dir='ltr'>non</span> <span class='ocrx_word' id='word_1_271' title='bbox 1117 1703 1344 1738; x_wconf 90' lang='lat' dir='ltr'>opponuntur,</span> 
     </span>
     <span class='ocr_line' id='line_1_41' title="bbox 281 1743 1344 1791; baseline -0.003 -12"><span class='ocrx_word' id='word_1_272' title='bbox 281 1747 360 1791; x_wconf 89' lang='lat' dir='ltr'>quia</span> <span class='ocrx_word' id='word_1_273' title='bbox 382 1745 481 1778; x_wconf 91' lang='lat' dir='ltr'>simul</span> <span class='ocrx_word' id='word_1_274' title='bbox 503 1756 598 1778; x_wconf 90' lang='lat' dir='ltr'>verae</span> <span class='ocrx_word' id='word_1_275' title='bbox 626 1743 734 1789; x_wconf 87' lang='lat' dir='ltr'>sunt);</span> <span class='ocrx_word' id='word_1_276' title='bbox 765 1743 840 1776; x_wconf 88' lang='lat' dir='ltr'>ideo</span> <span class='ocrx_word' id='word_1_277' title='bbox 871 1743 911 1776; x_wconf 92' lang='lat' dir='ltr'>ad</span> <span class='ocrx_word' id='word_1_278' title='bbox 935 1755 1006 1784; x_wconf 89' lang='lat' dir='ltr'>eas,</span> <span class='ocrx_word' id='word_1_279' title='bbox 1039 1755 1122 1787; x_wconf 90' lang='lat' dir='ltr'>quae</span> <span class='ocrx_word' id='word_1_280' title='bbox 1153 1743 1344 1776; x_wconf 90' lang='lat' dir='ltr'>universalis</span> 
     </span>
     <span class='ocr_line' id='line_1_42' title="bbox 282 1791 1345 1839; baseline -0.003 -12"><span class='ocrx_word' id='word_1_281' title='bbox 282 1794 471 1839; x_wconf 89' lang='lat' dir='ltr'>quantitatis</span> <span class='ocrx_word' id='word_1_282' title='bbox 487 1802 564 1826; x_wconf 89' lang='lat' dir='ltr'>sunt</span> <span class='ocrx_word' id='word_1_283' title='bbox 580 1804 614 1826; x_wconf 89' lang='lat' dir='ltr'>se</span> <span class='ocrx_word' id='word_1_284' title='bbox 630 1792 790 1832; x_wconf 87' lang='lat' dir='ltr'>transfert,</span> <span class='ocrx_word' id='word_1_285' title='bbox 803 1792 925 1832; x_wconf 89' lang='lat' dir='ltr'>dicens,</span> <span class='ocrx_word' id='word_1_286' title='bbox 941 1791 1151 1824; x_wconf 90' lang='lat' dir='ltr'>manifestum</span> <span class='ocrx_word' id='word_1_287' title='bbox 1167 1803 1237 1824; x_wconf 91' lang='lat' dir='ltr'>esse</span> <span class='ocrx_word' id='word_1_288' title='bbox 1255 1791 1345 1836; x_wconf 93' lang='lat' dir='ltr'>quod</span> 
     </span>
     <span class='ocr_line' id='line_1_43' title="bbox 281 1841 1343 1886; baseline -0.004 -10"><span class='ocrx_word' id='word_1_289' title='bbox 281 1842 364 1876; x_wconf 91' lang='lat' dir='ltr'>nihil</span> <span class='ocrx_word' id='word_1_290' title='bbox 386 1843 520 1875; x_wconf 89' lang='lat' dir='ltr'>interest</span> <span class='ocrx_word' id='word_1_291' title='bbox 543 1841 652 1886; x_wconf 91' lang='lat' dir='ltr'>quoad</span> <span class='ocrx_word' id='word_1_292' title='bbox 680 1842 884 1885; x_wconf 87' lang='lat' dir='ltr'>propositam</span> <span class='ocrx_word' id='word_1_293' title='bbox 908 1841 1145 1884; x_wconf 88' lang='lat' dir='ltr'>quaestionem,</span> <span class='ocrx_word' id='word_1_294' title='bbox 1163 1841 1189 1872; x_wconf 93' lang='lat' dir='ltr'>si</span> <span class='ocrx_word' id='word_1_295' title='bbox 1213 1841 1343 1872; x_wconf 92' lang='lat' dir='ltr'>univer-</span> 
     </span>
     <span class='ocr_line' id='line_1_44' title="bbox 282 1888 1344 1935; baseline -0.003 -11"><span class='ocrx_word' id='word_1_296' title='bbox 282 1891 391 1925; x_wconf 91' lang='lat' dir='ltr'>saliter</span> <span class='ocrx_word' id='word_1_297' title='bbox 407 1901 571 1935; x_wconf 90' lang='lat' dir='ltr'>ponamus</span> <span class='ocrx_word' id='word_1_298' title='bbox 587 1889 830 1923; x_wconf 89' lang='lat' dir='ltr'>affirmationes.</span> <span class='ocrx_word' id='word_1_299' title='bbox 855 1890 942 1923; x_wconf 90' lang='lat' dir='ltr'>Huic</span> <span class='ocrx_word' id='word_1_300' title='bbox 959 1890 1057 1930; x_wconf 90' lang='lat' dir='ltr'>enim,</span> <span class='ocrx_word' id='word_1_301' title='bbox 1071 1888 1203 1929; x_wconf 90' lang='lat' dir='ltr'>scilicet,</span> <span class='ocrx_word' id='word_1_302' title='bbox 1216 1889 1344 1921; x_wconf 92' lang='lat' dir='ltr'>univer-</span> 
     </span>
     <span class='ocr_line' id='line_1_45' title="bbox 281 1938 1345 1980; baseline -0.002 -8"><span class='ocrx_word' id='word_1_303' title='bbox 281 1939 340 1973; x_wconf 91' lang='lat' dir='ltr'>sali</span> <span class='ocrx_word' id='word_1_304' title='bbox 355 1939 574 1979; x_wconf 87' lang='lat' dir='ltr'>affirmationi,</span> <span class='ocrx_word' id='word_1_305' title='bbox 593 1939 754 1971; x_wconf 90' lang='lat' dir='ltr'>contraria</span> <span class='ocrx_word' id='word_1_306' title='bbox 777 1947 826 1971; x_wconf 89' lang='lat' dir='ltr'>est</span> <span class='ocrx_word' id='word_1_307' title='bbox 849 1938 1040 1971; x_wconf 90' lang='lat' dir='ltr'>universalis</span> <span class='ocrx_word' id='word_1_308' title='bbox 1063 1938 1205 1980; x_wconf 89' lang='lat' dir='ltr'>negatio,</span> <span class='ocrx_word' id='word_1_309' title='bbox 1230 1946 1262 1970; x_wconf 93' lang='lat' dir='ltr'>et</span> <span class='ocrx_word' id='word_1_310' title='bbox 1277 1949 1345 1970; x_wconf 92' lang='lat' dir='ltr'>non</span> 
     </span>
     <span class='ocr_line' id='line_1_46' title="bbox 280 1986 1345 2030; baseline -0.003 -9"><span class='ocrx_word' id='word_1_311' title='bbox 280 1987 473 2021; x_wconf 89' lang='lat' dir='ltr'>universalis</span> <span class='ocrx_word' id='word_1_312' title='bbox 497 1987 669 2020; x_wconf 90' lang='lat' dir='ltr'>affirmatio</span> <span class='ocrx_word' id='word_1_313' title='bbox 694 1986 733 2020; x_wconf 95' lang='lat' dir='ltr'>de</span> <span class='ocrx_word' id='word_1_314' title='bbox 758 1987 932 2027; x_wconf 84' lang='lat' dir='ltr'>contrari03</span> <span class='ocrx_word' id='word_1_315' title='bbox 949 1995 986 2019; x_wconf 90' lang='lat' dir='ltr'>ut</span> <span class='ocrx_word' id='word_1_316' title='bbox 1005 1987 1155 2030; x_wconf 90' lang='lat' dir='ltr'>opinioni</span> <span class='ocrx_word' id='word_1_317' title='bbox 1175 1997 1258 2030; x_wconf 90' lang='lat' dir='ltr'>quae</span> <span class='ocrx_word' id='word_1_318' title='bbox 1275 1986 1345 2029; x_wconf 92' lang='lat' dir='ltr'>opi-</span> 
     </span>
     <span class='ocr_line' id='line_1_47' title="bbox 279 2034 1344 2080; baseline -0.004 -10"><span class='ocrx_word' id='word_1_319' title='bbox 279 2045 391 2077; x_wconf 87' lang='lat' dir='ltr'>natur,</span> <span class='ocrx_word' id='word_1_320' title='bbox 415 2036 573 2080; x_wconf 87' lang='lat' dir='ltr'>quoniam</span> <span class='ocrx_word' id='word_1_321' title='bbox 597 2046 696 2068; x_wconf 92' lang='lat' dir='ltr'>omne</span> <span class='ocrx_word' id='word_1_322' title='bbox 719 2035 846 2068; x_wconf 91' lang='lat' dir='ltr'>bonum</span> <span class='ocrx_word' id='word_1_323' title='bbox 869 2044 918 2068; x_wconf 89' lang='lat' dir='ltr'>est</span> <span class='ocrx_word' id='word_1_324' title='bbox 941 2034 1082 2075; x_wconf 89' lang='lat' dir='ltr'>bonum,</span> <span class='ocrx_word' id='word_1_325' title='bbox 1107 2035 1266 2068; x_wconf 89' lang='lat' dir='ltr'>contraria</span> <span class='ocrx_word' id='word_1_326' title='bbox 1286 2043 1344 2074; x_wconf 88' lang='lat' dir='ltr'>est,</span> 
     </span>
     <span class='ocr_line' id='line_1_48' title="bbox 281 2083 1346 2128; baseline -0.004 -10"><span class='ocrx_word' id='word_1_327' title='bbox 281 2085 363 2118; x_wconf 89' lang='lat' dir='ltr'>nihil</span> <span class='ocrx_word' id='word_1_328' title='bbox 386 2085 517 2124; x_wconf 90' lang='lat' dir='ltr'>horum,</span> <span class='ocrx_word' id='word_1_329' title='bbox 542 2095 625 2128; x_wconf 90' lang='lat' dir='ltr'>quae</span> <span class='ocrx_word' id='word_1_330' title='bbox 651 2084 737 2117; x_wconf 91' lang='lat' dir='ltr'>bona</span> <span class='ocrx_word' id='word_1_331' title='bbox 761 2093 848 2124; x_wconf 88' lang='lat' dir='ltr'>sunt,</span> <span class='ocrx_word' id='word_1_332' title='bbox 873 2083 971 2124; x_wconf 89' lang='lat' dir='ltr'>idest,</span> <span class='ocrx_word' id='word_1_333' title='bbox 995 2083 1124 2116; x_wconf 91' lang='lat' dir='ltr'>nullum</span> <span class='ocrx_word' id='word_1_334' title='bbox 1148 2083 1273 2116; x_wconf 91' lang='lat' dir='ltr'>bonum</span> <span class='ocrx_word' id='word_1_335' title='bbox 1297 2090 1346 2115; x_wconf 90' lang='lat' dir='ltr'>est</span> 
     </span>
     <span class='ocr_line' id='line_1_49' title="bbox 281 2130 1345 2176; baseline -0.004 -9"><span class='ocrx_word' id='word_1_336' title='bbox 281 2134 417 2167; x_wconf 90' lang='lat' dir='ltr'>bonum.</span> <span class='ocrx_word' id='word_1_337' title='bbox 442 2133 484 2166; x_wconf 92' lang='lat' dir='ltr'>Et</span> <span class='ocrx_word' id='word_1_338' title='bbox 500 2132 639 2165; x_wconf 86' lang='lat' dir='ltr'>declarat</span> <span class='ocrx_word' id='word_1_339' title='bbox 655 2132 719 2165; x_wconf 92' lang='lat' dir='ltr'>hoc</span> <span class='ocrx_word' id='word_1_340' title='bbox 740 2144 779 2165; x_wconf 88' lang='lat' dir='ltr'>ex</span> <span class='ocrx_word' id='word_1_341' title='bbox 796 2132 875 2176; x_wconf 92' lang='lat' dir='ltr'>quid</span> <span class='ocrx_word' id='word_1_342' title='bbox 894 2133 1038 2165; x_wconf 92' lang='lat' dir='ltr'>nominis</span> <span class='ocrx_word' id='word_1_343' title='bbox 1055 2131 1246 2165; x_wconf 89' lang='lat' dir='ltr'>universalis</span> <span class='ocrx_word' id='word_1_344' title='bbox 1263 2130 1345 2163; x_wconf 88' lang='lat' dir='ltr'>affir-</span> 
     </span>
     <span class='ocr_line' id='line_1_50' title="bbox 281 2179 1346 2225; baseline -0.002 -10"><span class='ocrx_word' id='word_1_345' title='bbox 281 2183 432 2221; x_wconf 86' lang='lat' dir='ltr'>mativae,</span> <span class='ocrx_word' id='word_1_346' title='bbox 454 2181 579 2214; x_wconf 90' lang='lat' dir='ltr'>dicens:</span> <span class='ocrx_word' id='word_1_347' title='bbox 604 2181 690 2214; x_wconf 91' lang='lat' dir='ltr'>Nam</span> <span class='ocrx_word' id='word_1_348' title='bbox 713 2182 775 2214; x_wconf 84' lang='lat' dir='ltr'>eius</span> <span class='ocrx_word' id='word_1_349' title='bbox 797 2192 874 2225; x_wconf 89' lang='lat' dir='ltr'>quae</span> <span class='ocrx_word' id='word_1_350' title='bbox 897 2187 937 2214; x_wconf 86' lang='lat' dir='ltr'>est</span> <span class='ocrx_word' id='word_1_351' title='bbox 961 2181 1044 2221; x_wconf 86' lang='lat' dir='ltr'>boni,</span> <span class='ocrx_word' id='word_1_352' title='bbox 1069 2181 1212 2225; x_wconf 88' lang='lat' dir='ltr'>quoniam</span> <span class='ocrx_word' id='word_1_353' title='bbox 1236 2179 1346 2213; x_wconf 86' lang='lat' dir='ltr'>bonum</span> 
     </span>
     <span class='ocr_line' id='line_1_51' title="bbox 282 2229 1345 2273; baseline -0.003 -9"><span class='ocrx_word' id='word_1_354' title='bbox 282 2237 334 2271; x_wconf 78' lang='lat' dir='ltr'>est,</span> <span class='ocrx_word' id='word_1_355' title='bbox 350 2231 377 2263; x_wconf 88' lang='lat' dir='ltr'>si</span> <span class='ocrx_word' id='word_1_356' title='bbox 392 2230 601 2263; x_wconf 85' lang='lat' dir='ltr'>universaliter</span> <span class='ocrx_word' id='word_1_357' title='bbox 620 2231 658 2263; x_wconf 84' lang='lat' dir='ltr'>sit</span> <span class='ocrx_word' id='word_1_358' title='bbox 674 2229 800 2263; x_wconf 89' lang='lat' dir='ltr'>bonum:</span> <span class='ocrx_word' id='word_1_359' title='bbox 817 2230 911 2270; x_wconf 89' lang='lat' dir='ltr'>idest,</span> <span class='ocrx_word' id='word_1_360' title='bbox 929 2230 1022 2262; x_wconf 91' lang='lat' dir='ltr'>istius</span> <span class='ocrx_word' id='word_1_361' title='bbox 1039 2230 1204 2273; x_wconf 88' lang='lat' dir='ltr'>opinionis</span> <span class='ocrx_word' id='word_1_362' title='bbox 1218 2230 1345 2262; x_wconf 85' lang='lat' dir='ltr'>univer.-</span> 
     </span>
     <span class='ocr_line' id='line_1_52' title="bbox 282 2277 1344 2321; baseline -0.002 -9"><span class='ocrx_word' id='word_1_363' title='bbox 282 2279 370 2319; x_wconf 88' lang='lat' dir='ltr'>salis,</span> <span class='ocrx_word' id='word_1_364' title='bbox 387 2290 485 2312; x_wconf 92' lang='lat' dir='ltr'>omne</span> <span class='ocrx_word' id='word_1_365' title='bbox 502 2278 628 2311; x_wconf 90' lang='lat' dir='ltr'>bonum</span> <span class='ocrx_word' id='word_1_366' title='bbox 652 2287 701 2311; x_wconf 90' lang='lat' dir='ltr'>est</span> <span class='ocrx_word' id='word_1_367' title='bbox 719 2278 855 2319; x_wconf 91' lang='lat' dir='ltr'>bonum,</span> <span class='ocrx_word' id='word_1_368' title='bbox 875 2278 989 2311; x_wconf 91' lang='lat' dir='ltr'>eadem</span> <span class='ocrx_word' id='word_1_369' title='bbox 1006 2287 1065 2318; x_wconf 89' lang='lat' dir='ltr'>est,</span> <span class='ocrx_word' id='word_1_370' title='bbox 1083 2277 1177 2317; x_wconf 87' lang='lat' dir='ltr'>idest,</span> <span class='ocrx_word' id='word_1_371' title='bbox 1192 2278 1344 2321; x_wconf 87' lang='lat' dir='ltr'>aequiva-</span> 
     </span>
     <span class='ocr_line' id='line_1_53' title="bbox 282 2325 1345 2372; baseline -0.003 -11"><span class='ocrx_word' id='word_1_372' title='bbox 282 2327 364 2368; x_wconf 89' lang='lat' dir='ltr'>lens,</span> <span class='ocrx_word' id='word_1_373' title='bbox 381 2326 435 2360; x_wconf 86' lang='lat' dir='ltr'>illa</span> <span class='ocrx_word' id='word_1_374' title='bbox 451 2339 534 2371; x_wconf 87' lang='lat' dir='ltr'>quae</span> <span class='ocrx_word' id='word_1_375' title='bbox 551 2327 715 2370; x_wconf 83' lang='lat' dir='ltr'>opinatur,</span> <span class='ocrx_word' id='word_1_376' title='bbox 739 2326 899 2372; x_wconf 86' lang='lat' dir='ltr'>quidquid</span> <span class='ocrx_word' id='word_1_377' title='bbox 923 2336 972 2360; x_wconf 91' lang='lat' dir='ltr'>est</span> <span class='ocrx_word' id='word_1_378' title='bbox 987 2327 1113 2372; x_wconf 87' lang='lat' dir='ltr'>bonum</span> <span class='ocrx_word' id='word_1_379' title='bbox 1130 2335 1178 2359; x_wconf 93' lang='lat' dir='ltr'>est</span> <span class='ocrx_word' id='word_1_380' title='bbox 1201 2325 1345 2365; x_wconf 90' lang='lat' dir='ltr'>bonum;</span> 
     </span>
     <span class='ocr_line' id='line_1_54' title="bbox 283 2373 1345 2420; baseline -0.002 -12"><span class='ocrx_word' id='word_1_381' title='bbox 283 2385 316 2410; x_wconf 88' lang='lat' dir='ltr'>et</span> <span class='ocrx_word' id='word_1_382' title='bbox 332 2384 570 2420; x_wconf 87' lang='lat' dir='ltr'>consequenter</span> <span class='ocrx_word' id='word_1_383' title='bbox 586 2387 645 2408; x_wconf 90' lang='lat' dir='ltr'>sua</span> <span class='ocrx_word' id='word_1_384' title='bbox 661 2377 791 2419; x_wconf 88' lang='lat' dir='ltr'>negatio</span> <span class='ocrx_word' id='word_1_385' title='bbox 816 2377 976 2409; x_wconf 91' lang='lat' dir='ltr'>contraria</span> <span class='ocrx_word' id='word_1_386' title='bbox 999 2385 1047 2409; x_wconf 88' lang='lat' dir='ltr'>est</span> <span class='ocrx_word' id='word_1_387' title='bbox 1063 2375 1116 2407; x_wconf 89' lang='lat' dir='ltr'>illa</span> <span class='ocrx_word' id='word_1_388' title='bbox 1137 2386 1236 2419; x_wconf 91' lang='lat' dir='ltr'>quam</span> <span class='ocrx_word' id='word_1_389' title='bbox 1260 2373 1345 2413; x_wconf 87' lang='lat' dir='ltr'>dixi,</span> 
     </span>
     <span class='ocr_line' id='line_1_55' title="bbox 283 2422 1346 2468; baseline -0.003 -10"><span class='ocrx_word' id='word_1_390' title='bbox 283 2424 365 2458; x_wconf 88' lang='lat' dir='ltr'>nihil</span> <span class='ocrx_word' id='word_1_391' title='bbox 385 2424 505 2457; x_wconf 91' lang='lat' dir='ltr'>horum</span> <span class='ocrx_word' id='word_1_392' title='bbox 522 2435 605 2468; x_wconf 88' lang='lat' dir='ltr'>quae</span> <span class='ocrx_word' id='word_1_393' title='bbox 622 2423 708 2457; x_wconf 88' lang='lat' dir='ltr'>bona</span> <span class='ocrx_word' id='word_1_394' title='bbox 725 2433 801 2457; x_wconf 87' lang='lat' dir='ltr'>sunt</span> <span class='ocrx_word' id='word_1_395' title='bbox 817 2424 943 2457; x_wconf 90' lang='lat' dir='ltr'>bonum</span> <span class='ocrx_word' id='word_1_396' title='bbox 959 2433 1017 2464; x_wconf 89' lang='lat' dir='ltr'>est,</span> <span class='ocrx_word' id='word_1_397' title='bbox 1031 2423 1129 2463; x_wconf 91' lang='lat' dir='ltr'>idest,</span> <span class='ocrx_word' id='word_1_398' title='bbox 1145 2422 1274 2455; x_wconf 92' lang='lat' dir='ltr'>nullum</span> <span class='ocrx_word' id='word_1_399' title='bbox 1288 2422 1346 2455; x_wconf 91' lang='lat' dir='ltr'>bo-</span> 
     </span>
     <span class='ocr_line' id='line_1_56' title="bbox 283 2471 1345 2506; baseline -0.003 0"><span class='ocrx_word' id='word_1_400' title='bbox 283 2484 365 2506; x_wconf 91' lang='lat' dir='ltr'>num</span> <span class='ocrx_word' id='word_1_401' title='bbox 389 2481 438 2505; x_wconf 92' lang='lat' dir='ltr'>est</span> <span class='ocrx_word' id='word_1_402' title='bbox 458 2472 600 2505; x_wconf 92' lang='lat' dir='ltr'>bonum.</span> <span class='ocrx_word' id='word_1_403' title='bbox 627 2472 783 2505; x_wconf 90' lang='lat' dir='ltr'>Similiter</span> <span class='ocrx_word' id='word_1_404' title='bbox 799 2481 908 2506; x_wconf 87' lang='lat' dir='ltr'>autern</span> <span class='ocrx_word' id='word_1_405' title='bbox 926 2484 959 2505; x_wconf 91' lang='lat' dir='ltr'>se</span> <span class='ocrx_word' id='word_1_406' title='bbox 976 2472 1073 2505; x_wconf 89' lang='lat' dir='ltr'>habet</span> <span class='ocrx_word' id='word_1_407' title='bbox 1096 2473 1129 2505; x_wconf 91' lang='lat' dir='ltr'>in</span> <span class='ocrx_word' id='word_1_408' title='bbox 1153 2483 1221 2504; x_wconf 92' lang='lat' dir='ltr'>non</span> <span class='ocrx_word' id='word_1_409' title='bbox 1238 2471 1345 2504; x_wconf 88' lang='lat' dir='ltr'>bono:</span> 
     </span>
     <span class='ocr_line' id='line_1_57' title="bbox 285 2519 1347 2566; baseline -0.002 -12"><span class='ocrx_word' id='word_1_410' title='bbox 285 2523 361 2566; x_wconf 92' lang='lat' dir='ltr'>quia</span> <span class='ocrx_word' id='word_1_411' title='bbox 384 2521 593 2554; x_wconf 89' lang='lat' dir='ltr'>affirmationi</span> <span class='ocrx_word' id='word_1_412' title='bbox 621 2521 796 2554; x_wconf 90' lang='lat' dir='ltr'>universali</span> <span class='ocrx_word' id='word_1_413' title='bbox 825 2521 865 2554; x_wconf 94' lang='lat' dir='ltr'>de</span> <span class='ocrx_word' id='word_1_414' title='bbox 893 2532 962 2554; x_wconf 91' lang='lat' dir='ltr'>non</span> <span class='ocrx_word' id='word_1_415' title='bbox 988 2521 1077 2554; x_wconf 90' lang='lat' dir='ltr'>bono</span> <span class='ocrx_word' id='word_1_416' title='bbox 1106 2519 1271 2553; x_wconf 91' lang='lat' dir='ltr'>reddenda</span> <span class='ocrx_word' id='word_1_417' title='bbox 1298 2528 1347 2552; x_wconf 92' lang='lat' dir='ltr'>est</span> 
     </span>
     <span class='ocr_line' id='line_1_58' title="bbox 284 2569 1278 2614; baseline -0.002 -11"><span class='ocrx_word' id='word_1_418' title='bbox 284 2571 416 2614; x_wconf 90' lang='lat' dir='ltr'>negatio</span> <span class='ocrx_word' id='word_1_419' title='bbox 433 2569 624 2603; x_wconf 89' lang='lat' dir='ltr'>universalis</span> <span class='ocrx_word' id='word_1_420' title='bbox 641 2569 800 2610; x_wconf 90' lang='lat' dir='ltr'>eiusdem,</span> <span class='ocrx_word' id='word_1_421' title='bbox 817 2571 901 2602; x_wconf 92' lang='lat' dir='ltr'>sicut</span> <span class='ocrx_word' id='word_1_422' title='bbox 917 2569 956 2603; x_wconf 92' lang='lat' dir='ltr'>de</span> <span class='ocrx_word' id='word_1_423' title='bbox 973 2569 1062 2602; x_wconf 93' lang='lat' dir='ltr'>bono</span> <span class='ocrx_word' id='word_1_424' title='bbox 1080 2569 1204 2602; x_wconf 90' lang='lat' dir='ltr'>dictum</span> <span class='ocrx_word' id='word_1_425' title='bbox 1221 2577 1278 2602; x_wconf 91' lang='lat' dir='ltr'>est.</span> 
     </span>
    </p>

    <p class='ocr_par' dir='ltr' id='par_1_11' title="bbox 285 2617 1353 3475">
     <span class='ocr_line' id='line_1_59' title="bbox 355 2617 1348 2663; baseline -0.001 -12"><span class='ocrx_word' id='word_1_426' title='bbox 355 2629 404 2661; x_wconf 93' lang='lat'>17.</span> <span class='ocrx_word' id='word_1_427' title='bbox 429 2617 558 2652; x_wconf 90' lang='lat' dir='ltr'>Deinde</span> <span class='ocrx_word' id='word_1_428' title='bbox 583 2629 659 2651; x_wconf 92' lang='lat' dir='ltr'>cum</span> <span class='ocrx_word' id='word_1_429' title='bbox 683 2618 774 2651; x_wconf 90' lang='lat' dir='ltr'>dicit:</span> <span class='ocrx_word' id='word_1_430' title='bbox 796 2618 901 2661; x_wconf 84' lang='lat' dir='ltr'>Quare</span> <span class='ocrx_word' id='word_1_431' title='bbox 923 2619 949 2651; x_wconf 89' lang='lat' dir='ltr'>si</span> <span class='ocrx_word' id='word_1_432' title='bbox 971 2619 1003 2651; x_wconf 89' lang='lat' dir='ltr'>in</span> <span class='ocrx_word' id='word_1_433' title='bbox 1027 2619 1161 2663; x_wconf 85' lang='lat' dir='ltr'>opinione</span> <span class='ocrx_word' id='word_1_434' title='bbox 1183 2618 1224 2651; x_wconf 79' lang='lat' dir='ltr'>sie</span> <span class='ocrx_word' id='word_1_435' title='bbox 1245 2629 1275 2650; x_wconf 83' lang='lat' dir='ltr'>se</span> <span class='ocrx_word' id='word_1_436' title='bbox 1297 2617 1348 2650; x_wconf 90' lang='lat' dir='ltr'>ha-</span> 
     </span>
     <span class='ocr_line' id='line_1_60' title="bbox 285 2665 1346 2710; baseline -0.003 -10"><span class='ocrx_word' id='word_1_437' title='bbox 285 2666 331 2700; x_wconf 86' lang='lat' dir='ltr'>bet</span> <span class='ocrx_word' id='word_1_438' title='bbox 353 2675 436 2706; x_wconf 87' lang='lat' dir='ltr'>etc.‚</span> <span class='ocrx_word' id='word_1_439' title='bbox 468 2667 640 2699; x_wconf 87' lang='lat' dir='ltr'>revertitur</span> <span class='ocrx_word' id='word_1_440' title='bbox 667 2666 707 2699; x_wconf 90' lang='lat' dir='ltr'>ad</span> <span class='ocrx_word' id='word_1_441' title='bbox 734 2666 1003 2710; x_wconf 90' lang='lat' dir='ltr'>respondendum</span> <span class='ocrx_word' id='word_1_442' title='bbox 1032 2666 1216 2710; x_wconf 89' lang='lat' dir='ltr'>quaestioni</span> <span class='ocrx_word' id='word_1_443' title='bbox 1239 2665 1346 2709; x_wconf 91' lang='lat' dir='ltr'>primo</span> 
     </span>
     <span class='ocr_line' id='line_1_61' title="bbox 285 2713 1348 2759; baseline -0.001 -11"><span class='ocrx_word' id='word_1_444' title='bbox 285 2723 394 2749; x_wconf 89' lang='lat' dir='ltr'>motae</span> <span class='ocrx_word' id='word_1_445' title='bbox 411 2714 437 2755; x_wconf 85' lang='grc'>*,</span> <span class='ocrx_word' id='word_1_446' title='bbox 455 2715 625 2747; x_wconf 88' lang='lat' dir='ltr'>terminata</span> <span class='ocrx_word' id='word_1_447' title='bbox 648 2715 713 2747; x_wconf 91' lang='lat' dir='ltr'>iam</span> <span class='ocrx_word' id='word_1_448' title='bbox 730 2714 884 2755; x_wconf 89' lang='lat' dir='ltr'>secunda,</span> <span class='ocrx_word' id='word_1_449' title='bbox 905 2727 944 2748; x_wconf 93' lang='lat' dir='ltr'>ex</span> <span class='ocrx_word' id='word_1_450' title='bbox 960 2727 1024 2759; x_wconf 89' lang='lat' dir='ltr'>qua</span> <span class='ocrx_word' id='word_1_451' title='bbox 1040 2715 1093 2748; x_wconf 90' lang='lat' dir='ltr'>illa</span> <span class='ocrx_word' id='word_1_452' title='bbox 1110 2713 1282 2758; x_wconf 90' lang='lat' dir='ltr'>dependet.</span> <span class='ocrx_word' id='word_1_453' title='bbox 1307 2714 1348 2746; x_wconf 90' lang='lat' dir='ltr'>Et</span> 
     </span>
     <span class='ocr_line' id='line_1_62' title="bbox 286 2763 1349 2808; baseline -0.002 -12"><span class='ocrx_word' id='word_1_454' title='bbox 286 2764 370 2797; x_wconf 91' lang='lat' dir='ltr'>circa</span> <span class='ocrx_word' id='word_1_455' title='bbox 386 2763 451 2796; x_wconf 90' lang='lat' dir='ltr'>hoc</span> <span class='ocrx_word' id='word_1_456' title='bbox 467 2763 535 2796; x_wconf 91' lang='lat' dir='ltr'>duo</span> <span class='ocrx_word' id='word_1_457' title='bbox 551 2763 640 2796; x_wconf 88' lang='lat' dir='ltr'>facit:</span> <span class='ocrx_word' id='word_1_458' title='bbox 666 2764 741 2807; x_wconf 90' lang='lat' dir='ltr'>quia</span> <span class='ocrx_word' id='word_1_459' title='bbox 757 2765 865 2808; x_wconf 88' lang='lat' dir='ltr'>primo</span> <span class='ocrx_word' id='word_1_460' title='bbox 882 2763 1059 2808; x_wconf 90' lang='lat' dir='ltr'>respondet</span> <span class='ocrx_word' id='word_1_461' title='bbox 1078 2763 1277 2808; x_wconf 90' lang='lat' dir='ltr'>quaestioni;</span> <span class='ocrx_word' id='word_1_462' title='bbox 1299 2774 1349 2795; x_wconf 88' lang='lat' dir='ltr'>se-</span> 
     </span>
     <span class='ocr_line' id='line_1_63' title="bbox 287 2810 1348 2857; baseline -0.001 -13"><span class='ocrx_word' id='word_1_463' title='bbox 287 2811 416 2851; x_wconf 91' lang='lat' dir='ltr'>cundo,</span> <span class='ocrx_word' id='word_1_464' title='bbox 446 2811 586 2844; x_wconf 90' lang='lat' dir='ltr'>declarat</span> <span class='ocrx_word' id='word_1_465' title='bbox 614 2811 782 2855; x_wconf 87' lang='lat' dir='ltr'>quoddam</span> <span class='ocrx_word' id='word_1_466' title='bbox 810 2813 935 2846; x_wconf 90' lang='lat' dir='ltr'>dictum</span> <span class='ocrx_word' id='word_1_467' title='bbox 965 2813 998 2845; x_wconf 92' lang='lat' dir='ltr'>in</span> <span class='ocrx_word' id='word_1_468' title='bbox 1028 2812 1234 2857; x_wconf 89' lang='lat' dir='ltr'>praecedenti</span> <span class='ocrx_word' id='word_1_469' title='bbox 1261 2810 1348 2844; x_wconf 92' lang='lat' dir='ltr'>solu-</span> 
     </span>
     <span class='ocr_line' id='line_1_64' title="bbox 287 2860 1349 2905; baseline 0.001 -13"><span class='ocrx_word' id='word_1_470' title='bbox 287 2861 392 2901; x_wconf 89' lang='lat' dir='ltr'>tione;</span> <span class='ocrx_word' id='word_1_471' title='bbox 416 2860 475 2893; x_wconf 89' lang='lat' dir='ltr'>ibi:</span> <span class='ocrx_word' id='word_1_472' title='bbox 500 2860 698 2904; x_wconf 88' lang='lat' dir='ltr'>Manifestum</span> <span class='ocrx_word' id='word_1_473' title='bbox 717 2868 758 2894; x_wconf 87' lang='lat' dir='ltr'>est</span> <span class='ocrx_word' id='word_1_474' title='bbox 780 2868 879 2894; x_wconf 84' lang='lat' dir='ltr'>autem</span> <span class='ocrx_word' id='word_1_475' title='bbox 894 2862 1038 2905; x_wconf 88' lang='lat' dir='ltr'>quoniam</span> <span class='ocrx_word' id='word_1_476' title='bbox 1053 2861 1069 2878; x_wconf 86' lang='grc'>*</span> <span class='ocrx_word' id='word_1_477' title='bbox 1085 2870 1145 2894; x_wconf 89' lang='lat' dir='ltr'>etc.</span> <span class='ocrx_word' id='word_1_478' title='bbox 1171 2862 1266 2894; x_wconf 89' lang='lat' dir='ltr'>Circa</span> <span class='ocrx_word' id='word_1_479' title='bbox 1286 2861 1349 2904; x_wconf 90' lang='lat' dir='ltr'>pri—</span> 
     </span>
     <span class='ocr_line' id='line_1_65' title="bbox 288 2907 1349 2954; baseline 0.001 -14"><span class='ocrx_word' id='word_1_480' title='bbox 288 2919 381 2940; x_wconf 91' lang='lat' dir='ltr'>mum</span> <span class='ocrx_word' id='word_1_481' title='bbox 405 2908 472 2941; x_wconf 92' lang='lat' dir='ltr'>duo</span> <span class='ocrx_word' id='word_1_482' title='bbox 496 2907 581 2941; x_wconf 88' lang='lat' dir='ltr'>facit.</span> <span class='ocrx_word' id='word_1_483' title='bbox 606 2909 729 2949; x_wconf 90' lang='lat' dir='ltr'>Primo,</span> <span class='ocrx_word' id='word_1_484' title='bbox 754 2909 873 2942; x_wconf 88' lang='lat' dir='ltr'>directe</span> <span class='ocrx_word' id='word_1_485' title='bbox 890 2910 1067 2953; x_wconf 90' lang='lat' dir='ltr'>respondet</span> <span class='ocrx_word' id='word_1_486' title='bbox 1088 2910 1282 2954; x_wconf 90' lang='lat' dir='ltr'>quaestioni,</span> <span class='ocrx_word' id='word_1_487' title='bbox 1303 2908 1349 2941; x_wconf 92' lang='lat' dir='ltr'>di-</span> 
     </span>
     <span class='ocr_line' id='line_1_66' title="bbox 289 2956 1351 3001; baseline 0.002 -12"><span class='ocrx_word' id='word_1_488' title='bbox 289 2965 383 2989; x_wconf 88' lang='lat' dir='ltr'>cens:</span> <span class='ocrx_word' id='word_1_489' title='bbox 420 2956 524 2998; x_wconf 86' lang='lat' dir='ltr'>Quare</span> <span class='ocrx_word' id='word_1_490' title='bbox 546 2958 572 2989; x_wconf 84' lang='lat' dir='ltr'>si</span> <span class='ocrx_word' id='word_1_491' title='bbox 598 2958 630 2989; x_wconf 90' lang='lat' dir='ltr'>in</span> <span class='ocrx_word' id='word_1_492' title='bbox 658 2958 792 3001; x_wconf 79' lang='lat' dir='ltr'>opim&#39;one</span> <span class='ocrx_word' id='word_1_493' title='bbox 821 2959 862 2991; x_wconf 81' lang='lat' dir='ltr'>sie</span> <span class='ocrx_word' id='word_1_494' title='bbox 888 2969 917 2991; x_wconf 88' lang='lat' dir='ltr'>se</span> <span class='ocrx_word' id='word_1_495' title='bbox 943 2959 1029 2991; x_wconf 86' lang='lat' dir='ltr'>hahet</span> <span class='ocrx_word' id='word_1_496' title='bbox 1058 2959 1286 2998; x_wconf 83' lang='lat' dir='ltr'>contrarietas,</span> <span class='ocrx_word' id='word_1_497' title='bbox 1314 2966 1351 2990; x_wconf 95' lang='lat' dir='ltr'>ut</span> 
     </span>
     <span class='ocr_line' id='line_1_67' title="bbox 289 3004 1351 3050; baseline 0.001 -12"><span class='ocrx_word' id='word_1_498' title='bbox 289 3004 414 3038; x_wconf 90' lang='lat' dir='ltr'>dictum</span> <span class='ocrx_word' id='word_1_499' title='bbox 437 3014 501 3045; x_wconf 90' lang='lat' dir='ltr'>est;</span> <span class='ocrx_word' id='word_1_500' title='bbox 532 3014 564 3037; x_wconf 91' lang='lat' dir='ltr'>et</span> <span class='ocrx_word' id='word_1_501' title='bbox 587 3005 817 3038; x_wconf 88' lang='lat' dir='ltr'>affirmationes</span> <span class='ocrx_word' id='word_1_502' title='bbox 842 3015 874 3039; x_wconf 87' lang='lat' dir='ltr'>et</span> <span class='ocrx_word' id='word_1_503' title='bbox 896 3007 1086 3049; x_wconf 88' lang='lat' dir='ltr'>negationes</span> <span class='ocrx_word' id='word_1_504' title='bbox 1111 3019 1193 3050; x_wconf 90' lang='lat' dir='ltr'>quae</span> <span class='ocrx_word' id='word_1_505' title='bbox 1217 3015 1294 3039; x_wconf 91' lang='lat' dir='ltr'>sunt</span> <span class='ocrx_word' id='word_1_506' title='bbox 1317 3007 1351 3039; x_wconf 91' lang='lat' dir='ltr'>in</span> 
     </span>
     <span class='ocr_line' id='line_1_68' title="bbox 289 3055 1350 3099; baseline 0.002 -13"><span class='ocrx_word' id='word_1_507' title='bbox 289 3065 383 3094; x_wconf 90' lang='lat' dir='ltr'>voce,</span> <span class='ocrx_word' id='word_1_508' title='bbox 407 3062 504 3087; x_wconf 87' lang='lat' dir='ltr'>notae</span> <span class='ocrx_word' id='word_1_509' title='bbox 521 3063 597 3087; x_wconf 92' lang='lat' dir='ltr'>sunt</span> <span class='ocrx_word' id='word_1_510' title='bbox 613 3066 739 3095; x_wconf 89' lang='lat' dir='ltr'>eorum,</span> <span class='ocrx_word' id='word_1_511' title='bbox 764 3055 862 3096; x_wconf 86' lang='lat' dir='ltr'>idest,</span> <span class='ocrx_word' id='word_1_512' title='bbox 887 3055 1142 3088; x_wconf 90' lang='lat' dir='ltr'>affirmationum</span> <span class='ocrx_word' id='word_1_513' title='bbox 1159 3065 1191 3089; x_wconf 93' lang='lat' dir='ltr'>et</span> <span class='ocrx_word' id='word_1_514' title='bbox 1206 3057 1350 3099; x_wconf 88' lang='lat' dir='ltr'>negatio-</span> 
     </span>
     <span class='ocr_line' id='line_1_69' title="bbox 290 3103 1350 3149; baseline 0.004 -15"><span class='ocrx_word' id='word_1_515' title='bbox 290 3113 371 3134; x_wconf 91' lang='lat' dir='ltr'>num</span> <span class='ocrx_word' id='word_1_516' title='bbox 395 3114 478 3146; x_wconf 90' lang='lat' dir='ltr'>quae</span> <span class='ocrx_word' id='word_1_517' title='bbox 502 3111 579 3135; x_wconf 89' lang='lat' dir='ltr'>sunt</span> <span class='ocrx_word' id='word_1_518' title='bbox 606 3103 639 3135; x_wconf 91' lang='lat' dir='ltr'>in</span> <span class='ocrx_word' id='word_1_519' title='bbox 663 3104 789 3143; x_wconf 90' lang='lat' dir='ltr'>anima;</span> <span class='ocrx_word' id='word_1_520' title='bbox 816 3104 1007 3147; x_wconf 82' lang='lat' dir='ltr'>manifestum</span> <span class='ocrx_word' id='word_1_521' title='bbox 1031 3111 1071 3137; x_wconf 85' lang='lat' dir='ltr'>est</span> <span class='ocrx_word' id='word_1_522' title='bbox 1097 3106 1240 3148; x_wconf 89' lang='lat' dir='ltr'>quoniam</span> <span class='ocrx_word' id='word_1_523' title='bbox 1267 3105 1350 3149; x_wconf 91' lang='lat' dir='ltr'>affir-</span> 
     </span>
     <span class='ocr_line' id='line_1_70' title="bbox 290 3150 1352 3193; baseline 0 -8"><span class='ocrx_word' id='word_1_524' title='bbox 290 3151 438 3191; x_wconf 87' lang='lat' dir='ltr'>mationi,</span> <span class='ocrx_word' id='word_1_525' title='bbox 471 3150 575 3191; x_wconf 90' lang='lat' dir='ltr'>idest,</span> <span class='ocrx_word' id='word_1_526' title='bbox 610 3153 831 3185; x_wconf 90' lang='lat' dir='ltr'>enunciationi</span> <span class='ocrx_word' id='word_1_527' title='bbox 860 3152 1091 3193; x_wconf 87' lang='lat' dir='ltr'>affirmativae,</span> <span class='ocrx_word' id='word_1_528' title='bbox 1123 3154 1274 3187; x_wconf 74' lang='lat' dir='ltr'>contraria</span> <span class='ocrx_word' id='word_1_529' title='bbox 1298 3154 1352 3186; x_wconf 83' lang='lat' dir='ltr'>erit</span> 
     </span>
     <span class='ocr_line' id='line_1_71' title="bbox 291 3199 1351 3245; baseline 0.003 -14"><span class='ocrx_word' id='word_1_530' title='bbox 291 3200 407 3243; x_wconf 84' lang='lat' dir='ltr'>negatio</span> <span class='ocrx_word' id='word_1_531' title='bbox 427 3199 505 3232; x_wconf 83' lang='lat' dir='ltr'>circa</span> <span class='ocrx_word' id='word_1_532' title='bbox 520 3199 618 3240; x_wconf 84' lang='lat' dir='ltr'>idem,</span> <span class='ocrx_word' id='word_1_533' title='bbox 650 3199 752 3240; x_wconf 91' lang='lat' dir='ltr'>idest,</span> <span class='ocrx_word' id='word_1_534' title='bbox 776 3202 962 3234; x_wconf 89' lang='lat' dir='ltr'>enunciatio</span> <span class='ocrx_word' id='word_1_535' title='bbox 978 3203 1128 3245; x_wconf 86' lang='lat' dir='ltr'>negativa</span> <span class='ocrx_word' id='word_1_536' title='bbox 1147 3201 1295 3234; x_wconf 90' lang='lat' dir='ltr'>eiusdem</span> <span class='ocrx_word' id='word_1_537' title='bbox 1312 3201 1351 3234; x_wconf 89' lang='lat' dir='ltr'>de</span> 
     </span>
     <span class='ocr_line' id='line_1_72' title="bbox 293 3247 1352 3292; baseline 0 -11"><span class='ocrx_word' id='word_1_538' title='bbox 293 3247 422 3287; x_wconf 92' lang='lat' dir='ltr'>eodem,</span> <span class='ocrx_word' id='word_1_539' title='bbox 435 3255 467 3280; x_wconf 91' lang='lat' dir='ltr'>et</span> <span class='ocrx_word' id='word_1_540' title='bbox 479 3259 548 3280; x_wconf 91' lang='lat' dir='ltr'>non</span> <span class='ocrx_word' id='word_1_541' title='bbox 565 3249 750 3281; x_wconf 89' lang='lat' dir='ltr'>enunciatio</span> <span class='ocrx_word' id='word_1_542' title='bbox 767 3248 958 3282; x_wconf 87' lang='lat' dir='ltr'>affirmativa</span> <span class='ocrx_word' id='word_1_543' title='bbox 974 3251 1135 3283; x_wconf 88' lang='lat' dir='ltr'>contrarii.</span> <span class='ocrx_word' id='word_1_544' title='bbox 1153 3250 1194 3282; x_wconf 91' lang='lat' dir='ltr'>Et</span> <span class='ocrx_word' id='word_1_545' title='bbox 1206 3250 1252 3281; x_wconf 92' lang='lat' dir='ltr'>sic</span> <span class='ocrx_word' id='word_1_546' title='bbox 1265 3257 1352 3292; x_wconf 89' lang='lat' dir='ltr'>patet</span> 
     </span>
     <span class='ocr_line' id='line_1_73' title="bbox 292 3295 1352 3342; baseline -0.001 -13"><span class='ocrx_word' id='word_1_547' title='bbox 292 3297 464 3340; x_wconf 89' lang='lat' dir='ltr'>responsio</span> <span class='ocrx_word' id='word_1_548' title='bbox 488 3295 528 3328; x_wconf 91' lang='lat' dir='ltr'>ad</span> <span class='ocrx_word' id='word_1_549' title='bbox 544 3297 683 3339; x_wconf 89' lang='lat' dir='ltr'>primam</span> <span class='ocrx_word' id='word_1_550' title='bbox 707 3298 947 3340; x_wconf 89' lang='lat' dir='ltr'>quaestionem,</span> <span class='ocrx_word' id='word_1_551' title='bbox 972 3309 1036 3342; x_wconf 88' lang='lat' dir='ltr'>qua</span> <span class='ocrx_word' id='word_1_552' title='bbox 1060 3298 1287 3342; x_wconf 87' lang='lat' dir='ltr'>quaerebatur,</span> <span class='ocrx_word' id='word_1_553' title='bbox 1311 3308 1352 3329; x_wconf 91' lang='lat' dir='ltr'>an</span> 
     </span>
     <span class='ocr_line' id='line_1_74' title="bbox 293 3344 1353 3389; baseline 0 -12"><span class='ocrx_word' id='word_1_554' title='bbox 293 3345 515 3378; x_wconf 90' lang='lat' dir='ltr'>enunciationi</span> <span class='ocrx_word' id='word_1_555' title='bbox 543 3344 753 3377; x_wconf 88' lang='lat' dir='ltr'>affirmativae</span> <span class='ocrx_word' id='word_1_556' title='bbox 781 3346 941 3378; x_wconf 87' lang='lat' dir='ltr'>contraria</span> <span class='ocrx_word' id='word_1_557' title='bbox 967 3347 1009 3378; x_wconf 89' lang='lat' dir='ltr'>sit</span> <span class='ocrx_word' id='word_1_558' title='bbox 1032 3358 1090 3378; x_wconf 90' lang='lat' dir='ltr'>sua</span> <span class='ocrx_word' id='word_1_559' title='bbox 1113 3346 1283 3389; x_wconf 89' lang='lat' dir='ltr'>negativa,</span> <span class='ocrx_word' id='word_1_560' title='bbox 1312 3356 1353 3377; x_wconf 89' lang='lat' dir='ltr'>an</span> 
     </span>
     <span class='ocr_line' id='line_1_75' title="bbox 294 3391 1353 3437; baseline -0.001 -11"><span class='ocrx_word' id='word_1_561' title='bbox 294 3393 484 3426; x_wconf 87' lang='lat' dir='ltr'>affirmativa</span> <span class='ocrx_word' id='word_1_562' title='bbox 508 3393 668 3425; x_wconf 88' lang='lat' dir='ltr'>contraria</span> <span class='ocrx_word' id='word_1_563' title='bbox 683 3391 708 3424; x_wconf 88' lang='lat'>*.</span> <span class='ocrx_word' id='word_1_564' title='bbox 733 3393 943 3436; x_wconf 89' lang='lat' dir='ltr'>Responsum</span> <span class='ocrx_word' id='word_1_565' title='bbox 967 3402 1016 3426; x_wconf 92' lang='lat' dir='ltr'>est</span> <span class='ocrx_word' id='word_1_566' title='bbox 1032 3395 1120 3426; x_wconf 90' lang='lat' dir='ltr'>enirn</span> <span class='ocrx_word' id='word_1_567' title='bbox 1144 3393 1233 3437; x_wconf 89' lang='lat' dir='ltr'>quod</span> <span class='ocrx_word' id='word_1_568' title='bbox 1257 3405 1353 3436; x_wconf 89' lang='lat' dir='ltr'>nega-</span> 
     </span>
     <span class='ocr_line' id='line_1_76' title="bbox 294 3450 624 3475; baseline -0.006 0"><span class='ocrx_word' id='word_1_569' title='bbox 294 3452 360 3475; x_wconf 84' lang='lat' dir='ltr'>tiva</span> <span class='ocrx_word' id='word_1_570' title='bbox 383 3450 432 3474; x_wconf 92' lang='lat' dir='ltr'>est</span> <span class='ocrx_word' id='word_1_571' title='bbox 456 3450 624 3474; x_wconf 79' lang='lat' dir='ltr'>contraria.</span> 
     </span>
    </p>

    <p class='ocr_par' dir='ltr' id='par_1_12' title="bbox 281 3488 1354 3679">
     <span class='ocr_line' id='line_1_77' title="bbox 281 3488 1353 3532; baseline -0.001 -10"><span class='ocrx_word' id='word_1_572' title='bbox 281 3495 284 3498; x_wconf 91' lang='lat'>&#39;</span> <span class='ocrx_word' id='word_1_573' title='bbox 362 3489 526 3529; x_wconf 90' lang='lat' dir='ltr'>Secundo,</span> <span class='ocrx_word' id='word_1_574' title='bbox 547 3488 662 3522; x_wconf 91' lang='lat' dir='ltr'>dividit</span> <span class='ocrx_word' id='word_1_575' title='bbox 685 3490 894 3532; x_wconf 88' lang='lat' dir='ltr'>negationem</span> <span class='ocrx_word' id='word_1_576' title='bbox 918 3490 1111 3522; x_wconf 87' lang='lat' dir='ltr'>contrariam</span> <span class='ocrx_word' id='word_1_577' title='bbox 1136 3489 1353 3529; x_wconf 86' lang='lat' dir='ltr'>affirmationi,</span> 
     </span>
     <span class='ocr_line' id='line_1_78' title="bbox 295 3537 1352 3581; baseline -0.001 -10"><span class='ocrx_word' id='word_1_578' title='bbox 295 3538 389 3579; x_wconf 89' lang='lat' dir='ltr'>idest,</span> <span class='ocrx_word' id='word_1_579' title='bbox 406 3539 615 3581; x_wconf 88' lang='lat' dir='ltr'>negationem</span> <span class='ocrx_word' id='word_1_580' title='bbox 632 3537 849 3570; x_wconf 87' lang='lat' dir='ltr'>universalem</span> <span class='ocrx_word' id='word_1_581' title='bbox 865 3546 897 3570; x_wconf 91' lang='lat' dir='ltr'>et</span> <span class='ocrx_word' id='word_1_582' title='bbox 914 3537 1209 3577; x_wconf 88' lang='lat' dir='ltr'>contradictoriam,</span> <span class='ocrx_word' id='word_1_583' title='bbox 1226 3537 1352 3570; x_wconf 85' lang='lat' dir='ltr'>dicens:</span> 
     </span>
     <span class='ocr_line' id='line_1_79' title="bbox 301 3583 1352 3629; baseline -0.002 -9"><span class='ocrx_word' id='word_1_584' title='bbox 301 3587 498 3627; x_wconf 82' lang='lat' dir='ltr'>Universalis,</span> <span class='ocrx_word' id='word_1_585' title='bbox 519 3586 650 3626; x_wconf 90' lang='lat' dir='ltr'>scilicet,</span> <span class='ocrx_word' id='word_1_586' title='bbox 667 3587 809 3629; x_wconf 91' lang='lat' dir='ltr'>negatio,</span> <span class='ocrx_word' id='word_1_587' title='bbox 825 3583 1031 3619; x_wconf 84' lang='lat' dir='ltr'>affirmationi</span> <span class='ocrx_word' id='word_1_588' title='bbox 1051 3586 1210 3619; x_wconf 87' lang='lat' dir='ltr'>contraria</span> <span class='ocrx_word' id='word_1_589' title='bbox 1226 3595 1275 3618; x_wconf 91' lang='lat' dir='ltr'>est</span> <span class='ocrx_word' id='word_1_590' title='bbox 1293 3595 1352 3618; x_wconf 92' lang='lat' dir='ltr'>etc.</span> 
     </span>
     <span class='ocr_line' id='line_1_80' title="bbox 297 3633 1354 3679; baseline -0.001 -12"><span class='ocrx_word' id='word_1_591' title='bbox 297 3635 344 3668; x_wconf 94' lang='lat' dir='ltr'>Ut</span> <span class='ocrx_word' id='word_1_592' title='bbox 367 3634 591 3679; x_wconf 86' lang='lat' dir='ltr'>exemplariter</span> <span class='ocrx_word' id='word_1_593' title='bbox 614 3633 753 3674; x_wconf 91' lang='lat' dir='ltr'>dicatur,</span> <span class='ocrx_word' id='word_1_594' title='bbox 777 3635 806 3667; x_wconf 92' lang='lat' dir='ltr'>ei</span> <span class='ocrx_word' id='word_1_595' title='bbox 830 3635 1051 3667; x_wconf 89' lang='lat' dir='ltr'>enunciationi</span> <span class='ocrx_word' id='word_1_596' title='bbox 1075 3634 1248 3667; x_wconf 90' lang='lat' dir='ltr'>universali</span> <span class='ocrx_word' id='word_1_597' title='bbox 1272 3633 1354 3667; x_wconf 90' lang='lat' dir='ltr'>affir-</span> 
     </span>
    </p>
   </div>
   <div class='ocr_carea' id='block_1_10' title="bbox 2381 318 2451 354">
    <p class='ocr_par' dir='ltr' id='par_1_13' title="bbox 2381 318 2451 354">
     <span class='ocr_line' id='line_1_81' title="bbox 2381 318 2451 354; baseline 0 -12"><span class='ocrx_word' id='word_1_598' title='bbox 2381 318 2451 354; x_wconf 88' lang='lat'>127</span> 
     </span>
    </p>
   </div>
   <div class='ocr_carea' id='block_1_11' title="bbox 1394 383 2494 3680">
    <p class='ocr_par' dir='ltr' id='par_1_14' title="bbox 1394 383 2456 764">
     <span class='ocr_line' id='line_1_82' title="bbox 1394 383 2454 428; baseline 0 -13"><span class='ocrx_word' id='word_1_599' title='bbox 1394 384 1532 416; x_wconf 91' lang='lat' dir='ltr'>mativae</span> <span class='ocrx_word' id='word_1_600' title='bbox 1557 395 1640 428; x_wconf 90' lang='lat' dir='ltr'>quae</span> <span class='ocrx_word' id='word_1_601' title='bbox 1664 392 1727 424; x_wconf 91' lang='lat' dir='ltr'>est,</span> <span class='ocrx_word' id='word_1_602' title='bbox 1751 395 1850 416; x_wconf 90' lang='lat' dir='ltr'>omne</span> <span class='ocrx_word' id='word_1_603' title='bbox 1874 383 1999 416; x_wconf 88' lang='lat' dir='ltr'>bonum</span> <span class='ocrx_word' id='word_1_604' title='bbox 2023 392 2072 416; x_wconf 89' lang='lat' dir='ltr'>est</span> <span class='ocrx_word' id='word_1_605' title='bbox 2093 383 2229 424; x_wconf 90' lang='lat' dir='ltr'>bonum,</span> <span class='ocrx_word' id='word_1_606' title='bbox 2253 383 2320 423; x_wconf 92' lang='lat' dir='ltr'>vel,</span> <span class='ocrx_word' id='word_1_607' title='bbox 2345 383 2454 416; x_wconf 88' lang='lat' dir='ltr'>omnis</span> 
     </span>
     <span class='ocr_line' id='line_1_83' title="bbox 1394 429 2456 474; baseline 0.002 -12"><span class='ocrx_word' id='word_1_608' title='bbox 1394 429 1496 463; x_wconf 92' lang='lat' dir='ltr'>homo</span> <span class='ocrx_word' id='word_1_609' title='bbox 1521 441 1569 464; x_wconf 89' lang='lat' dir='ltr'>est</span> <span class='ocrx_word' id='word_1_610' title='bbox 1592 431 1715 472; x_wconf 88' lang='lat' dir='ltr'>bonus,</span> <span class='ocrx_word' id='word_1_611' title='bbox 1745 432 1904 464; x_wconf 89' lang='lat' dir='ltr'>contraria</span> <span class='ocrx_word' id='word_1_612' title='bbox 1931 440 1979 464; x_wconf 89' lang='lat' dir='ltr'>est</span> <span class='ocrx_word' id='word_1_613' title='bbox 2006 431 2197 464; x_wconf 88' lang='lat' dir='ltr'>universalis</span> <span class='ocrx_word' id='word_1_614' title='bbox 2226 432 2392 474; x_wconf 90' lang='lat' dir='ltr'>negativa,</span> <span class='ocrx_word' id='word_1_615' title='bbox 2416 442 2456 463; x_wconf 86' lang='lat' dir='ltr'>ea</span> 
     </span>
     <span class='ocr_line' id='line_1_84' title="bbox 1394 478 2455 521; baseline 0.002 -11"><span class='ocrx_word' id='word_1_616' title='bbox 1394 478 1525 518; x_wconf 89' lang='lat' dir='ltr'>scilicet,</span> <span class='ocrx_word' id='word_1_617' title='bbox 1549 479 1677 512; x_wconf 91' lang='lat' dir='ltr'>nullum</span> <span class='ocrx_word' id='word_1_618' title='bbox 1701 479 1826 513; x_wconf 91' lang='lat' dir='ltr'>bonum</span> <span class='ocrx_word' id='word_1_619' title='bbox 1850 488 1898 512; x_wconf 91' lang='lat' dir='ltr'>est</span> <span class='ocrx_word' id='word_1_620' title='bbox 1917 480 2053 521; x_wconf 90' lang='lat' dir='ltr'>bonum,</span> <span class='ocrx_word' id='word_1_621' title='bbox 2070 480 2133 520; x_wconf 89' lang='lat' dir='ltr'>vel,</span> <span class='ocrx_word' id='word_1_622' title='bbox 2153 480 2263 512; x_wconf 89' lang='lat' dir='ltr'>nullus</span> <span class='ocrx_word' id='word_1_623' title='bbox 2286 479 2388 512; x_wconf 91' lang='lat' dir='ltr'>homo</span> <span class='ocrx_word' id='word_1_624' title='bbox 2405 488 2455 512; x_wconf 92' lang='lat' dir='ltr'>est</span> 
     </span>
     <span class='ocr_line' id='line_1_85' title="bbox 1394 525 2454 571; baseline 0.002 -13"><span class='ocrx_word' id='word_1_625' title='bbox 1394 525 1518 559; x_wconf 90' lang='lat' dir='ltr'>bonus:</span> <span class='ocrx_word' id='word_1_626' title='bbox 1543 528 1670 570; x_wconf 88' lang='lat' dir='ltr'>singula</span> <span class='ocrx_word' id='word_1_627' title='bbox 1693 528 1830 571; x_wconf 90' lang='lat' dir='ltr'>singulis</span> <span class='ocrx_word' id='word_1_628' title='bbox 1854 528 2033 561; x_wconf 90' lang='lat' dir='ltr'>referendo.</span> <span class='ocrx_word' id='word_1_629' title='bbox 2059 529 2320 562; x_wconf 89' lang='lat' dir='ltr'>Contradictoria</span> <span class='ocrx_word' id='word_1_630' title='bbox 2344 536 2454 560; x_wconf 90' lang='lat' dir='ltr'>autem</span> 
     </span>
     <span class='ocr_line' id='line_1_86' title="bbox 1394 575 2454 617; baseline 0.001 -11"><span class='ocrx_word' id='word_1_631' title='bbox 1394 575 1536 617; x_wconf 88' lang='lat' dir='ltr'>negatio,</span> <span class='ocrx_word' id='word_1_632' title='bbox 1561 577 1719 609; x_wconf 88' lang='lat' dir='ltr'>contraria</span> <span class='ocrx_word' id='word_1_633' title='bbox 1734 576 1779 609; x_wconf 91' lang='lat' dir='ltr'>illi</span> <span class='ocrx_word' id='word_1_634' title='bbox 1797 577 1971 610; x_wconf 88' lang='lat' dir='ltr'>universali</span> <span class='ocrx_word' id='word_1_635' title='bbox 1988 577 2194 610; x_wconf 90' lang='lat' dir='ltr'>affirmationi</span> <span class='ocrx_word' id='word_1_636' title='bbox 2215 585 2279 616; x_wconf 90' lang='lat' dir='ltr'>est,</span> <span class='ocrx_word' id='word_1_637' title='bbox 2303 584 2368 611; x_wconf 87' lang='lat' dir='ltr'>aut.</span> <span class='ocrx_word' id='word_1_638' title='bbox 2385 586 2454 608; x_wconf 91' lang='lat' dir='ltr'>non</span> 
     </span>
     <span class='ocr_line' id='line_1_87' title="bbox 1395 623 2453 665; baseline 0.002 -11"><span class='ocrx_word' id='word_1_639' title='bbox 1395 623 1502 654; x_wconf 87' lang='lat' dir='ltr'>omnis</span> <span class='ocrx_word' id='word_1_640' title='bbox 1519 623 1621 656; x_wconf 91' lang='lat' dir='ltr'>homo</span> <span class='ocrx_word' id='word_1_641' title='bbox 1638 633 1686 657; x_wconf 93' lang='lat' dir='ltr'>est</span> <span class='ocrx_word' id='word_1_642' title='bbox 1702 624 1819 665; x_wconf 89' lang='lat' dir='ltr'>bonus,</span> <span class='ocrx_word' id='word_1_643' title='bbox 1833 634 1898 665; x_wconf 86' lang='lat' dir='ltr'>aut,</span> <span class='ocrx_word' id='word_1_644' title='bbox 1911 637 1978 658; x_wconf 92' lang='lat' dir='ltr'>non</span> <span class='ocrx_word' id='word_1_645' title='bbox 1996 637 2094 659; x_wconf 90' lang='lat' dir='ltr'>omne</span> <span class='ocrx_word' id='word_1_646' title='bbox 2111 625 2235 658; x_wconf 89' lang='lat' dir='ltr'>bonum</span> <span class='ocrx_word' id='word_1_647' title='bbox 2252 633 2300 658; x_wconf 89' lang='lat' dir='ltr'>est</span> <span class='ocrx_word' id='word_1_648' title='bbox 2315 624 2453 664; x_wconf 82' lang='lat' dir='ltr'>bonum,</span> 
     </span>
     <span class='ocr_line' id='line_1_88' title="bbox 1395 673 2452 720; baseline 0.002 -16"><span class='ocrx_word' id='word_1_649' title='bbox 1395 673 1531 715; x_wconf 89' lang='lat' dir='ltr'>singulis</span> <span class='ocrx_word' id='word_1_650' title='bbox 1548 674 1675 717; x_wconf 91' lang='lat' dir='ltr'>singula</span> <span class='ocrx_word' id='word_1_651' title='bbox 1691 675 1838 708; x_wconf 90' lang='lat' dir='ltr'>similiter</span> <span class='ocrx_word' id='word_1_652' title='bbox 1860 676 2040 710; x_wconf 89' lang='lat' dir='ltr'>referendo.</span> <span class='ocrx_word' id='word_1_653' title='bbox 2055 697 2072 701; x_wconf 98' lang='lat'><em>-</em></span> <span class='ocrx_word' id='word_1_654' title='bbox 2086 678 2127 710; x_wconf 86' lang='lat' dir='ltr'>Et</span> <span class='ocrx_word' id='word_1_655' title='bbox 2146 677 2191 709; x_wconf 89' lang='lat' dir='ltr'>sic</span> <span class='ocrx_word' id='word_1_656' title='bbox 2210 676 2322 720; x_wconf 85' lang='lat' dir='ltr'>posuit</span> <span class='ocrx_word' id='word_1_657' title='bbox 2338 683 2452 707; x_wconf 89' lang='lat' dir='ltr'>utrun-</span> 
     </span>
     <span class='ocr_line' id='line_1_89' title="bbox 1396 721 2129 764; baseline 0.007 -11"><span class='ocrx_word' id='word_1_658' title='bbox 1396 732 1459 764; x_wconf 93' lang='lat' dir='ltr'>que</span> <span class='ocrx_word' id='word_1_659' title='bbox 1484 721 1653 755; x_wconf 88' lang='lat' dir='ltr'>divisionis</span> <span class='ocrx_word' id='word_1_660' title='bbox 1673 724 1867 764; x_wconf 88' lang='lat' dir='ltr'>membrum,</span> <span class='ocrx_word' id='word_1_661' title='bbox 1891 734 1923 758; x_wconf 92' lang='lat' dir='ltr'>et</span> <span class='ocrx_word' id='word_1_662' title='bbox 1947 725 2129 758; x_wconf 86' lang='lat' dir='ltr'>declaravit.</span> 
     </span>
    </p>

    <p class='ocr_par' dir='ltr' id='par_1_15' title="bbox 1395 770 2454 1292">
     <span class='ocr_line' id='line_1_90' title="bbox 1466 770 2454 807; baseline 0.001 -5"><span class='ocrx_word' id='word_1_663' title='bbox 1466 770 1514 802; x_wconf 90' lang='lat'>18.</span> <span class='ocrx_word' id='word_1_664' title='bbox 1540 770 1604 803; x_wconf 91' lang='lat' dir='ltr'>Sed</span> <span class='ocrx_word' id='word_1_665' title='bbox 1628 779 1676 803; x_wconf 89' lang='lat' dir='ltr'>est</span> <span class='ocrx_word' id='word_1_666' title='bbox 1696 771 1748 804; x_wconf 91' lang='lat' dir='ltr'>hic</span> <span class='ocrx_word' id='word_1_667' title='bbox 1765 772 1922 806; x_wconf 91' lang='lat' dir='ltr'>dubitatio</span> <span class='ocrx_word' id='word_1_668' title='bbox 1945 785 2014 806; x_wconf 93' lang='lat' dir='ltr'>non</span> <span class='ocrx_word' id='word_1_669' title='bbox 2038 773 2280 807; x_wconf 88' lang='lat' dir='ltr'>dissimulanda.</span> <span class='ocrx_word' id='word_1_670' title='bbox 2306 773 2340 806; x_wconf 92' lang='lat' dir='ltr'>Si</span> <span class='ocrx_word' id='word_1_671' title='bbox 2364 772 2454 805; x_wconf 88' lang='lat' dir='ltr'>enim</span> 
     </span>
     <span class='ocr_line' id='line_1_91' title="bbox 1396 820 2452 868; baseline 0.002 -16"><span class='ocrx_word' id='word_1_672' title='bbox 1396 820 1603 853; x_wconf 89' lang='lat' dir='ltr'>affirmationi</span> <span class='ocrx_word' id='word_1_673' title='bbox 1626 822 1799 855; x_wconf 88' lang='lat' dir='ltr'>universali</span> <span class='ocrx_word' id='word_1_674' title='bbox 1815 825 1973 856; x_wconf 89' lang='lat' dir='ltr'>contraria</span> <span class='ocrx_word' id='word_1_675' title='bbox 1997 833 2045 856; x_wconf 89' lang='lat' dir='ltr'>est</span> <span class='ocrx_word' id='word_1_676' title='bbox 2069 824 2190 868; x_wconf 85' lang='lat' dir='ltr'>duplex</span> <span class='ocrx_word' id='word_1_677' title='bbox 2205 824 2354 866; x_wconf 88' lang='lat' dir='ltr'>negatio,</span> <span class='ocrx_word' id='word_1_678' title='bbox 2378 822 2452 854; x_wconf 90' lang='lat' dir='ltr'>uni-</span> 
     </span>
     <span class='ocr_line' id='line_1_92' title="bbox 1395 869 2453 912; baseline 0 -10"><span class='ocrx_word' id='word_1_679' title='bbox 1395 869 1528 902; x_wconf 88' lang='lat' dir='ltr'>versalis</span> <span class='ocrx_word' id='word_1_680' title='bbox 1545 870 1667 903; x_wconf 89' lang='lat' dir='ltr'>scilicet</span> <span class='ocrx_word' id='word_1_681' title='bbox 1683 879 1714 903; x_wconf 90' lang='lat' dir='ltr'>et</span> <span class='ocrx_word' id='word_1_682' title='bbox 1735 871 2000 912; x_wconf 87' lang='lat' dir='ltr'>contradictoria,</span> <span class='ocrx_word' id='word_1_683' title='bbox 2024 872 2076 904; x_wconf 89' lang='lat' dir='ltr'>vel</span> <span class='ocrx_word' id='word_1_684' title='bbox 2099 873 2156 905; x_wconf 92' lang='lat' dir='ltr'>uni</span> <span class='ocrx_word' id='word_1_685' title='bbox 2181 871 2247 905; x_wconf 94' lang='lat' dir='ltr'>duo</span> <span class='ocrx_word' id='word_1_686' title='bbox 2272 879 2349 903; x_wconf 90' lang='lat' dir='ltr'>sunt</span> <span class='ocrx_word' id='word_1_687' title='bbox 2375 881 2453 902; x_wconf 91' lang='lat' dir='ltr'>con-</span> 
     </span>
     <span class='ocr_line' id='line_1_93' title="bbox 1395 918 2453 962; baseline 0 -12"><span class='ocrx_word' id='word_1_688' title='bbox 1395 919 1509 958; x_wconf 88' lang='lat' dir='ltr'>traria,</span> <span class='ocrx_word' id='word_1_689' title='bbox 1540 918 1591 951; x_wconf 92' lang='lat' dir='ltr'>vel</span> <span class='ocrx_word' id='word_1_690' title='bbox 1620 920 1843 952; x_wconf 86' lang='lat' dir='ltr'>contrarietate</span> <span class='ocrx_word' id='word_1_691' title='bbox 1874 919 1960 962; x_wconf 90' lang='lat' dir='ltr'>large</span> <span class='ocrx_word' id='word_1_692' title='bbox 1991 921 2092 953; x_wconf 88' lang='lat' dir='ltr'>utitur</span> <span class='ocrx_word' id='word_1_693' title='bbox 2120 919 2327 953; x_wconf 91' lang='lat' dir='ltr'>Aristoteles:</span> <span class='ocrx_word' id='word_1_694' title='bbox 2360 919 2453 951; x_wconf 91' lang='lat' dir='ltr'>cuius</span> 
     </span>
     <span class='ocr_line' id='line_1_94' title="bbox 1397 967 2453 1011; baseline 0 -12"><span class='ocrx_word' id='word_1_695' title='bbox 1397 967 1589 1010; x_wconf 89' lang='lat' dir='ltr'>oppositum</span> <span class='ocrx_word' id='word_1_696' title='bbox 1617 978 1715 1010; x_wconf 91' lang='lat' dir='ltr'>supra</span> <span class='ocrx_word' id='word_1_697' title='bbox 1745 967 2021 1000; x_wconf 88' lang='lat' dir='ltr'>declaravimus.—</span> <span class='ocrx_word' id='word_1_698' title='bbox 2042 969 2190 1011; x_wconf 88' lang='lat' dir='ltr'>Augetur</span> <span class='ocrx_word' id='word_1_699' title='bbox 2218 977 2249 1000; x_wconf 89' lang='lat' dir='ltr'>et</span> <span class='ocrx_word' id='word_1_700' title='bbox 2277 967 2453 1000; x_wconf 89' lang='lat' dir='ltr'>dubitatio:</span> 
     </span>
     <span class='ocr_line' id='line_1_95' title="bbox 1397 1014 2454 1060; baseline 0 -13"><span class='ocrx_word' id='word_1_701' title='bbox 1397 1016 1473 1059; x_wconf 90' lang='lat' dir='ltr'>quia</span> <span class='ocrx_word' id='word_1_702' title='bbox 1500 1016 1534 1047; x_wconf 93' lang='lat' dir='ltr'>in</span> <span class='ocrx_word' id='word_1_703' title='bbox 1562 1015 1767 1058; x_wconf 89' lang='lat' dir='ltr'>praecedenti</span> <span class='ocrx_word' id='word_1_704' title='bbox 1795 1024 1884 1048; x_wconf 89' lang='lat' dir='ltr'>textu</span> <span class='ocrx_word' id='word_1_705' title='bbox 1914 1016 1992 1049; x_wconf 87' lang='lat' dir='ltr'>dixit</span> <span class='ocrx_word' id='word_1_706' title='bbox 2019 1016 2209 1049; x_wconf 89' lang='lat' dir='ltr'>Aristoteles</span> <span class='ocrx_word' id='word_1_707' title='bbox 2237 1016 2345 1060; x_wconf 91' lang='lat' dir='ltr'>quod,</span> <span class='ocrx_word' id='word_1_708' title='bbox 2373 1014 2454 1048; x_wconf 91' lang='lat' dir='ltr'>nihil</span> 
     </span>
     <span class='ocr_line' id='line_1_96' title="bbox 1397 1063 2454 1107; baseline 0 -11"><span class='ocrx_word' id='word_1_709' title='bbox 1397 1064 1530 1096; x_wconf 85' lang='lat' dir='ltr'>interest</span> <span class='ocrx_word' id='word_1_710' title='bbox 1557 1064 1583 1096; x_wconf 89' lang='lat' dir='ltr'>si</span> <span class='ocrx_word' id='word_1_711' title='bbox 1607 1063 1823 1096; x_wconf 88' lang='lat' dir='ltr'>universalem</span> <span class='ocrx_word' id='word_1_712' title='bbox 1847 1065 2055 1107; x_wconf 88' lang='lat' dir='ltr'>negationem</span> <span class='ocrx_word' id='word_1_713' title='bbox 2077 1064 2232 1097; x_wconf 86' lang='lat' dir='ltr'>faciamus</span> <span class='ocrx_word' id='word_1_714' title='bbox 2262 1065 2305 1097; x_wconf 91' lang='lat' dir='ltr'>ita</span> <span class='ocrx_word' id='word_1_715' title='bbox 2329 1072 2454 1096; x_wconf 89' lang='lat' dir='ltr'>contra-</span> 
     </span>
     <span class='ocr_line' id='line_1_97' title="bbox 1397 1112 2452 1156; baseline 0 -12"><span class='ocrx_word' id='word_1_716' title='bbox 1397 1113 1478 1144; x_wconf 89' lang='lat' dir='ltr'>riam</span> <span class='ocrx_word' id='word_1_717' title='bbox 1502 1112 1676 1145; x_wconf 90' lang='lat' dir='ltr'>universali</span> <span class='ocrx_word' id='word_1_718' title='bbox 1700 1112 1924 1153; x_wconf 84' lang='lat' dir='ltr'>affirmationi,</span> <span class='ocrx_word' id='word_1_719' title='bbox 1954 1114 2038 1145; x_wconf 89' lang='lat' dir='ltr'>sicut</span> <span class='ocrx_word' id='word_1_720' title='bbox 2061 1113 2257 1156; x_wconf 89' lang='lat' dir='ltr'>singularem</span> <span class='ocrx_word' id='word_1_721' title='bbox 2288 1113 2452 1155; x_wconf 90' lang='lat' dir='ltr'>singulari.</span> 
     </span>
     <span class='ocr_line' id='line_1_98' title="bbox 1398 1160 2454 1205; baseline 0 -12"><span class='ocrx_word' id='word_1_722' title='bbox 1398 1162 1439 1194; x_wconf 88' lang='lat' dir='ltr'>Et</span> <span class='ocrx_word' id='word_1_723' title='bbox 1463 1161 1507 1193; x_wconf 91' lang='lat' dir='ltr'>ita</span> <span class='ocrx_word' id='word_1_724' title='bbox 1532 1160 1684 1194; x_wconf 90' lang='lat' dir='ltr'>declinari</span> <span class='ocrx_word' id='word_1_725' title='bbox 1713 1172 1781 1194; x_wconf 91' lang='lat' dir='ltr'>non</span> <span class='ocrx_word' id='word_1_726' title='bbox 1809 1170 1918 1205; x_wconf 91' lang='lat' dir='ltr'>potest</span> <span class='ocrx_word' id='word_1_727' title='bbox 1948 1163 2027 1205; x_wconf 93' lang='lat' dir='ltr'>quin</span> <span class='ocrx_word' id='word_1_728' title='bbox 2053 1161 2258 1194; x_wconf 91' lang='lat' dir='ltr'>affirmationi</span> <span class='ocrx_word' id='word_1_729' title='bbox 2280 1161 2454 1194; x_wconf 90' lang='lat' dir='ltr'>universali</span> 
     </span>
     <span class='ocr_line' id='line_1_99' title="bbox 1398 1209 2454 1253; baseline -0.001 -11"><span class='ocrx_word' id='word_1_730' title='bbox 1398 1210 1481 1243; x_wconf 90' lang='lat' dir='ltr'>duae</span> <span class='ocrx_word' id='word_1_731' title='bbox 1498 1210 1562 1242; x_wconf 89' lang='lat' dir='ltr'>sint</span> <span class='ocrx_word' id='word_1_732' title='bbox 1577 1210 1767 1252; x_wconf 89' lang='lat' dir='ltr'>negationes</span> <span class='ocrx_word' id='word_1_733' title='bbox 1792 1211 1980 1249; x_wconf 85' lang='lat' dir='ltr'>contrariae,</span> <span class='ocrx_word' id='word_1_734' title='bbox 2004 1221 2044 1242; x_wconf 91' lang='lat' dir='ltr'>eo</span> <span class='ocrx_word' id='word_1_735' title='bbox 2068 1209 2169 1242; x_wconf 90' lang='lat' dir='ltr'>modo</span> <span class='ocrx_word' id='word_1_736' title='bbox 2194 1221 2260 1253; x_wconf 92' lang='lat' dir='ltr'>quo</span> <span class='ocrx_word' id='word_1_737' title='bbox 2276 1209 2329 1241; x_wconf 88' lang='lat' dir='ltr'>hic</span> <span class='ocrx_word' id='word_1_738' title='bbox 2350 1209 2454 1253; x_wconf 93' lang='lat' dir='ltr'>loqui-</span> 
     </span>
     <span class='ocr_line' id='line_1_100' title="bbox 1397 1258 1986 1292; baseline -0.002 0"><span class='ocrx_word' id='word_1_739' title='bbox 1397 1268 1450 1292; x_wconf 91' lang='lat' dir='ltr'>tur</span> <span class='ocrx_word' id='word_1_740' title='bbox 1474 1258 1513 1292; x_wconf 93' lang='lat' dir='ltr'>de</span> <span class='ocrx_word' id='word_1_741' title='bbox 1538 1259 1762 1291; x_wconf 86' lang='lat' dir='ltr'>contrarietate</span> <span class='ocrx_word' id='word_1_742' title='bbox 1786 1258 1986 1291; x_wconf 84' lang='lat' dir='ltr'>Aristoteles.</span> 
     </span>
    </p>

    <p class='ocr_par' dir='ltr' id='par_1_16' title="bbox 1398 1306 2494 3333">
     <span class='ocr_line' id='line_1_101' title="bbox 1468 1306 2456 1350; baseline -0.002 -10"><span class='ocrx_word' id='word_1_743' title='bbox 1468 1318 1517 1350; x_wconf 90' lang='lat'>19.</span> <span class='ocrx_word' id='word_1_744' title='bbox 1534 1306 1586 1340; x_wconf 89' lang='lat' dir='ltr'>Ad</span> <span class='ocrx_word' id='word_1_745' title='bbox 1603 1307 1701 1340; x_wconf 91' lang='lat' dir='ltr'>huius</span> <span class='ocrx_word' id='word_1_746' title='bbox 1718 1306 1915 1340; x_wconf 90' lang='lat' dir='ltr'>evidentiam</span> <span class='ocrx_word' id='word_1_747' title='bbox 1931 1306 2113 1340; x_wconf 90' lang='lat' dir='ltr'>notandum</span> <span class='ocrx_word' id='word_1_748' title='bbox 2127 1315 2175 1339; x_wconf 91' lang='lat' dir='ltr'>est</span> <span class='ocrx_word' id='word_1_749' title='bbox 2191 1306 2291 1350; x_wconf 90' lang='lat' dir='ltr'>quod,</span> <span class='ocrx_word' id='word_1_750' title='bbox 2305 1306 2391 1339; x_wconf 90' lang='lat' dir='ltr'>aliud</span> <span class='ocrx_word' id='word_1_751' title='bbox 2408 1315 2456 1339; x_wconf 94' lang='lat' dir='ltr'>est</span> 
     </span>
     <span class='ocr_line' id='line_1_102' title="bbox 1398 1354 2455 1400; baseline -0.002 -11"><span class='ocrx_word' id='word_1_752' title='bbox 1398 1356 1490 1400; x_wconf 92' lang='lat' dir='ltr'>loqui</span> <span class='ocrx_word' id='word_1_753' title='bbox 1507 1355 1546 1388; x_wconf 90' lang='lat' dir='ltr'>de</span> <span class='ocrx_word' id='word_1_754' title='bbox 1563 1357 1787 1389; x_wconf 89' lang='lat' dir='ltr'>contrarietate</span> <span class='ocrx_word' id='word_1_755' title='bbox 1812 1367 1894 1400; x_wconf 93' lang='lat' dir='ltr'>quae</span> <span class='ocrx_word' id='word_1_756' title='bbox 1918 1364 1967 1388; x_wconf 91' lang='lat' dir='ltr'>est</span> <span class='ocrx_word' id='word_1_757' title='bbox 1990 1356 2073 1388; x_wconf 90' lang='lat' dir='ltr'>inter</span> <span class='ocrx_word' id='word_1_758' title='bbox 2097 1356 2304 1398; x_wconf 89' lang='lat' dir='ltr'>negationem</span> <span class='ocrx_word' id='word_1_759' title='bbox 2321 1354 2455 1387; x_wconf 88' lang='lat' dir='ltr'>alicuius</span> 
     </span>
     <span class='ocr_line' id='line_1_103' title="bbox 1399 1403 2456 1437; baseline -0.002 0"><span class='ocrx_word' id='word_1_760' title='bbox 1399 1404 1589 1437; x_wconf 89' lang='lat' dir='ltr'>universalis</span> <span class='ocrx_word' id='word_1_761' title='bbox 1603 1404 1812 1437; x_wconf 90' lang='lat' dir='ltr'>affirmativae</span> <span class='ocrx_word' id='word_1_762' title='bbox 1822 1405 1855 1436; x_wconf 90' lang='lat' dir='ltr'>in</span> <span class='ocrx_word' id='word_1_763' title='bbox 1865 1403 1978 1436; x_wconf 85' lang='lat' dir='ltr'>ordine</span> <span class='ocrx_word' id='word_1_764' title='bbox 1991 1403 2031 1436; x_wconf 92' lang='lat' dir='ltr'>ad</span> <span class='ocrx_word' id='word_1_765' title='bbox 2045 1404 2293 1437; x_wconf 88' lang='lat' dir='ltr'>affirmationem</span> <span class='ocrx_word' id='word_1_766' title='bbox 2307 1404 2456 1436; x_wconf 85' lang='lat' dir='ltr'>contrarii</span> 
     </span>
     <span class='ocr_line' id='line_1_104' title="bbox 1400 1451 2456 1496; baseline -0.002 -10"><span class='ocrx_word' id='word_1_767' title='bbox 1400 1453 1439 1486; x_wconf 90' lang='lat' dir='ltr'>de</span> <span class='ocrx_word' id='word_1_768' title='bbox 1464 1453 1592 1493; x_wconf 92' lang='lat' dir='ltr'>eodem,</span> <span class='ocrx_word' id='word_1_769' title='bbox 1615 1462 1647 1486; x_wconf 91' lang='lat' dir='ltr'>et</span> <span class='ocrx_word' id='word_1_770' title='bbox 1670 1452 1757 1486; x_wconf 90' lang='lat' dir='ltr'>aliud</span> <span class='ocrx_word' id='word_1_771' title='bbox 1778 1462 1826 1486; x_wconf 90' lang='lat' dir='ltr'>est</span> <span class='ocrx_word' id='word_1_772' title='bbox 1845 1453 1936 1496; x_wconf 91' lang='lat' dir='ltr'>loqui</span> <span class='ocrx_word' id='word_1_773' title='bbox 1961 1452 2001 1486; x_wconf 90' lang='lat' dir='ltr'>de</span> <span class='ocrx_word' id='word_1_774' title='bbox 2021 1452 2143 1485; x_wconf 87' lang='lat' dir='ltr'>illamet</span> <span class='ocrx_word' id='word_1_775' title='bbox 2163 1451 2338 1485; x_wconf 91' lang='lat' dir='ltr'>universali</span> <span class='ocrx_word' id='word_1_776' title='bbox 2361 1463 2456 1494; x_wconf 88' lang='lat' dir='ltr'>nega-</span> 
     </span>
     <span class='ocr_line' id='line_1_105' title="bbox 1399 1500 2456 1544; baseline -0.002 -10"><span class='ocrx_word' id='word_1_777' title='bbox 1399 1502 1464 1534; x_wconf 88' lang='lat' dir='ltr'>tiva</span> <span class='ocrx_word' id='word_1_778' title='bbox 1488 1502 1522 1534; x_wconf 93' lang='lat' dir='ltr'>in</span> <span class='ocrx_word' id='word_1_779' title='bbox 1546 1501 1660 1534; x_wconf 92' lang='lat' dir='ltr'>ordine</span> <span class='ocrx_word' id='word_1_780' title='bbox 1684 1500 1724 1534; x_wconf 88' lang='lat' dir='ltr'>ad</span> <span class='ocrx_word' id='word_1_781' title='bbox 1748 1501 1957 1544; x_wconf 88' lang='lat' dir='ltr'>negationem</span> <span class='ocrx_word' id='word_1_782' title='bbox 1976 1500 2124 1533; x_wconf 90' lang='lat' dir='ltr'>eiusdem</span> <span class='ocrx_word' id='word_1_783' title='bbox 2148 1500 2356 1533; x_wconf 89' lang='lat' dir='ltr'>affirmativae</span> <span class='ocrx_word' id='word_1_784' title='bbox 2381 1511 2456 1532; x_wconf 94' lang='lat' dir='ltr'>con-</span> 
     </span>
     <span class='ocr_line' id='line_1_106' title="bbox 1399 1549 2457 1593; baseline -0.001 -11"><span class='ocrx_word' id='word_1_785' title='bbox 1399 1549 1629 1583; x_wconf 89' lang='lat' dir='ltr'>tradictoriam.</span> <span class='ocrx_word' id='word_1_786' title='bbox 1662 1549 1763 1582; x_wconf 90' lang='lat' dir='ltr'>Verbi</span> <span class='ocrx_word' id='word_1_787' title='bbox 1789 1550 1911 1592; x_wconf 88' lang='lat' dir='ltr'>gratia:</span> <span class='ocrx_word' id='word_1_788' title='bbox 1938 1550 2002 1582; x_wconf 92' lang='lat' dir='ltr'>sint</span> <span class='ocrx_word' id='word_1_789' title='bbox 2034 1557 2174 1593; x_wconf 90' lang='lat' dir='ltr'>quatuor</span> <span class='ocrx_word' id='word_1_790' title='bbox 2201 1549 2457 1589; x_wconf 89' lang='lat' dir='ltr'>enunciationes,</span> 
     </span>
     <span class='ocr_line' id='line_1_107' title="bbox 1400 1597 2457 1643; baseline -0.002 -12"><span class='ocrx_word' id='word_1_791' title='bbox 1400 1610 1538 1643; x_wconf 90' lang='lat' dir='ltr'>quarum</span> <span class='ocrx_word' id='word_1_792' title='bbox 1557 1609 1645 1630; x_wconf 92' lang='lat' dir='ltr'>nunc</span> <span class='ocrx_word' id='word_1_793' title='bbox 1664 1598 1886 1637; x_wconf 91' lang='lat' dir='ltr'>meminimus,</span> <span class='ocrx_word' id='word_1_794' title='bbox 1906 1597 2037 1637; x_wconf 91' lang='lat' dir='ltr'>scilicet,</span> <span class='ocrx_word' id='word_1_795' title='bbox 2054 1597 2245 1630; x_wconf 89' lang='lat' dir='ltr'>universalis</span> <span class='ocrx_word' id='word_1_796' title='bbox 2258 1597 2457 1637; x_wconf 86' lang='lat' dir='ltr'>affirmativa,</span> 
     </span>
     <span class='ocr_line' id='line_1_108' title="bbox 1400 1645 2458 1688; baseline -0.002 -8"><span class='ocrx_word' id='word_1_797' title='bbox 1400 1646 1667 1686; x_wconf 89' lang='lat' dir='ltr'>contradictoria,</span> <span class='ocrx_word' id='word_1_798' title='bbox 1691 1646 1882 1679; x_wconf 89' lang='lat' dir='ltr'>universalis</span> <span class='ocrx_word' id='word_1_799' title='bbox 1910 1647 2077 1688; x_wconf 90' lang='lat' dir='ltr'>negativa,</span> <span class='ocrx_word' id='word_1_800' title='bbox 2106 1655 2137 1678; x_wconf 92' lang='lat' dir='ltr'>et</span> <span class='ocrx_word' id='word_1_801' title='bbox 2161 1645 2351 1678; x_wconf 90' lang='lat' dir='ltr'>universalis</span> <span class='ocrx_word' id='word_1_802' title='bbox 2375 1645 2458 1679; x_wconf 89' lang='lat' dir='ltr'>affir-</span> 
     </span>
     <span class='ocr_line' id='line_1_109' title="bbox 1399 1694 2458 1737; baseline 0 -9"><span class='ocrx_word' id='word_1_803' title='bbox 1399 1696 1500 1728; x_wconf 89' lang='lat' dir='ltr'>matio</span> <span class='ocrx_word' id='word_1_804' title='bbox 1517 1695 1680 1734; x_wconf 89' lang='lat' dir='ltr'>contrarii,</span> <span class='ocrx_word' id='word_1_805' title='bbox 1698 1695 1744 1726; x_wconf 92' lang='lat' dir='ltr'>sic</span> <span class='ocrx_word' id='word_1_806' title='bbox 1760 1694 1935 1737; x_wconf 90' lang='lat' dir='ltr'>dispositae</span> <span class='ocrx_word' id='word_1_807' title='bbox 1952 1695 1985 1726; x_wconf 94' lang='lat' dir='ltr'>in</span> <span class='ocrx_word' id='word_1_808' title='bbox 1998 1694 2112 1727; x_wconf 89' lang='lat' dir='ltr'>eadem</span> <span class='ocrx_word' id='word_1_809' title='bbox 2125 1694 2209 1727; x_wconf 89' lang='lat' dir='ltr'>linea</span> <span class='ocrx_word' id='word_1_810' title='bbox 2222 1703 2322 1727; x_wconf 89' lang='lat' dir='ltr'>recta:</span> <span class='ocrx_word' id='word_1_811' title='bbox 2351 1694 2458 1729; x_wconf 84' lang='lat' dir='ltr'>Omnis</span> 
     </span>
     <span class='ocr_line' id='line_1_110' title="bbox 1398 1743 2458 1783; baseline 0 -7"><span class='ocrx_word' id='word_1_812' title='bbox 1398 1743 1483 1777; x_wconf 90' lang='lat' dir='ltr'>homo</span> <span class='ocrx_word' id='word_1_813' title='bbox 1506 1749 1547 1776; x_wconf 89' lang='lat' dir='ltr'>est</span> <span class='ocrx_word' id='word_1_814' title='bbox 1569 1744 1675 1783; x_wconf 83' lang='lat' dir='ltr'>iustus,</span> <span class='ocrx_word' id='word_1_815' title='bbox 1699 1754 1760 1775; x_wconf 88' lang='lat' dir='ltr'>non</span> <span class='ocrx_word' id='word_1_816' title='bbox 1782 1744 1877 1775; x_wconf 80' lang='lat' dir='ltr'>omnis</span> <span class='ocrx_word' id='word_1_817' title='bbox 1900 1743 1983 1776; x_wconf 90' lang='lat' dir='ltr'>homo</span> <span class='ocrx_word' id='word_1_818' title='bbox 2007 1749 2048 1775; x_wconf 84' lang='lat' dir='ltr'>est</span> <span class='ocrx_word' id='word_1_819' title='bbox 2062 1743 2168 1782; x_wconf 84' lang='lat' dir='ltr'>iustus,</span> <span class='ocrx_word' id='word_1_820' title='bbox 2186 1744 2281 1775; x_wconf 81' lang='lat' dir='ltr'>omnis</span> <span class='ocrx_word' id='word_1_821' title='bbox 2299 1743 2384 1776; x_wconf 85' lang='lat' dir='ltr'>homo</span> <span class='ocrx_word' id='word_1_822' title='bbox 2398 1755 2458 1776; x_wconf 89' lang='lat' dir='ltr'>non</span> 
     </span>
     <span class='ocr_line' id='line_1_111' title="bbox 1399 1791 2458 1835; baseline -0.001 -10"><span class='ocrx_word' id='word_1_823' title='bbox 1399 1798 1440 1825; x_wconf 87' lang='lat' dir='ltr'>est</span> <span class='ocrx_word' id='word_1_824' title='bbox 1461 1793 1574 1831; x_wconf 81' lang='lat' dir='ltr'>iustus,</span> <span class='ocrx_word' id='word_1_825' title='bbox 1599 1792 1694 1824; x_wconf 84' lang='lat' dir='ltr'><em>omnis</em></span> <span class='ocrx_word' id='word_1_826' title='bbox 1722 1791 1805 1824; x_wconf 87' lang='lat' dir='ltr'>homo</span> <span class='ocrx_word' id='word_1_827' title='bbox 1830 1798 1870 1824; x_wconf 84' lang='lat' dir='ltr'>est</span> <span class='ocrx_word' id='word_1_828' title='bbox 1892 1792 2037 1824; x_wconf 82' lang='lat' dir='ltr'>iniustus:</span> <span class='ocrx_word' id='word_1_829' title='bbox 2062 1800 2094 1824; x_wconf 91' lang='lat' dir='ltr'>et</span> <span class='ocrx_word' id='word_1_830' title='bbox 2114 1792 2238 1824; x_wconf 90' lang='lat' dir='ltr'>intuere</span> <span class='ocrx_word' id='word_1_831' title='bbox 2267 1791 2356 1835; x_wconf 93' lang='lat' dir='ltr'>quod</span> <span class='ocrx_word' id='word_1_832' title='bbox 2384 1791 2458 1824; x_wconf 92' lang='lat' dir='ltr'>licet</span> 
     </span>
     <span class='ocr_line' id='line_1_112' title="bbox 1399 1840 2458 1885; baseline 0 -12"><span class='ocrx_word' id='word_1_833' title='bbox 1399 1841 1523 1884; x_wconf 89' lang='lat' dir='ltr'>primae</span> <span class='ocrx_word' id='word_1_834' title='bbox 1540 1851 1655 1873; x_wconf 90' lang='lat' dir='ltr'>omnes</span> <span class='ocrx_word' id='word_1_835' title='bbox 1672 1840 1814 1885; x_wconf 89' lang='lat' dir='ltr'>reliquae</span> <span class='ocrx_word' id='word_1_836' title='bbox 1831 1841 1941 1885; x_wconf 89' lang='lat' dir='ltr'>aliquo</span> <span class='ocrx_word' id='word_1_837' title='bbox 1958 1840 2059 1873; x_wconf 91' lang='lat' dir='ltr'>modo</span> <span class='ocrx_word' id='word_1_838' title='bbox 2077 1841 2324 1881; x_wconf 89' lang='lat' dir='ltr'>contrarientur‚</span> <span class='ocrx_word' id='word_1_839' title='bbox 2339 1852 2458 1884; x_wconf 90' lang='lat' dir='ltr'>magna</span> 
     </span>
     <span class='ocr_line' id='line_1_113' title="bbox 1399 1888 2458 1934; baseline 0 -12"><span class='ocrx_word' id='word_1_840' title='bbox 1399 1898 1508 1922; x_wconf 92' lang='lat' dir='ltr'>tamen</span> <span class='ocrx_word' id='word_1_841' title='bbox 1544 1888 1724 1922; x_wconf 90' lang='lat' dir='ltr'>differentia</span> <span class='ocrx_word' id='word_1_842' title='bbox 1755 1898 1803 1922; x_wconf 91' lang='lat' dir='ltr'>est</span> <span class='ocrx_word' id='word_1_843' title='bbox 1831 1891 1914 1922; x_wconf 92' lang='lat' dir='ltr'>inter</span> <span class='ocrx_word' id='word_1_844' title='bbox 1940 1890 2063 1933; x_wconf 90' lang='lat' dir='ltr'>primae</span> <span class='ocrx_word' id='word_1_845' title='bbox 2098 1898 2130 1922; x_wconf 90' lang='lat' dir='ltr'>et</span> <span class='ocrx_word' id='word_1_846' title='bbox 2153 1890 2310 1934; x_wconf 90' lang='lat' dir='ltr'>cuiusque</span> <span class='ocrx_word' id='word_1_847' title='bbox 2346 1902 2458 1923; x_wconf 88' lang='lat' dir='ltr'>earum</span> 
     </span>
     <span class='ocr_line' id='line_1_114' title="bbox 1400 1937 2458 1979; baseline 0.001 -9"><span class='ocrx_word' id='word_1_848' title='bbox 1400 1938 1668 1970; x_wconf 91' lang='lat' dir='ltr'>contrarietatem.</span> <span class='ocrx_word' id='word_1_849' title='bbox 1694 1937 1818 1971; x_wconf 91' lang='lat' dir='ltr'>Ultima</span> <span class='ocrx_word' id='word_1_850' title='bbox 1841 1939 1941 1978; x_wconf 89' lang='lat' dir='ltr'>enim,</span> <span class='ocrx_word' id='word_1_851' title='bbox 1957 1938 2078 1970; x_wconf 86' lang='lat' dir='ltr'>scilicet</span> <span class='ocrx_word' id='word_1_852' title='bbox 2101 1937 2272 1971; x_wconf 89' lang='lat' dir='ltr'>affirmatio</span> <span class='ocrx_word' id='word_1_853' title='bbox 2296 1939 2458 1979; x_wconf 89' lang='lat' dir='ltr'>contrarii,</span> 
     </span>
     <span class='ocr_line' id='line_1_115' title="bbox 1399 1986 2458 2031; baseline 0 -12"><span class='ocrx_word' id='word_1_854' title='bbox 1399 1987 1524 2030; x_wconf 89' lang='lat' dir='ltr'>primae</span> <span class='ocrx_word' id='word_1_855' title='bbox 1549 1987 1762 2019; x_wconf 89' lang='lat' dir='ltr'>contrariatur</span> <span class='ocrx_word' id='word_1_856' title='bbox 1789 1987 1914 2019; x_wconf 87' lang='lat' dir='ltr'>ratione</span> <span class='ocrx_word' id='word_1_857' title='bbox 1942 1986 2132 2019; x_wconf 90' lang='lat' dir='ltr'>universalis</span> <span class='ocrx_word' id='word_1_858' title='bbox 2158 1988 2351 2030; x_wconf 88' lang='lat' dir='ltr'>negationis,</span> <span class='ocrx_word' id='word_1_859' title='bbox 2376 1998 2458 2031; x_wconf 91' lang='lat' dir='ltr'>quae</span> 
     </span>
     <span class='ocr_line' id='line_1_116' title="bbox 1400 2037 2458 2080; baseline 0 -11"><span class='ocrx_word' id='word_1_860' title='bbox 1400 2045 1474 2069; x_wconf 89' lang='lat' dir='ltr'>ante</span> <span class='ocrx_word' id='word_1_861' title='bbox 1498 2037 1603 2080; x_wconf 90' lang='lat' dir='ltr'>ipsam</span> <span class='ocrx_word' id='word_1_862' title='bbox 1627 2037 1687 2069; x_wconf 89' lang='lat' dir='ltr'>sita</span> <span class='ocrx_word' id='word_1_863' title='bbox 1710 2046 1775 2069; x_wconf 87' lang='lat' dir='ltr'>est:</span> <span class='ocrx_word' id='word_1_864' title='bbox 1806 2038 1882 2080; x_wconf 90' lang='lat' dir='ltr'>quia</span> <span class='ocrx_word' id='word_1_865' title='bbox 1905 2048 1973 2069; x_wconf 89' lang='lat' dir='ltr'>non</span> <span class='ocrx_word' id='word_1_866' title='bbox 1996 2048 2054 2080; x_wconf 92' lang='lat' dir='ltr'>per</span> <span class='ocrx_word' id='word_1_867' title='bbox 2077 2048 2111 2069; x_wconf 93' lang='lat' dir='ltr'>se</span> <span class='ocrx_word' id='word_1_868' title='bbox 2140 2037 2196 2070; x_wconf 92' lang='lat' dir='ltr'>sed</span> <span class='ocrx_word' id='word_1_869' title='bbox 2225 2038 2349 2070; x_wconf 89' lang='lat' dir='ltr'>ratione</span> <span class='ocrx_word' id='word_1_870' title='bbox 2373 2037 2458 2070; x_wconf 91' lang='lat' dir='ltr'>illius</span> 
     </span>
     <span class='ocr_line' id='line_1_117' title="bbox 1400 2084 2460 2130; baseline 0.001 -13"><span class='ocrx_word' id='word_1_871' title='bbox 1400 2084 1478 2117; x_wconf 89' lang='lat' dir='ltr'>falsa</span> <span class='ocrx_word' id='word_1_872' title='bbox 1495 2093 1554 2125; x_wconf 91' lang='lat' dir='ltr'>est,</span> <span class='ocrx_word' id='word_1_873' title='bbox 1564 2094 1599 2117; x_wconf 93' lang='lat' dir='ltr'>ut</span> <span class='ocrx_word' id='word_1_874' title='bbox 1612 2085 1761 2129; x_wconf 85' lang='lat' dir='ltr'>probavit</span> <span class='ocrx_word' id='word_1_875' title='bbox 1776 2085 1980 2126; x_wconf 91' lang='lat' dir='ltr'>Aristoteles,</span> <span class='ocrx_word' id='word_1_876' title='bbox 1995 2087 2070 2130; x_wconf 90' lang='lat' dir='ltr'>quia</span> <span class='ocrx_word' id='word_1_877' title='bbox 2083 2086 2238 2130; x_wconf 90' lang='lat' dir='ltr'>implicita</span> <span class='ocrx_word' id='word_1_878' title='bbox 2254 2094 2302 2118; x_wconf 89' lang='lat' dir='ltr'>est</span> <span class='ocrx_word' id='word_1_879' title='bbox 2310 2086 2334 2118; x_wconf 89' lang='lat'>*.</span> <span class='ocrx_word' id='word_1_880' title='bbox 2346 2086 2460 2119; x_wconf 90' lang='lat' dir='ltr'>Tertia</span> 
     </span>
     <span class='ocr_line' id='line_1_118' title="bbox 1401 2133 2458 2178; baseline 0.001 -12"><span class='ocrx_word' id='word_1_881' title='bbox 1401 2142 1521 2174; x_wconf 88' lang='lat' dir='ltr'>autern,</span> <span class='ocrx_word' id='word_1_882' title='bbox 1546 2133 1629 2167; x_wconf 90' lang='lat' dir='ltr'>idest</span> <span class='ocrx_word' id='word_1_883' title='bbox 1654 2134 1843 2167; x_wconf 90' lang='lat' dir='ltr'>universalis</span> <span class='ocrx_word' id='word_1_884' title='bbox 1868 2135 2008 2178; x_wconf 87' lang='lat' dir='ltr'>negatio,</span> <span class='ocrx_word' id='word_1_885' title='bbox 2033 2146 2101 2167; x_wconf 91' lang='lat' dir='ltr'>non</span> <span class='ocrx_word' id='word_1_886' title='bbox 2125 2146 2182 2178; x_wconf 91' lang='lat' dir='ltr'>per</span> <span class='ocrx_word' id='word_1_887' title='bbox 2206 2146 2239 2167; x_wconf 93' lang='lat' dir='ltr'>se</span> <span class='ocrx_word' id='word_1_888' title='bbox 2261 2134 2317 2168; x_wconf 93' lang='lat' dir='ltr'>sed</span> <span class='ocrx_word' id='word_1_889' title='bbox 2334 2137 2458 2169; x_wconf 87' lang='lat' dir='ltr'>ratione</span> 
     </span>
     <span class='ocr_line' id='line_1_119' title="bbox 1400 2182 2460 2225; baseline 0.002 -10"><span class='ocrx_word' id='word_1_890' title='bbox 1400 2182 1572 2223; x_wconf 87' lang='lat' dir='ltr'>secundae,</span> <span class='ocrx_word' id='word_1_891' title='bbox 1596 2182 1718 2215; x_wconf 88' lang='lat' dir='ltr'>scilicet</span> <span class='ocrx_word' id='word_1_892' title='bbox 1741 2183 1924 2225; x_wconf 88' lang='lat' dir='ltr'>negationis</span> <span class='ocrx_word' id='word_1_893' title='bbox 1949 2182 2227 2223; x_wconf 90' lang='lat' dir='ltr'>contradictoriae,</span> <span class='ocrx_word' id='word_1_894' title='bbox 2247 2186 2460 2217; x_wconf 89' lang='lat' dir='ltr'>contrariatur</span> 
     </span>
     <span class='ocr_line' id='line_1_120' title="bbox 1400 2230 2460 2276; baseline 0.001 -13"><span class='ocrx_word' id='word_1_895' title='bbox 1400 2232 1523 2275; x_wconf 91' lang='lat' dir='ltr'>primae</span> <span class='ocrx_word' id='word_1_896' title='bbox 1543 2230 1657 2264; x_wconf 91' lang='lat' dir='ltr'>eadem</span> <span class='ocrx_word' id='word_1_897' title='bbox 1681 2232 1816 2271; x_wconf 92' lang='lat' dir='ltr'>ratione,</span> <span class='ocrx_word' id='word_1_898' title='bbox 1837 2232 1922 2275; x_wconf 90' lang='lat' dir='ltr'>quia,</span> <span class='ocrx_word' id='word_1_899' title='bbox 1947 2231 2079 2271; x_wconf 83' lang='lat' dir='ltr'>scilicet,</span> <span class='ocrx_word' id='word_1_900' title='bbox 2096 2243 2163 2264; x_wconf 93' lang='lat' dir='ltr'>non</span> <span class='ocrx_word' id='word_1_901' title='bbox 2187 2241 2236 2264; x_wconf 91' lang='lat' dir='ltr'>est</span> <span class='ocrx_word' id='word_1_902' title='bbox 2258 2244 2316 2276; x_wconf 88' lang='lat' dir='ltr'>per</span> <span class='ocrx_word' id='word_1_903' title='bbox 2331 2244 2365 2265; x_wconf 91' lang='lat' dir='ltr'>se</span> <span class='ocrx_word' id='word_1_904' title='bbox 2381 2231 2460 2264; x_wconf 90' lang='lat' dir='ltr'>falsa</span> 
     </span>
     <span class='ocr_line' id='line_1_121' title="bbox 1399 2279 2460 2323; baseline 0.001 -11"><span class='ocrx_word' id='word_1_905' title='bbox 1399 2279 1486 2312; x_wconf 87' lang='lat' dir='ltr'>illius</span> <span class='ocrx_word' id='word_1_906' title='bbox 1508 2279 1731 2312; x_wconf 91' lang='lat' dir='ltr'>affirmationis</span> <span class='ocrx_word' id='word_1_907' title='bbox 1754 2280 1898 2319; x_wconf 91' lang='lat' dir='ltr'>veritate,</span> <span class='ocrx_word' id='word_1_908' title='bbox 1923 2279 1980 2312; x_wconf 92' lang='lat' dir='ltr'>sed</span> <span class='ocrx_word' id='word_1_909' title='bbox 2004 2279 2176 2323; x_wconf 87' lang='lat' dir='ltr'>implicita:</span> <span class='ocrx_word' id='word_1_910' title='bbox 2205 2281 2349 2313; x_wconf 89' lang='lat' dir='ltr'>continet</span> <span class='ocrx_word' id='word_1_911' title='bbox 2372 2282 2460 2313; x_wconf 91' lang='lat' dir='ltr'>enim</span> 
     </span>
     <span class='ocr_line' id='line_1_122' title="bbox 1400 2327 2461 2371; baseline 0.002 -11"><span class='ocrx_word' id='word_1_912' title='bbox 1400 2329 1610 2371; x_wconf 89' lang='lat' dir='ltr'>negationem</span> <span class='ocrx_word' id='word_1_913' title='bbox 1641 2327 1936 2368; x_wconf 89' lang='lat' dir='ltr'>contradictoriam,</span> <span class='ocrx_word' id='word_1_914' title='bbox 1956 2327 2088 2368; x_wconf 90' lang='lat' dir='ltr'>scilicet,</span> <span class='ocrx_word' id='word_1_915' title='bbox 2111 2340 2171 2361; x_wconf 81' lang='lat' dir='ltr'>non</span> <span class='ocrx_word' id='word_1_916' title='bbox 2194 2330 2290 2361; x_wconf 87' lang='lat' dir='ltr'>omnis</span> <span class='ocrx_word' id='word_1_917' title='bbox 2313 2329 2396 2362; x_wconf 88' lang='lat' dir='ltr'>homo</span> <span class='ocrx_word' id='word_1_918' title='bbox 2420 2335 2461 2362; x_wconf 83' lang='lat' dir='ltr'>est</span> 
     </span>
     <span class='ocr_line' id='line_1_123' title="bbox 1400 2375 2459 2419; baseline 0.002 -11"><span class='ocrx_word' id='word_1_919' title='bbox 1400 2377 1507 2416; x_wconf 86' lang='lat' dir='ltr'>iustus,</span> <span class='ocrx_word' id='word_1_920' title='bbox 1532 2375 1695 2409; x_wconf 89' lang='lat' dir='ltr'>mediante</span> <span class='ocrx_word' id='word_1_921' title='bbox 1713 2388 1776 2419; x_wconf 88' lang='lat' dir='ltr'>qua</span> <span class='ocrx_word' id='word_1_922' title='bbox 1799 2375 1986 2408; x_wconf 88' lang='lat' dir='ltr'>falsificatur</span> <span class='ocrx_word' id='word_1_923' title='bbox 2009 2376 2047 2408; x_wconf 90' lang='lat' dir='ltr'>ab</span> <span class='ocrx_word' id='word_1_924' title='bbox 2072 2375 2297 2409; x_wconf 88' lang='lat' dir='ltr'>affirmationis</span> <span class='ocrx_word' id='word_1_925' title='bbox 2313 2378 2459 2417; x_wconf 89' lang='lat' dir='ltr'>veritate,</span> 
     </span>
     <span class='ocr_line' id='line_1_124' title="bbox 1401 2424 2460 2469; baseline 0.001 -12"><span class='ocrx_word' id='word_1_926' title='bbox 1401 2426 1476 2469; x_wconf 87' lang='lat' dir='ltr'>quia</span> <span class='ocrx_word' id='word_1_927' title='bbox 1499 2424 1690 2468; x_wconf 88' lang='lat' dir='ltr'>simpliciter</span> <span class='ocrx_word' id='word_1_928' title='bbox 1713 2434 1746 2458; x_wconf 91' lang='lat' dir='ltr'>et</span> <span class='ocrx_word' id='word_1_929' title='bbox 1769 2426 1858 2469; x_wconf 91' lang='lat' dir='ltr'>prior</span> <span class='ocrx_word' id='word_1_930' title='bbox 1882 2434 1930 2457; x_wconf 90' lang='lat' dir='ltr'>est</span> <span class='ocrx_word' id='word_1_931' title='bbox 1953 2424 2072 2457; x_wconf 87' lang='lat' dir='ltr'>falsitas</span> <span class='ocrx_word' id='word_1_932' title='bbox 2096 2426 2279 2468; x_wconf 88' lang='lat' dir='ltr'>negationis</span> <span class='ocrx_word' id='word_1_933' title='bbox 2300 2425 2460 2459; x_wconf 87' lang='lat' dir='ltr'>contradi-</span> 
     </span>
     <span class='ocr_line' id='line_1_125' title="bbox 1401 2473 2460 2519; baseline 0.002 -13"><span class='ocrx_word' id='word_1_934' title='bbox 1401 2475 1520 2507; x_wconf 90' lang='lat' dir='ltr'>ctoriae</span> <span class='ocrx_word' id='word_1_935' title='bbox 1549 2473 1686 2507; x_wconf 81' lang='lat' dir='ltr'>falsitate</span> <span class='ocrx_word' id='word_1_936' title='bbox 1715 2475 1898 2517; x_wconf 85' lang='lat' dir='ltr'>negationis</span> <span class='ocrx_word' id='word_1_937' title='bbox 1927 2473 2136 2506; x_wconf 87' lang='lat' dir='ltr'>universalis:</span> <span class='ocrx_word' id='word_1_938' title='bbox 2176 2483 2283 2507; x_wconf 90' lang='lat' dir='ltr'>totum</span> <span class='ocrx_word' id='word_1_939' title='bbox 2319 2486 2460 2519; x_wconf 89' lang='lat' dir='ltr'>namque</span> 
     </span>
     <span class='ocr_line' id='line_1_126' title="bbox 1402 2521 2461 2567; baseline 0 -11"><span class='ocrx_word' id='word_1_940' title='bbox 1402 2523 1617 2567; x_wconf 89' lang='lat' dir='ltr'>compositius</span> <span class='ocrx_word' id='word_1_941' title='bbox 1641 2531 1673 2555; x_wconf 94' lang='lat' dir='ltr'>et</span> <span class='ocrx_word' id='word_1_942' title='bbox 1696 2523 1858 2566; x_wconf 89' lang='lat' dir='ltr'>posterius</span> <span class='ocrx_word' id='word_1_943' title='bbox 1883 2531 1931 2555; x_wconf 92' lang='lat' dir='ltr'>est</span> <span class='ocrx_word' id='word_1_944' title='bbox 1951 2521 2106 2566; x_wconf 90' lang='lat' dir='ltr'>partibus.</span> <span class='ocrx_word' id='word_1_945' title='bbox 2132 2523 2190 2555; x_wconf 92' lang='lat' dir='ltr'>Est</span> <span class='ocrx_word' id='word_1_946' title='bbox 2209 2535 2287 2566; x_wconf 90' lang='lat' dir='ltr'>ergo</span> <span class='ocrx_word' id='word_1_947' title='bbox 2303 2524 2387 2556; x_wconf 89' lang='lat' dir='ltr'>inter</span> <span class='ocrx_word' id='word_1_948' title='bbox 2403 2523 2461 2556; x_wconf 91' lang='lat' dir='ltr'>has</span> 
     </span>
     <span class='ocr_line' id='line_1_127' title="bbox 1401 2571 2494 2615; baseline 0 -10"><span class='ocrx_word' id='word_1_949' title='bbox 1401 2581 1465 2605; x_wconf 92' lang='lat' dir='ltr'>tres</span> <span class='ocrx_word' id='word_1_950' title='bbox 1481 2571 1575 2605; x_wconf 89' lang='lat' dir='ltr'>falsas</span> <span class='ocrx_word' id='word_1_951' title='bbox 1592 2571 1685 2612; x_wconf 85' lang='lat' dir='ltr'>ordo,</span> <span class='ocrx_word' id='word_1_952' title='bbox 1702 2572 1745 2604; x_wconf 86' lang='lat' dir='ltr'>ita</span> <span class='ocrx_word' id='word_1_953' title='bbox 1762 2571 1851 2615; x_wconf 93' lang='lat' dir='ltr'>quod</span> <span class='ocrx_word' id='word_1_954' title='bbox 1876 2571 2083 2605; x_wconf 90' lang='lat' dir='ltr'>affirmationi</span> <span class='ocrx_word' id='word_1_955' title='bbox 2099 2584 2194 2605; x_wconf 90' lang='lat' dir='ltr'>verae</span> <span class='ocrx_word' id='word_1_956' title='bbox 2213 2572 2462 2605; x_wconf 88' lang='lat' dir='ltr'>contradictoria</span> <span class='ocrx_word' id='word_1_957' title='bbox 2491 2589 2494 2592; x_wconf 82' lang='grc'><em>·</em></span> 
     </span>
     <span class='ocr_line' id='line_1_128' title="bbox 1401 2619 2463 2665; baseline 0 -11"><span class='ocrx_word' id='word_1_958' title='bbox 1401 2622 1533 2664; x_wconf 89' lang='lat' dir='ltr'>negatio</span> <span class='ocrx_word' id='word_1_959' title='bbox 1557 2621 1748 2664; x_wconf 87' lang='lat' dir='ltr'>simpliciter</span> <span class='ocrx_word' id='word_1_960' title='bbox 1764 2619 1833 2652; x_wconf 87' lang='lat' dir='ltr'>sola</span> <span class='ocrx_word' id='word_1_961' title='bbox 1850 2629 1898 2653; x_wconf 88' lang='lat' dir='ltr'>est</span> <span class='ocrx_word' id='word_1_962' title='bbox 1914 2622 2084 2661; x_wconf 89' lang='lat' dir='ltr'>contraria,</span> <span class='ocrx_word' id='word_1_963' title='bbox 2101 2622 2177 2665; x_wconf 89' lang='lat' dir='ltr'>quia</span> <span class='ocrx_word' id='word_1_964' title='bbox 2201 2630 2249 2653; x_wconf 89' lang='lat' dir='ltr'>est</span> <span class='ocrx_word' id='word_1_965' title='bbox 2272 2621 2463 2665; x_wconf 77' lang='lat' dir='ltr'>Simpliciter</span> 
     </span>
     <span class='ocr_line' id='line_1_129' title="bbox 1403 2668 2462 2714; baseline 0.001 -12"><span class='ocrx_word' id='word_1_966' title='bbox 1403 2678 1552 2714; x_wconf 91' lang='lat' dir='ltr'>respectu</span> <span class='ocrx_word' id='word_1_967' title='bbox 1584 2669 1670 2701; x_wconf 90' lang='lat' dir='ltr'>illius</span> <span class='ocrx_word' id='word_1_968' title='bbox 1694 2681 1752 2713; x_wconf 91' lang='lat' dir='ltr'>per</span> <span class='ocrx_word' id='word_1_969' title='bbox 1775 2681 1809 2701; x_wconf 91' lang='lat' dir='ltr'>se</span> <span class='ocrx_word' id='word_1_970' title='bbox 1833 2668 1930 2709; x_wconf 88' lang='lat' dir='ltr'>falsa;</span> <span class='ocrx_word' id='word_1_971' title='bbox 1959 2669 2149 2702; x_wconf 90' lang='lat' dir='ltr'>affirmativa</span> <span class='ocrx_word' id='word_1_972' title='bbox 2173 2679 2282 2702; x_wconf 91' lang='lat' dir='ltr'>autem</span> <span class='ocrx_word' id='word_1_973' title='bbox 2311 2671 2462 2703; x_wconf 88' lang='lat' dir='ltr'>contrarii</span> 
     </span>
     <span class='ocr_line' id='line_1_130' title="bbox 1403 2718 2463 2762; baseline -0.001 -10"><span class='ocrx_word' id='word_1_974' title='bbox 1403 2728 1452 2752; x_wconf 85' lang='lat' dir='ltr'>est</span> <span class='ocrx_word' id='word_1_975' title='bbox 1476 2730 1534 2762; x_wconf 90' lang='lat' dir='ltr'>per</span> <span class='ocrx_word' id='word_1_976' title='bbox 1557 2718 1706 2751; x_wconf 88' lang='lat' dir='ltr'>accidens</span> <span class='ocrx_word' id='word_1_977' title='bbox 1731 2719 1908 2758; x_wconf 86' lang='lat' dir='ltr'>contraria,</span> <span class='ocrx_word' id='word_1_978' title='bbox 1936 2719 2012 2762; x_wconf 89' lang='lat' dir='ltr'>quia</span> <span class='ocrx_word' id='word_1_979' title='bbox 2036 2728 2084 2751; x_wconf 90' lang='lat' dir='ltr'>est</span> <span class='ocrx_word' id='word_1_980' title='bbox 2112 2730 2170 2762; x_wconf 90' lang='lat' dir='ltr'>per</span> <span class='ocrx_word' id='word_1_981' title='bbox 2194 2719 2342 2752; x_wconf 89' lang='lat' dir='ltr'>accidens</span> <span class='ocrx_word' id='word_1_982' title='bbox 2366 2718 2463 2759; x_wconf 86' lang='lat' dir='ltr'>falsa;</span> 
     </span>
     <span class='ocr_line' id='line_1_131' title="bbox 1402 2767 2462 2811; baseline 0 -11"><span class='ocrx_word' id='word_1_983' title='bbox 1402 2767 1593 2801; x_wconf 89' lang='lat' dir='ltr'>universalis</span> <span class='ocrx_word' id='word_1_984' title='bbox 1613 2778 1692 2800; x_wconf 91' lang='lat' dir='ltr'>vero</span> <span class='ocrx_word' id='word_1_985' title='bbox 1716 2767 1858 2810; x_wconf 86' lang='lat' dir='ltr'>negatio,</span> <span class='ocrx_word' id='word_1_986' title='bbox 1882 2775 2049 2811; x_wconf 87' lang='lat' dir='ltr'>tamquam</span> <span class='ocrx_word' id='word_1_987' title='bbox 2072 2767 2218 2800; x_wconf 89' lang='lat' dir='ltr'>medium</span> <span class='ocrx_word' id='word_1_988' title='bbox 2239 2769 2366 2811; x_wconf 87' lang='lat' dir='ltr'>sapiens</span> <span class='ocrx_word' id='word_1_989' title='bbox 2383 2768 2462 2800; x_wconf 93' lang='lat' dir='ltr'>utri-</span> 
     </span>
     <span class='ocr_line' id='line_1_132' title="bbox 1403 2815 2463 2860; baseline -0.001 -11"><span class='ocrx_word' id='word_1_990' title='bbox 1403 2828 1508 2860; x_wconf 92' lang='lat' dir='ltr'>usque</span> <span class='ocrx_word' id='word_1_991' title='bbox 1531 2817 1666 2849; x_wconf 89' lang='lat' dir='ltr'>extremi</span> <span class='ocrx_word' id='word_1_992' title='bbox 1690 2824 1849 2856; x_wconf 87' lang='lat' dir='ltr'>naturam,</span> <span class='ocrx_word' id='word_1_993' title='bbox 1869 2815 1968 2848; x_wconf 89' lang='lat' dir='ltr'>relata</span> <span class='ocrx_word' id='word_1_994' title='bbox 1984 2815 2023 2848; x_wconf 92' lang='lat' dir='ltr'>ad</span> <span class='ocrx_word' id='word_1_995' title='bbox 2041 2817 2192 2849; x_wconf 88' lang='lat' dir='ltr'>contrarii</span> <span class='ocrx_word' id='word_1_996' title='bbox 2215 2816 2463 2849; x_wconf 89' lang='lat' dir='ltr'>affirmationem</span> 
     </span>
     <span class='ocr_line' id='line_1_133' title="bbox 1404 2864 2462 2908; baseline -0.001 -10"><span class='ocrx_word' id='word_1_997' title='bbox 1404 2874 1452 2898; x_wconf 90' lang='lat' dir='ltr'>est</span> <span class='ocrx_word' id='word_1_998' title='bbox 1475 2876 1533 2908; x_wconf 92' lang='lat' dir='ltr'>per</span> <span class='ocrx_word' id='word_1_999' title='bbox 1556 2876 1589 2897; x_wconf 90' lang='lat' dir='ltr'>se</span> <span class='ocrx_word' id='word_1_1000' title='bbox 1614 2865 1774 2897; x_wconf 89' lang='lat' dir='ltr'>contraria</span> <span class='ocrx_word' id='word_1_1001' title='bbox 1793 2873 1825 2896; x_wconf 88' lang='lat' dir='ltr'>et</span> <span class='ocrx_word' id='word_1_1002' title='bbox 1841 2876 1898 2907; x_wconf 90' lang='lat' dir='ltr'>per</span> <span class='ocrx_word' id='word_1_1003' title='bbox 1921 2876 1955 2897; x_wconf 91' lang='lat' dir='ltr'>se</span> <span class='ocrx_word' id='word_1_1004' title='bbox 1979 2864 2067 2905; x_wconf 88' lang='lat' dir='ltr'>falsa,</span> <span class='ocrx_word' id='word_1_1005' title='bbox 2088 2865 2185 2897; x_wconf 88' lang='lat' dir='ltr'>relata</span> <span class='ocrx_word' id='word_1_1006' title='bbox 2209 2874 2318 2897; x_wconf 88' lang='lat' dir='ltr'>autem</span> <span class='ocrx_word' id='word_1_1007' title='bbox 2343 2865 2382 2898; x_wconf 89' lang='lat' dir='ltr'>ad</span> <span class='ocrx_word' id='word_1_1008' title='bbox 2405 2877 2462 2897; x_wconf 93' lang='lat' dir='ltr'>ne-</span> 
     </span>
     <span class='ocr_line' id='line_1_134' title="bbox 1404 2912 2463 2957; baseline -0.001 -11"><span class='ocrx_word' id='word_1_1009' title='bbox 1404 2914 1571 2957; x_wconf 87' lang='lat' dir='ltr'>gationem</span> <span class='ocrx_word' id='word_1_1010' title='bbox 1595 2912 1880 2945; x_wconf 88' lang='lat' dir='ltr'>contradictoriam</span> <span class='ocrx_word' id='word_1_1011' title='bbox 1904 2921 1952 2945; x_wconf 91' lang='lat' dir='ltr'>est</span> <span class='ocrx_word' id='word_1_1012' title='bbox 1974 2924 2032 2956; x_wconf 92' lang='lat' dir='ltr'>per</span> <span class='ocrx_word' id='word_1_1013' title='bbox 2056 2913 2203 2946; x_wconf 90' lang='lat' dir='ltr'>accidens</span> <span class='ocrx_word' id='word_1_1014' title='bbox 2227 2913 2305 2945; x_wconf 86' lang='lat' dir='ltr'>falsa</span> <span class='ocrx_word' id='word_1_1015' title='bbox 2332 2922 2364 2945; x_wconf 90' lang='lat' dir='ltr'>et</span> <span class='ocrx_word' id='word_1_1016' title='bbox 2387 2925 2463 2946; x_wconf 92' lang='lat' dir='ltr'>con-</span> 
     </span>
     <span class='ocr_line' id='line_1_135' title="bbox 1403 2961 2464 3004; baseline -0.001 -9"><span class='ocrx_word' id='word_1_1017' title='bbox 1403 2963 1509 2995; x_wconf 87' lang='lat' dir='ltr'>traria.</span> <span class='ocrx_word' id='word_1_1018' title='bbox 1535 2963 1627 2995; x_wconf 90' lang='lat' dir='ltr'>Sicut</span> <span class='ocrx_word' id='word_1_1019' title='bbox 1650 2961 1784 2993; x_wconf 93' lang='lat' dir='ltr'>rubrum</span> <span class='ocrx_word' id='word_1_1020' title='bbox 1809 2961 1848 2994; x_wconf 89' lang='lat' dir='ltr'>ad</span> <span class='ocrx_word' id='word_1_1021' title='bbox 1872 2962 2003 3004; x_wconf 91' lang='lat' dir='ltr'>nigrum</span> <span class='ocrx_word' id='word_1_1022' title='bbox 2020 2970 2068 2994; x_wconf 90' lang='lat' dir='ltr'>est</span> <span class='ocrx_word' id='word_1_1023' title='bbox 2091 2961 2212 3000; x_wconf 88' lang='lat' dir='ltr'>album,</span> <span class='ocrx_word' id='word_1_1024' title='bbox 2236 2970 2268 2994; x_wconf 90' lang='lat' dir='ltr'>et</span> <span class='ocrx_word' id='word_1_1025' title='bbox 2291 2961 2330 2994; x_wconf 85' lang='lat' dir='ltr'>ad</span> <span class='ocrx_word' id='word_1_1026' title='bbox 2354 2961 2464 2994; x_wconf 89' lang='lat' dir='ltr'>album</span> 
     </span>
     <span class='ocr_line' id='line_1_136' title="bbox 1404 3009 2465 3054; baseline -0.004 -9"><span class='ocrx_word' id='word_1_1027' title='bbox 1404 3021 1453 3045; x_wconf 90' lang='lat' dir='ltr'>est</span> <span class='ocrx_word' id='word_1_1028' title='bbox 1476 3012 1624 3054; x_wconf 86' lang='lat' dir='ltr'>nigrum,</span> <span class='ocrx_word' id='word_1_1029' title='bbox 1649 3019 1685 3042; x_wconf 91' lang='lat' dir='ltr'>ut</span> <span class='ocrx_word' id='word_1_1030' title='bbox 1709 3009 1826 3042; x_wconf 92' lang='lat' dir='ltr'>dicitur</span> <span class='ocrx_word' id='word_1_1031' title='bbox 1850 3011 1883 3042; x_wconf 90' lang='lat' dir='ltr'>in</span> <span class='ocrx_word' id='word_1_1032' title='bbox 1899 3010 1930 3042; x_wconf 97' lang='lat' dir='ltr'>V</span> <span class='ocrx_word' id='word_1_1033' title='bbox 1949 3010 2151 3054; x_wconf 84' lang='lat' dir='ltr'>Physicorum.</span> <span class='ocrx_word' id='word_1_1034' title='bbox 2175 3009 2275 3042; x_wconf 88' lang='lat' dir='ltr'>Aliud</span> <span class='ocrx_word' id='word_1_1035' title='bbox 2294 3010 2392 3052; x_wconf 85' lang='lat' dir='ltr'>igitur</span> <span class='ocrx_word' id='word_1_1036' title='bbox 2416 3017 2465 3041; x_wconf 87' lang='lat' dir='ltr'>est</span> 
     </span>
     <span class='ocr_line' id='line_1_137' title="bbox 1405 3057 2464 3103; baseline -0.003 -11"><span class='ocrx_word' id='word_1_1037' title='bbox 1405 3060 1497 3103; x_wconf 90' lang='lat' dir='ltr'>loqui</span> <span class='ocrx_word' id='word_1_1038' title='bbox 1519 3059 1558 3091; x_wconf 90' lang='lat' dir='ltr'>de</span> <span class='ocrx_word' id='word_1_1039' title='bbox 1576 3058 1750 3101; x_wconf 88' lang='lat' dir='ltr'>negatione</span> <span class='ocrx_word' id='word_1_1040' title='bbox 1774 3057 1947 3091; x_wconf 84' lang='lat' dir='ltr'>universali</span> <span class='ocrx_word' id='word_1_1041' title='bbox 1971 3059 2004 3090; x_wconf 93' lang='lat' dir='ltr'>in</span> <span class='ocrx_word' id='word_1_1042' title='bbox 2029 3057 2142 3090; x_wconf 91' lang='lat' dir='ltr'>ordine</span> <span class='ocrx_word' id='word_1_1043' title='bbox 2159 3057 2198 3090; x_wconf 89' lang='lat' dir='ltr'>ad</span> <span class='ocrx_word' id='word_1_1044' title='bbox 2215 3057 2464 3090; x_wconf 88' lang='lat' dir='ltr'>affirmationem</span> 
     </span>
     <span class='ocr_line' id='line_1_138' title="bbox 1407 3105 2464 3150; baseline -0.004 -9"><span class='ocrx_word' id='word_1_1045' title='bbox 1407 3108 1569 3147; x_wconf 86' lang='lat' dir='ltr'>contrarii,</span> <span class='ocrx_word' id='word_1_1046' title='bbox 1595 3116 1627 3139; x_wconf 90' lang='lat' dir='ltr'>et</span> <span class='ocrx_word' id='word_1_1047' title='bbox 1651 3106 1739 3139; x_wconf 88' lang='lat' dir='ltr'>aliud</span> <span class='ocrx_word' id='word_1_1048' title='bbox 1764 3107 1798 3139; x_wconf 93' lang='lat' dir='ltr'>in</span> <span class='ocrx_word' id='word_1_1049' title='bbox 1819 3106 1931 3140; x_wconf 91' lang='lat' dir='ltr'>ordine</span> <span class='ocrx_word' id='word_1_1050' title='bbox 1948 3106 1987 3139; x_wconf 90' lang='lat' dir='ltr'>ad</span> <span class='ocrx_word' id='word_1_1051' title='bbox 2011 3107 2219 3150; x_wconf 89' lang='lat' dir='ltr'>negationem</span> <span class='ocrx_word' id='word_1_1052' title='bbox 2247 3105 2464 3138; x_wconf 91' lang='lat' dir='ltr'>contradicto-</span> 
     </span>
     <span class='ocr_line' id='line_1_139' title="bbox 1406 3155 2466 3199; baseline -0.003 -10"><span class='ocrx_word' id='word_1_1053' title='bbox 1406 3158 1496 3189; x_wconf 88' lang='lat' dir='ltr'>riam.</span> <span class='ocrx_word' id='word_1_1054' title='bbox 1530 3156 1564 3188; x_wconf 83' lang='lat' dir='ltr'>Si</span> <span class='ocrx_word' id='word_1_1055' title='bbox 1593 3155 1681 3187; x_wconf 90' lang='lat' dir='ltr'>enim</span> <span class='ocrx_word' id='word_1_1056' title='bbox 1709 3157 1816 3199; x_wconf 91' lang='lat' dir='ltr'>primo</span> <span class='ocrx_word' id='word_1_1057' title='bbox 1843 3155 1945 3188; x_wconf 93' lang='lat' dir='ltr'>modo</span> <span class='ocrx_word' id='word_1_1058' title='bbox 1974 3155 2159 3199; x_wconf 89' lang='lat' dir='ltr'>loquamur,</span> <span class='ocrx_word' id='word_1_1059' title='bbox 2176 3155 2222 3187; x_wconf 91' lang='lat' dir='ltr'>sic</span> <span class='ocrx_word' id='word_1_1060' title='bbox 2243 3155 2372 3197; x_wconf 84' lang='lat' dir='ltr'>negatio</span> <span class='ocrx_word' id='word_1_1061' title='bbox 2397 3155 2466 3186; x_wconf 90' lang='lat' dir='ltr'>uni-</span> 
     </span>
     <span class='ocr_line' id='line_1_140' title="bbox 1406 3203 2465 3247; baseline -0.003 -10"><span class='ocrx_word' id='word_1_1062' title='bbox 1406 3204 1538 3238; x_wconf 88' lang='lat' dir='ltr'>versalis</span> <span class='ocrx_word' id='word_1_1063' title='bbox 1566 3215 1624 3246; x_wconf 92' lang='lat' dir='ltr'>per</span> <span class='ocrx_word' id='word_1_1064' title='bbox 1653 3215 1686 3236; x_wconf 93' lang='lat' dir='ltr'>se</span> <span class='ocrx_word' id='word_1_1065' title='bbox 1716 3204 1874 3236; x_wconf 91' lang='lat' dir='ltr'>contraria</span> <span class='ocrx_word' id='word_1_1066' title='bbox 1902 3213 1933 3236; x_wconf 92' lang='lat' dir='ltr'>et</span> <span class='ocrx_word' id='word_1_1067' title='bbox 1961 3215 2018 3247; x_wconf 87' lang='lat' dir='ltr'>per</span> <span class='ocrx_word' id='word_1_1068' title='bbox 2045 3215 2078 3236; x_wconf 92' lang='lat' dir='ltr'>se</span> <span class='ocrx_word' id='word_1_1069' title='bbox 2102 3203 2179 3235; x_wconf 87' lang='lat' dir='ltr'>falsa</span> <span class='ocrx_word' id='word_1_1070' title='bbox 2204 3211 2269 3242; x_wconf 90' lang='lat' dir='ltr'>est;</span> <span class='ocrx_word' id='word_1_1071' title='bbox 2300 3203 2327 3234; x_wconf 91' lang='lat' dir='ltr'>si</span> <span class='ocrx_word' id='word_1_1072' title='bbox 2355 3210 2465 3234; x_wconf 90' lang='lat' dir='ltr'>autem</span> 
     </span>
     <span class='ocr_line' id='line_1_141' title="bbox 1407 3250 2466 3295; baseline -0.004 -9"><span class='ocrx_word' id='word_1_1073' title='bbox 1407 3252 1552 3286; x_wconf 91' lang='lat' dir='ltr'>secundo</span> <span class='ocrx_word' id='word_1_1074' title='bbox 1576 3251 1688 3292; x_wconf 87' lang='lat' dir='ltr'>modo,</span> <span class='ocrx_word' id='word_1_1075' title='bbox 1709 3263 1777 3284; x_wconf 92' lang='lat' dir='ltr'>non</span> <span class='ocrx_word' id='word_1_1076' title='bbox 1800 3260 1849 3284; x_wconf 91' lang='lat' dir='ltr'>est</span> <span class='ocrx_word' id='word_1_1077' title='bbox 1871 3263 1928 3295; x_wconf 92' lang='lat' dir='ltr'>per</span> <span class='ocrx_word' id='word_1_1078' title='bbox 1951 3264 1985 3285; x_wconf 91' lang='lat' dir='ltr'>se</span> <span class='ocrx_word' id='word_1_1079' title='bbox 2009 3252 2097 3292; x_wconf 85' lang='lat' dir='ltr'>falsa,</span> <span class='ocrx_word' id='word_1_1080' title='bbox 2121 3263 2181 3284; x_wconf 91' lang='lat' dir='ltr'>nec</span> <span class='ocrx_word' id='word_1_1081' title='bbox 2208 3251 2366 3284; x_wconf 89' lang='lat' dir='ltr'>contraria</span> <span class='ocrx_word' id='word_1_1082' title='bbox 2383 3250 2466 3283; x_wconf 92' lang='lat' dir='ltr'>affir-</span> 
     </span>
     <span class='ocr_line' id='line_1_142' title="bbox 1407 3301 1553 3333; baseline -0.007 0"><span class='ocrx_word' id='word_1_1083' title='bbox 1407 3301 1553 3333; x_wconf 91' lang='lat' dir='ltr'>mationi.</span> 
     </span>
    </p>

    <p class='ocr_par' dir='ltr' id='par_1_17' title="bbox 1406 3348 2467 3680">
     <span class='ocr_line' id='line_1_143' title="bbox 1475 3348 2465 3392; baseline -0.002 -11"><span class='ocrx_word' id='word_1_1084' title='bbox 1475 3359 1525 3381; x_wconf 90' lang='lat'>20.</span> <span class='ocrx_word' id='word_1_1085' title='bbox 1552 3349 1641 3388; x_wconf 89' lang='lat' dir='ltr'>Quia</span> <span class='ocrx_word' id='word_1_1086' title='bbox 1670 3359 1747 3391; x_wconf 89' lang='lat' dir='ltr'>ergo</span> <span class='ocrx_word' id='word_1_1087' title='bbox 1775 3350 1881 3391; x_wconf 89' lang='lat' dir='ltr'>agitur</span> <span class='ocrx_word' id='word_1_1088' title='bbox 1908 3349 1946 3382; x_wconf 91' lang='lat' dir='ltr'>ab</span> <span class='ocrx_word' id='word_1_1089' title='bbox 1974 3349 2147 3382; x_wconf 91' lang='lat' dir='ltr'>Aristotele</span> <span class='ocrx_word' id='word_1_1090' title='bbox 2179 3360 2266 3381; x_wconf 91' lang='lat' dir='ltr'>nunc</span> <span class='ocrx_word' id='word_1_1091' title='bbox 2294 3348 2465 3392; x_wconf 90' lang='lat' dir='ltr'>quaestio,</span> 
     </span>
     <span class='ocr_line' id='line_1_144' title="bbox 1406 3395 2466 3440; baseline -0.003 -10"><span class='ocrx_word' id='word_1_1092' title='bbox 1406 3395 1766 3430; x_wconf 75' lang='lat' dir='ltr'>interaffirmationem</span> <span class='ocrx_word' id='word_1_1093' title='bbox 1791 3397 1941 3429; x_wconf 88' lang='lat' dir='ltr'>contrarii</span> <span class='ocrx_word' id='word_1_1094' title='bbox 1965 3406 1996 3429; x_wconf 92' lang='lat' dir='ltr'>et</span> <span class='ocrx_word' id='word_1_1095' title='bbox 2020 3397 2228 3440; x_wconf 87' lang='lat' dir='ltr'>negationem</span> <span class='ocrx_word' id='word_1_1096' title='bbox 2252 3407 2335 3439; x_wconf 89' lang='lat' dir='ltr'>quae</span> <span class='ocrx_word' id='word_1_1097' title='bbox 2354 3407 2466 3428; x_wconf 91' lang='lat' dir='ltr'>earum</span> 
     </span>
     <span class='ocr_line' id='line_1_145' title="bbox 1409 3443 2465 3488; baseline -0.001 -10"><span class='ocrx_word' id='word_1_1098' title='bbox 1409 3445 1569 3478; x_wconf 87' lang='lat' dir='ltr'>contraria</span> <span class='ocrx_word' id='word_1_1099' title='bbox 1597 3445 1638 3476; x_wconf 90' lang='lat' dir='ltr'>sit</span> <span class='ocrx_word' id='word_1_1100' title='bbox 1663 3443 1870 3476; x_wconf 86' lang='lat' dir='ltr'>affirmationi</span> <span class='ocrx_word' id='word_1_1101' title='bbox 1896 3456 1990 3477; x_wconf 88' lang='lat' dir='ltr'>verae</span> <span class='ocrx_word' id='word_1_1102' title='bbox 2006 3470 2013 3484; x_wconf 90' lang='lat'>,</span> <span class='ocrx_word' id='word_1_1103' title='bbox 2038 3454 2069 3477; x_wconf 92' lang='lat' dir='ltr'>et</span> <span class='ocrx_word' id='word_1_1104' title='bbox 2092 3457 2160 3477; x_wconf 91' lang='lat' dir='ltr'>non</span> <span class='ocrx_word' id='word_1_1105' title='bbox 2189 3445 2294 3487; x_wconf 89' lang='lat' dir='ltr'>agitur</span> <span class='ocrx_word' id='word_1_1106' title='bbox 2318 3445 2465 3488; x_wconf 88' lang='lat' dir='ltr'>quaestio</span> 
     </span>
     <span class='ocr_line' id='line_1_146' title="bbox 1409 3493 2467 3537; baseline 0 -12"><span class='ocrx_word' id='word_1_1107' title='bbox 1409 3494 1553 3537; x_wconf 90' lang='lat' dir='ltr'>ipsarum</span> <span class='ocrx_word' id='word_1_1108' title='bbox 1574 3493 1787 3535; x_wconf 91' lang='lat' dir='ltr'>negationum</span> <span class='ocrx_word' id='word_1_1109' title='bbox 1811 3493 1894 3525; x_wconf 92' lang='lat' dir='ltr'>inter</span> <span class='ocrx_word' id='word_1_1110' title='bbox 1914 3505 1958 3533; x_wconf 86' lang='lat' dir='ltr'>se,</span> <span class='ocrx_word' id='word_1_1111' title='bbox 1981 3505 2074 3537; x_wconf 88' lang='lat' dir='ltr'>quae,</span> <span class='ocrx_word' id='word_1_1112' title='bbox 2095 3493 2232 3533; x_wconf 84' lang='lat' dir='ltr'>scilicet,</span> <span class='ocrx_word' id='word_1_1113' title='bbox 2254 3505 2366 3526; x_wconf 89' lang='lat' dir='ltr'>earum</span> <span class='ocrx_word' id='word_1_1114' title='bbox 2390 3503 2467 3525; x_wconf 89' lang='lat' dir='ltr'>con·</span> 
     </span>
     <span class='ocr_line' id='line_1_147' title="bbox 1409 3540 2467 3585; baseline 0 -11"><span class='ocrx_word' id='word_1_1115' title='bbox 1409 3542 1504 3574; x_wconf 87' lang='lat' dir='ltr'>traria</span> <span class='ocrx_word' id='word_1_1116' title='bbox 1528 3541 1568 3573; x_wconf 90' lang='lat' dir='ltr'>sit</span> <span class='ocrx_word' id='word_1_1117' title='bbox 1585 3540 1629 3572; x_wconf 93' lang='lat' dir='ltr'>illi</span> <span class='ocrx_word' id='word_1_1118' title='bbox 1646 3540 1863 3581; x_wconf 86' lang='lat' dir='ltr'>affirmationi,</span> <span class='ocrx_word' id='word_1_1119' title='bbox 1880 3550 1916 3573; x_wconf 94' lang='lat' dir='ltr'>ut</span> <span class='ocrx_word' id='word_1_1120' title='bbox 1939 3550 2027 3584; x_wconf 89' lang='lat' dir='ltr'>patet</span> <span class='ocrx_word' id='word_1_1121' title='bbox 2050 3542 2084 3574; x_wconf 91' lang='lat' dir='ltr'>in</span> <span class='ocrx_word' id='word_1_1122' title='bbox 2104 3551 2174 3574; x_wconf 92' lang='lat' dir='ltr'>toto</span> <span class='ocrx_word' id='word_1_1123' title='bbox 2198 3553 2352 3585; x_wconf 91' lang='lat' dir='ltr'>processu</span> <span class='ocrx_word' id='word_1_1124' title='bbox 2370 3553 2467 3585; x_wconf 90' lang='lat' dir='ltr'>quae-</span> 
     </span>
     <span class='ocr_line' id='line_1_148' title="bbox 1410 3588 2467 3633; baseline 0.002 -13"><span class='ocrx_word' id='word_1_1125' title='bbox 1410 3589 1546 3628; x_wconf 88' lang='lat' dir='ltr'>stionis;</span> <span class='ocrx_word' id='word_1_1126' title='bbox 1579 3588 1653 3621; x_wconf 91' lang='lat' dir='ltr'>ideo</span> <span class='ocrx_word' id='word_1_1127' title='bbox 1684 3588 1875 3621; x_wconf 90' lang='lat' dir='ltr'>Aristoteles</span> <span class='ocrx_word' id='word_1_1128' title='bbox 1905 3589 2089 3622; x_wconf 88' lang='lat' dir='ltr'>indistincte</span> <span class='ocrx_word' id='word_1_1129' title='bbox 2118 3589 2197 3622; x_wconf 87' lang='lat' dir='ltr'>dixit</span> <span class='ocrx_word' id='word_1_1130' title='bbox 2220 3589 2309 3633; x_wconf 92' lang='lat' dir='ltr'>quod</span> <span class='ocrx_word' id='word_1_1131' title='bbox 2330 3598 2467 3633; x_wconf 87' lang='lat' dir='ltr'>utraque</span> 
     </span>
     <span class='ocr_line' id='line_1_149' title="bbox 1412 3637 2467 3680; baseline 0.001 -11"><span class='ocrx_word' id='word_1_1132' title='bbox 1412 3637 1541 3680; x_wconf 87' lang='lat' dir='ltr'>negatio</span> <span class='ocrx_word' id='word_1_1133' title='bbox 1558 3646 1606 3669; x_wconf 89' lang='lat' dir='ltr'>est</span> <span class='ocrx_word' id='word_1_1134' title='bbox 1629 3638 1787 3670; x_wconf 84' lang='lat' dir='ltr'>contraria</span> <span class='ocrx_word' id='word_1_1135' title='bbox 1811 3637 2017 3670; x_wconf 89' lang='lat' dir='ltr'>affirmationi</span> <span class='ocrx_word' id='word_1_1136' title='bbox 2040 3649 2144 3678; x_wconf 89' lang='lat' dir='ltr'>verae,</span> <span class='ocrx_word' id='word_1_1137' title='bbox 2164 3647 2196 3671; x_wconf 94' lang='lat' dir='ltr'>et</span> <span class='ocrx_word' id='word_1_1138' title='bbox 2211 3649 2279 3671; x_wconf 91' lang='lat' dir='ltr'>non</span> <span class='ocrx_word' id='word_1_1139' title='bbox 2296 3637 2467 3670; x_wconf 89' lang='lat' dir='ltr'>affirmatio</span> 
     </span>
    </p>
   </div>
   <div class='ocr_carea' id='block_1_12' title="bbox 2486 2090 2698 2145">
    <p class='ocr_par' dir='ltr' id='par_1_18' title="bbox 2486 2090 2698 2145">
     <span class='ocr_line' id='line_1_150' title="bbox 2486 2090 2698 2117; baseline 0 -6"><span class='ocrx_word' id='word_1_1140' title='bbox 2486 2091 2495 2100; x_wconf 71' lang='lat'><em>⁶</em></span> <span class='ocrx_word' id='word_1_1141' title='bbox 2514 2090 2551 2112; x_wconf 87' lang='lat' dir='ltr'>Cf.</span> <span class='ocrx_word' id='word_1_1142' title='bbox 2562 2096 2630 2117; x_wconf 84' lang='lat' dir='ltr'>supra</span> <span class='ocrx_word' id='word_1_1143' title='bbox 2640 2096 2663 2111; x_wconf 88' lang='lat' dir='ltr'>n.</span> <span class='ocrx_word' id='word_1_1144' title='bbox 2674 2097 2698 2117; x_wconf 80' lang='lat'>4,</span> 
     </span>
     <span class='ocr_line' id='line_1_151' title="bbox 2489 2123 2554 2145; baseline 0 -7"><span class='ocrx_word' id='word_1_1145' title='bbox 2489 2123 2554 2145; x_wconf 83' lang='lat' dir='ltr'>seqq.</span> 
     </span>
    </p>
   </div>
  </div>
 </body>
</html>
