2788 4204
80 407 92 416 '
102 406 177 429 Codd.
186 417 197 422 -
205 411 230 428 P:
245 405 291 427 ali-

77 443 146 465 quos.
162 437 255 459 Cfiuot.
267 433 291 467 β.

1086 266 1198 322 CAP.
1228 266 1409 314 XXXIV,
1439 267 1591 304 LECT.
1621 267 1745 303 XLIV

380 354 437 380 ιι.
477 342 626 381 Deinde
666 356 755 381 cum
790 343 895 380 dicit:
934 344 1095 393 Reliqua
1132 351 1257 382 autem
1295 358 1384 395 quo-

319 395 431 432 modo
461 404 543 443 etc„
565 404 762 446 comparat
794 396 992 434 scientiam
1013 398 1062 435 ad
1081 398 1174 435 alios
1188 399 1209 420 '²‘
1235 399 1386 436 habitus

320 448 386 498 qui
407 461 446 486 se
463 450 606 487 habent
625 451 672 487 ad
686 462 834 487 verum.
852 451 901 486 Et
914 450 1052 499 primo,
1069 452 1117 488 ad
1133 452 1216 488 illos
1236 453 1386 490 habitus

76 511 294 539 ‘Deprincipt'iset
320 502 385 551 qui
414 510 502 540 sunt
522 503 568 540 de
596 503 789 553 principiis
809 511 846 540 et
866 502 913 540 de
931 503 951 524 '¹‘
975 504 1303 550 conclusionibus;
1330 519 1387 543 se-

77 537 108 559 de
121 545 149 560 ex
164 544 237 566 marg.
248 545 271 560 a.

78 614 87 624 ”
101 613 172 636 Num.
183 619 234 642 seq.

78 724 291 752 'metprmxz

76 750 181 788 gando.
198 740 205 746 ’

78 804 102 824 et
117 783 133 798 ιι
149 781 230 804 quater
243 783 293 799 οιιι.

77 1087 88 1098 ·
102 1086 160 1116 etp.
170 1093 203 1115 m,
218 1094 242 1110 ιι.
253 1094 270 1110 ι.
281 1100 292 1105 -

31 1128 40 1134 2
77 1112 212 1136 Commeat.
221 1115 293 1137 s.Th.

76 1139 130 1163 leet.
140 1146 180 1175 ιιι.4

29 1211 33 1225 2
76 1197 89 1211 “
101 1197 139 1220 Cf.
148 1198 201 1220 leet.
211 1204 292 1226 xxxvi,

35 1251 37 1254 ⁴
77 1231 128 1251 not.
147 1234 172 1252 ο.

77 1260 88 1271 ·
101 1265 131 1283 o:
144 1259 196 1283 alia
209 1259 265 1282 duo.

321 556 460 603 cundo,
473 556 521 593 ad
535 557 708 593 habitum
723 556 790 606 qui
806 556 1018 605 specialiter
1031 558 1182 607 respicit
1196 559 1385 606 medium;

320 609 390 646 ibi:
421 609 579 646 Solertia
607 610 767 646 autem*
786 617 855 647 etc.
885 609 986 647 Dicit
1010 622 1098 659 ergo
1127 611 1253 660 primo
1282 613 1387 661 quod

321 662 466 711 reliqua
493 663 541 699 ab
570 663 755 712 opinione
785 663 833 700 ad
863 663 1121 711 cognitionem
1149 664 1385 714 pertinentia,

321 715 520 764 quomodo
537 717 557 737 ’⁴⁸
578 716 854 764 distinguantur
877 716 917 752 in
941 717 1140 765 rationem,
1162 725 1198 755 et
1218 719 1261 739 *²¹²
1281 718 1387 754 intel-

320 768 473 815 lectum,
495 775 532 806 et
559 769 770 816 scientiam,
792 776 828 806 et
847 777 978 817 artem,
1000 778 1036 807 et
1066 771 1321 820 prudentiam,
1352 779 1388 808 et

321 820 559 870 sapientiam,
576 831 764 872 quantum
785 823 834 860 ad
852 823 997 871 aliquid
1020 824 1210 872 pertinent
1229 826 1277 862 ad
1297 836 1387 861 con-

320 873 590 912 siderationem
617 876 883 925 philosophiae
902 877 1062 924 primae,
1082 878 1144 915 vel
1165 877 1279 915 etiam
1303 877 1386 926 phi-

319 927 518 976 losophiae
547 930 743 976 naturalis3
773 937 960 978 quantum
989 938 1118 967 autern
1146 931 1195 967 ad
1223 930 1386 980 aliquid,

321 981 369 1017 ad
398 982 744 1019 considerationem
776 983 1044 1032 philosophiae
1079 984 1254 1031 moralis,
1289 996 1386 1032 quae

322 1032 458 1071 dicitur
475 1035 622 1072 Ethica.
647 1036 708 1073 Ad
729 1037 836 1073 cuius
856 1036 1089 1073 evidentiam
1113 1036 1312 1074 sciendum
1333 1045 1388 1074 est

320 1087 426 1134 quod
440 1087 660 1125 Aristoteles
678 1088 718 1125 in
731 1089 783 1125 VI
797 1089 817 1110 *
834 1090 954 1127 Ethz'c.
971 1088 1081 1138 ponit
1099 1089 1267 1138 quinque
1288 1101 1387 1138 quae

320 1150 360 1174 se
385 1140 527 1177 habent
546 1146 698 1189 semper
716 1141 765 1178 ad
783 1154 935 1189 verum,
956 1141 1096 1179 scilicet
1115 1149 1246 1188 artem,
1267 1142 1388 1178 scien-

319 1191 434 1239 tiam,
466 1193 714 1242 sapientiam,
750 1195 992 1243 prudentiam
1027 1202 1063 1231 et
1095 1194 1328 1231 intellectum
1349 1195 1387 1240 *ς

319 1244 554 1294 subiungens
583 1246 659 1283 duo
686 1248 706 1268 *²
734 1260 833 1296 quae
862 1261 902 1285 se
930 1248 1075 1284 habent
1107 1247 1156 1284 ad
1182 1259 1319 1284 verum
1354 1255 1390 1284 et

318 1297 468 1347 falsum,
490 1299 631 1337 scilicet
654 1299 916 1349 suspicionem
938 1308 974 1337 et
992 1299 1230 1348 opinionem.
1257 1299 1388 1337 Prima

319 1358 448 1393 autem
474 1353 645 1402 quinque
674 1366 714 1390 se
739 1354 882 1391 habent
908 1354 1034 1390 solum
1054 1353 1103 1390 ad
1129 1365 1277 1400 verum,
1298 1353 1388 1402 quia

318 1403 526 1454 important
554 1406 818 1444 rectitudinem
847 1406 1014 1443 rationis.
1043 1406 1119 1443 Sed
1138 1407 1207 1443 tria
1236 1418 1386 1454 eorum,

318 1456 461 1495 scilicet
480 1459 680 1508 sapientia,
701 1459 859 1497 scientia
884 1467 919 1496 et
945 1460 1166 1506 intellectus,
1182 1459 1389 1508 important

317 1511 581 1549 rectitudinem
607 1513 835 1561 cognitionis
854 1514 952 1550 circa
975 1513 1207 1550 necessaria:
1232 1513 1388 1550 scientia

319 1564 477 1612 quidem
498 1566 597 1603 circa
618 1566 894 1614 conclusiones,
920 1567 1130 1604 intellectus
1146 1573 1274 1603 autem
1290 1566 1389 1603 circa

318 1733 361 1758 vel
379 1733 551 1762 existentiae,
571 1737 597 1758 et
615 1738 656 1758 est
674 1734 695 1758 si
715 1734 767 1758 duo
786 1739 857 1759 actus
871 1735 913 1758 vel
934 1734 986 1759 duo
1004 1734 1116 1765 habitus,
1129 1742 1244 1767 quorum
1262 1742 1330 1759 unus
1350 1739 1389 1759 est

318 1768 433 1800 scientia,
448 1769 514 1793 alter
532 1769 635 1801 opinio,
654 1769 732 1794 simul
752 1774 778 1794 et
796 1774 916 1802 respectu
934 1770 1052 1794 eiusdem
1071 1770 1164 1794 obiecti
1183 1770 1235 1794 sint
1252 1770 1278 1794 in
1298 1770 1389 1794 eadem

318 1809 420 1834 mente;
444 1805 486 1829 vel
505 1804 678 1837 cognitionis,
699 1810 724 1829 et
743 1810 783 1829 est
801 1804 823 1829 si
842 1813 910 1829 unus
934 1805 1056 1837 idemque
1079 1810 1151 1830 actus
1169 1805 1212 1829 vel
1231 1805 1333 1830 habitus
1357 1805 1391 1830 sit

319 1840 397 1865 simul
416 1844 442 1864 et
460 1844 581 1872 respectu
599 1839 717 1865 eiusdem
736 1840 841 1865 scientia
860 1845 886 1865 et
903 1840 999 1872 opinio.

373 1875 421 1900 His
439 1874 610 1907 praenotatis,
636 1874 738 1900 difficile
761 1880 802 1900 est
826 1876 931 1900 credere
954 1875 1120 1908 quaestiones
1146 1875 1248 1900 aliunde
1273 1876 1390 1908 potuisse

319 1911 385 1936 circa
398 1910 464 1935 hanc
478 1918 535 1935 rem
550 1911 687 1943 provenire
699 1918 779 1943 quam
794 1918 824 1935 ex
839 1911 1058 1943 aequivocatione,
1070 1919 1137 1944 quae
1150 1911 1280 1943 irrepserit
1295 1912 1349 1936 sive
1363 1911 1389 1936 in

318 1946 489 1980 proponenda
503 1946 665 1978 quaestione,
680 1947 735 1971 sive
749 1947 775 1971 in
790 1947 845 1971 eius
855 1947 1094 1979 prosequutione.—
1103 1947 1135 1970 Et
1147 1954 1238 1971 revera
1252 1947 1322 1979 quod
1337 1955 1389 1971 non

319 1982 404 2015 possit
423 1989 483 2006 esse
501 1981 620 2006 simultas
639 1986 712 2006 actus
731 1982 860 2015 opinionis
879 1990 940 2007 cum
959 1987 1017 2006 actu
1036 1982 1164 2013 scientiae,
1179 1982 1213 2006 ita
1227 1988 1325 2007 certum
1341 1988 1388 2012 est,

318 2022 348 2042 ut
366 2017 454 2042 nescio
472 2022 560 2041 utrum
579 2018 728 2050 oppositum
744 2017 803 2050 quis
822 2017 870 2042 sibi
889 2018 1047 2050 persuadere
1065 2018 1155 2050 possit.
1175 2018 1232 2042 Non
1252 2019 1321 2042 enim
1336 2018 1390 2042 dari

318 2057 406 2086 potest
424 2052 512 2085 opinio
531 2057 561 2077 ut
579 2053 666 2085 opinio
685 2057 734 2084 est,
749 2053 798 2077 nisi
814 2054 923 2085 opinans
938 2052 1075 2077 adhaereat
1089 2061 1147 2077 cum
1166 2053 1302 2078 formidine
1317 2053 1390 2078 alteri

318 2088 385 2121 parti
398 2088 614 2118 contradictionis,
630 2089 761 2121 simulque
773 2093 860 2114 teneat
877 2088 1007 2113 obiectum
1025 2089 1175 2120 contingens
1194 2096 1260 2118 esse,
1273 2094 1299 2113 et
1317 2089 1390 2113 aliter

319 2131 350 2149 se
362 2123 458 2148 habere
471 2131 551 2156 posse
563 2131 643 2156 quam
658 2123 714 2156 ipse
726 2125 859 2156 opinatur3
872 2131 958 2156 neque
968 2124 1073 2148 scientia
1087 2124 1235 2156 intelligitur
1245 2124 1293 2148 nisi
1304 2124 1389 2149 sciens

320 2159 408 2184 credat
426 2159 557 2184 obiectum
571 2166 631 2184 esse
645 2160 834 2189 necessarium,
854 2165 880 2184 et
898 2159 970 2184 aliter
989 2167 1047 2184 esse
1066 2167 1118 2183 non
1137 2167 1216 2191 posse
1234 2167 1314 2192 quam
1333 2160 1390 2192 ipse

320 2195 376 2220 scit.
396 2194 447 2219 Sed
466 2194 627 2227 impossibile
652 2199 692 2219 est
710 2199 739 2219 ut
757 2195 850 2227 aliquis
874 2195 951 2220 simul
971 2195 1058 2219 credat
1076 2194 1206 2219 obiectum
1232 2203 1312 2227 posse
1331 2203 1390 2220 esse

320 2230 497 2255 necessarium
512 2234 538 2254 et
551 2230 702 2263 contingens
722 2230 786 2263 (sibi
806 2230 874 2255 enim
890 2231 1058 2263 persuaderet
1069 2230 1264 2255 contradictoria
1283 2238 1342 2255 esse
1355 2231 1389 2255 si-

319 2265 399 2298 mul).
418 2265 488 2298 Ergo
507 2265 670 2298 impossibile
684 2271 724 2290 est
742 2271 771 2290 ut
789 2266 815 2290 in
833 2274 885 2291 una
899 2266 1043 2298 eademque
1058 2270 1144 2290 mente
1159 2271 1229 2290 actus
1244 2266 1388 2299 opinativus

320 2302 443 2326 coexistat
465 2309 526 2326 cum
540 2306 598 2326 actu
617 2300 766 2326 scientifico.
787 2302 858 2326 Haec
872 2302 936 2326 ratio
951 2301 1056 2326 affertur
1075 2309 1089 2326 a
1108 2301 1242 2326 s.Thoma
1261 2309 1320 2326 cum
1340 2302 1388 2328 ait:

320 2336 367 2362 Sic
386 2336 471 2370 igitur
489 2344 527 2361 ex
545 2336 624 2361 dictis
643 2336 813 2370 manufestum
832 2340 872 2362 est
890 2337 961 2369 quod
976 2344 1026 2361 non
1047 2336 1180 2369 contingit
1198 2342 1246 2362 etc.

374 2372 412 2396 Ex
430 2371 471 2396 his
490 2371 597 2396 infertur
615 2372 686 2404 quod
705 2380 792 2404 neque
813 2372 866 2396 dari
885 2377 972 2404 potest
991 2373 1016 2396 in
1034 2380 1088 2396 uno
1107 2372 1254 2405 eodemque
1272 2372 1389 2397 subiecto

320 2407 438 2433 simultas
453 2407 553 2432 habitus
568 2406 699 2432 scientifici
709 2412 734 2432 et
745 2407 846 2432 habitus
861 2407 982 2440 opinativi
994 2412 1113 2439 respectu
1127 2408 1204 2432 unius
1218 2407 1390 2440 eiusdemque

319 2442 422 2468 obiecti.
447 2443 517 2467 Sicut
536 2443 605 2467 enim
624 2447 681 2467 actu
700 2443 791 2475 aliquis
817 2451 870 2467 non
895 2448 982 2475 potest
1003 2444 1113 2467 retinere
1131 2443 1261 2468 obiectum
1285 2443 1390 2476 aliquod

320 2478 370 2503 sub
390 2478 483 2503 eodem
502 2482 624 2511 respectu
644 2485 704 2502 esse
722 2478 800 2503 simul
825 2478 1002 2503 necessarium
1020 2483 1046 2503 et
1065 2478 1230 2510 contingens,
1249 2478 1285 2504 ita
1302 2486 1390 2511 neque

319 2518 407 2546 potest
425 2513 531 2542 habitus·
550 2513 600 2538 hoc
614 2518 663 2544 est,
677 2521 731 2538 non
749 2518 835 2546 potest
848 2514 941 2546 aliquis
956 2521 1015 2538 esse
1029 2514 1165 2538 inclinatus
1180 2514 1212 2538 ad
1226 2514 1390 2539 retinendum

320 2557 401 2582 posse
415 2549 555 2574 coexistere
569 2550 717 2581 pugnantia.
727 2563 745 2568 -
755 2549 981 2574 Conimbricenses
992 2549 1043 2581 Op.
1051 2549 1101 2580 cit.,
1116 2550 1125 2574 1
1139 2549 1249 2578 Foster„
1258 2557 1314 2582 cap.
1322 2557 1389 2580 xxvr,

321 2592 365 2617 qu.
378 2592 405 2615 11,
421 2584 491 2609 artic.
505 2592 515 2609 1
534 2584 592 2616 (Ed.
607 2585 657 2613 cit..
670 2592 729 2617 pag.
744 2583 795 2609 662
811 2583 888 2618 seq.),
903 2584 1053 2617 oppositum
1072 2589 1168 2616 tenent,
1182 2592 1211 2609 ac
1229 2593 1277 2617 pro
1296 2592 1325 2610 se
1343 2585 1389 2609 ad-

321 2620 419 2645 ducunt
433 2620 611 2644 auctoritatem
625 2619 772 2644 s.Thomae
786 2625 812 2645 et
826 2620 938 2644 Caietani
955 2627 986 2644 ex
999 2620 1030 2644 111
1044 2620 1072 2650 P,
1084 2628 1128 2652 qu.
1138 2627 1171 2650 nr,
1182 2620 1251 2644 artic.
1264 2628 1301 2651 ιιι,
1317 2620 1349 2645 ad
1361 2627 1389 2646 2:

320 2656 367 2680 sed
386 2660 443 2680 tum
462 2663 484 2680 S.
493 2655 611 2680 Thomas
625 2660 682 2680 tum
697 2655 833 2680 Caietanus
848 2656 897 2680 loc.
914 2656 954 2680 cit.
971 2655 1130 2680 simultatem
1144 2655 1325 2680 coexistentiae
1343 2655 1390 2680 ha-

320 2691 390 2716 bitus
409 2690 531 2716 scientiae
550 2698 610 2715 cum
624 2690 712 2715 habitu
725 2690 854 2723 opinionis
868 2695 955 2723 aperte
969 2690 1093 2715 reiiciunt.
1114 2699 1128 2714 α
1139 2690 1288 2723 Dispositio,
1304 2691 1390 2723 inquit

322 2735 336 2750 ι
351 2733 373 2751 s.
387 2725 515 2755 Thomas,
535 2734 564 2751 se
583 2725 660 2751 habet
679 2726 711 2750 ad
729 2726 913 2758 perfectionem
932 2726 1074 2758 dupliciter.
1093 2726 1152 2751 Uno
1166 2726 1254 2756 modo,
1268 2726 1335 2750 sicut
1348 2727 1389 2751 via

322 2770 336 2785 ›
352 2762 450 2786 ducens
470 2761 502 2786 ad
521 2761 720 2794 perfectionem;
740 2762 790 2786 alio
809 2762 888 2786 modo
907 2762 974 2786 sicut
992 2761 1100 2786 effectus
1119 2769 1134 2786 a
1151 2762 1309 2794 perfectione
1328 2769 1389 2794 pro-

322 2807 336 2819 »
353 2797 457 2822 cedens.
475 2797 525 2822 Per
539 2797 652 2821 calorem
667 2797 737 2821 enim
750 2797 895 2830 disponitur
908 2797 1015 2821 materia
1028 2797 1060 2821 ad
1073 2797 1264 2829 suscipiendam
1279 2797 1389 2821 formam

322 2841 336 2855 >v
352 2832 432 2865 ignis,
452 2840 505 2864 qua
527 2837 615 2857 tamen
639 2832 804 2862 adveniente,
830 2833 900 2857 calor
919 2840 972 2857 non
996 2837 1094 2863 cessat,
1114 2832 1160 2857 sed
1179 2837 1296 2857 remanet
1314 2832 1390 2865 quasi

323 2877 336 2891 >
352 2867 458 2900 quidam
471 2867 578 2892 effectus
597 2868 655 2892 talis
669 2868 776 2892 formae.
796 2868 829 2892 Et
847 2868 965 2892 similiter
983 2868 1070 2900 opinio
1089 2875 1119 2892 ex
1138 2867 1291 2900 syllogismo
1311 2868 1389 2892 diale-

323 2911 337 2926 ›
352 2903 417 2928 ctico
437 2908 540 2928 causata
559 2908 599 2927 est
616 2903 658 2927 via
677 2903 708 2927 ad
727 2903 868 2934 scientiam,
884 2911 951 2935 quae
970 2910 1016 2935 per
1035 2903 1282 2928 demonstrationem
1302 2904 1389 2936 acqui-

323 2947 337 2961 »
352 2938 432 2969 titur,
451 2946 503 2970 qua
520 2943 608 2962 tamen
628 2939 752 2970 acquisita
775 2943 862 2971 potest
885 2946 1021 2963 remanere
1046 2939 1157 2970 cognitio
1176 2939 1246 2969 (non
1271 2938 1388 2971 opinio),

323 2982 338 2997 »
353 2980 421 3006 quae
445 2978 485 2998 est
503 2981 550 3005 per
572 2973 756 3006 syllogismum
781 2974 956 3003 dialecticum,
976 2974 1051 3005 quasi
1070 2981 1233 3006 consequens
1257 2975 1390 2998 scientiam

323 3017 337 3032 >
354 3009 593 3039 demonstrativam,
608 3016 675 3041 quae
690 3013 730 3033 est
744 3016 790 3040 per
809 3016 928 3033 causam:
948 3009 1008 3040 quia
1026 3009 1110 3041 (nota
1129 3009 1210 3041 bene)
1229 3009 1272 3034 ille
1286 3009 1331 3042 qui
1346 3017 1389 3034 co-

323 3054 337 3067 »
351 3043 453 3076 gnoscit
472 3051 585 3074 causam,
604 3051 635 3068 ex
657 3043 707 3068 hoc
726 3044 803 3068 etiam
822 3044 904 3076 magis
923 3048 1010 3076 potest
1029 3051 1187 3076 cognoscere
1205 3045 1277 3076 signa
1296 3045 1390 3076 proba-

324 3089 337 3102 »
353 3079 426 3109 bilia,
447 3086 478 3103 ex
496 3079 591 3111 quibus
610 3079 726 3111 procedit
744 3079 891 3103 dialecticus
911 3079 1088 3111 syllogismus.
1103 3088 1117 3102 »
1139 3079 1212 3109 Quae
1231 3080 1341 3112 cognitio
1355 3080 1389 3104 si-

322 3122 433 3147 gnorum
452 3114 625 3146 probabilium
643 3114 669 3138 in
688 3121 764 3144 casu,
783 3122 836 3138 non
855 3119 895 3138 est
917 3114 1017 3146 opinio:
1041 3115 1107 3139 sicut
1125 3115 1151 3139 in
1168 3115 1225 3139 Deo
1244 3123 1296 3139 non
1316 3115 1390 3139 datur

322 3149 423 3182 opinio,
442 3157 495 3174 non
519 3149 625 3174 scientia
642 3149 746 3181 proprie
769 3149 835 3174 dicta
854 3148 1001 3182 (quatenus
1026 3150 1147 3182 importat
1165 3154 1267 3174 motum
1290 3155 1389 3175 menta-

322 3186 375 3210 lem
394 3193 409 3209 a
426 3184 556 3217 principiis
575 3185 607 3209 ad
626 3184 842 3218 conclusionem),
861 3192 913 3209 non
931 3185 1053 3209 iudicium
1072 3185 1157 3218 prouti
1176 3190 1216 3209 est
1235 3186 1388 3217 compositio

323 3225 348 3245 et
361 3220 466 3251 divisio;
486 3220 533 3244 sed
551 3220 688 3253 cognoscit
701 3224 789 3244 tamen
802 3220 946 3252 opinabilia,
960 3220 1150 3253 syllogismum,
1165 3220 1388 3252 compositionem,

322 3264 375 3280 non
389 3263 435 3288 per
449 3255 557 3280 modurn
571 3255 699 3287 opinionis
715 3260 771 3285 etc„
782 3255 829 3279 sed
843 3255 934 3279 intuitu
948 3255 1140 3287 simplicissimo
1157 3253 1200 3288 (cf.
1210 3255 1239 3280 P.
1250 3255 1267 3285 1,
1283 3263 1326 3287 qu.
1337 3263 1388 3286 xlv,

323 3296 370 3317 art.
384 3298 429 3321 vn,
442 3298 485 3315 x1v
503 3295 529 3315 et
545 3298 590 3321 xv;
606 3298 650 3323 qu.
664 3298 736 3320 1.v111,
750 3290 820 3315 artic.
835 3298 864 3314 ιιι
883 3295 909 3315 et
926 3289 972 3325 ιν).
982 3291 1039 3315 -In
1058 3290 1177 3315 eamdem
1191 3291 1389 3322 responsionem

323 3327 355 3352 ad
376 3334 389 3350 2
410 3330 515 3351 annotat
533 3325 684 3350 Caietanus:
704 3334 719 3349 αι
730 3325 758 3350 In
776 3326 946 3358 responsione
966 3326 998 3350 ad
1013 3326 1164 3356 secundum,
1180 3325 1297 3349 discerne
1310 3325 1389 3350 verba

325 3373 338 3385 ι
354 3362 443 3386 literae
462 3369 492 3386 ex
511 3361 635 3386 industria
653 3365 759 3391 mutata,
773 3361 835 3385 dum
853 3361 938 3393 primo
956 3361 1107 3393 proponitur
1125 3361 1244 3392 cognitio,
1261 3368 1292 3385 ex
1310 3361 1390 3385 diale-

325 3406 340 3421 ›
354 3398 418 3422 ctico
438 3397 591 3429 syllogismo
610 3397 735 3428 acquisita
748 3401 777 3420 ut
794 3396 844 3427 via,
863 3396 912 3420 sub
931 3396 1036 3420 nomine
1054 3395 1190 3428 opinionis,
1205 3400 1230 3420 et
1243 3395 1335 3420 deinde
1348 3403 1389 3420 re-

325 3442 339 3456 »
355 3433 466 3457 sumitur
490 3432 581 3457 eadem
605 3432 716 3463 cognitio
734 3436 763 3455 ut
781 3439 958 3463 consequens,
984 3439 1035 3455 non
1055 3431 1104 3455 sub
1123 3431 1227 3455 nomine
1245 3431 1388 3462 opinionis,

325 3479 338 3492 »
355 3468 402 3492 sed
421 3467 470 3492 sub
493 3468 598 3492 nomine
623 3467 783 3499 cognitionis.
808 3467 930 3498 Oportuit
953 3471 1040 3490 autem
1065 3467 1102 3490 sic
1124 3466 1222 3496 dicere,
1247 3466 1307 3498 quia
1329 3474 1389 3490 cum

325 3515 338 3527 »
355 3504 460 3528 scientia
479 3503 585 3528 alicuius
605 3502 777 3527 conclusionis
796 3509 848 3526 non
866 3506 952 3533 potest
968 3501 1045 3526 simul
1064 3506 1133 3525 stare
1151 3502 1176 3525 in
1195 3501 1288 3525 eodem
1303 3501 1389 3525 subie-

326 3550 338 3563 ›
355 3544 397 3564 cto
415 3538 501 3571 opinio
521 3538 651 3563 eiusdem:
676 3538 722 3562 sed
741 3537 808 3562 bene
831 3541 916 3569 potest
935 3536 1045 3569 cognitio
1064 3537 1180 3561 eiusdem
1204 3544 1251 3569 per
1274 3536 1389 3561 medium

326 3586 338 3598 ³
354 3574 487 3607 probabile
506 3579 574 3598 stare
593 3573 619 3598 in
638 3573 731 3598 eodem
750 3572 876 3597 subiecto.
899 3572 977 3596 Addit
995 3572 1124 3604 siquidem
1142 3571 1229 3604 opinio
1248 3579 1327 3604 super
1346 3579 1388 3596 co-

325 3620 340 3634 »
356 3610 497 3644 gnitionem
515 3617 562 3642 per
580 3609 695 3634 medium
713 3608 855 3641 probabile,
869 3607 1033 3632 formidinem
1051 3607 1077 3632 in
1091 3607 1206 3632 subiecto
1220 3612 1339 3639 respectu
1353 3607 1389 3632 al-

2430 271 2503 308 323

1441 346 1640 396 principia,
1661 347 1847 396 sapientia
1866 354 1995 384 autem
2025 347 2124 385 circa
2143 360 2275 386 causas
2294 349 2506 397 altissimas,

1441 412 1540 448 quae
1560 407 1648 437 sunt
1667 412 1804 437 causae
1825 400 1990 438 divinae.
2012 401 2097 438 Alia
2115 414 2209 438 vero
2229 403 2305 439 duo
2321 404 2351 450 *,
2368 403 2508 440 scilicet

1442 464 1501 489 ars
1532 460 1567 490 et
1585 453 1799 502 prudentia,
1829 453 2035 502 important
2055 455 2319 492 rectitudinem
2352 456 2507 493 rationis

1443 505 1541 542 circa
1570 506 1837 554 contingentia.
1858 507 2066 544 Prudentia
2088 508 2243 557 quidem
2266 507 2364 545 circa
2391 509 2506 557 agibi-

1442 558 1502 606 lia,
1523 559 1621 596 idest
1639 560 1738 596 circa
1757 568 1861 597 actus
1889 560 1956 610 qui
1980 567 2067 597 sunt
2094 561 2133 598 in
2163 569 2343 610 operante
2366 562 2396 609 *,
2417 570 2507 611 puta

1443 624 1583 659 amare,
1600 613 1706 650 odire
1716 614 1747 660 *,
1761 613 1895 661 eligere
1909 620 1944 650 et
1958 614 2191 661 huiusmodi,
2207 627 2305 663 quae
2319 615 2508 664 pertinent

1443 665 1492 702 ad
1524 673 1629 702 actus
1665 667 1850 713 morales,
1880 679 2045 716 quorum
2081 675 2136 704 est
2162 668 2183 689 '¹‘
2211 668 2392 706 directiva
2418 681 2506 717 pru-

1443 718 1570 755 dentia
1597 719 1628 755 *.
1658 721 1730 755 Ars
1758 727 1886 756 autem
1914 720 2093 768 importat
2112 721 2376 758 rectitudinem
2396 722 2506 758 ratio-

1443 771 1501 808 nis
1534 771 1632 808 circa
1659 772 1858 819 factibilia,
1897 772 1994 810 idest
2022 773 2119 810 circa
2148 787 2193 811 ea
2220 787 2319 824 quae
2348 783 2509 822 aguntur

1442 824 1482 861 in
1512 824 1736 862 exteriorem
1764 825 1964 862 materiam
1982 826 2013 872 *,
2035 826 2131 863 sicut
2150 835 2205 864 est
2224 840 2350 864 secare
2381 835 2417 864 et
2436 828 2507 865 alia
2536 839 2545 847 ·

1443 877 1662 914 huiusmodi
1683 890 1811 926 opera,
1831 878 1871 914 in
1890 878 2028 927 quibus
2049 879 2171 928 dirigit
2190 893 2260 918 ars.
2282 881 2355 917 Hic
2379 888 2507 918 autem

1443 930 1547 968 addit
1583 932 1788 977 rationem,
1823 943 1921 980 quae
1961 932 2122 980 pertinet
2156 934 2203 970 ad
2238 934 2507 971 deductionem

1441 983 1718 1032 principiorum
1747 983 1786 1020 in
1824 984 2100 1022 conclusiones.
2129 986 2390 1024 Determinare
2425 987 2508 1037 qui-

1443 1036 1532 1073 dem
1551 1037 1572 1057 *
1597 1037 1644 1074 de
1673 1036 1857 1085 sapientia
1885 1036 1977 1086 quid
2006 1037 2053 1074 sit
2085 1046 2120 1075 et
2147 1041 2345 1088 quomodo
2374 1053 2413 1077 se
2442 1042 2507 1077 ha·
2534 1054 2544 1064 ·

1443 1090 1540 1135 beat,
1568 1096 1604 1125 et
1628 1090 1674 1126 de
1703 1089 1861 1126 scientia
1890 1097 1926 1126 et
1953 1090 2144 1128 intellectu
2173 1099 2209 1128 et
2236 1100 2325 1140 arte,
2345 1093 2508 1141 pertinet

1443 1142 1653 1190 aliqualiter
1691 1142 1739 1179 ad
1775 1142 2060 1191 philosophiam
2097 1144 2280 1192 primam;
2308 1147 2508 1194 prudentIa

1442 1206 1536 1230 vero
1564 1195 1726 1243 pertinet
1763 1196 1811 1232 ad
1841 1196 2184 1234 considerationem
2221 1200 2422 1245 moralem;
2452 1201 2508 1237 in-

1442 1247 1611 1284 tellectus
1644 1248 1664 1268 *
1693 1255 1730 1284 et
1766 1247 1878 1295 ratio,
1912 1250 2123 1286 secundum
2161 1252 2266 1300 quod
2299 1252 2509 1300 significant

1442 1300 1631 1349 potentias
1659 1301 1858 1349 quasdam,
1882 1302 2071 1353 pertinent
2099 1304 2147 1340 ad
2167 1305 2508 1343 considerationem

1443 1354 1655 1390 naturalem
1676 1355 1708 1400 ’ἦ
1737 1362 1779 1391 ut
1805 1361 1910 1403 patet
1938 1355 1977 1392 in
2002 1356 2098 1392 libro
2118 1358 2178 1393 De
2196 1358 2324 1394 anima
2345 1359 2400 1395 **.

1503 1419 1559 1444 12.
1581 1407 1731 1445 Deinde
1762 1420 1850 1444 cum
1878 1408 1984 1445 dicit:
2010 1409 2168 1446 Solertia
2196 1416 2319 1447 autem
2348 1417 2402 1447 est
2426 1412 2509 1448 sub-

1443 1460 1553 1497 tilitas
1573 1467 1654 1507 etc„
1680 1461 1767 1497 facit
1795 1461 2032 1499 mentionem
2053 1463 2099 1499 de
2128 1464 2298 1512 quodam
2317 1464 2336 1484 *
2360 1464 2507 1511 habitu,

1443 1513 1508 1562 qui
1542 1514 1753 1562 specialiter
1781 1515 1932 1563 respicit
1969 1516 2153 1553 medium.
2194 1518 2242 1553 Et
2280 1516 2370 1554 dicit
2405 1518 2509 1566 quod

1442 1566 1592 1604 solertia
1622 1574 1676 1604 est
1704 1568 1895 1616 quaedam
1924 1569 2069 1606 subtilis
2104 1577 2140 1606 et
2167 1569 2284 1607 facilis
2319 1570 2510 1607 coniectu-

1446 1744 1459 1757 »
1475 1735 1555 1759 terius
1574 1735 1661 1767 partis,
1677 1742 1744 1767 quae
1757 1740 1883 1767 repugnat
1902 1736 2018 1760 subiecto
2033 1736 2174 1761 excludenti
2193 1737 2365 1768 formidinem,
2379 1738 2456 1770 quale
2470 1743 2510 1763 est

1446 1779 1460 1794 a»
1476 1770 1561 1795 sciens
1586 1770 1797 1796 demonstrative.
1821 1771 1895 1795 Unde
1915 1772 2025 1803 cognitio
2050 1772 2180 1797 dialectica
2198 1778 2256 1797 ante
2282 1774 2509 1798 demonstrativam

1445 1815 1459 1829 »
1475 1805 1574 1830 habens
1592 1806 1719 1830 rationem
1737 1806 1873 1838 opinionis,
1891 1811 1950 1838 post
1970 1807 2197 1832 demonstrativam
2216 1808 2348 1833 scientiam
2367 1817 2418 1833 non
2433 1809 2510 1833 habet

1446 1851 1459 1864 1»
1476 1842 1602 1866 rationem
1620 1842 1756 1873 opinionis,
1771 1841 1818 1866 sed
1837 1846 1953 1866 remanet
1967 1842 2053 1867 solum
2068 1843 2178 1874 cognitio
2196 1843 2357 1876 (obiective)
2372 1845 2508 1874 dialectica,

1446 1887 1459 1900 »
1475 1882 1593 1901 cessante
1612 1877 1654 1901 illa
1673 1877 1817 1901 conditione
1831 1877 2010 1909 (subiectiva)
2030 1877 2172 1902 formidinis
2192 1887 2222 1903 ex
2240 1884 2312 1911 parte
2330 1879 2446 1904 subiecti.
2458 1890 2471 1902 ›

1497 1912 1548 1936 Sed
1567 1913 1654 1944 operis
1679 1913 1790 1944 pretium
1813 1919 1873 1936 esse
1898 1913 2016 1937 existimo
2039 1914 2133 1938 addere
2152 1921 2219 1946 quae
2243 1915 2354 1947 ipsemet
2372 1915 2508 1939 Caietanus

1443 1947 1520 1972 habet
1539 1948 1563 1972 in
1583 1948 1592 1972 1
1612 1948 1765 1977 Posterior„
1786 1955 1840 1980 cap.
1854 1955 1911 1978 XXV,
1924 1948 1969 1972 fol.
1983 1955 2026 1980 74,
2041 1949 2089 1973 col.
2108 1957 2116 1973 1
2140 1954 2165 1973 et
2184 1957 2239 1982 seq.
2258 1949 2344 1974 Movet
2357 1950 2390 1974 ibi
2405 1958 2435 1974 ex
2449 1958 2509 1982 pro-

1444 1983 1514 2007 fesso
1534 1984 1727 2015 quaestionem:
1746 1984 1788 2007 An
1812 1983 1892 2008 simul
1906 1984 2041 2015 possimus
2067 1984 2163 2009 habere
2185 1985 2304 2010 habitum
2329 1985 2460 2017 opinionis
2483 1989 2510 2010 et

1443 2018 1569 2043 scientiae
1586 2018 1659 2043 circa
1678 2018 1747 2043 idem
1761 2017 1893 2043 omnino?
1912 2018 1998 2049 Quam
2013 2020 2194 2051 quaestionem
2207 2020 2241 2044 ita
2255 2020 2403 2045 doctissime
2418 2021 2508 2045 solvit:

1444 2063 1458 2078 α
1474 2054 1515 2078 Ad
1533 2053 1583 2078 hoc
1598 2053 1688 2078 dicitur
1701 2061 1761 2078 cum
1775 2054 1913 2078 Aristotele
1927 2055 1998 2086 quod
2012 2062 2072 2078 non.
2088 2055 2120 2079 Et
2133 2055 2198 2079 ratio
2213 2060 2261 2086 est,
2276 2056 2336 2088 quia
2348 2064 2407 2080 cum
2421 2056 2509 2088 opinio

1446 2100 1458 2112 i»
1475 2094 1500 2114 et
1519 2090 1623 2114 scientia
1648 2090 1715 2114 circa
1733 2089 1801 2113 idem
1824 2094 1988 2121 opponantur
2011 2091 2095 2122 primo
2118 2091 2261 2115 secundum
2287 2091 2465 2116 certitudinem
2484 2096 2510 2115 et

1445 2135 1459 2148 ›
1474 2125 1678 2149 incertitudinem
1698 2132 1728 2149 ex
1747 2129 1820 2157 parte
1839 2125 1955 2155 subiecti,
1969 2133 2021 2149 non
2034 2125 2111 2149 medii
2131 2134 2216 2158 neque
2235 2126 2335 2157 obiecti,
2348 2132 2374 2151 et
2387 2127 2509 2159 impossi-

1446 2171 1458 2183 ι
1475 2160 1527 2185 bile
1546 2161 1580 2185 sit
1597 2160 1716 2192 opposita
1736 2160 1879 2184 secundum
1898 2160 1924 2184 id
1943 2160 1968 2184 in
1983 2168 2036 2192 quo
2049 2166 2216 2193 opponuntur
2229 2162 2342 2192 adunari,
2357 2170 2408 2186 non
2423 2167 2509 2193 potest

1446 2194 1528 2220 »vfieri
1546 2201 1575 2220 ut
1593 2195 1680 2227 opinio
1704 2201 1729 2220 et
1753 2195 1859 2220 scientia
1884 2195 2000 2220 eiusdem
2027 2197 2133 2220 omnino
2158 2197 2208 2221 sint
2226 2197 2251 2221 in
2276 2197 2367 2221 eodem
2393 2197 2509 2221 subiecto

1446 2241 1459 2254 ιο
1474 2231 1552 2255 simul
1571 2236 1619 2255 etc.
1642 2231 1718 2260 Quod
1736 2231 1804 2255 enim
1823 2230 1910 2262 opinio
1929 2235 1954 2255 et
1973 2231 2078 2256 scientia
2096 2236 2260 2264 opponantur
2278 2232 2420 2257 secundum
2435 2233 2508 2256 certi-

1446 2277 1458 2289 »
1474 2267 1591 2291 tudinem
1610 2271 1636 2291 et
1654 2266 1859 2290 incertitudinem
1878 2273 1908 2290 ex
1927 2271 1995 2290 textu
2015 2271 2093 2298 patet.
2113 2267 2190 2297 Quod
2209 2272 2294 2292 autem
2308 2268 2365 2292 talis
2382 2268 2507 2292 certitudo

1446 2312 1459 2324 ›
1475 2307 1500 2326 et
1519 2302 1670 2326 incertitudo
1688 2302 1865 2326 universaliter
1884 2309 1912 2325 se
1931 2306 2034 2326 teneant
2053 2309 2083 2326 ex
2097 2307 2169 2334 parte
2181 2302 2297 2333 subiecti,
2310 2307 2335 2327 et
2347 2311 2399 2327 non
2417 2303 2508 2327 obiecti

1446 2347 1459 2360 ι
1475 2345 1522 2362 nec
1536 2338 1620 2367 medii,
1635 2337 1785 2361 declaratur.
1795 2336 1883 2360 Primo
1898 2337 1968 2368 quod
1983 2345 2034 2361 non
2049 2345 2078 2362 ex
2093 2342 2164 2370 parte
2178 2338 2280 2368 obiecti,
2295 2338 2355 2370 quia
2369 2338 2401 2362 de
2415 2338 2508 2362 eodem

1446 2383 1459 2395 ι
1475 2372 1582 2397 omnino
1601 2372 1753 2397 enunciabili
1770 2371 1893 2404 contingit
1911 2379 1970 2396 esse
1988 2372 2137 2404 opinionem
2157 2378 2182 2398 et
2200 2373 2332 2397 scientiam
2351 2373 2376 2397 in
2391 2373 2508 2404 diversis,

1446 2418 1459 2430 »
1474 2413 1504 2432 ut
1517 2408 1637 2438 diximus,
1651 2412 1677 2432 et
1690 2412 1751 2432 tunc
1764 2412 1804 2432 est
1818 2406 1983 2431 manifestum
2003 2408 2074 2440 quod
2089 2416 2171 2440 aequa
2185 2413 2225 2432 est
2238 2409 2362 2433 certitudo
2376 2408 2507 2433 obiectalis

1446 2452 1460 2467 »
1475 2443 1619 2476 utriusque.
1633 2443 1733 2467 Deinde
1743 2443 1814 2475 quod
1824 2450 1876 2466 non
1886 2450 1916 2467 ex
1926 2447 1998 2474 parte
2012 2444 2097 2468 medii.
2108 2443 2177 2468 Tum
2187 2443 2249 2476 quia
2262 2451 2313 2468 non
2327 2444 2412 2468 omnis
2422 2443 2508 2475 opinio

1447 2489 1460 2502 ›
1476 2483 1516 2503 est
1529 2486 1576 2511 per
1593 2479 1716 2509 medium,
1730 2478 1778 2502 sed
1796 2477 1919 2510 contingit
1937 2478 2085 2510 opinionem
2103 2486 2163 2503 esse
2181 2479 2362 2511 propositionis
2376 2478 2509 2503 immedia-

1447 2524 1459 2537 ›
1474 2519 1525 2544 tae,
1539 2519 1568 2538 ut
1581 2513 1607 2538 in
1622 2518 1692 2538 textu
1711 2513 1809 2543 dicitur,
1823 2518 1848 2538 et
1860 2518 2051 2546 consequenter
2065 2521 2095 2538 ex
2113 2519 2184 2546 parte
2197 2514 2274 2538 medii
2288 2522 2339 2538 non
2352 2519 2438 2546 potest
2452 2514 2509 2538 uni-

1445 2558 1460 2574 »
1474 2549 1582 2574 versalis
1597 2548 1739 2573 differentia
1753 2549 1878 2581 assignari
1892 2548 1958 2572 inter
1966 2549 2114 2580 opinionem
2125 2554 2150 2573 et
2164 2550 2305 2574 scientiam.
2318 2550 2426 2581 Propter
2438 2550 2509 2582 quod

1445 2595 1458 2608 ›
1474 2585 1598 2609 Albertus
1613 2585 1680 2614 dicit,
1694 2584 1766 2616 quod
1780 2588 1899 2608 notanter
1911 2584 2064 2609 Aristoteles
2078 2584 2138 2609 dixit
2151 2585 2300 2617 opinionem
2312 2592 2370 2609 esse
2384 2585 2509 2617 acceptio-

1446 2631 1459 2644 »
1475 2628 1536 2645 nem
1551 2620 1713 2644 immediatae
1731 2620 1928 2652 propositionis,
1948 2624 1978 2644 ut
1991 2620 2104 2644 sciamus
2119 2628 2133 2644 a
2152 2620 2248 2645 fortiori
2267 2621 2338 2652 quod
2356 2625 2382 2644 et
2399 2620 2510 2645 mediata

1445 2665 1459 2679 »
1475 2660 1501 2680 et
1519 2656 1666 2680 immediata
1685 2655 1734 2679 sub
1753 2655 1874 2687 opinione
1889 2654 1991 2679 cadunt.
2010 2654 2079 2679 Tum
2094 2656 2154 2687 quia
2168 2655 2290 2688 contingit
2307 2663 2353 2687 per
2371 2655 2439 2679 idem
2454 2663 2509 2680 me-

1446 2702 1459 2714 »
1476 2692 1547 2715 dium
1565 2691 1591 2715 in
1610 2691 1690 2715 altero
1704 2690 1834 2715 debilioris
1849 2689 1942 2722 ingenii
1959 2689 2014 2715 fieri
2028 2691 2183 2722 opinionem,
2197 2696 2222 2715 et
2235 2691 2260 2715 in
2275 2691 2354 2715 altero
2368 2690 2509 2715 scientiam.

1446 2737 1459 2749 »
1473 2727 1507 2751 Et
1524 2731 1585 2751 tunc
1605 2726 1730 2751 certitudo
1749 2726 1826 2750 medii
1845 2733 1927 2757 aequa
1947 2730 1988 2750 est
2006 2726 2031 2750 in
2050 2731 2167 2758 utroque,
2187 2726 2246 2758 quia
2263 2726 2331 2750 idem
2344 2730 2384 2750 est
2396 2730 2444 2750 etc.
2462 2726 2509 2750 Ul-

1446 2772 1459 2785 »
1475 2762 1538 2786 timo
1553 2762 1624 2794 quod
1638 2762 1671 2786 sit
1689 2769 1720 2786 ex
1738 2766 1811 2793 parte
1826 2760 1942 2786 subiecti.
1962 2761 2030 2785 Turn
2044 2766 2150 2793 propter
2164 2760 2332 2786 sufficientem
2348 2761 2508 2786 divisionem.

1446 2807 1460 2821 »
1475 2797 1545 2822 Tum
1557 2805 1588 2822 ex
1603 2797 1665 2829 quid
1684 2797 1796 2821 nominis
1815 2797 1896 2829 ipsius
1915 2796 2051 2827 opinionis.
2071 2796 2171 2821 Omnes
2191 2797 2259 2820 enim
2275 2802 2336 2820 tunc
2349 2804 2397 2821 nos
2410 2796 2508 2828 opinari

1445 2843 1459 2857 »
1476 2833 1629 2857 arbitramur
1643 2837 1668 2856 et
1682 2832 1799 2862 dicimus,
1813 2832 1916 2864 quando
1935 2832 1960 2855 in
1979 2832 2109 2856 intellectu
2128 2836 2217 2856 nostro
2236 2831 2346 2856 formido
2364 2832 2449 2863 aliqua
2467 2839 2507 2855 re-

1446 2879 1459 2892 »
1474 2873 1561 2893 manet
1575 2868 1679 2892 alterius
1693 2868 1778 2899 partis,
1789 2867 1961 2899 undecunque
1975 2867 2061 2891 veniat
2073 2867 2182 2891 formido
2193 2867 2243 2897 illa,
2257 2874 2323 2899 quae
2337 2867 2371 2891 nil
2385 2866 2452 2890 aliud
2467 2870 2507 2890 est

1446 2914 1459 2927 »
1476 2911 1555 2936 quam
1569 2911 1621 2928 non
1635 2903 1710 2935 plena
1725 2902 1904 2927 determinatio
1919 2902 2063 2927 intellectus
2078 2902 2109 2926 ad
2124 2901 2189 2926 hanc
2203 2907 2314 2933 partem:
2329 2906 2354 2926 et
2368 2906 2427 2926 tunc
2442 2901 2508 2925 scire

1446 2950 1459 2962 ι
1476 2939 1630 2964 arbitramur
1649 2943 1674 2962 et
1693 2938 1811 2967 dicimus,
1831 2946 1891 2962 cum
1910 2937 2009 2969 absque
2028 2937 2163 2961 formidine
2182 2937 2285 2962 alterius
2304 2937 2382 2969 partis
2401 2937 2506 2961 alteram

1446 2985 1459 2997 ›
1476 2979 1572 2999 certam
1591 2974 1735 2998 intellectus
1756 2972 1819 3004 (non
1832 2971 1963 3006 voluntas)
1979 2972 2056 2998 habet
2070 2977 2140 2997 etc.»
2157 2970 2200 3005 (cf.
2215 2972 2288 3002 11-11‚
2304 2980 2347 3004 qu.
2358 2980 2375 3002 1,
2390 2972 2459 2996 artic.
2468 2970 2506 3004 v).

1497 3009 1579 3034 Aliter
1598 3014 1638 3033 est
1656 3009 1793 3033 dicendum
1812 3008 1844 3032 de
1863 3009 1992 3032 simultate
2011 3013 2082 3032 actus
2101 3008 2221 3039 opinativi
2240 3015 2300 3031 cum
2318 3007 2405 3031 habitu
2424 3007 2506 3030 scien-

1444 3044 1520 3074 tifico,
1541 3049 1566 3069 et
1584 3045 1724 3068 viceversa.
1744 3044 1814 3068 Sicut
1833 3043 1901 3067 enim
1920 3044 1945 3068 in
1965 3043 2106 3067 moralibus
2126 3042 2186 3067 nihil
2206 3042 2324 3074 prohibet
2342 3042 2412 3074 quod
2426 3041 2506 3066 homo

1444 3081 1526 3104 iustus
1545 3080 1586 3104 vel
1612 3079 1725 3111 prudens
1749 3079 1926 3111 imprudenter
1949 3084 1975 3103 et
1997 3078 2089 3103 iniuste
2112 3078 2267 3110 quandoque
2286 3082 2356 3110 agat,
2375 3078 2415 3101 vel
2435 3076 2507 3109 quod

1444 3115 1524 3139 homo
1543 3114 1652 3139 iniustus
1672 3118 1698 3138 et
1716 3114 1866 3146 imprudens
1885 3115 2043 3146 quandoque
2062 3118 2176 3138 exerceat
2191 3118 2262 3137 actus
2281 3113 2389 3137 iustitiae
2408 3117 2433 3136 et
2445 3119 2507 3144 pru-

1444 3151 1556 3181 dentiae;
1577 3150 1611 3174 ita
1625 3154 1650 3174 et
1665 3150 1690 3173 in
1704 3149 1798 3173 mentis
1818 3149 2039 3182 persuasionibus.
2060 3148 2232 3173 Proculdubio
2247 3156 2306 3172 cum
2321 3148 2403 3179 agitur
2415 3154 2506 3172 secun-

1444 3185 1507 3210 dum
1526 3185 1653 3213 habitum,
1668 3189 1741 3208 actus
1760 3192 1812 3208 non
1831 3189 1917 3216 potest
1931 3192 1989 3209 esse
2002 3184 2034 3209 ab
2051 3183 2139 3208 habitu
2153 3184 2210 3215 ipso
2225 3183 2381 3213 discordans,
2395 3187 2424 3206 ut
2437 3186 2507 3214 patet

1444 3228 1474 3244 ex
1492 3219 1608 3244 terminis
1624 3217 1760 3253 (repugnat
1775 3219 1844 3243 enim
1864 3220 1934 3251 quod
1953 3227 2032 3252 agens
2052 3219 2194 3244 secundum
2207 3218 2323 3243 habitum
2336 3218 2445 3242 iustitiae
2468 3218 2506 3242 ln-

1444 3255 1511 3279 iuste
1530 3254 1611 3286 agat):
1631 3259 1743 3279 attamen
1762 3254 1876 3278 accidere
1895 3259 1988 3286 potest,
2009 3256 2061 3279 imo
2080 3256 2112 3279 de
2131 3254 2197 3278 facto
2211 3253 2299 3278 accidit
2317 3258 2345 3277 ut
2363 3258 2434 3277 actus
2453 3260 2507 3277 non

1444 3298 1474 3314 ex
1492 3290 1588 3319 habitu,
1607 3290 1654 3314 sed
1673 3290 1728 3313 sola
1747 3289 1860 3321 potentia
1874 3289 2028 3315 intellectiva
2048 3291 2176 3318 educatur,
2190 3296 2258 3321 quae
2276 3296 2307 3313 ex
2324 3288 2388 3312 falsa
2406 3288 2506 3312 ratioci-

1443 3325 1546 3349 natione
1564 3325 1691 3349 inducitur
1709 3329 1737 3348 ut
1760 3324 1896 3356 opinabilia
1912 3330 2036 3357 tanquam
2056 3330 2124 3349 certa
2143 3325 2278 3354 concedat,
2297 3324 2338 3347 vel
2357 3322 2507 3348 subdubitet

1444 3360 1520 3385 etiarn
1536 3360 1567 3384 de
1582 3360 1625 3390 iis,
1640 3367 1707 3392 quae
1726 3367 1756 3383 ex
1774 3359 1863 3383 habitu
1881 3359 2020 3385 scientifico
2038 3361 2128 3385 retinet
2147 3367 2206 3384 esse
2225 3364 2301 3384 certa.
2316 3359 2343 3382 Id
2357 3358 2507 3391 probatione

1443 3403 1496 3420 non
1514 3395 1618 3427 indiget,
1638 3394 1699 3427 quia
1717 3394 1899 3426 unusquisque
1917 3395 1942 3419 in
1962 3400 2045 3419 semet
2063 3396 2212 3427 frequenter
2228 3394 2363 3426 experitur.

1496 3430 1555 3455 Non
1570 3435 1610 3454 est
1624 3435 1709 3454 autem
1725 3429 1789 3454 ratio
1803 3437 1848 3454 cur
1867 3430 2037 3454 immoremur
2050 3431 2075 3455 in
2090 3430 2232 3454 dirimenda
2251 3429 2402 3462 quaestione
2421 3429 2453 3453 de
2471 3428 2507 3453 si-

1444 3466 1550 3490 multate
1560 3465 1663 3489 actuum
1672 3465 1714 3489 vel
1728 3465 1862 3489 habituum
1876 3465 2003 3497 opinionis
2018 3470 2043 3490 et
2057 3465 2186 3495 scientiae,
2200 3466 2226 3489 in
2241 3472 2320 3489 sensu
2335 3463 2418 3496 quarti
2432 3471 2507 3496 prae-

1444 3500 1590 3525 notaminis.
1610 3500 1687 3524 Facta
1701 3500 1770 3524 enim
1785 3500 1944 3524 distinctione
1957 3508 1973 3525 a
1991 3508 2012 3525 s.
2022 3500 2125 3525 Thoma
2137 3505 2162 3524 et
2175 3501 2296 3525 Caietano
2309 3507 2387 3531 supra
2399 3498 2508 3524 indicata

1444 3536 1510 3560 inter
1529 3541 1600 3560 actus
1614 3535 1758 3567 opinativos
1773 3540 1799 3559 et
1811 3534 1964 3560 scientificos
1978 3541 2006 3560 ut
2018 3541 2078 3560 sunt
2092 3535 2211 3568 cognitio,
2226 3540 2252 3560 et
2265 3539 2293 3559 ut
2307 3539 2368 3559 sunt
2380 3534 2468 3567 opinio
2482 3539 2508 3558 et

1445 3571 1557 3601 scientia,
1572 3571 1708 3595 dicendum
1722 3571 1793 3603 quod
1811 3575 1839 3595 ut
1857 3570 1944 3602 opinio
1963 3571 2073 3603 cognitio
2087 3578 2138 3595 non
2153 3575 2238 3603 potest
2252 3578 2310 3595 esse
2325 3568 2469 3599 scientifica,
2478 3574 2508 3594 ut

1445 3607 1557 3639 cognitio
1572 3611 1658 3639 potest
1672 3606 1796 3638 consequi
1810 3606 1842 3630 ad
1856 3611 1941 3630 actum
1955 3605 2131 3638 scientificum,
2142 3606 2209 3631 iuxta
2223 3606 2331 3630 modum
2346 3604 2506 3638 explicatum.

2534 415 2544 426 ‘
2554 415 2607 436 Duo
2622 422 2650 437 ex
2665 416 2734 438 codd.

2535 575 2544 583 ·
2554 580 2612 596 noo:
2627 576 2748 603 operatio-

2533 607 2570 623 ne.

2535 629 2544 637 '¹
2558 634 2572 649 Α
2582 634 2690 650 erronee:
2702 635 2748 651 au-

2535 653 2594 675 dire.
2609 665 2619 670 -
2633 661 2648 676 ιι
2657 661 2746 678 erron.:

2535 680 2645 708 diligere.

2535 709 2543 716 ·
2553 707 2636 731 Codd..
2646 714 2696 729 exc.
2706 715 2749 730 ιι.-

2535 739 2561 754 Ρι
2577 734 2647 754 etiam
2661 737 2704 756 est.

2534 760 2574 780 *uz
2583 766 2667 782 errem:
2674 761 2751 783 scien-

2537 786 2578 807 tia.

2567 844 2581 858 ο
2591 846 2595 859 :
2621 839 2738 861 exteriori

2535 865 2658 912 galeria.-
2665 873 2679 888 Α
2687 872 2735 887 οιιι.

2560 1060 2574 1074 ι..
2591 1057 2613 1075 et
2630 1060 2690 1076 s.m.
2705 1060 2748 1076 cn:

2536 1082 2613 1101 autem
2621 1088 2631 1106 ‚·
2645 1084 2689 1102 cet.
2699 1087 2748 1103 om.

2535 1261 2547 1272 ⁸
2560 1267 2574 1282 Α
2595 1264 2617 1282 et
2639 1268 2657 1283 s.
2669 1267 2700 1283 m.
2718 1268 2748 1284 n:

2536 1287 2609 1309 intell.
2620 1289 2697 1309 autem
2703 1295 2713 1314 ;
2723 1295 2748 1314 Q:

2536 1319 2601 1335 vero.

2537 1369 2640 1417 biuda:
2653 1372 2750 1392 natura·

2535 1422 2558 1433 ⁴⁸*
2567 1423 2584 1448 Ι,
2591 1428 2642 1450 cap.
2652 1429 2667 1447 ι,
2676 1429 2714 1444 nn.
2723 1429 2748 1451 n,

2537 1450 2748 1497 :?Si·‘i,·.1;01‘?1':.¹¹¹¹¹·

2538 1503 2545 1510 ¹
2583 1502 2669 1523 uodam
2684 1509 2712 1524 ex

2537 1533 2565 1549 co
2583 1528 2605 1550 d.
