2788 4204
71 1386 80 1394 ·
89 1385 152 1406 Lect.
167 1390 215 1412 seq.

69 1442 81 1454 ³
89 1442 175 1464 Codd.-
182 1449 202 1463 r:
211 1447 284 1469 quae-

71 1469 125 1490 dam
145 1468 284 1489 anteceden-

71 1496 114 1522 tia,
129 1501 198 1523 quae.

71 1602 81 1613 ’
90 1601 160 1623 Num.
176 1592 212 1622 6.‘

71 1708 82 1719 ⁹
90 1714 110 1729 1:
126 1707 257 1729 observari.

72 1813 161 1834 'Num.
175 1819 196 1840 3.

70 1874 81 1886 ⁶
95 1880 146 1895 tto:
161 1874 242 1902 facit,·
262 1874 285 1895 in

70 1901 158 1929 Lsacit
168 1901 250 1927 corrig.
263 1901 285 1921 in

71 1928 286 1975 assarna*

73 1980 150 2006 codd,
163 1987 211 2001 exc.
221 1987 250 2001 nn
265 1969 287 2001 et

72 2013 95 2033 p.
105 2013 136 2028 m.
146 2014 168 2029 s:
178 2013 203 2027 c:
217 2007 286 2028 idest.

71 2034 82 2044 ⁸
90 2040 111 2064 cg
119 2034 184 2054 mani
195 2035 288 2064 eslatur

67 2066 156 2108 esltlss.
168 2066 246 2113 1223.

70 2119 102 2161 {Li
111 2119 169 2161 ξἐςι
178 2145 224 2167 per
238 2139 287 2167 syl-

71 2167 120 2194 Iog.

74 2511 85 2522 '
95 2516 142 2532 cun
149 2518 154 2531 :
169 2510 288 2538 differunt.

75 2569 86 2579 ⁸
93 2568 119 2590 In
135 2574 182 2589 om.
198 2567 267 2588 codd.

58 2626 60 2628 ·
75 2622 86 2632 ⁸
102 2621 152 2642 Lib.
163 2621 181 2646 1,
192 2626 290 2647 capp.1v

79 2651 99 2668 et
106 2654 138 2668 v.-
147 2647 182 2669 Ct'.
191 2648 289 2673 lect-vui,

74 2683 125 2701 not.
144 2684 166 2710 ρ.

310 238 386 275 262

371 317 521 343 SYNopsts.
538 330 572 335 -—
600 323 623 341 1.
644 313 856 349 Argumentum
878 316 906 338 et
931 308 1033 337 divisio
1054 314 1156 335 textus.
1171 323 1190 328 -
1209 314 1236 334 2.
1253 307 1380 333 Praeno-

310 355 420 384 tamina
441 355 599 391 quaedam:
629 354 664 380 de
686 350 890 380 communibus
912 348 997 377 omni
1022 346 1270 390 syllogismopde
1292 345 1380 381 syllo-

310 395 404 432 gismo
426 393 613 427 affirmativ03
633 393 669 420 de
691 390 857 427 syllogismo
879 388 1048 425 negativa·
1061 387 1086 414 3.
1102 388 1331 430 Proposmones,
1347 394 1380 412 ex

312 435 416 472 quibus
437 433 602 471 proceditur
615 432 645 459 in
659 430 827 467 syllogismo
849 426 1085 461 demonstrativo,
1103 432 1171 470 sunt
1191 433 1332 469 principia
1353 431 1381 452 et

312 474 541 511 suppositiones:
557 482 591 500 ex
606 471 649 499 his
664 470 741 498 enim
756 468 907 497 conficitur
922 468 1131 494 demonstratio
1153 465 1380 493 conclusionis.-

311 524 339 549 4.
356 514 544 550 Syllogismus
566 510 740 544 dialectIcus,
762 508 830 544 quia
850 508 887 535 ad
909 507 965 534 hoe
986 505 1077 533 tendit
1098 511 1129 532 ut
1151 504 1321 541 opinionem
1339 504 1380 532 fa-

313 554 383 588 ciat,
412 563 446 581 ex
474 552 597 580 maxime
626 548 818 586 opinabilibus
840 545 985 583 procedit,
1014 551 1042 572 et
1063 544 1129 572 ideo
1152 553 1186 572 ex
1207 543 1251 572 his
1273 543 1378 579 etiam,

313 602 388 630 quae
418 592 577 620 secundum
605 589 645 617 rei
673 588 820 616 veritatem
849 585 977 614 medium
1006 585 1129 619 habent,
1158 583 1224 612 licet
1252 592 1317 611 non
1338 583 1380 611 vi—

313 634 435 661 deantur
449 632 570 664 habere;
585 636 614 657 at
628 627 811 664 syllogismus
825 624 1079 658 demonstrativus,
1095 623 1164 660 quia
1177 624 1215 652 ad
1230 623 1379 651 selemiam

312 671 437 700 veritatis
458 670 616 703 ordinatur,
639 666 769 703 procedit
783 675 816 693 ex
832 665 885 700 his,
901 673 975 701 quae
991 664 1152 692 secundum
1174 663 1214 691 rei
1230 663 1380 691 veritatem

312 718 379 740 sunt
399 709 573 738 immediata.
589 724 608 728 —
631 708 656 734 5.
679 707 798 742 Insuper
819 706 1035 732 demonstrator
1056 703 1187 740 procedit
1208 712 1242 731 ex
1257 702 1290 731 iis
1305 712 1380 739 quae

312 757 378 779 sunt
395 759 453 788 per
466 758 496 776 se
512 755 539 776 et
556 756 616 775 non
633 756 692 784 per
713 745 863 773 accidens:
881 745 961 781 quod
977 743 1140 772 dialecticus
1155 752 1216 771 non
1230 742 1381 779 requirit.—

313 792 339 819 6.
356 788 518 817 Subdivisio
539 794 640 815 textus.
656 802 676 807 -
690 795 717 821 7.
732 786 865 813 Movetur
886 784 980 820 prima
1001 783 1148 820 quaestio,
1164 783 1200 810 de
1215 792 1336 811 ascensu
1351 782 1380 810 in

311 829 454 858 infinitum
477 837 509 855 ex
531 832 611 863 parte
642 825 763 853 maioris
788 824 903 852 termini
931 823 1089 861 syllogismi
1117 822 1345 850 demonstrativi.
1362 838 1381 843 -

312 870 339 897 8.
362 869 459 896 Altera
480 866 611 903 quaestio
640 871 782 900 movetur,
804 865 841 892 de
861 865 1002 892 descensu
1024 863 1054 891 in
1076 863 1221 891 infinitum
1243 871 1277 890 ex
1299 868 1379 898 parte

312 908 434 936 minoris
454 906 578 934 termini.
597 922 616 927 -
637 915 664 942 9.
687 906 750 933 Hae
771 905 845 932 duae
867 903 1052 941 quaestiones
1080 903 1216 931 differunt
1237 902 1311 930 inter
1332 911 1379 930 se:

569 1060 789 1108 syllogismo
825 1055 1143 1105 demonstrativo,
1171 1058 1377 1095 ostendens

516 1153 645 1216 3¹15qua
665 1167 787 1215 figura
812 1165 1156 1203 demonstrationes
1176 1165 1259 1202 fieri
1286 1177 1375 1214 pos-

311 1225 443 1264 sunt“;
464 1219 526 1255 hic
545 1219 697 1270 inquirit
715 1227 844 1256 utrum
870 1219 1214 1256 demonstrationes
1233 1218 1380 1267 possint

309 1273 348 1309 in
376 1271 566 1310 infinitum
603 1273 824 1322 procedere.
855 1273 904 1309 Et
930 1272 1073 1321 primo,
1104 1279 1236 1309 movet
1265 1284 1380 1320 quae-

311 1326 491 1371 stionem3
512 1327 695 1373 secundo,
718 1326 944 1364 determinat
959 1338 1061 1371 eam;
1083 1324 1152 1362 ibi:
1179 1325 1289 1366 Quod
1301 1325 1380 1373 qui-

311 1380 395 1416 dem
425 1380 542 1429 igitur
569 1392 643 1417 non
673 1380 857 1429 contingit
883 1379 1006 1416 media
1025 1379 1045 1400 '¹‘
1065 1386 1134 1415 etc.
1166 1378 1277 1414 Circa
1304 1378 1380 1426 pri-

313 1445 422 1469 mum
452 1432 529 1469 duo
559 1433 665 1470 facit:
694 1433 842 1482 primo,
880 1431 1086 1480 praemittit
1118 1431 1310 1480 quaedam
1337 1432 1378 1478 ⁴⁶,

314 1498 412 1535 quae
442 1493 529 1523 sunt
556 1486 768 1523 necessaria
797 1485 846 1522 ad
874 1485 1106 1522 intellectum
1126 1484 1379 1533 quaestionis3

314 1539 496 1585 secundo,
513 1547 646 1576 movet
665 1538 949 1588 quaestionem3
966 1538 1033 1575 ibi:
1051 1538 1107 1574 Sit
1124 1538 1242 1587 igitur
1265 1538 1299 1574 C
1314 1539 1381 1574 hu-

314 1593 512 1629 iusmodi‘*
540 1600 608 1629 etc.
640 1593 750 1629 Circa
782 1591 952 1640 primum
982 1591 1059 1628 duo
1090 1590 1195 1628 facit:
1231 1591 1379 1639 primo,

312 1645 517 1694 praemittit
537 1646 584 1682 de
604 1646 728 1682 forma
748 1645 992 1694 syllogistica,
1020 1656 1138 1694 quam
1164 1652 1315 1693 oportet
1343 1644 1381 1681 in

314 1699 702 1736 demonstrationibus
730 1698 990 1744 observare*;
1011 1697 1181 1735 secundo
1194 1727 1203 1744 ,
1225 1697 1383 1734 resumit

314 1752 601 1801 qualisdebeat
630 1764 712 1789 esse
742 1751 1076 1789 demonstrationis
1105 1751 1281 1798 materia;
1307 1751 1380 1788 ibi:

313 1806 562 1854 Manifestum
583 1806 700 1855 igitur
727 1811 782 1843 est
807 1806 909 1854 quod
919 1805 1110 1853 principia
1130 1805 1150 1824 ⁴
1172 1811 1240 1841 etc.

369 1871 403 1895 2.
427 1859 537 1895 Circa
555 1859 724 1907 primum
745 1859 814 1896 tria
833 1858 949 1906 tangit
961 1858 993 1895 *.
1016 1859 1195 1905 Quorum
1209 1858 1380 1905 primum

315 1919 371 1948 est
409 1924 616 1948 commune
655 1912 761 1949 omni
799 1911 1038 1960 syllogismo,
1069 1911 1209 1948 scilicet
1230 1911 1249 1932 *
1277 1911 1383 1960 quod

315 1965 441 2001 omnis
469 1965 711 2013 syllogismus
740 1973 796 2002 est
823 1978 892 2014 per
910 1972 985 2002 tres
1013 1964 1215 2010 terminos;
1236 1972 1278 2001 ut
1302 1977 1382 2001 ma—

315 2019 493 2056 nifestum
509 2019 529 2040 *
546 2026 601 2055 est
620 2019 658 2055 in
678 2019 773 2056 libro
789 2019 967 2056 Priorum
982 2018 1036 2054 **.
1050 2039 1074 2046 -
1089 2018 1302 2055 Secundum
1318 2030 1383 2054 au-

315 2080 393 2109 tem
407 2071 570 2120 pertinet
584 2072 604 2093 *
621 2072 669 2109 ad
684 2072 948 2120 syllogismum
964 2071 1254 2115 affirmativum;
1277 2071 1384 2108 cuius

316 2126 439 2162 forma
469 2133 524 2162 est
543 2125 624 2162 talis
654 2125 759 2174 quod
788 2125 979 2162 concludit
998 2127 1032 2161 A
1063 2137 1145 2161 esse
1172 2124 1209 2161 in
1235 2125 1265 2161 C
1295 2137 1382 2173 pro-

315 2187 399 2228 pter
427 2179 477 2224 id,
499 2178 604 2227 quod
633 2181 667 2215 A
697 2186 752 2215 est
780 2178 818 2215 in
846 2180 890 2224 B,
911 2186 948 2215 et
967 2179 998 2214 B
1020 2185 1075 2214 est
1094 2178 1133 2214 in
1162 2178 1210 2223 C;
1233 2185 1269 2214 et
1288 2179 1385 2215 haec

315 2240 371 2269 est
390 2232 515 2269 forma
534 2232 761 2280 syllogistica
781 2231 818 2269 in
846 2231 970 2280 prima
991 2232 1124 2279 figura,
1146 2231 1184 2268 in
1208 2243 1284 2280 qua
1305 2232 1386 2268 sola

314 2294 440 2334 potest
468 2285 643 2322 concludi
664 2285 892 2322 affirmativa
918 2284 1164 2331 universalis,
1186 2297 1285 2333 quae
1305 2297 1385 2321 ma-

314 2338 415 2375 xime
455 2339 647 2388 quaeritur
683 2338 721 2376 in
760 2338 1158 2375 demonstrationibus.
1176 2359 1200 2366 -
1219 2338 1386 2375 Tertium

317 2399 373 2428 est
410 2392 515 2440 quod
551 2392 713 2441 pertinet
750 2392 799 2429 ad
841 2391 1105 2440 syllogismum
1144 2391 1386 2439 negativum,

318 2444 382 2493 qui
412 2445 459 2482 de
479 2445 701 2482 necessitate
728 2458 847 2482 unam
868 2445 1172 2494 propositionem
1201 2445 1316 2482 habet
1336 2445 1387 2481 af-

317 2498 568 2543 firmativam,
590 2498 703 2535 aliam
723 2506 852 2535 autem
872 2498 1106 2546 negativam
1137 2497 1355 2535 differenter
1369 2499 1389 2520 ’¹‘

318 2559 447 2588 tamen
475 2551 513 2588 in
532 2551 656 2599 prima
684 2552 805 2599 figura
831 2558 868 2587 et
896 2551 933 2587 in
953 2551 973 2572 *⁸
1000 2551 1189 2598 secunda,
1218 2558 1260 2588 ut
1286 2559 1390 2600 patet

317 2617 387 2654 per
415 2617 471 2651 ea,
493 2617 590 2654 quae
620 2605 658 2641 in
687 2604 782 2641 libro
802 2605 980 2641 Priorum
1001 2604 1022 2625 *
1043 2612 1195 2641 ostensa
1223 2612 1320 2641 sunt.

375 2658 408 2695 3.
426 2657 574 2695 Deinde
596 2670 685 2695 cum
702 2657 809 2695 dicit:
824 2657 1075 2706 Manifestum
1097 2658 1214 2707 igitur
1232 2662 1287 2694 est
1304 2665 1388 2704 etc.,

373 2801 399 2834 α)
421 2800 669 2826 Demonstrationes
688 2801 754 2834 fieri
767 2804 882 2832 possunt
901 2806 948 2826 etc.
964 2813 983 2820 —-
1002 2801 1067 2826 Cod.
1088 2802 1128 2825 A:
1148 2801 1389 2826 demonstrationes

314 2840 430 2870 possunt
442 2837 518 2870 fieri3
544 2836 586 2860 hic
605 2839 691 2860 movet
710 2837 888 2868 quaestionem
908 2844 942 2861 an
964 2837 990 2861 in
1011 2836 1282 2861 demonstrationibus
1301 2837 1327 2861 in
1349 2837 1388 2861 in-

312 2873 421 2906 finitum
438 2878 580 2904 possumus
595 2871 750 2903 procedere.
765 2872 801 2896 Et
813 2872 886 2897 circa
899 2872 948 2897 hoc
961 2871 1014 2896 duo
1026 2872 1112 2905 facit:
1126 2872 1225 2903 primo,
1241 2875 1328 2897 movet
1340 2877 1389 2897 etc.

373 2906 398 2940 β)
421 2907 544 2932 Ostendit
562 2910 689 2939 quantum
710 2912 757 2932 etc.
771 2921 790 2926 ·-
803 2908 840 2931 A:
860 2907 977 2932 ostendit
1001 2907 1180 2941 differentiam
1204 2911 1333 2940 quantum
1352 2908 1390 2933 ad

315 2943 499 2975 praeda-tam,-
519 2947 543 2967 et
558 2942 728 2974 praedictam
748 2942 824 2967 etiam
844 2943 918 2967 codd.
934 2943 1054 2968 CEORS.

371 2980 398 3012 γ)
419 2978 474 3003 Sed
493 2982 580 3003 tamen
601 2985 652 3003 non
673 2978 797 3003 videatur
815 2978 912 3003 habere
926 2978 1078 3003 medium.-
1092 2978 1162 3003 Haec
1181 2986 1202 3003 s.
1213 2977 1332 3004 ”rhomae
1347 2986 1388 3004 ex-

320 3013 413 3047 positio
433 3019 473 3038 est
492 3014 559 3037 iuxta
579 3013 682 3037 latinam
698 3013 845 3038 versionem
866 3013 967 3039 lectioni
984 3012 1136 3046 praefixam:
1152 3017 1178 3038 et
1191 3014 1215 3039 si
1228 3017 1267 3039 est
1281 3014 1390 3047 aliquod

321 3050 346 3074 in
367 3049 479 3074 veritate
497 3056 597 3078 eorum,
617 3055 685 3081 quae
702 3052 765 3073 sunt
782 3050 805 3073 A
821 3049 858 3079 Β,
878 3049 1002 3079 mediam,
1026 3049 1131 3074 videtur
1148 3052 1237 3074 autem
1257 3057 1323 3080 non,·
1338 3057 1390 3082 per

320 3085 369 3110 hoc
387 3084 566 3118 syllogizans,
590 3084 767 3118 syllogizatus
786 3088 825 3109 est
844 3085 988 3110 dialectice.
1017 3085 1067 3109 Sed
1091 3084 1154 3109 haec
1179 3085 1254 3110 lectio
1279 3093 1331 3110 non
1350 3091 1390 3110 est

321 3120 461 3145 conformis
480 3119 557 3144 textui
577 3127 683 3151 graeco:
704 3120 747 3152 qui
767 3127 818 3144 non
838 3119 927 3145 habet:
946 3119 1018 3145 δοκεῖ·
1034 3118 1060 3144 δὲ
1081 3113 1204 3164 μὴγεῖναι,
1222 3120 1328 3146 videtur
1341 3128 1389 3146 au-

321 3159 373 3181 tem
393 3163 444 3180 non
464 3162 532 3184 esse,
553 3155 613 3185 sed,
633 3155 740 3180 videtur
764 3159 853 3180 autem
879 3163 945 3185 esse,
966 3154 1037 3180 δοκεῖ
1054 3153 1080 3180 δὲ
1100 3164 1174 3181 ειναι.
1199 3156 1307 3188 Negatio
1326 3164 1389 3181 vero

322 3199 388 3223 quae
407 3190 545 3223 apponitur
566 3190 591 3214 in
611 3191 725 3215 secunda
744 3196 815 3223 parte
838 3191 981 3221 versionis,
1007 3192 1133 3218 omittitur
1155 3191 1179 3216 in
1204 3191 1281 3224 priori
1302 3197 1388 3225 parte:

322 3235 381 3251 narn
401 3226 443 3250 ubi
463 3225 615 3250 Aristoteles
635 3225 708 3250 dicit:
727 3224 790 3251 ὥστ’
811 3221 832 3250 εἷ
851 3224 893 3251 καὶ
914 3223 948 3260 μὴ
967 3224 1021 3252 ἔστι
1041 3235 1064 3252 τι
1084 3230 1116 3260 τῆ
1135 3221 1242 3259 ἀληθεία
1259 3228 1309 3252 τῶν
1328 3226 1355 3253 Α
1367 3226 1390 3252 Β

323 3261 411 3296 μέσον,
427 3269 510 3294 quare
523 3264 550 3286 et
562 3261 586 3286 si
600 3269 651 3286 non
667 3265 706 3286 est
721 3267 777 3292 etc„
792 3262 878 3286 versio
894 3268 981 3287 nostra
997 3262 1086 3287 habet:
1102 3256 1186 3296 ¹quare
1204 3253 1266 3288 et'si
1279 3266 1319 3288 est
1332 3268 1389 3293 etc„

322 3295 384 3321 ὥστ’
399 3292 420 3321 εἱ
436 3294 477 3320 καὶ
493 3293 554 3321 ’ἐστ-ι.
572 3297 680 3321 Codices
700 3302 786 3322 autem
806 3303 832 3322 et
850 3295 892 3322 καὶ
913 3295 947 3332 μὴ
966 3295 1052 3323 ἔστι...
1071 3297 1142 3324 δοκεῖ
1159 3295 1186 3322 δὲ
1205 3291 1283 3330 εἶναι,
1303 3303 1328 3323 et
1346 3295 1388 3323 καὶ

322 3329 389 3357 ἔστι.
401 3350 424 3356 ..
442 3330 512 3356 δοκεῖ
529 3329 556 3355 δὲ
576 3329 609 3366 μὴ
629 3324 693 3356 εἶναι
714 3333 816 3365 legunt,
837 3333 874 3357 uti
893 3333 1007 3358 referunt
1026 3333 1158 3359 Bekkerus
1183 3333 1302 3366 (Foster.
1316 3335 1389 3359 Ana-

323 3367 410 3400 Iytr'c„
436 3375 492 3399 cap.
505 3375 554 3392 xix.
578 3367 624 3392 Ed.
642 3368 723 3393 Acad.
744 3376 798 3400 reg.
817 3369 925 3393 Bor-uss.
946 3369 1015 3402 Opp.
1031 3369 1136 3395 Aristot.
1151 3369 1210 3395 Vol.
1224 3369 1247 3400 l,
1268 3377 1326 3402 pag.
1341 3369 1389 3401 81,

324 3403 373 3427 col.
390 3403 415 3434 2)
430 3407 454 3427 et
468 3402 550 3427 Waitz
566 3402 707 3436 (Organon
724 3408 780 3433 etc.,
795 3404 823 3428 P.
834 3411 865 3434 11,
880 3411 938 3436 pag.
954 3403 1032 3437 28).-
1043 3404 1128 3430 Editio
1143 3405 1214 3437 Opp.
1224 3405 1303 3430 Arist.
1317 3405 1389 3430 Basi-

325 3438 379 3462 leae
398 3437 487 3470 (1539,
508 3446 566 3470 pag.
582 3445 624 3470 72,
644 3438 688 3464 lin.
702 3438 783 3471 47—8l
804 3439 881 3464 habet
900 3436 942 3464 καὶ
962 3437 1028 3465 ἔστι.
1040 3458 1045 3464 .
1058 3458 1063 3464 .
1081 3439 1152 3466 δοκεῖ
1169 3438 1195 3464 δὲ
1215 3437 1249 3475 μὴ
1268 3433 1347 3471 εἷναι;
1362 3445 1388 3465 et

325 3472 359 3496 ita
377 3472 536 3497 Du-Vanius
551 3473 576 3497 in
590 3474 659 3506 Opp.
670 3473 748 3499 Arist.
762 3475 809 3499 Ed.
823 3475 903 3499 Paris.
921 3473 996 3508 1654,
1010 3475 1088 3501 Tom.
1102 3476 1119 3506 1,
1131 3477 1233 3502 Poster.
1243 3476 1388 3510 Analytic„

326 3507 370 3531 lib.
385 3507 403 3537 l,
422 3515 477 3540 cap.
492 3515 540 3538 xix,
560 3517 585 3533 n.
595 3516 620 3540 4,
640 3517 697 3541 pag.
715 3516 780 3540 212;
800 3510 860 3534 item
877 3510 977 3540 Pacius,
993 3510 1062 3543 Opp.
1078 3511 1243 3536 Arist.Tom.
1254 3511 1272 3542 1,
1287 3511 1389 3536 Poster-

325 3543 468 3575 AnaIytIc„
489 3543 532 3567 lib.
547 3543 564 3573 Ι,
580 3551 635 3576 cap.
649 3551 700 3574 xvi,
713 3552 772 3576 pag.
787 3544 880 3576 204-5·
892 3545 1022 3577 (Aureliae
1035 3546 1215 3579 Allobrogum,
1235 3545 1320 3580 ¹607)·
1334 3547 1390 3571 Hos

327 3578 442 3609 sequitur
459 3578 543 3602 Waitz
563 3579 614 3611 Op.
628 3584 653 3603 et
672 3580 721 3604 loc.
735 3579 804 3604 cit.-
818 3580 896 3612 Igitur
913 3581 1008 3611 versio,
1026 3584 1053 3606 et
1070 3581 1094 3606 si
1111 3585 1151 3607 est
1169 3582 1322 3615 aliquod..
1337 3589 1389 3607 me-

427 1034 461 1060 d..
477 1013 746 1055 ,Ἣοεϊςυεῐῃ
761 1006 1019 1055 Philosophus
1040 1004 1308 1042 determinavit
1328 1004 1376 1041 de
1402 1005 1406 1058 Ι

896 228 1281 269 POSTERIORUM
1308 226 1738 264 ANALYTICORUM
1767 227 1861 263 LIB.
1893 227 1907 262 1

1434 305 1502 342 quia
1524 305 1553 333 in
1574 305 1669 341 prima
1683 304 1830 342 quaeritur
1851 305 1888 332 de
1909 303 2154 332 universalissimo
2176 303 2351 340 praedicato,
2369 304 2450 341 quod
2464 304 2504 332 ita

1434 345 1469 373 sit
1490 345 1697 382 praedicatum,
1715 352 1747 372 ut
1763 354 1825 373 non
1839 344 1931 381 possit
1946 353 2008 372 esse
2028 343 2203 379 subiectum
2218 343 2249 371 in
2263 345 2352 372 altera
2366 345 2402 372 de
2416 343 2504 381 parti-

1434 385 1613 413 cularissimo
1635 384 1779 419 subiecto,
1803 385 1883 421 quod
1905 384 1944 412 ita
1965 383 2001 412 sit
2022 383 2192 419 subiectum,
2214 390 2246 411 ut
2262 393 2323 411 non
2337 384 2428 420 possit
2442 393 2504 411 esse

1433 425 1640 461 praedicatum.
1656 442 1675 446 -
1694 433 1738 452 xo.
1760 425 1894 452 Movetur
1907 423 1991 452 tertia
2005 424 2146 460 quaestio,
2161 424 2197 451 de
2212 432 2350 460 processu
2365 423 2394 451 in
2408 423 2505 451 infini-

1433 470 1496 492 tum
1518 473 1551 492 ex
1572 471 1653 501 parte
1674 464 1764 492 medii
1784 463 1908 492 termini.
1924 480 1943 485 —
1962 473 2005 492 11.
2022 463 2214 498 Quaestiones
2228 463 2299 491 istae
2320 464 2357 491 ad
2382 464 2505 491 demon-

1434 503 1586 532 strationes
1607 504 1766 541 pertinent:
1794 513 1861 532 nam
1884 512 2022 540 quaerere
2044 513 2143 531 earum
2165 503 2341 531 solutionem
2363 502 2441 531 idem
2463 509 2506 530 est

1433 553 1468 572 ac
1491 544 1514 572 si
1536 551 1699 581 quaeratur,
1722 550 1819 571 utrum
1841 543 2104 572 demonstrationes
2128 544 2287 579 procedant
2308 542 2338 570 in
2359 542 2506 570 infinitum

1433 583 1478 611 vel
1499 584 1684 612 ascendendo
1705 584 1750 611 vel
1772 584 1985 611 descendendo.
2001 600 2020 604 -
2039 591 2082 611 12.
2098 584 2134 611 Et
2148 592 2209 611 non
2224 583 2320 611 solum
2341 583 2448 610 habent
2462 582 2506 610 lo-

1434 632 1501 651 cum
1522 623 1552 651 in
1574 623 1873 652 demonstrationibus
1897 621 2096 658 affirmativis,
2118 624 2168 651 sed
2190 623 2276 651 etiam
2298 622 2328 650 in
2350 621 2505 659 negativis3

1434 663 1503 702 quia
1524 659 1734 691 demonstratio
1756 662 1887 700 negativa
1901 662 1991 690 utitur
2004 663 2094 691 altera
2108 662 2308 699 propositione
2323 660 2506 696 affirmativa,

1434 702 1464 730 in
1486 712 1544 739 qua
1565 702 1726 731 subiectum
1749 702 1944 730 conclusionis
1965 703 2130 730 continetur
2151 704 2204 730 sub
2227 702 2345 738 medio,
2367 709 2395 730 et
2416 702 2507 730 altera

1434 742 1575 779 negativa,
1590 742 1620 770 in
1636 751 1694 779 qua
1707 741 1906 778 praedicatum
1921 743 1957 770 ab
1973 741 2037 778 ipso
2053 742 2150 770 medio
2165 749 2339 770 removetur.
2349 742 2423 769 -13.
2440 743 2507 769 Non

1434 782 1541 810 habent
1561 788 1660 810 tamen
1681 783 1779 810 locum
1801 782 1831 809 in
1846 781 1903 809 illis
1917 782 2183 818 propositionibus,
2202 791 2328 818 quorum
2343 781 2508 818 praedicata

1435 828 1463 850 et
1483 821 1612 850 subiecta
1635 822 1794 858 aequaliter
1815 822 1851 849 de
1873 830 1903 849 se
1925 821 2048 849 invicem
2074 821 2292 858 praedicantur,
2315 831 2366 849 seu
2387 830 2507 849 conver-

1433 868 1534 889 tuntur
1554 862 1591 889 ad
1605 861 1739 896 invicem,
1755 861 1824 897 quia
1839 860 1868 888 in
1886 861 1929 889 his
1944 870 2005 889 non
2019 867 2062 889 est
2076 861 2205 898 accipere
2226 861 2306 898 prius
2321 867 2350 889 et
2363 860 2507 898 posterius

1434 901 1595 929 secundum
1617 901 1731 929 essendi
1752 900 2002 937 consequentiam.

1432 1001 1590 1039 resumit
1600 1014 1699 1051 quae
1714 1001 1760 1038 sit
1775 1001 1934 1038 materia
1949 1001 2332 1039 demonstrationum.
2350 1002 2400 1038 Et
2410 1001 2508 1038 circa

1431 1057 1507 1092 hoc
1525 1055 1595 1092 tria
1615 1055 1718 1092 facit:
1739 1055 1866 1104 prim‘o
1888 1055 1990 1092 enim
2010 1055 2192 1104 proponit
2216 1054 2508 1093 demonstratio·

1433 1109 1491 1146 nis
1507 1109 1526 1129 '¹‘
1542 1108 1761 1154 materiam;
1778 1109 1962 1155 secundo,
1979 1108 2144 1146 ostendit
2164 1108 2418 1146 differentiam
2437 1109 2507 1145 hu-

1433 1163 1492 1199 ius
1511 1162 1692 1199 materiae
1712 1163 1762 1199 ad
1777 1162 1977 1199 materiam
1992 1162 2201 1210 syllogismi
2222 1162 2421 1208 dialectici;
2437 1162 2505 1199 ibi:

1434 1216 1647 1253 Secundum
1669 1216 1818 1264 quidem
1835 1216 1952 1266 igitur
1970 1216 2223 1264 opinationem
2241 1216 2260 1237 *
2280 1223 2363 1262 etc.;
2382 1215 2505 1263 tertio,

1436 1269 1688 1306 differentiam
1702 1268 1867 1318 positam
1888 1269 2119 1316 manifestat3
2140 1268 2212 1306 ibi:
2232 1270 2364 1306 Habet
2381 1275 2507 1306 autem

1434 1323 1487 1360 sic
1505 1335 1545 1359 se
1565 1323 1584 1344 '⁴‘
1606 1330 1674 1359 etc.
1695 1322 1796 1359 Dicit
1811 1322 1853 1343 *ὖ
1879 1334 1969 1370 ergo
1989 1322 2115 1371 primo
2142 1322 2260 1371 quo'd,
2286 1335 2375 1359 cum
2395 1323 2508 1371 syllo-

1435 1376 1579 1424 gismus
1598 1376 1738 1412 habeat
1757 1383 1832 1412 tres
1852 1376 2047 1423 terminos,
2070 1388 2116 1412 ex
2135 1376 2274 1425 quibus
2295 1377 2509 1413 formantur

1437 1430 1535 1466 duae
1553 1429 1836 1477 propositiones
1865 1429 2136 1466 concludentes
2156 1429 2322 1476 tertiam,
2349 1429 2508 1466 manife-

1436 1490 1537 1519 stum
1549 1489 1605 1518 est
1615 1482 1721 1530 quod
1736 1483 1808 1518 hae
1822 1483 2107 1531 propositiones
2119 1484 2150 1530 ³²,
2163 1495 2210 1520 ex
2225 1483 2364 1532 quibus
2373 1495 2508 1532 proce-

1437 1535 1536 1573 ditur
1554 1535 1592 1572 in
1617 1535 1838 1583 syllogismo
1865 1535 2166 1574 demonstrativo
2196 1536 2505 1579 secundumlfor-

1436 1601 1542 1625 mam
1556 1588 1805 1637 praedictam,
1822 1595 1909 1625 sunt
1921 1589 2112 1638 principia
2134 1597 2171 1626 et
2187 1590 2457 1638 suppositiones
2475 1590 2506 1638 *,

1437 1642 1485 1679 de
1496 1642 1634 1690 quibus
1649 1641 1688 1678 in
1702 1641 2021 1691 praecedentibus
2037 1642 2181 1680 dictum
2197 1651 2253 1680 est
2262 1644 2294 1680 ²⁴³.
2308 1643 2386 1690 Qui
2402 1643 2505 1681 enim

1437 1695 1572 1744 accipit
1589 1695 1812 1732 huiusmodi
1831 1695 2027 1744 principia,
2044 1696 2098 1732 sic
2113 1696 2351 1734 demonstrat
2363 1709 2435 1746 per
2449 1709 2506 1744 ea,

1437 1749 1533 1785 sicut
1551 1749 1767 1797 expositum
1784 1750 1804 1770 ²¹⁵
1825 1756 1881 1786 est
1899 1749 1938 1786 in
1957 1749 2082 1786 forma
2101 1750 2348 1798 syllogistica,
2369 1757 2412 1787 ut
2439 1749 2508 1787 sci-

1436 1802 1522 1838 licet
1542 1802 1630 1851 quia
1651 1803 1670 1823 ²¹²
1690 1804 1724 1838 A
1745 1802 1791 1838 sit
1809 1801 1847 1838 in
1869 1803 1899 1839 C
1919 1803 2104 1851 probatur
2121 1815 2192 1852 per
2216 1804 2268 1850 133
2297 1811 2334 1840 et
2362 1804 2392 1840 si
2419 1816 2508 1853 pro-

1436 1855 1574 1904 positio
1600 1856 1684 1892 A-B
1704 1855 1750 1892 sit
1777 1855 1915 1892 iterum
1935 1856 2119 1903 mediata,
2141 1857 2246 1905 quod
2274 1858 2325 1893 Α-
2337 1857 2384 1894 sit
2410 1857 2449 1894 in
2477 1858 2508 1894 B

1439 1908 1721 1946 demonstratur
1748 1921 1818 1957 per
1846 1908 1949 1946 aliud
1970 1910 1990 1931 *
2018 1909 2204 1947 medium.
2233 1911 2283 1947 Et
2310 1910 2433 1948 simile
2453 1917 2510 1948 est

1437 1962 1468 1999 si
1495 1961 1708 2011 propositio
1736 1962 1873 2008 minor,
1895 1962 2036 1999 scilicet
2062 1963 2162 2010 B-C,
2183 1963 2230 2000 sit
2249 1963 2426 2001 mediata.

1491 2027 1528 2062 4.
1559 2015 1709 2052 Deinde
1748 2027 1836 2052 cum
1867 2015 1972 2053 dicit:
2003 2017 2216 2053 Secundum
2252 2017 2401 2066 quidem
2440 2017 2511 2067 igi-

1438 2074 1500 2105 tur
1527 2076 1611 2115 etc„
1632 2068 1797 2106 ostendit
1825 2077 2011 2118 quantum
2037 2069 2086 2106 ad
2113 2069 2307 2118 praedicta
2335 2069 2511 2108 differen-

1439 2122 1530 2159 tiam
1544 2120 1562 2150 β
1581 2122 1677 2158 inter
1696 2122 1962 2170 syllogismum
1983 2123 2328 2160 demonstrativum
2349 2131 2386 2160 et
2400 2124 2512 2172 syllo-

1440 2175 1606 2224 gismum
1627 2175 1879 2213 dialecticum.
1901 2175 2003 2223 Quia
2032 2176 2135 2213 enim
2164 2177 2406 2225 syllogismus
2435 2177 2513 2215 dia-

1441 2229 1594 2266 lecticus
1623 2228 1672 2265 ad
1700 2229 1775 2265 hoc
1803 2229 1933 2276 tendit,
1954 2237 1996 2266 ut
2014 2230 2229 2278 opinionem
2248 2231 2269 2252 *
2296 2230 2418 2277 faciat,
2439 2231 2515 2268 hoc

1442 2283 1567 2319 solum
1597 2289 1653 2319 est
1673 2282 1721 2319 de
1749 2282 1958 2319 intentione
1979 2283 2175 2331 dialectici,
2195 2290 2238 2320 ut
2264 2284 2448 2333 procedat
2468 2296 2514 2321 ex

1441 2336 1511 2384 his,
1533 2338 1643 2385 quae
1661 2343 1749 2372 sunt
1776 2336 1943 2373 maxime
1973 2337 2178 2386 opinabilia
2193 2338 2226 2386 ⁵,
2248 2345 2284 2374 et
2303 2338 2399 2375 haec
2427 2345 2515 2375 sunt

1443 2402 1509 2437 ea,
1540 2401 1639 2439 quae
1670 2389 1850 2427 videntur
1882 2390 1945 2427 vel
1975 2390 1995 2411 *
2027 2390 2222 2439 pluribus,
2251 2391 2313 2428 vel
2347 2390 2515 2428 maxime

1443 2442 1688 2492 sapientibus.
1724 2443 1773 2480 Et
1801 2443 1888 2480 ideo
1914 2443 1949 2480 si
1978 2443 2174 2482 dialectico
2197 2444 2236 2482 in
2256 2444 2515 2493 syllogizando

1444 2496 1648 2533 occurrat*
1668 2495 1793 2544 aliqua
1812 2497 2035 2546 propositio,
2049 2510 2148 2547 quae
2168 2498 2381 2535 secundum
2403 2498 2457 2535 rei
2472 2498 2515 2520 ⁰*

1443 2549 1643 2587 veritatem
1671 2550 1812 2586 habeat
1840 2547 2025 2598 medium,
2051 2563 2120 2600 per
2148 2551 2253 2599 quod
2280 2551 2401 2600 possit
2427 2563 2516 2600 pro-

1445 2603 1537 2650 bari,
1568 2602 1637 2639 sed
1664 2610 1794 2640 tamen
1822 2615 1901 2640 non
1919 2603 2096 2641 videatur
2123 2603 2266 2640 habere
2295 2604 2468 2641 medium
2489 2609 2516 2652 ⁷,

1447 2655 1515 2693 sed
1533 2663 1690 2704 propter
1709 2656 1767 2693 sui
1787 2656 2092 2705 probabilitatem
2111 2657 2287 2695 videatur
2307 2670 2388 2695 esse
2406 2657 2426 2679 ⁸
2448 2669 2518 2706 per

1444 2801 1533 2833 dium,
1554 2801 1661 2826 videtur
1679 2804 1768 2826 autem
1789 2808 1853 2830 non,
1874 2801 2017 2826 secundum
2042 2809 2121 2834 quam
2141 2806 2181 2826 est
2200 2801 2352 2827 s.Th0mae
2377 2802 2518 2835 expositio,

1443 2841 1483 2862 est
1502 2836 1642 2861 conformis
1661 2837 1720 2861 edd.
1735 2836 1879 2869 praecitatis
1897 2844 1944 2861 nec
1959 2842 2046 2861 contra
2061 2845 2090 2862 se
2102 2836 2181 2862 habet
2196 2837 2313 2862 codices:
2334 2837 2432 2871 quippe
2446 2838 2519 2871 quod

1443 2879 1474 2896 ex
1493 2871 1533 2896 his
1546 2872 1588 2896 alii
1602 2879 1680 2896 unam
1696 2871 1736 2896 alii
1751 2872 1859 2897 alteram
1874 2872 2010 2897 lectionem
2025 2872 2157 2905 praebent.
2173 2872 2335 2906 Philoponus
2350 2873 2375 2898 in
2390 2873 2461 2898 hunc
2480 2874 2519 2898 lo-

1444 2915 1503 2932 cum
1524 2907 1584 2932 item
1604 2907 1673 2932 favet
1696 2912 1784 2939 aperte
1809 2907 1868 2932 huic
1886 2907 1998 2932 versioni
2006 2915 2013 2937 ;
2033 2906 2253 2933 sit·enim:’1‹]2¹zv
2277 2905 2292 2933 ἄ
2327 2916 2369 2933 σοι
2394 2906 2428 2943 μὴ
2452 2904 2516 2942 ὦσι,

1441 2941 1535 2968 δοκῶπι
1554 2940 1580 2966 ’ὀέ
1595 2944 1631 2968 τῶ
1641 2941 1886 2977 προσδιαλεγομένῳ
1907 2939 1998 2977 ἅμεσιο
2018 2935 2093 2974 εἶναι,
2109 2940 2183 2968 οὐδὲν
2202 2941 2280 2976 ἦττον
2295 2953 2309 2969 ο
2329 2946 2449 2974 τοιοῦτος
2461 2943 2517 2969 δια-

1443 2976 1564 3008 λεκτικῶς
1584 2967 1780 3012 συᾌλογίζεταιῐ
1802 2978 1827 3003 Si
1852 2984 1939 3005 autem
1959 2979 2172 3012 (propositiones)
2193 2979 2356 3005 immediatae
2380 2987 2433 3005 non
2452 2980 2520 3012 sint,

1444 3019 1582 3046 appareant
1600 3018 1686 3038 tamen
1706 3013 1843 3046 disputanti
1863 3013 2027 3039 immediatae
2046 3022 2112 3045 esse,
2133 3014 2302 3040 nihilominus
2322 3015 2452 3041 dialectice
2464 3015 2517 3049 syl-

1444 3049 1570 3082 logizatur
1589 3049 1647 3081 (Ed.
1662 3049 1720 3074 Aldi
1740 3049 1845 3074 Manutii
1864 3058 1923 3082 pag.
1942 3050 2151 3075 122.—-Venetiis
2176 3049 2263 3084 1504).

1497 3084 1523 3109 Si
1541 3092 1594 3110 una
1613 3090 1639 3109 et
1664 3085 1743 3110 altera
1772 3085 1847 3110 lectio
1871 3085 1896 3109 in
1921 3092 1951 3110 se
1974 3085 2165 3116 consideretur,
2185 3086 2306 3117 veritate,
2326 3094 2386 3112 meo
2409 3086 2516 3119 quidem

1444 3120 1544 3150 iudicio,
1565 3125 1655 3145 neutra
1669 3125 1745 3146 caret.
1760 3120 1862 3145 Etenim
1877 3125 1907 3145 ut
1921 3121 2106 3146 demonstratio
2121 3122 2206 3150 locum
2220 3121 2322 3152 habeat,
2342 3121 2478 3155 pariatque
2491 3122 2518 3147 in

1445 3155 1520 3180 nobis
1539 3156 1614 3184 scire,
1634 3155 1683 3181 hoc
1703 3161 1742 3180 est
1759 3161 1856 3181 certam
1871 3164 1900 3181 ac
1915 3155 2017 3181 firmam
2033 3157 2216 3183 adhaesionem
2231 3157 2267 3182 rei
2281 3157 2456 3191 syllogizatae,
2470 3165 2517 3182 ne-

1444 3198 1518 3216 cesse
1537 3196 1578 3216 est
1595 3196 1623 3216 ut
1642 3191 1847 3224 propositiones,
1867 3199 1898 3216 ex
1916 3192 2010 3225 quibus
2037 3192 2223 3217 demonstratio
2242 3193 2298 3226 ipsa
2316 3192 2445 3225 procedit,
2465 3193 2519 3218 sint

1444 3234 1497 3251 non
1517 3227 1603 3251 solum
1622 3226 1785 3252 immediatae
1805 3227 1891 3259 quoad
1911 3235 1948 3258 se,
1964 3228 2010 3252 sed
2030 3227 2108 3252 etiam
2124 3227 2288 3253 immediatae
2301 3228 2388 3261 quoad
2403 3235 2451 3253 nos
2465 3227 2517 3261 (Cf.

1444 3263 1501 3287 lect.
1517 3269 1555 3292 iv,
1575 3270 1602 3287 n.
1621 3270 1664 3294 14,
1684 3263 1780 3295 seqq.).
1807 3263 1886 3295 Igitur
1905 3263 1925 3287 si
1946 3263 2039 3296 aliquis
2057 3268 2131 3296 putet
2153 3263 2345 3296 propositiones
2368 3268 2518 3297 assumptas

1444 3298 1476 3323 ad
1495 3298 1701 3331 syllogizandum
1722 3305 1774 3322 non
1794 3306 1853 3323 esse
1873 3298 2048 3330 immediatas,
2068 3306 2136 3332 quae
2154 3304 2241 3324 tamen
2261 3299 2405 3325 secundum
2423 3298 2516 3325 verite-

1444 3338 1496 3358 tem
1516 3338 1576 3359 sunt
1594 3333 1765 3363 immediatae,
1785 3333 1956 3367 syllogismus
1975 3333 2023 3359 erit
2037 3334 2193 3362 dialecticus.
2207 3342 2260 3360 non
2275 3334 2300 3359 in
2315 3342 2353 3365 se,
2368 3334 2415 3360 sed
2428 3333 2516 3368 quoad

1444 3369 1650 3402 syllogizantem,
1670 3368 1713 3402 qui
1733 3376 1791 3394 cum
1812 3369 1845 3394 sit
1864 3377 2006 3402 persuasus
2025 3377 2056 3395 ex
2076 3369 2255 3402 probabilibus
2275 3369 2432 3401 ratiocinari,
2451 3377 2517 3394 non-

1444 3404 1492 3429 nisi
1513 3404 1672 3437 probabilem
1691 3405 1886 3430 conclusionem
1901 3404 1996 3430 inferre
2015 3405 2119 3430 credere
2138 3410 2238 3438 potest:
2258 3405 2305 3430 erit
2319 3411 2412 3438 nempe
2427 3404 2453 3429 in
2467 3403 2517 3429 hnc

1443 3439 1582 3473 hypothesi
1601 3439 1733 3465 conclusio
1747 3440 1894 3473 ontologice
1909 3439 2120 3471 demonstrativa,
2135 3446 2161 3466 et
2174 3440 2307 3467 dialectiea
2318 3439 2467 3465 subiective.
2482 3439 2517 3464 Et

1444 3475 1492 3500 iste
1511 3480 1551 3500 est
1569 3483 1663 3500 sensus
1688 3475 1805 3501 lectionis
1829 3483 1908 3509 quam
1928 3476 2060 3501 Bekkerus
2079 3481 2106 3501 et
2123 3476 2202 3501 Didot
2220 3476 2356 3508 adoptant:
2375 3470 2396 3500 ti
2416 3471 2459 3501 καὶ
2479 3471 2514 3508 μὴ

1443 3507 1495 3536 ἔστι
1515 3518 1538 3535 τι
1558 3512 1590 3544 τῇ
1609 3505 1716 3544 ἀληθείᾳ
1735 3512 1785 3536 τῶν
1804 3509 1831 3536 Α
1848 3509 1870 3536 Β
1889 3509 1985 3545 μέσον,
2004 3509 2076 3536 δοκεῖ
2093 3508 2120 3535 δὲ
2142 3504 2206 3536 εἶναι
2226 3511 2276 3543 (Cf.
2290 3510 2350 3536 Alb.
2363 3510 2448 3543 Magn.
2463 3509 2489 3534 in
2504 3509 2514 3534 1

1445 3546 1554 3576 Pbster„
1565 3545 1652 3571 Tract.
1665 3553 1699 3576 tv,
1714 3553 1769 3578 cap.
1779 3554 1834 3578 vui,
1849 3554 1907 3579 pag.
1924 3545 2019 3579 578).-
2027 3547 2162 3572 Praeterea
2171 3546 2194 3571 si
2208 3546 2301 3579 aliquis
2315 3545 2441 3570 existimet
2455 3552 2516 3577 pro-

1444 3581 1587 3614 positiones
1606 3587 1754 3614 nssumptas
1773 3589 1832 3606 esse
1850 3581 2025 3614 immediatas,
2043 3589 2110 3615 quae
2123 3586 2211 3607 tumen
2224 3581 2289 3611 tales
2303 3588 2355 3605 non
2369 3585 2442 3611 sunt,
2462 3588 2516 3605 non

2534 1119 2546 1130 ⁰
2566 1119 2700 1141 Demonstr.
2722 1125 2751 1141 α

2534 1145 2689 1194 ῑῖἒά.-Α3ιι
2705 1151 2753 1174 po-

2534 1230 2545 1241 ·
2554 1229 2625 1251 Num.
2640 1235 2691 1258 seq.

2536 1330 2753 1383 3·¹i‹¹{¹¹2²‘‹3imau.

2538 1495 2546 1505 ·
2567 1500 2596 1516 c:
2622 1494 2670 1517 hae
2689 1494 2754 1516 due

2533 1527 2606 1550 prop.

2537 1597 2546 1604 '
2560 1601 2677 1618 Αωιιυιο
2691 1599 2715 1617 et
2728 1601 2753 1623 p.

2537 1628 2569 1644 rn-
2580 1628 2609 1644 ns
2617 1629 2623 1644 :
2630 1628 2753 1650 praesup-

2533 1654 2589 1696 pgr.
2595 1654 2645 1675 ,τα
2651 1656 2656 1670 :
2660 1654 2753 1677 propo-

2537 1701 2732 1724 ‘Lectaetxm

2537 1758 2547 1768 ·
2561 1765 2584 1780 s:
2595 1758 2755 1787 posituim-n

2537 1791 2576 1807 om
2593 1791 2643 1813 seq.
2658 1787 2691 1807 ut.

2537 1817 2546 1826 ·
2555 1822 2562 1838 ι
2569 1823 2575 1838 :
2583 1818 2609 1838 nt
2615 1816 2672 1846 quia
2678 1825 2688 1844 ,·
2697 1823 2755 1844 equ:

2536 1842 2607 1871 quod.

2533 1918 2545 1931 ⁸
2563 1918 2639 1941 Codd.
2645 1925 2694 1942 -ιιι
2709 1919 2758 1942 att-

2537 1944 2608 1973 quod.

2641 2133 2656 2167 β

2542 2246 2692 2296 :mcssgssgm
2706 2246 2760 2275 opt·-

2543 2353 2553 2363 ·
2561 2352 2598 2375 (Ξῖ.
2609 2353 2662 2375 leet.
2669 2359 2692 2381 v,
2703 2359 2726 2375 n.
2734 2360 2760 2381 ⁴·

2542 2406 2554 2418 ³
2559 2412 2599 2428 cm
2606 2413 2655 2429 om.
2663 2406 2707 2429 vel.
2714 2419 2730 2424 -
2736 2413 2760 2429 c:

2542 2435 2568 2455 et
2579 2434 2690 2456 maxime.

2543 2507 2555 2519 ⁸
2567 2507 2652 2534 Codd..
2663 2514 2713 2530 exc.
2724 2515 2761 2530 n.—

2544 2540 2565 2555 r:
2580 2535 2692 2556 occurrit.

2545 2562 2566 2570 ·”
2575 2560 2620 2583 Rei
2632 2567 2680 2583 om.
2696 2567 2726 2583 oi.

2544 2647 2624 2670 *Eue
2638 2619 2666 2670 εγι
2680 2650 2760 2678 codd„

2544 2681 2595 2697 exc.
2610 2681 2631 2697 c.
