2788 4204
1079 279 1190 315 CAP.
1220 279 1326 325 XIV,
1358 279 1509 316 LECT.
1539 278 1664 315 XXVI

2386 292 2455 327 241

848 538 1148 595 LECTIO
1187 539 1885 595 VIGESIMASEXTA

340 684 766 728 SYLLOGISMUS
804 683 1370 726 DEMONSTRATIVUS
1403 685 1646 725 MAXIME
1684 685 1781 725 FIT
1812 685 1873 725 IN
1901 686 2090 727 PRIMA
2122 687 2400 728 FIGURA-

400 763 485 804 DE
517 762 963 804 PROPOSITIONE
994 763 1313 803 NEGATIVA
1346 763 1478 804 TUM
1505 763 1794 806 MEDIATA.
1819 764 1952 805 TUM
1983 764 2332 806 IMMEDIATA

274 901 344 933 Τῶν
370 895 408 931 δὲ
431 900 619 945 σχημάτων
653 899 914 944 ἐπιστημονικὸν
951 899 1106 943 μάλιστα
1131 900 1173 931 τό
1207 899 1341 942 πρῶτόν

343 945 447 976 ἐστιν.
485 944 523 976 A'l
548 956 587 976 τε
612 944 676 990 γάρ
702 943 943 988 μαθηματικαὶ
969 945 1033 976 τῶν
1061 944 1255 988 ἐπιστημῶν
1285 940 1344 976 διά

341 988 470 1021 τούτου
495 987 627 1033 φέρουσι
652 989 716 1026 τάς
743 984 945 1029 ἀποδείξεις,
964 989 1032 1019 οἷον
1053 986 1258 1031 ἀριθμητική
1283 990 1342 1020 καὶ

340 1035 532 1087 γεωμετρία
555 1035 614 1064 καὶ
641 1030 789 1073 ὀπτικῆ,
814 1035 873 1064 καὶ
903 1028 1024 1077 σῦεδόν
1057 1034 1100 1070 ὠς
1134 1034 1237 1064 εἰπεῖν
1265 1031 1342 1064 ὅσαι

341 1078 404 1108 τοῦ
428 1072 518 1109 διοτι
547 1078 728 1109 ποιοῦνται
763 1076 827 1113 τήν
853 1046 980 1120 σκέιῖιν·
1008 1077 1028 1114 ἦ
1054 1077 1118 1122 γάρ
1145 1076 1227 1115 ὅλως
1254 1076 1274 1113 ἦ
1299 1079 1342 1114 ὠς

342 1118 395 1152 ἐπὶ
422 1121 464 1153 τὸ
490 1121 577 1152 πολὺ
601 1123 659 1152 καὶ
687 1118 719 1152 ἑν
745 1125 817 1158 τοῖς
843 1123 1015 1159 πλείστοις
1040 1117 1100 1153 διά
1123 1121 1252 1153 τούτου
1277 1122 1341 1153 τοῦ

340 1164 521 1208 σχήματος
549 1166 565 1196 ὀ
591 1166 654 1197 τοῦ
685 1160 776 1196 διότι
805 1165 1039 1218 συλλογισμός.
1067 1164 1170 1197 ’Ώστε
1195 1164 1258 1197 κᾶὶν
1283 1161 1341 1197 διά

341 1207 437 1241 τοῦτ’
466 1211 516 1246 εἴη
542 1208 697 1253 μάλιστα
730 1206 1006 1252 ἐπιστημονικόν·
1039 1208 1250 1253 κυριώτατον
1276 1209 1341 1256 γάρ

341 1254 404 1285 τοῦ
429 1248 556 1285 εἰδέναι
581 1253 622 1285 τὸ
647 1248 738 1285 διότι
763 1251 907 1296 θεωρεῖν.

273 1295 361 1331 Εἶτα
386 1297 451 1333 τήν
482 1298 545 1329 τοῦ
576 1300 610 1330 τί
644 1295 735 1329 ἐστιν
761 1295 954 1340 ἐπιστήμην
986 1292 1045 1328 διά
1076 1296 1178 1340 μόνου
1214 1297 1341 1330 τούτου

340 1339 501 1387 θηρεῦσαι
525 1337 685 1375 δυνατόν.
708 1339 764 1372 Ἐν
791 1341 850 1384 μὲν
868 1342 933 1387 γάρ
951 1342 1000 1382 τῷ
1018 1340 1107 1385 μέσῳ
1125 1341 1282 1386 σχήματι
1304 1340 1341 1375 οὑ

340 1388 474 1430 γίνεται
498 1386 724 1432 κατηγορικός
749 1385 985 1432 συλλογισμός,
1013 1387 1033 1422 ’ἢ
1059 1380 1096 1417 δὲ
1115 1387 1177 1418 τοῦ
1195 1389 1228 1419 τί
1248 1385 1340 1420 ἐστιν

341 1430 514 1474 ἐπιστήμη
546 1429 788 1474 καταφάσεως·
825 1428 857 1462 ἐν
883 1425 921 1462 δὲ
951 1431 1000 1471 τῷ
1036 1428 1172 1475 ἐσχάτῳ
1206 1433 1341 1477 γίνεται

339 1476 400 1520 μὲν
428 1473 500 1508 ἀλλ’
532 1473 569 1507 οὑ
593 1474 763 1515 καθόλου,
797 1474 839 1507 το“
864 1469 902 1507 δὲ
928 1477 960 1506 τί
987 1473 1061 1507 ἐστι
1093 1477 1161 1507 τῶν
1192 1475 1341 1509 καθόλου

344 1520 449 1554 ἐστίν·
477 1517 515 1551 οὑ
540 1519 605 1566 γάρ
631 1519 679 1562 πῇ
706 1517 780 1552 ἐστὶ
804 1519 888 1562 ζῷον
914 1514 1032 1551 δίπουν
1060 1520 1076 1551 ὁ
1103 1518 1286 1565 ἄνθρωπος.

266 1610 345 1643 Ἔτι
369 1609 477 1641 τοῦτο
503 1607 561 1652 μὲν
584 1605 715 1639 ἐκείνων
742 1602 839 1639 οὐδὲν
865 1602 1078 1652 προσδεῖται,
1099 1606 1212 1640 ἐκεῖνα
1228 1604 1266 1640 δέ
1284 1604 1343 1643 διά

339 1652 468 1686 τούτου
492 1653 783 1685 καταπυκνοῦται
806 1654 864 1684 καὶ
892 1652 1050 1693 αὔξεται,
1072 1651 1130 1690 ἕως
1159 1652 1196 1685 ἂν
1223 1654 1267 1691 εἰς
1294 1655 1343 1687 τά

311 1712 322 1734 7
342 1698 453 1742 ἅμεσα
479 1696 571 1740 ἔλθῃ.
605 1697 754 1741 Φανερόν
782 1697 838 1728 οὑν
865 1695 919 1730 ὅτι
942 1697 1154 1741 κυριώτατον
1180 1699 1243 1730 τοῦ
1271 1696 1341 1731 ἐπί-

340 1740 491 1775 στασθαι
516 1741 558 1774 τὸ
584 1742 719 1786 πρῶτον
745 1742 877 1786 σχῆμα.

265 1787 391 1831 ’Ὠσπερ
416 1781 454 1818 δὲ
479 1785 643 1830 ὑπάρχειν
661 1785 702 1818 τὸ
719 1786 745 1817 Α
769 1786 817 1826 τῷ
835 1787 859 1816 Β
881 1780 1059 1839 ἐνεδέχετο
1080 1783 1230 1829 ἀτόμως,
1250 1785 1340 1819 οὕτω

338 1832 397 1862 καὶ
418 1830 464 1875 μή
484 1830 647 1875 ὑπάρχειν
667 1828 819 1876 ἐγχωρεῖ.
847 1829 944 1876 Λέγω
961 1825 1000 1861 δε
1017 1830 1058 1862 τὸ
1078 1827 1214 1874 ἀτόμως
1234 1831 1339 1875 ὑπάρ-

338 1886 410 1920 χειν
436 1873 458 1911 ἦ
482 1874 529 1918 μή
556 1874 720 1919 ὑπάρχειν
745 1874 787 1906 τὸ
805 1873 852 1917 μή
870 1871 956 1906 εἶναι
975 1871 1089 1906 αὑτῶν
1107 1874 1222 1919 μέσον·
1250 1875 1339 1908 οὑτω

338 1919 402 1966 γάρ
422 1917 536 1951 οὐκέτι
554 1918 653 1951 ἔσται
669 1916 752 1957 κατ’,
782 1918 865 1951 ἄλλο
887 1918 928 1951 τὸ
948 1917 1109 1964 ὑπάρχειν
1129 1919 1149 1956 ἦ
1167 1920 1214 1962 μή
1234 1920 1339 1966 ὑπάρ-

337 1974 423 2008 χειν.

264 2010 276 2020 .,
586 2008 593 2015 .
750 2008 759 2017 .
1241 2009 1249 2016 .

279 2010 372 2042 Οταν
403 2007 462 2052 μὲν
497 2005 552 2039 οὑν
579 2006 600 2043 ἡ
626 2006 668 2039 τό
694 2008 719 2037 Α
744 2005 765 2043 η’
791 2006 832 2039 τὸ
856 2007 880 2037 Β
906 2005 938 2039 ἐν
971 2005 1035 2048 ὅλῳ
1068 2011 1133 2040 τινὶ
1168 2006 1207 2050 ᾗ,
1235 2007 1255 2045 τὶ
1281 2011 1339 2041 καὶ

340 2052 452 2097 ἄμφω,
479 2050 538 2083 οὑκ
563 2046 743 2096 ἐνδέχεται
769 2051 810 2083 τό
832 2051 857 2082 A
881 2052 930 2093 τῷ
952 2053 977 2082 Β
995 2051 1135 2096 πρώτως
1161 2053 1208 2096 μή
1235 2052 1339 2098 ὑπάρ-

337 2108 421 2142 χειν.
442 2095 555 2129 Ἔστω
576 2096 641 2142 γάρ
666 2096 708 2128 τό
726 2097 751 2126 A
777 2093 809 2127 ἐν
837 2094 899 2137 ὅλῳ
925 2096 973 2138 τῷ
994 2097 1030 2126 Γ·
1057 2095 1177 2129 οὐκοῦν
1203 2098 1230 2128 εἰ
1256 2098 1297 2130 τὸ
1316 2100 1339 2129 Β

364 2140 385 2178 ’ἡ
409 2138 499 2173 ἐστιν
527 2139 560 2172 ἑν
586 2139 650 2181 ὅλῳ
676 2141 724 2181 τῷ
743 2141 764 2170 Γ
790 2136 946 2195 (ἐγχωρεῖ
968 2140 1032 2186 γάρ
1058 2141 1099 2174 τὸ
1125 2141 1184 2185 μὲν
1202 2145 1226 2172 Α
1252 2139 1339 2174 εἶναι

339 2198 372 2217 εν
397 2196 464 2218 τινι
491 2185 568 2226 ὅλῳ,
595 2185 636 2218 τό
661 2179 699 2216 δὲ
722 2186 747 2215 Β
772 2183 818 2228 μή
843 2195 929 2216 ειναι
955 2182 987 2216 ἐν
1016 2185 1159 2228 τούτῳ),
1187 2187 1340 2232 συλλογι-

337 2229 418 2274 σμὸς
445 2229 546 2262 ἔσται
571 2229 634 2261 τοῦ
659 2229 705 2272 μή
733 2228 896 2273 ὑπάρχειν
921 2229 963 2261 τὸ
981 2232 1005 2260 Α
1026 2231 1074 2271 τῷ
1090 2232 1128 2261 B·
1155 2231 1182 2262 εἱ
1200 2231 1265 2277 γάρ
1291 2233 1343 2273 τῷ·

338 2274 396 2319 μὲν
422 2274 448 2304 A
474 2276 580 2306 παντὶ
606 2273 647 2306 τὸ
673 2275 712 2314 Γ,
739 2274 787 2314 τῷ
813 2269 850 2306 δὲ
875 2276 899 2304 Β
924 2268 1062 2317 μηδενί,
1091 2273 1199 2307 οὐδενὶ
1225 2276 1291 2308 τῶν
1315 2277 1339 2307 Β

338 2318 380 2351 τὸ
404 2318 441 2349 A.
477 2319 617 2362 Ὁμοίως
646 2312 684 2349 δέ
708 2319 767 2348 καὶ
792 2319 820 2349 εἰ
845 2318 887 2351 τό
911 2319 935 2348 Β
962 2316 993 2350 ἑν
1028 2318 1091 2360 ὅλῳ
1125 2322 1192 2351 τινί
1223 2318 1337 2361 ἐστιν,

339 2363 407 2395 οἷον
434 2360 465 2393 ὲν
491 2363 540 2404 τῷ
566 2363 602 2392 Δ·
629 2362 671 2394 τὸ
697 2361 755 2405 μὲν
779 2363 844 2407 γάρ
871 2364 894 2393 Δ
919 2364 1025 2395 παντὶ
1053 2364 1101 2405 τῷ
1127 2365 1151 2394 Β
1177 2364 1337 2409 ὑπάρχει,

338 2407 380 2439 τὸ
413 2401 451 2438 δὲ
475 2407 500 2437 A
531 2402 641 2438 οὐδενὶ
671 2407 739 2438 τῶν
766 2407 806 2448 Δ,
837 2406 927 2439 ὥστε
960 2407 1002 2439 τὸ
1028 2411 1051 2438 Α
1082 2403 1190 2439 οὐδενὶ
1222 2410 1290 2441 τῶν
1314 2411 1339 2440 Β

339 2449 480 2494 ὑπάρξει
513 2446 572 2483 διά
607 2451 847 2497 συλλογισμοῦ.
890 2451 953 2482 Τὸν
992 2449 1097 2484 αὑτὸν
1134 2447 1173 2484 δέ
1210 2452 1337 2498 τρόπον

337 2490 559 2539 δειχθήσεται
588 2497 646 2527 καὶ
670 2495 699 2526 εἱ
725 2495 822 2539 ἄμφω
848 2493 880 2528 ἑν
908 2494 971 2537 ὅλῳ
997 2499 1062 2528 τινί
1089 2495 1192 2529 ἐστιν.

264 2541 341 2574 Ὅτι
365 2535 396 2572 δ’
425 2535 606 2584 ἐνδέχεται
639 2538 680 2571 τό
705 2541 730 2570 Β
754 2540 801 2584 μή
825 2537 911 2572 εἶναι
937 2538 969 2572 ὲν
995 2540 1018 2582 ᾧ
1045 2540 1108 2582 ὅλῳ
1134 2538 1208 2574 ἐστὶ
1233 2542 1274 2574 τὸ
1300 2543 1337 2583 Α,

339 2583 360 2621 ἦ
387 2583 488 2617 πάλιν
515 2584 556 2616 τὸ
583 2585 607 2614 A
634 2582 665 2615 ἑν
692 2583 716 2625 ᾧ
741 2584 783 2616 τὸ
808 2585 853 2625 Β,
880 2585 1020 2629 φανερόν
1047 2583 1082 2617 ἐκ
1108 2587 1174 2618 τῶν
1206 2598 1338 2618 συστοι-

363 2631 432 2670 ιῶν,
461 2627 537 2660 ὅσαι
562 2628 608 2672 μή
635 2626 914 2661 ἐπαλλάττουσιν
935 2627 1114 2667 ἀλλήλαις.
1141 2630 1179 2661 Εἰ
1196 2631 1260 2676 γάρ
1278 2642 1340 2674 μη-

337 2642 395 2707 §ev
421 2674 489 2706 τῶν
515 2671 547 2705 ἑν
573 2673 620 2714 τῇ
645 2674 671 2703 A
695 2674 716 2703 Γ
742 2673 766 2703 Δ
790 2676 970 2718 συστοιχίᾳ
994 2674 1091 2707 κατά
1114 2670 1254 2718 μηδενὸς
1278 2686 1343 2706 κα-

337 2721 539 2765 τηγορεῖται
564 2718 634 2749 τῶν
662 2714 694 2748 ἓν
720 2718 765 2759 τῇ
790 2719 815 2748 Β
838 2719 863 2748 Ε
887 2720 923 2759 Ζ,
950 2719 992 2750 τό
1017 2714 1047 2750 δ’
1067 2719 1092 2750 A
1119 2718 1151 2751 ἐν
1180 2718 1243 2761 ὅλῳ
1267 2717 1340 2752 ἐστὶ

337 2764 386 2805 τῷ
411 2763 436 2793 Θ
461 2763 629 2807 συστοίχῳ
649 2761 736 2802 ὄντι,
755 2762 895 2806 φανερὸν
923 2761 975 2795 ὅτι
1001 2764 1042 2795 τὸ
1059 2765 1083 2794 Β
1109 2761 1168 2795 οὑκ
1187 2764 1287 2796 ἔσται
1305 2762 1338 2795 ἐν

338 2809 386 2849 τῷ
410 2808 448 2837 Θ·
476 2804 710 2847 ἐπαλλάξουσι
743 2806 807 2852 γάρ
835 2809 869 2838 αἱ
897 2810 1104 2853 συστοιχίαι.
1137 2808 1275 2852 Ὁμοίως
1303 2803 1340 2839 δὲ

337 2853 396 2884 καὶ
421 2851 448 2882 εἰ
473 2851 516 2883 τὸ
540 2852 564 2881 Β
589 2848 622 2882 ἐν
649 2849 713 2891 ὅλῳ
738 2853 805 2882 τινί
832 2849 936 2884 ἐστιν.

265 2940 348 2972 Ἐάν
374 2934 412 2971 δὲ
437 2933 621 2982 μηδέτερον
649 2936 670 2980 ’ᾖ
695 2935 727 2970 ἑν
748 2937 813 2980 ὅλῳ
831 2935 961 2983 μηδενί,
980 2940 1026 2984 μή
1046 2939 1182 2987 ὑπάρχῃ
1201 2936 1238 2973 δὲ
1255 2941 1296 2973 τὸ
1315 2942 1341 2972 A

339 2985 387 3024 τῷ
411 2984 458 3023 Β,
487 2980 618 3028 ἀνάγκη
647 2981 782 3026 άτόμως
809 2983 856 3026 μή
884 2982 1058 3029 ὑπάρχειν.
1086 2985 1124 3016 Εἰ
1148 2985 1214 3031 γάρ
1241 2986 1341 3017 ἔσται

339 3038 373 3059 τι
398 3025 512 3070 μέσον,
540 3025 672 3072 ἀνάγκη
699 3025 841 3071 θάτερον
867 3025 981 3068 αὑτῷν
1008 3027 1040 3060 ἐν
1068 3028 1132 3070 ὅλῳ
1154 3031 1221 3061 τινὶ
1239 3026 1338 3061 εἶναι·

339 3069 360 3106 ἦ
385 3071 449 3116 γοὶρ
476 3068 508 3102 ἐν
535 3071 583 3112 τῷ
609 3070 729 3114 πρώτῳ
754 3070 911 3126 σχήματι
929 3071 950 3108 ἦ
969 3070 1001 3104 ἑν
1026 3074 1074 3114 τῷ
1093 3073 1183 3117 μέσῳ
1202 3074 1303 3105 ἔσται
1322 3074 1338 3105 ὁ

340 3114 574 3160 συλλογισμός.
600 3116 640 3146 El.
664 3114 722 3159 μὲν
749 3127 805 3146 ουν
833 3114 865 3148 ἐν
891 3117 940 3159 τῷ
966 3116 1100 3159 πρώτῳ,
1124 3117 1166 3150 τὸ
1190 3119 1215 3148 Β
1241 3117 1340 3150 ἔσται

340 3157 373 3191 ὲν
401 3158 464 3200 ὅλῳ
489 3161 555 3191 τινί
582 3159 840 3203 (κατάφατικὴν
861 3160 925 3206 γάρ
950 3155 1003 3192 δεῖ
1025 3162 1090 3198 τήν
1117 3162 1197 3205 πρὸς
1231 3162 1339 3194 τοῦτο

338 3201 490 3248 γίνεσθαι
516 3202 713 3246 πρότασιν),
733 3204 762 3234 εἰ
777 3199 808 3235 δ’
830 3202 862 3236 ἐν
888 3205 937 3245 τῷ
958 3204 1061 3247 μέσῳ,
1082 3205 1246 3250 ὁπότερον
1266 3206 1342 3238 ἔτυ-

339 3258 412 3292 χεν·
440 3246 519 3291 πρὸς
548 3246 748 3292 ἀμφοτέροις
777 3249 842 3293 γάρ
866 3248 1049 3291 ληφθέντος
1085 3251 1148 3282 τοῦ
1181 3261 1337 3292 στερητι-

339 3292 400 3343 κφῦ
410 3293 818 3347 ἱγίνεταινσυλλογισμός·
848 3290 1042 3337 ἀμφοτέρων
1064 3289 1094 3325 δ’
1117 3292 1339 3338 ἀποφατικῶν

340 3347 445 3367 ουσων
472 3347 532 3367 ουκ
558 3348 670 3368 εσται.

271 3380 420 3423 Φανερόν
446 3379 503 3412 οὖν
530 3378 584 3412 ὅτι
612 3375 686 3412 ὲνδέ
713 3383 790 3413 εταί
816 3393 855 3413 τε
882 3380 971 3421 ἄλλῳ
996 3381 1043 3425 μη
1070 3381 1233 3426 ὑπάρχειν
1258 3379 1342 3413 ἀτό-

340 3435 420 3468 μως,
446 3426 505 3456 καὶ
530 3423 608 3456 πότ’
639 3419 817 3469 ἐνδεχεται
841 3427 898 3456 καὶ
925 3426 1006 3465 πῶς,
1034 3424 1227 3470 εἰρήκαμεν.

334 3522 483 3551 8ΥΝοΡ515.
500 3538 535 3543 -
557 3532 580 3550 1.
595 3523 807 3559 Argumentum
821 3529 848 3550 et
863 3521 964 3550 divisio
978 3528 1079 3550 textus.
1091 3538 1103 3543 -
1113 3522 1230 3550 Thesis:
1246 3522 1339 3558 Syllo-

273 3561 382 3599 gismus
403 3562 653 3597 demonstrativus,
676 3562 733 3590 hoc
746 3569 789 3590 est
802 3562 908 3590 faciens
922 3561 1002 3597 scire,
1018 3561 1142 3590 maxime
1156 3562 1187 3590 fit
1201 3562 1231 3590 in
1245 3561 1339 3598 prima

273 3601 372 3638 figura.
388 3619 406 3623 -
422 3610 449 3630 2.
465 3603 607 3630 Probatur
621 3601 762 3638 imprimis
782 3601 870 3630 thesis
885 3611 917 3630 ex
933 3611 967 3629 eo
983 3602 1062 3638 quod
1083 3601 1113 3629 in
1134 3601 1227 3638 prima
1247 3601 1339 3639 figura

416 3658 485 3690 Opp.
505 3658 535 3682 D.
550 3658 663 3682 Tnomn
682 3658 714 3682 T.
730 3658 747 3682 1.

1396 901 1414 920 *
1427 900 1616 941 Figurarum
1639 907 1746 931 autem
1768 901 1868 940 magis
1893 901 2006 931 faciens
2031 902 2107 932 scire
2122 902 2258 933 maxime
2281 896 2383 944 prima
2407 913 2462 937 est.

1463 944 1703 975 Mathematicae
1727 944 1811 974 enim
1828 945 1972 975 scientiae
1996 955 2051 985 per
2074 945 2154 976 hanc
2170 946 2306 986 primam
2329 948 2464 989 figuram

1463 988 1747 1018 demonstrationes
1776 988 1898 1026 ferunt,
1923 995 1959 1019 ut
1982 989 2194 1028 arithmetica,
2219 998 2249 1022 et
2279 994 2463 1033 geometria,

1465 1039 1495 1062 et
1518 1032 1729 1072 perspectiva,
1759 1039 1789 1062 et
1813 1032 1875 1063 fere
1899 1033 2000 1063 dicere
2024 1040 2070 1063 est
2098 1044 2307 1076 quaecunque
2335 1045 2465 1078 propter

1465 1076 1543 1116 quid
1562 1076 1680 1106 faciunt
1697 1076 1960 1116 speculationem:
1979 1084 2033 1108 aut
2049 1077 2133 1107 enim
2153 1079 2297 1118 omnino,
2314 1088 2369 1112 aut
2384 1082 2465 1114 sicut

1465 1119 1659 1159 frequentius
1689 1127 1719 1150 et
1741 1120 1774 1150 in
1803 1120 1947 1160 pluribus
1971 1131 2026 1161 per
2054 1121 2135 1152 hanc
2158 1121 2307 1163 figuram,
2339 1126 2394 1166 qui
2418 1134 2464 1158 est

1464 1170 1594 1203 propter
1610 1163 1702 1203 quid,
1719 1162 1755 1194 fit
1772 1165 1984 1205 syllogismus
2010 1165 2115 1202 Quare
2135 1172 2165 1196 et
2180 1174 2309 1207 propter
2330 1169 2392 1200 hoc
2408 1171 2465 1202 erit

1465 1207 1602 1237 maxime
1619 1207 1734 1237 faciens
1755 1208 1849 1247 scire;
1866 1209 2122 1249 propriissimum
2142 1210 2227 1240 enim
2243 1212 2320 1242 scire
2336 1222 2465 1255 propter

1465 1250 1543 1291 quid
1567 1251 1730 1291 speculari.

1397 1294 1521 1333 Postea,
1541 1295 1640 1335 ipsius
1660 1296 1747 1336 quod
1765 1296 1841 1336 quid
1861 1303 1907 1326 est
1925 1296 2086 1326 scientiam
2102 1307 2158 1337 per
2181 1299 2282 1329 solam
2298 1299 2378 1331 hanc
2402 1302 2464 1342 pri-

1465 1349 1552 1369 mam
1584 1339 1718 1379 figuram
1742 1340 1847 1370 venari
1878 1340 2027 1380 possibile
2056 1348 2110 1371 est.
2136 1342 2170 1371 ln
2201 1344 2304 1373 media
2334 1346 2464 1385 quidem

1465 1383 1550 1413 enim
1566 1383 1666 1423 figura
1690 1394 1755 1414 non
1772 1384 1807 1415 fit
1831 1385 2023 1424 categoricus
2046 1385 2265 1426 syllogismus,
2289 1389 2343 1418 sed
2366 1389 2466 1429 ipsius

1464 1428 1553 1468 quod
1570 1427 1647 1468 quid
1667 1436 1713 1459 est
1729 1428 1856 1459 scientia
1872 1429 2088 1460 affirmationis
2105 1438 2165 1468 est;
2181 1430 2214 1460 in
2231 1431 2341 1462 ultima
2357 1441 2464 1465 autem

1463 1471 1499 1502 fit
1515 1472 1656 1512 quidem,
1671 1473 1724 1502 sed
1741 1483 1806 1503 non
1824 1473 2055 1512 universaliter,
2071 1475 2125 1504 sed
2141 1475 2230 1515 quod
2246 1476 2324 1516 quid
2341 1484 2386 1508 est
2396 1478 2466 1508 uni-

1463 1516 1634 1546 versalium
1657 1524 1717 1555 est;
1734 1527 1801 1547 non
1821 1518 1906 1548 enirn
1925 1518 2067 1558 quodam
2088 1519 2187 1549 modo
2212 1527 2258 1550 est
2280 1521 2396 1552 animal
2420 1523 2465 1553 bi-

1463 1570 1519 1600 pes
1542 1560 1654 1591 homo.
1909 1567 1914 1574 “

1396 1605 1556 1645 Amplius,
1573 1605 1649 1635 haec
1672 1605 1802 1646 quidem
1825 1605 1884 1636 illis
1917 1606 1994 1636 nihil
2017 1606 2154 1647 indiget,
2179 1607 2250 1638 illae
2274 1616 2380 1640 autem
2409 1621 2465 1651 per

1463 1649 1543 1679 hanc
1568 1650 1738 1680 densantur
1761 1657 1791 1681 et
1814 1657 2072 1690 augmentantur,
2097 1661 2267 1693 quousque
2296 1653 2406 1694 utique
2425 1656 2464 1685 ad

1462 1693 1644 1724 immediata
1659 1694 1795 1724 veniant.
1812 1694 2017 1725 Manifestum
2040 1695 2135 1735 igitur
2151 1703 2197 1727 est
2220 1698 2309 1738 quod
2325 1699 2462 1730 maxime

1463 1737 1630 1778 proprium
1654 1738 1799 1769 scientiae
1822 1739 1924 1779 prima
1947 1738 2056 1779 figura.

1395 1781 1413 1801 *
1428 1782 1516 1813 Sicut
1532 1789 1639 1812 autem
1655 1793 1721 1813 esse
1737 1785 1766 1813 A
1782 1783 1814 1813 in
1829 1784 1854 1813 B
1870 1783 2022 1823 contingit
2037 1783 2278 1824 individualiter,
2290 1785 2332 1816 sic
2349 1793 2379 1817 et
2395 1797 2459 1818 non

1463 1836 1529 1857 esse
1550 1826 1741 1858 conceditur.
1759 1827 1838 1858 Dico
1856 1835 1962 1858 autem
1978 1827 2208 1859 individualiter
2224 1839 2301 1868 esse,
2318 1838 2373 1862 aut
2395 1842 2461 1862 non

1463 1881 1540 1909 esse,
1559 1881 1633 1901 cum
1656 1871 1734 1901 nihil
1753 1879 1799 1902 est
1822 1881 1935 1902 eorum
1958 1872 2118 1902 medium:
2144 1873 2186 1903 sic
2205 1874 2291 1904 enim
2314 1885 2379 1905 non
2404 1876 2461 1907 erit

1463 1915 1639 1946 secundum
1663 1915 1749 1946 aliud
1772 1923 1827 1946 aut
1850 1926 1916 1946 esse
1940 1923 1995 1946 aut
2017 1926 2082 1946 non
2106 1926 2182 1947 esse.

1395 2007 1482 2039 Cum
1512 2008 1607 2048 igitur
1635 2015 1690 2039 aut
1712 2010 1741 2038 A
1765 2008 1896 2048 quidem
1919 2015 1974 2039 aut
1996 2009 2021 2039 B
2048 2009 2081 2039 in
2111 2016 2180 2040 toto
2209 2011 2351 2050 quodam
2382 2011 2461 2050 sint,

1462 2059 1516 2083 aut
1539 2053 1652 2091 ambo,
1678 2062 1744 2082 non
1769 2052 1921 2093 contingit
1944 2055 1973 2083 A
1996 2053 2028 2083 in
2051 2053 2077 2083 B
2101 2053 2204 2093 primo
2228 2064 2295 2084 non
2319 2065 2395 2086 esse.
2416 2056 2462 2087 Sit

1462 2096 1547 2127 enirn
1570 2099 1599 2127 A
1622 2097 1655 2127 in
1678 2103 1747 2127 toto
1772 2096 1810 2135 C,
1825 2096 1920 2137 igitur
1942 2098 1967 2128 si
1990 2098 2016 2128 B
2040 2108 2106 2127 non
2130 2105 2175 2128 est
2190 2098 2223 2128 in
2239 2105 2308 2129 toto
2333 2099 2359 2131 C
2385 2099 2461 2143 (po-

1461 2148 1521 2172 test
1544 2141 1629 2171 enim
1652 2144 1681 2171 A
1705 2151 1771 2171 esse
1795 2141 1925 2182 quidem
1947 2142 1980 2172 in
2004 2142 2146 2182 quodam
2162 2149 2248 2181 toto,
2268 2144 2323 2173 sed
2346 2144 2371 2174 B
2395 2154 2462 2174 non

1462 2196 1529 2216 esse
1553 2186 1586 2215 in
1605 2184 1696 2227 hoc),
1722 2186 1924 2226 syllogismus
1949 2186 2004 2217 erit
2020 2187 2108 2226 quod
2124 2197 2189 2217 non
2207 2187 2245 2217 sit
2263 2190 2292 2218 A
2315 2188 2347 2218 in
2370 2189 2407 2219 B.
2427 2189 2459 2219 Si

1462 2230 1547 2260 enim
1570 2230 1602 2260 in
1626 2233 1654 2260 A
1678 2230 1807 2270 quidem
1832 2230 1920 2260 omni
1945 2237 1990 2260 est
2013 2230 2052 2268 C,
2068 2230 2100 2260 in
2123 2231 2148 2261 Β
2172 2238 2279 2262 autem
2303 2233 2392 2262 nullo
2417 2240 2463 2263 est

1462 2274 1500 2313 C,
1517 2274 1550 2304 in
1574 2275 1666 2304 nullo
1683 2275 1708 2305 Β
1725 2282 1771 2305 est
1793 2276 1831 2305 A.
1848 2274 1997 2306 Similiter
2015 2282 2122 2305 autem
2146 2283 2191 2306 est
2208 2283 2238 2306 et
2261 2275 2286 2306 si
2301 2276 2326 2306 B
2343 2276 2375 2307 in
2392 2283 2461 2307 toto

1461 2319 1605 2359 quodam
1633 2326 1697 2357 est,
1728 2326 1764 2349 ut
1787 2319 1819 2348 in
1843 2319 1882 2349 D.
1904 2318 1932 2349 D
1957 2319 2042 2349 enim
2071 2319 2104 2349 in
2128 2320 2217 2350 omui
2240 2320 2266 2350 B
2290 2328 2351 2351 est:
2376 2320 2410 2350 in
2432 2323 2462 2351 A

1461 2369 1568 2393 autem
1592 2363 1683 2393 nullo
1707 2363 1752 2402 D;
1776 2373 1874 2403 quare
1897 2365 1926 2393 A
1949 2363 1981 2393 in
2005 2363 2095 2393 nullo
2113 2364 2139 2394 Β
2156 2364 2213 2394 erit
2236 2374 2292 2403 per
2315 2365 2461 2406 syllogis-

2490 913 2500 923 ⁸
2517 912 2573 940 Cap.
2589 919 2636 934 xiv.

2491 939 2596 966 Text.31.

2489 1797 2499 1807 ¹¹
2516 1797 2573 1825 Cap.
2583 1804 2622 1819 xv.

1461 2417 1563 2438 mum.
1588 2407 1713 2437 Eodem
1736 2414 1844 2438 autem
1866 2408 1965 2437 modo
1988 2408 2264 2447 demonstrabitur,
2282 2415 2312 2439 et
2331 2409 2356 2439 si
2379 2416 2462 2440 utra·
2507 2451 2513 2456 ι

1461 2461 1524 2492 que
1547 2452 1579 2482 in
1604 2452 1746 2493 quodam
1769 2458 1837 2482 toto
1862 2458 1944 2482 sunt.

1395 2544 1493 2581 Quod
1516 2551 1623 2574 autem
1648 2544 1800 2583 contingit
1822 2544 1848 2574 B
1864 2554 1930 2574 non
1954 2553 2020 2574 esse
2043 2543 2076 2573 in
2091 2554 2158 2584 quo
2179 2552 2248 2575 toto
2271 2551 2318 2575 est
2339 2548 2386 2583 A,
2409 2553 2463 2576 aut

1461 2588 1575 2619 iterum
1599 2591 1627 2619 A
1651 2589 1684 2618 in
1707 2598 1773 2629 quo
1798 2595 1843 2619 est
1865 2588 1909 2626 B,
1929 2588 2134 2618 manifestum
2157 2598 2193 2619 ex
2217 2589 2462 2620 coordinationi-

1461 2632 1521 2663 bus
1545 2640 1601 2670 est‚
1618 2642 1828 2673 quaecunque
1844 2643 1911 2663 non
1935 2639 2172 2663 commutantur
2196 2634 2235 2663 ad
2258 2633 2404 2665 invicem.
2428 2634 2460 2665 Si

1463 2677 1548 2707 enim
1572 2677 1650 2707 nihil
1674 2687 1804 2715 eorum,
1829 2687 1911 2717 quae
1927 2683 2001 2708 sunt
2022 2677 2056 2707 in
2071 2679 2101 2708 A
2118 2677 2144 2708 C
2161 2678 2189 2707 D
2212 2678 2460 2716 coordinatione,

1462 2722 1501 2751 de
1525 2722 1615 2751 nullo
1639 2721 1836 2761 praedicatur
1859 2731 1986 2758 eorum,
2011 2731 2092 2761 quae
2116 2729 2189 2752 sunt
2212 2722 2244 2751 in
2267 2722 2292 2751 B
2313 2722 2340 2751 E
2364 2723 2407 2760 F;
2430 2725 2460 2752 A

1463 2772 1570 2796 autem
1588 2765 1621 2795 in
1640 2772 1709 2796 toto
1733 2766 1757 2796 P
1781 2765 1868 2797 sitin
1885 2765 2122 2796 coordinatione
2145 2766 2376 2806 praeexistenti;
2394 2777 2460 2796 ma-

1463 2809 1614 2840 nifestum
1642 2817 1688 2841 est
1721 2811 1810 2851 quod
1833 2810 1858 2840 B
1882 2820 1949 2839 non
1979 2810 2035 2840 erit
2064 2810 2097 2839 in
2120 2810 2162 2840 P:
2192 2817 2461 2841 commutarentur

1463 2854 1548 2884 enim
1569 2854 1832 2885 coordinationes.
1850 2853 1997 2884 Similiter
2015 2861 2122 2884 autem
2146 2861 2192 2884 est
2207 2861 2238 2884 et
2256 2854 2282 2884 si
2299 2854 2325 2884 B
2342 2855 2374 2884 in
2391 2861 2459 2885 toto

1462 2899 1606 2939 quodam
1630 2905 1685 2928 est.

1396 2943 1428 2973 Si
1450 2952 1525 2972 vero
1550 2949 1699 2973 neutrum
1723 2942 1761 2973 sit
1779 2942 1811 2972 in
1831 2942 1938 2982 aliquo
1956 2949 2036 2980 toto,
2056 2951 2121 2971 non
2138 2941 2176 2972 sit
2196 2949 2302 2972 autem
2318 2944 2347 2972 A
2365 2942 2398 2972 in
2421 2942 2458 2981 B,

1462 2997 1588 3017 necesse
1618 2994 1664 3017 est
1686 2986 1917 3016 individualiter
1944 2996 2010 3016 non
2040 2995 2114 3015 esse.
2146 2986 2177 3016 Si
2202 2986 2286 3016 enim
2310 2986 2366 3016 erit
2392 2996 2458 3016 me-

1463 3031 1572 3069 dium,
1603 3041 1728 3061 necesse
1758 3037 1804 3060 est
1835 3031 1968 3060 alterum
1995 3030 2140 3070 ipsorum
2162 3030 2194 3059 in
2224 3030 2367 3070 quodam
2390 3037 2458 3060 toto

1462 3085 1539 3105 esse.
1564 3077 1631 3105 Aut
1661 3074 1745 3104 enim
1768 3075 1801 3104 in
1824 3074 1926 3114 prima
1944 3073 2054 3113 figura,
2071 3081 2126 3104 aut
2148 3074 2180 3103 in
2196 3074 2299 3103 media
2316 3074 2373 3104 erit
2395 3075 2459 3115 syl-

1462 3119 1625 3158 logismus.
1651 3118 1683 3148 Si
1706 3118 1837 3159 quidem
1865 3118 1960 3158 igitur
1982 3118 2014 3147 in
2038 3117 2139 3158 prima
2157 3117 2272 3157 figura,
2297 3118 2322 3147 Β
2347 3118 2403 3148 erit
2425 3118 2457 3147 in

1462 3170 1530 3193 toto
1555 3163 1696 3203 quodam
1721 3161 1958 3204 (affirmativam
1982 3162 2067 3192 enirn
2091 3168 2216 3202 oportet
2232 3163 2270 3192 ad
2288 3162 2368 3192 hanc
2391 3161 2458 3192 fieri

1461 3205 1752 3247 propositionem);
1783 3206 1808 3236 si
1830 3216 1906 3236 vero
1929 3206 1962 3236 in
1986 3206 2106 3244 media,
2135 3206 2351 3246 quodcunque
2383 3216 2457 3236 con-

1459 3250 1568 3290 tingit:
1599 3251 1637 3280 ad
1666 3257 1799 3290 utraque
1827 3250 1913 3280 enim
1945 3250 2050 3289 posito
2081 3250 2232 3290 privativo
2256 3249 2292 3280 fit
2314 3250 2456 3290 syllogis-

1461 3301 1548 3332 mus;
1566 3304 1639 3324 cum
1663 3301 1769 3325 autem
1793 3301 1925 3334 utraque
1949 3293 2090 3334 negativa
2114 3294 2169 3332 sit,
2194 3304 2258 3324 non
2283 3293 2340 3324 erit
2362 3294 2456 3335 syllo-

1461 3348 1592 3377 gismus.

1394 3381 1598 3412 Manifestum
1608 3381 1703 3420 igitur
1715 3388 1760 3412 est
1772 3382 1860 3421 quod
1877 3381 2029 3420 contingit
2043 3388 2073 3411 et
2087 3381 2172 3411 aliud
2186 3381 2219 3411 in
2236 3381 2298 3411 alio
2313 3391 2378 3412 non
2391 3391 2456 3412 esse

1461 3425 1702 3463 individualiter,
1714 3432 1744 3455 et
1756 3425 1885 3465 quando
1898 3425 2051 3465 contingit
2068 3432 2097 3455 et
2114 3425 2292 3465 quomodo,
2309 3425 2456 3456 diximus.

1395 3521 1517 3550 maxime
1539 3522 1570 3550 fit
1591 3521 1773 3558 syllogismus
1797 3527 1921 3558 propter
1947 3521 2032 3558 quid:
2057 3531 2125 3549 nam
2152 3521 2183 3549 in
2210 3521 2457 3550 demonstratione

1390 3567 1515 3599 propter
1535 3561 1604 3598 quid
1625 3561 1754 3589 medium
1776 3567 1818 3593 est
1839 3570 1925 3589 causa
1945 3561 2102 3596 passionis,
2124 3570 2198 3597 quae
2226 3561 2407 3597 praedicatur
2426 3561 2457 3590 in

1394 3601 1580 3629 conclusione
1601 3602 1637 3629 de
1658 3600 1804 3634 subiect05
1825 3601 1881 3628 hoc
1902 3607 1998 3632 autem
2020 3600 2145 3628 maxime
2172 3601 2294 3628 habetur
2314 3601 2343 3628 in
2364 3601 2457 3637 prima

2251 3657 2315 3681 31*
