2548 4192
193 277 369 302 CCLXXXIV

781 536 1426 602 DISSERTATIO
1487 539 1789 603 XXVII.

223 711 289 750 De
317 721 441 749 vana
469 720 523 748 ac
551 708 722 748 iniusta
750 705 947 757 corrupti
976 705 1173 756 Operum
1207 706 1358 746 sancti
1381 706 1595 749 ‚Th0mae
1629 709 1871 760 Aquinatis
1904 714 2064 763 textus
2098 713 2361 764 suspicione

269 792 349 830 per
376 780 587 818 invectas
606 781 685 818 aut
703 778 864 825 falsas,
884 779 963 816 aut
987 776 1166 816 alienas
1189 788 1219 816 a
1239 777 1464 817 communi
1492 789 1656 827 sensu,
1675 783 1755 820 aut
1783 781 2024 822 damnatas
2053 782 2306 833 opiniones.

996 941 1588 968 ——————.—§—0-——..

584 1145 795 1183 CAPUT
833 1146 860 1182 I.

188 1259 223 1283 Io.
237 1257 367 1291 Baptistae
386 1258 471 1282 Pozae
490 1257 611 1282 iudicium
634 1257 758 1282 refutatur
783 1258 815 1282 de
839 1257 970 1282 nonnullis
993 1255 1122 1287 thesibus,
1149 1263 1216 1288 quae
1235 1255 1261 1280 in

259 1294 339 1318 sancti
357 1293 476 1318 Thomae
494 1293 629 1326 Aquinatis
649 1293 780 1326 Operibus
798 1293 926 1318 habentur
945 1300 974 1317 ac
993 1299 1101 1317 censura
1116 1291 1208 1323 dignae
1222 1291 1259 1316 iu-

260 1329 382 1354 dicantur.
402 1329 532 1353 Catholica
551 1328 615 1353 fides
635 1329 667 1353 de
685 1337 738 1353 uno
757 1329 782 1353 in
802 1328 964 1353 sanctissima
987 1327 1111 1352 Trinitate
1133 1327 1175 1351 vel
1196 1327 1260 1351 duo-

258 1364 308 1389 bus
327 1365 504 1398 spiratoribus.
523 1364 599 1389 Varia
623 1364 759 1397 Aquinatis
785 1364 864 1394 dicta,
884 1371 931 1396 per
955 1371 1014 1388 sese
1039 1362 1155 1393 innoxia,
1176 1362 1262 1387 conci-

260 1400 360 1425 liantur.
380 1400 471 1425 Critiea
489 1400 606 1434 Dionysii
624 1400 720 1425 Petavii
739 1399 929 1425 animadversio
949 1400 981 1424 ad
999 1406 1108 1423 examen
1126 1403 1225 1423 vocata.

456 1606 468 1612 κ
484 1605 509 1634 ..³
522 1596 602 1626 stes,
634 1588 688 1629 qui
713 1587 891 1627 theologica
915 1587 1071 1617 nonnulla
1103 1596 1138 1617 ac
1167 1585 1262 1616 etiam

438 1639 450 1651 ⁸
500 1667 504 1674 .
523 1632 743 1673 philosophica
768 1642 786 1662 a
817 1639 926 1662 sancto
949 1632 1079 1662 Thoma
1102 1630 1262 1671 Aquinate

490 1684 721 1718 ›propugnata
744 1677 911 1717 dogmata,
937 1683 1045 1716 aperto
1079 1682 1178 1705 marte
1201 1684 1261 1715 op-

393 1753 395 1756 ,
497 1718 499 1720 ’
521 1729 712 1762 pugnarunt,
730 1722 905 1762 eademque
921 1721 971 1751 vel
987 1721 1020 1751 in
1044 1719 1261 1760 suspicionem

390 1760 403 1773 ’Χ
483 1762 497 1776 ⁴
521 1767 632 1796 erroris
665 1767 820 1796 adducere
859 1765 963 1796 conati
997 1771 1071 1795 sunt
1099 1764 1150 1794 vel
1181 1771 1261 1795 tam-

186 1822 283 1854 quam
313 1811 456 1842 censorio
486 1811 723 1851 Episcoporum
754 1817 785 1841 et
808 1810 1033 1850 magistrorum
1059 1809 1179 1840 iudicio
1203 1818 1260 1838 no·

185 1864 248 1887 tata
276 1856 360 1887 reiici
393 1862 540 1896 oportere
562 1855 731 1886 iusserunt.
764 1857 862 1885 Arma
888 1854 1076 1892 straminea,
1104 1852 1260 1883 invalidos

185 1901 265 1932 ictus
286 1901 453 1941 irritosque
469 1906 601 1930 conatus
625 1899 839 1931 cohibuimus.
863 1899 995 1929 Novum
1014 1908 1114 1938 genus
1134 1907 1260 1938 pugnae

186 1946 231 1976 Io.
250 1945 389 1986 Baptista
405 1945 489 1974 Poza
507 1945 540 1974 in
557 1955 616 1974 suo
628 1944 808 1974 Elucidario
826 1942 898 1986 (lib.
909 1944 961 1981 IV,
978 1950 1064 1973 tract.
1076 1943 1115 1981 V,
1132 1953 1199 1982 cap.
1212 1940 1259 1984 m)

186 1990 317 2020 molitus
335 1997 396 2020 est:
420 1989 604 2029 bellumque
629 1999 694 2019 non
713 1988 823 2019 indicit
843 1994 951 2018 sancto
962 1987 1121 2025 Thomae,
1137 1987 1192 2016 sed
1207 1996 1259 2017 co-

187 2034 295 2065 dicum
309 2034 455 2064 Thomae
473 2034 720 2073 corruptoribus.
748 2033 876 2063 Fatetur
895 2032 946 2062 ille
966 2032 1052 2072 apud
1072 2032 1225 2062 loannem
1242 2041 1260 2061 a

187 2086 295 2109 sancto
316 2079 445 2109 Thoma
468 2078 548 2118 disp.
571 2088 592 2107 11
616 2078 664 2108 De
685 2077 914 2117 approbatione
935 2076 1096 2106 doctrinae
1117 2075 1260 2106 eiusdem

187 2123 330 2163 Angelici
346 2122 570 2162 Praeceptoris,
583 2129 638 2152 art.
656 2133 682 2159 1,
700 2122 834 2152 Nullam
856 2122 1104 2162 propositionem
1124 2120 1259 2150 damna-

188 2173 252 2198 tam
272 2178 292 2198 a
312 2168 437 2198 calamo
453 2172 483 2197 et
497 2172 601 2196 mente
616 2166 682 2196 divi
701 2167 840 2196 Romae
857 2165 1059 2207 profectam:
1077 2166 1106 2195 si
1119 2174 1182 2205 qua
1202 2169 1259 2202 est,

187 2223 207 2243 a
225 2218 375 2252 tempore,
393 2211 433 2241 ab
449 2211 715 2248 amanuensibus,
733 2221 753 2240 a
773 2211 988 2251 typographis
1005 2210 1152 2250 irrepsit:
1175 2209 1260 2239 nolle

186 2267 221 2287 se
244 2257 395 2287 iudicium
410 2255 510 2296 ferre
520 2278 530 2292 ,
546 2265 588 2285 an
607 2265 716 2286 omnes
732 2256 813 2285 istae
821 2255 1058 2295 propositiones
1072 2259 1260 2284 mereantur

186 2311 356 2332 censuram
381 2305 411 2330 et
434 2308 552 2340 quam:
574 2309 608 2330 se
631 2305 737 2330 tamen
763 2299 843 2329 nihil
865 2300 1031 2329 sinistrum
1049 2299 1082 2329 in
1102 2297 1260 2338 Operibus

187 2347 265 2382 eius,
286 2346 348 2375 nisi
364 2355 405 2375 ex
430 2345 660 2384 depravatione
683 2344 826 2374 codicum
851 2343 1030 2374 admittere.

254 2390 356 2420 Pozae
370 2389 476 2430 itaque
493 2389 518 2418 si
538 2388 706 2426 credimus,
722 2395 865 2428 prostant
884 2388 916 2418 in
934 2387 1093 2428 Operibus
1112 2386 1259 2417 Thomae

187 2440 257 2465 tum
281 2444 378 2464 manu
403 2433 552 2470 exaratis,
576 2439 647 2463 turn
675 2433 763 2473 prelo
788 2433 877 2463 editis
911 2432 1014 2462 theses
1038 2441 1103 2462 non
1127 2441 1258 2471 paucae,

187 2488 269 2519 quae
293 2478 457 2508 damnatae
479 2477 530 2507 vel
554 2487 684 2508 censura
701 2477 813 2517 dignae
836 2476 933 2507 videri
955 2476 1088 2517 possint.
1114 2476 1259 2516 Quisque

188 2523 348 2562 colligeret
375 2522 502 2552 traditas
533 2531 584 2551 eas
613 2522 650 2551 ab
676 2528 803 2551 auctore
828 2520 941 2559 fuisse,
972 2521 1105 2560 decepto
1138 2520 1188 2550 vel
1212 2530 1258 2550 er-

187 2574 284 2597 rante.
305 2567 379 2596 Non
403 2566 445 2596 ita
468 2565 622 2596 iudicium
647 2565 812 2595 ferendum
832 2566 983 2595 admonet
1006 2565 1069 2602 ille,
1087 2575 1162 2595 cum
1180 2571 1259 2595 tem-

188 2611 273 2652 poris
300 2611 412 2651 lapsu,
442 2610 685 2640 amanuensium
716 2609 892 2649 imperitia,
919 2609 1083 2639 oscitantia
1112 2609 1259 2649 typothe-

188 2663 303 2692 tarum,
329 2655 476 2685 codicum
500 2661 581 2685 certe
605 2654 838 2694 depravatione,
863 2654 1011 2683 damnata
1034 2653 1102 2691 illa,
1127 2659 1182 2683 aut
1205 2653 1259 2682 da-

188 2700 345 2738 mnanda,
370 2706 425 2730 aut
448 2699 548 2729 aliena
568 2709 586 2729 a
609 2698 774 2729 communi
799 2707 892 2728 sensu
924 2698 1094 2727 doctorum
1125 2696 1259 2737 irrepere

188 2746 338 2784 dogmata
361 2743 531 2784 potuerint.
553 2743 585 2774 Si
609 2743 691 2773 bella
714 2743 791 2772 haec
815 2749 861 2772 est
885 2751 955 2781 erga
979 2751 1003 2772 s.
1020 2741 1185 2771 Thomam
1209 2750 1259 2771 ur-

187 2789 319 2827 banitas,
345 2789 462 2819 Ioanne
487 2798 504 2818 a
528 2798 551 2818 s.
569 2788 698 2818 Thoma
721 2787 1004 2823 animadvertente,
1022 2785 1135 2815 iniuria
1154 2785 1259 2824 negari

187 2844 253 2864 non
275 2841 389 2874 potest,
412 2833 586 2873 eademque
604 2831 751 2869 maxima,
772 2841 836 2872 qua
857 2830 1059 2871 typographi,
1081 2829 1259 2860 editionum

188 2886 357 2915 curatores,
383 2887 591 2907 amanuenses
615 2883 795 2906 onerantur.
1120 2889 1127 2897 ·

255 2926 305 2953 An
329 2932 404 2952 vero
436 2922 478 2953 ita
505 2921 621 2952 fuerint
650 2920 787 2960 imperiti
819 2928 1027 2949 amanuenses
1060 2924 1115 2948 aut
1146 2917 1258 2958 iniquo

188 2967 320 2998 consilio
346 2967 442 3004 ducti,
467 2973 502 2997 ut
526 2966 661 3002 codices9
685 2975 768 3006 quos
793 2974 889 2994 manu
908 2964 1085 3000 exarabant,
1101 2962 1259 2992 erroribus

188 3009 408 3053 inquinarent?
432 3013 482 3041 An
507 3011 549 3041 ita
566 3010 691 3051 prelum
714 3008 905 3050 typographi
929 3007 1084 3044 erraverit,
1111 3013 1147 3036 ut
1171 3016 1258 3046 prae-

187 3063 233 3087 ter
257 3063 344 3086 sueta
369 3056 503 3093 menda,
529 3064 648 3085 errores
672 3054 767 3084 etiarn
791 3063 857 3083 non
882 3052 974 3092 pauci
1004 3051 1184 3091 irrepserint
1208 3061 1258 3081 ca-

186 3101 321 3131 tholicae
346 3099 417 3130 fidei
442 3110 555 3140 parurn
579 3096 733 3130 consoni?
756 3100 807 3128 An
841 3096 978 3137 denique
1002 3095 1180 3126 editionum
1204 3105 1258 3126 cu-

187 3152 305 3175 ratores
329 3155 394 3175 non
418 3144 551 3175 viderint
583 3150 682 3174 errata
706 3141 835 3182 putida,
860 3151 942 3182 quae
975 3140 1180 3180 irrepserant;
1205 3146 1260 3170 aut

187 3190 318 3227 eadem,
343 3189 465 3219 tametsi
495 3195 643 3225 nossent,
669 3187 771 3217 delere
804 3192 859 3216 aut
892 3185 1044 3224 corrigere
1077 3181 1258 3214 noluerint?

186 3234 335 3264 Portenta
368 3240 442 3264 sunt
465 3233 540 3263 haec
565 3231 691 3262 omnia:
717 3241 752 3261 ac
784 3230 864 3260 illud
887 3229 1035 3260 omnium
1064 3239 1138 3259 sane
1162 3228 1258 3259 maxi-

187 3288 298 3315 mum,
323 3284 371 3308 tot
395 3288 430 3308 ex
456 3277 616 3308 codicibus
649 3275 826 3306 remotioris
851 3274 918 3304 aevi
946 3280 976 3304 et
1010 3273 1185 3314 sequioris,
1211 3279 1259 3303 tot

187 3323 282 3352 etiarn
306 3333 342 3353 ex
366 3322 456 3352 editis
481 3321 642 3361 exemplis,
667 3329 748 3361 quae
772 3319 835 3349 sere
859 3318 1026 3349 innumera
1049 3324 1133 3355 sunt,
1154 3327 1257 3358 neque

186 3377 288 3397 unum
306 3367 446 3407 potuisse
463 3365 702 3406 interpolatricis
718 3364 844 3405 iniquae
859 3373 973 3393 manus
990 3362 1125 3402 effugere
1148 3361 1258 3402 depra-

186 3411 344 3441 vationes!

253 3458 320 3494 Age
344 3463 436 3486 vero:
461 3464 618 3496 quaenam
642 3453 758 3484 fuerint
781 3452 987 3490 huiusmodi,
1012 3450 1128 3492 quibus
1152 3450 1257 3491 inqui-

187 3506 259 3529 nata
278 3507 419 3539 prostant
442 3500 589 3530 Thomae
611 3498 727 3539 Opera,
752 3493 1012 3537 depravationes?
1037 3496 1070 3525 ld
1086 3505 1185 3534 genus
1210 3504 1256 3525 er—

188 3550 328 3573 ratorum
351 3545 445 3574 verba
467 3551 521 3574 tua
546 3543 725 3579 enunciant,
746 3551 827 3582 quae
848 3541 885 3571 ab
906 3540 1058 3580 imperitis
1082 3549 1255 3569 amanuen-

189 3586 274 3616 sibus
299 3594 328 3617 et
352 3588 389 3617 ab
414 3588 617 3618 oscitantibus
643 3586 848 3627 typographis
872 3584 1027 3625 proficisci
1051 3583 1164 3614 solent.
1194 3583 1255 3614 Sed

1314 1143 1377 1182 let,
1407 1150 1462 1174 aut
1494 1150 1643 1175 contextu
1666 1145 1843 1185 ponderato
1874 1152 1929 1177 aut
1961 1146 2118 1178 similibus
2146 1147 2226 1178 locis
2249 1148 2390 1188 collatis,

1315 1188 1470 1228 corrigere
1494 1195 1524 1219 et
1548 1199 1737 1229 expungere,
1761 1200 1834 1220 vera
1858 1197 1888 1220 et
1910 1191 2049 1230 genuina
2076 1191 2213 1223 lectione
2236 1193 2388 1225 restituta.

1316 1232 1421 1263 Immo
1444 1242 1521 1263 vero
1545 1243 1627 1274 quae
1643 1234 1759 1264 menda
1774 1234 1807 1264 in
1824 1234 1985 1275 Operibus
2008 1235 2156 1267 Thomae
2179 1244 2321 1277 prostare
2344 1238 2390 1268 di-

1316 1284 1442 1316 cuntur,
1466 1287 1533 1308 non
1557 1285 1641 1316 sunt,
1666 1285 1794 1309 auctore
1817 1279 1914 1317 Poza,
1938 1279 2077 1311 solitaria
2100 1281 2259 1321 quaedam
2283 1282 2389 1321 verba,

1316 1331 1420 1362 neque
1443 1322 1549 1352 brevia
1571 1323 1780 1363 periodorum
1802 1324 1964 1354 membra:
1985 1331 2060 1356 sunt
2082 1325 2169 1355 enim
2192 1326 2295 1357 theses
2319 1326 2391 1358 data

1316 1375 1413 1406 opera
1436 1374 1666 1407 propugnatne,
1690 1368 1852 1399 rationum
1875 1369 2048 1400 momentis
2071 1370 2214 1401 munitae
2237 1377 2268 1401 et
2291 1380 2390 1402 emer-

1315 1410 1461 1449 gentibus
1485 1411 1647 1451 expeditae
1669 1411 1907 1443 difficultatibus
1925 1413 1959 1443 in
1975 1413 2195 1445 obiectionum
2217 1414 2389 1448 solutione.

1316 1454 1397 1491 Quis
1421 1464 1517 1494 porro
1541 1456 1662 1487 audivit
1679 1467 1825 1498 unquam
1852 1464 1951 1488 errata
1977 1457 2011 1488 id
2035 1468 2155 1498 genus,
2174 1460 2391 1500 typographo-

1315 1508 1388 1528 rum
1421 1499 1589 1530 oscitantia
1620 1507 1675 1531 aut
1701 1501 1859 1542 imperitia
1882 1503 2128 1534 amanuensium
2156 1510 2212 1534 aut
2234 1505 2388 1544 temporis

1314 1542 1418 1583 lapsu,
1434 1543 1468 1573 in
1485 1551 1654 1575 auctorum
1669 1554 1766 1585 opera
1780 1545 1915 1586 irrepere
1934 1545 2048 1587 posse?
2063 1549 2116 1578 An
2135 1548 2228 1587 serio,
2245 1558 2286 1579 an
2304 1549 2390 1588 ioco,

1315 1587 1442 1661 {palio
1477 1588 1611 1619 consilio
1643 1589 1721 1620 haec
1753 1590 1921 1630 protulerit
1951 1591 2056 1630 Poza,
2080 1592 2218 1623 aliorum
2250 1599 2319 1624 esto
2341 1593 2389 1624 iu-

1349 1641 1446 1662 cium.

1382 1676 1652 1716 Theologicarutn
1675 1677 1862 1709 huiusmodi
1888 1678 2045 1717 thesium,
2062 1689 2144 1720 quae
2168 1681 2299 1712 traditae
2317 1691 2390 1722 pro-

1315 1728 1537 1762 pugnataeque
1561 1731 1579 1752 a
1602 1729 1712 1753 sancto
1735 1722 1864 1754 Thoma
1891 1723 1925 1754 in
1957 1723 2110 1754 invidiam
2142 1731 2272 1756 vocatae
2294 1732 2389 1765 sunt,

1315 1765 1454 1805 egregias
1478 1766 1672 1797 adornarunt
1701 1767 1854 1798 vindicias
1883 1768 2017 1799 loannes
2040 1778 2059 1799 a
2082 1778 2108 1799 s.
2124 1769 2272 1809 Thoma,
2295 1770 2390 1811 Regi-

1314 1810 1427 1840 naldus
1442 1810 1617 1841 Lucarinus
1633 1811 1813 1852 Episcopus
1824 1812 1968 1843 Civitatis
1977 1812 2092 1851 Plebis,
2103 1814 2315 1855 Raymundus
2329 1814 2390 1846 Ca-

1314 1854 1461 1895 pisuccus
1477 1854 1509 1886 S.
1532 1855 1571 1886 R.
1595 1855 1633 1886 E.
1658 1855 1852 1895 Cardinalis,
1876 1856 2061 1888 Vincentius
2084 1858 2241 1889 Batonius
2273 1859 2391 1901 aliique

1313 1899 1451 1939 insignes
1467 1899 1597 1930 Ordinis
1620 1900 1876 1933 Praedicatorum
1892 1901 2024 1932 alumni.
2041 1902 2216 1943 Praecipua
2232 1905 2391 1936 nonnulla

1314 1944 1484 1983 dogmata,
1509 1954 1590 1984 quae
1614 1944 1735 1975 intrusa
1757 1952 1788 1976 et
1811 1945 1908 1976 inlata
1937 1955 2072 1987 quoquo
2106 1947 2206 1977 modo
2230 1947 2389 1988 dicuntur,

1314 1988 1430 2018 iterum
1449 1988 1489 2018 ad
1505 1998 1637 2019 examen
1656 1999 1802 2020 revocare
1817 1989 1919 2028 liceat,
1936 1997 1972 2021 ut
1988 2000 2138 2022 censurae
2154 2001 2389 2035 censorumque

1314 2032 1423 2063 levitas
1447 2032 1548 2072 magis
1571 2033 1736 2074 magisque
1760 2033 1945 2065 innotescat.

1381 2077 1419 2107 ΙΙ.
1439 2077 1637 2117 Theologica
1661 2088 1684 2108 s.
1711 2077 1859 2109 Thomae
1882 2078 1979 2109 thesis
2007 2085 2054 2110 est
2075 2078 2109 2110 in
2133 2079 2238 2120 primo
2257 2081 2388 2113 Senten-

1313 2121 1429 2152 tiarum
1444 2121 1537 2159 libro,
1555 2121 1625 2152 dist.
1642 2132 1686 2159 xt,
1703 2132 1758 2163 qu.
1775 2133 1798 2161 x,
1809 2129 1865 2153 art.
1876 2132 1920 2161 ιν,
1937 2133 2035 2164 quam
2050 2123 2100 2154 his
2116 2124 2264 2156 enunciat
2276 2125 2390 2157 verbis:

1313 2166 1387 2196 Non
1402 2167 1644 2206 praesumimus
1657 2167 1764 2198 dicere
1775 2167 1861 2208 quod
1870 2167 1968 2198 Pater
1983 2173 2013 2199 et
2028 2168 2133 2199 Filius
2147 2170 2272 2209 spirent
2287 2169 2389 2210 Spiri-

1314 2215 1380 2240 tum
1404 2215 1563 2247 sanctum,
1582 2211 1632 2241 vel
1647 2211 1732 2252 quod
1747 2213 1812 2243 sint
1826 2213 1966 2252 spirans,
1988 2213 2039 2243 vel
2053 2213 2139 2254 quod
2152 2214 2217 2244 sint
2231 2215 2392 2254 spirator:

1312 2255 1370 2285 sed
1391 2255 1478 2295 quod
1491 2256 1615 2295 spirent
1633 2260 1664 2286 et
1685 2257 1751 2286 sint
1768 2257 1930 2296 spirantes
1953 2261 1984 2287 et
2005 2258 2071 2288 sint
2084 2258 2271 2298 spiratores.
2290 2258 2391 2296 Quod

1313 2299 1444 2339 perinde
1467 2306 1513 2330 est
1546 2309 1582 2330 ac
1611 2300 1737 2330 Patrem
1767 2300 1950 2342 Filiumque
1981 2301 2042 2332 dici
2070 2311 2165 2342 posse
2199 2309 2255 2333 aut
2277 2303 2391 2334 debere

1312 2343 1394 2375 duos
1415 2345 1578 2384 spirantes
1603 2344 1746 2385 duosque
1769 2346 1956 2385 spiratores.
1979 2345 2100 2376 Noram
2124 2345 2314 2378 inurendam
2332 2357 2392 2389 pu-

1313 2395 1381 2419 tant
1404 2395 1566 2419 censores:
1591 2389 1680 2429 quod
1705 2389 1799 2420 etiam
1823 2389 1903 2420 olim
1926 2390 2037 2421 Petrus
2061 2390 2099 2421 de
2118 2390 2242 2422 Alliaco
2267 2391 2392 2424 censuit

1313 2442 1398 2463 anno
1415 2433 1496 2474 1387
1514 2433 1546 2463 in
1563 2439 1695 2464 tractatu
1713 2440 1821 2464 contra
1836 2434 1989 2465 loannem
2004 2435 2234 2466 Montesonum
2250 2434 2337 2477 (cap.
2345 2446 2391 2476 m,

1316 2478 1348 2508 3·
1363 2478 1516 2515 condus„
1539 2481 1572 2508 2¹
1587 2476 1715 2520 prob.);
1735 2485 1806 2508 tum
1825 2479 1915 2519 quod
1938 2478 2015 2510 haec
2039 2479 2193 2510 sententia
2208 2486 2264 2511 aut
2278 2480 2390 2521 opinio

1313 2521 1437 2552 videtur
1455 2522 1584 2552 adversa
1599 2521 1831 2553 Constitutioni
1851 2523 1862 2553 1
1882 2523 1934 2554 De
1951 2533 2077 2554 summa
2102 2524 2260 2555 fflnitate
2274 2530 2306 2556 et
2317 2525 2392 2567 fide

1313 2566 1471 2597 catholica
1487 2577 1506 2597 a
1522 2566 1678 2606 Gregorio
1695 2567 1723 2597 X
1740 2567 1841 2598 editae
1858 2567 1890 2597 in
1907 2567 2055 2598 Secundo
2072 2567 2280 2608 Lugdunensi
2304 2568 2391 2601 Con-

1313 2610 1386 2640 cilio
1402 2620 1487 2641 anno
1509 2620 1602 2652 1274,
1619 2617 1690 2641 tum
1713 2611 1802 2652 quod
1826 2611 1973 2642 eamdem
1995 2612 2140 2642 Thomas
2162 2613 2231 2653 ipse
2247 2613 2390 2644 reiicien·

1313 2654 1388 2684 dam
1411 2655 1533 2694 putavit
1556 2655 1589 2685 in
1613 2655 1716 2695 prima
1739 2655 1890 2686 Summae
1914 2655 2111 2696 theologicae
2134 2663 2231 2696 parte.

1381 2699 1541 2729 Laudatae
1565 2698 1812 2730 Constitutionis
1842 2699 1936 2730 verba
1959 2699 2104 2740 profero:
2129 2700 2335 2731 Damnamus
2357 2706 2389 2732 et

1313 2742 1554 2782 reprobamus...
1565 2743 1653 2783 qui...
1658 2744 1971 2783 praesumpserint...
1988 2753 2135 2775 asserere
2149 2744 2235 2785 quod
2248 2744 2389 2785 Spiritus

1313 2792 1446 2817 sanctus
1470 2796 1512 2817 ex
1533 2787 1632 2817 Patre
1655 2792 1685 2817 et
1707 2787 1802 2824 Filio,
1827 2792 1990 2828 tamquam
2015 2797 2057 2818 ex
2078 2788 2203 2819 duobus
2215 2790 2388 2830 principiis

1313 2835 1344 2861 et
1369 2841 1432 2861 non
1457 2836 1619 2872 tamquam
1644 2841 1686 2861 ex
1709 2841 1784 2868 uno,
1796 2831 1962 2872 procedat.
1979 2833 2030 2862 An
2050 2832 2222 2863 catholicae
2241 2833 2316 2864 huic
2333 2834 2387 2865 de-

1313 2874 1451 2905 finitioni
1475 2875 1604 2906 adversa
1628 2874 1721 2906 fuerit
1745 2875 1842 2906 sancti
1866 2875 2014 2907 Thomae
2037 2876 2133 2908 thesis
2157 2883 2188 2907 et
2210 2876 2387 2909 sententia?

1313 2919 1401 2950 Toto
1418 2926 1498 2950 errat
1521 2919 1605 2950 ostio
1629 2920 1685 2961 qui
1708 2920 1741 2950 id
1765 2920 1944 2951 contendat.
1961 2920 2196 2960 Animadverte,
2214 2922 2300 2952 aliud
2320 2931 2388 2954 esse

1313 2963 1345 2993 in
1371 2964 1619 2994 controversiam
1642 2974 1775 3002 vocare,
1799 2974 1880 2994 num
1902 2965 1994 2995 Pater
2016 2971 2047 2996 et
2070 2965 2170 2996 Filius
2199 2966 2262 2997 sint
2284 2976 2385 2998 unum

1307 3009 1505 3048 principium
1531 3008 1665 3049 Spiritus
1689 3008 1798 3046 sancti,
1823 3008 1994 3050 ipsumque
2019 3011 2115 3040 unica
2138 3011 2262 3050 spirent
2282 3011 2386 3051 spira·

1313 3053 1399 3082 tione
1422 3059 1452 3083 et
1475 3052 1560 3083 aliud
1584 3052 1679 3093 longe
1703 3052 1883 3091 diversum,
1907 3063 1948 3084 an
1972 3053 2032 3084 dici
2065 3054 2208 3094 possint,
2232 3054 2387 3086 catholica

1312 3096 1427 3127 intacta
1450 3096 1523 3135 fide,
1540 3097 1604 3128 duo
1619 3098 1779 3138 spirantes
1802 3097 1929 3138 duoque
1950 3099 2156 3138 spiratores?
2169 3099 2221 3129 Ad
2244 3098 2386 3140 primum

1313 3141 1402 3182 quod
1434 3141 1564 3180 attinet,
1588 3141 1674 3172 aiens
1707 3148 1754 3172 est
1776 3142 1895 3181 dogma
1927 3142 2140 3181 catholicum,
2169 3143 2259 3184 quod
2281 3143 2384 3175 allatis

1312 3185 1414 3216 verbis
1438 3185 1547 3216 definit
1570 3185 1741 3226 Gregorius
1764 3185 1927 3217 Pontifex:
1951 3186 2040 3228 quod
2072 3187 2278 3228 eloquiorum
2306 3186 2384 3218 divi-

1313 3239 1430 3260 norum
1474 3229 1536 3260 fide
1582 3230 1777 3272 Patrumque
1813 3230 1982 3261 traditione
2019 3230 2177 3262 illustrant
2213 3230 2384 3263 orthodoxi

1312 3274 1488 3314 scriptores.

1379 3318 1491 3349 Fidem
1515 3318 1661 3349 eamdem
1684 3318 1915 3349 sanctissimam
1938 3319 2050 3357 tradit,
2075 3319 2224 3360 exponit,
2247 3319 2385 3350 vindicat

1311 3362 1454 3403 Aquinas
1478 3362 1511 3393 in
1535 3372 1594 3393 suo
1618 3362 1651 3393 in
1666 3362 1807 3404 primum
1822 3363 2053 3394 Sententiarum
2073 3363 2191 3394 librum
2206 3363 2382 3395 Commen-

1310 3407 1390 3437 tario
1414 3407 1487 3438 loco
1520 3406 1625 3438 citato.
1652 3407 1785 3448 Inquirit
1807 3414 1863 3438 art.
1890 3417 1926 3445 11,
1950 3407 2064 3438 Utrum
2089 3407 2230 3448 Spiritus
2251 3412 2383 3438 sanctus

1305 3451 1463 3491 procedat
1486 3461 1506 3482 a
1530 3452 1628 3482 Patre
1653 3457 1684 3482 et
1706 3452 1790 3482 Filio
1813 3453 1845 3482 in
1869 3457 2025 3492 quantum
2049 3457 2125 3483 sunt
2144 3451 2272 3482 unum?
2286 3450 2383 3491 Egre-

1310 3495 1394 3535 giam
1418 3495 1524 3536 accipe
1547 3496 1761 3536 theologicam
1784 3495 2019 3527 definitionem:
2047 3508 2062 3524 ς
2082 3495 2261 3526 Dicendum
2293 3495 2382 3536 quod

1313 3552 1327 3566 »
1351 3540 1456 3570 omnis
1473 3546 1560 3571 actus
1584 3539 1715 3571 refertur
1730 3540 1770 3570 ad
1787 3541 1852 3571 duo
1869 3539 2075 3580 originaliter:
2091 3539 2208 3570 scilicet
2222 3539 2266 3569 ad
2280 3549 2381 3580 agen-

1313 3596 1326 3610 »
1351 3590 1412 3614 tem
1437 3590 1467 3615 et
1489 3585 1534 3615 ad
1549 3585 1747 3625 principium
1772 3585 1917 3615 actionis.
1943 3586 2050 3624 Agens
2073 3590 2180 3614 autern
2204 3589 2251 3613 est
2274 3582 2381 3623 ipsum

188 3629 263 3660 haec
290 3631 386 3661 lector
409 3631 544 3672 quisque
568 3631 675 3671 paullo
700 3629 847 3660 attentior
877 3628 1028 3659 facillimo
1052 3627 1180 3668 negotio
1203 3637 1255 3658 va·
1313 3641 1327 3655 »
1350 3628 1573 3668 suppositum,
1599 3635 1634 3659 ut
1656 3628 1758 3659 homo
1781 3628 1832 3658 vel
1854 3627 1954 3668 ignis:
1979 3634 2010 3658 et
2032 3626 2226 3668 principium
2248 3627 2380 3659 actionis
