2548 4192
478 280 938 317 DISSERTATIONES
970 281 1218 317 CRITICAE
1249 282 1304 318 IN
1334 283 1372 319 S.
1393 283 1634 320 THOMAM
1662 284 1985 331 AQUINATEM

129 362 344 394 Franciscium
363 361 384 392 f.
403 360 558 401 Apprime
582 360 776 391 conveniunt
799 361 922 399 ambae,
946 360 1016 390 solo
1041 360 1199 401 quaestio-

128 418 208 439 num
225 416 359 438 numero
379 411 520 444 excepto,
540 404 596 444 qui
615 404 648 434 in
669 404 808 435 editione
826 405 1083 444 Norimbergensi
1099 405 1201 435 maior

127 459 185 491 est,
209 452 316 482 minor
338 450 372 480 in
396 450 527 487 Veneta,
552 448 640 489 prelo
665 455 701 479 ut
723 456 803 489 puto
828 456 958 480 errante.

220 522 319 563 Apud
342 532 366 552 s.
391 521 565 552 Thomam.
779 522 877 562 Apud
901 521 1083 553 Halensem.

174 587 290 617 Utrum
308 585 407 625 pueri
426 585 458 614 in
481 588 569 614 statu
593 584 640 614 in-

127 631 293 662 nocentiae
307 630 376 660 nati
390 628 529 664 ficissent
544 630 576 659 in
593 629 640 658 iu-

125 676 213 707 stitia
237 674 429 715 confirmati.

731 584 884 624 Sequitur
899 585 1073 625 inquirere,
1092 590 1199 615 utrum

687 626 804 670 (liberi)
824 633 928 659 essent
945 629 1078 659 heredes
1090 634 1200 669 pater-

686 683 749 703 nae
779 674 936 710 iustitiae‚
969 679 1126 713 quantum
1158 673 1202 704 ad

689 718 842 748 iustitiam
868 717 1101 758 confirmatam.

195 781 303 819 Quam
319 779 455 810 dilucide
479 779 705 821 concinnisque
726 779 828 810 verbis
844 779 1028 820 propositus
1045 780 1083 810 ab
1099 780 1200 821 Aqui-

127 833 199 857 nate
223 831 321 856 status
345 823 554 865 quaestionis!
580 824 763 855 Obscurum
787 830 817 854 et
840 824 1016 864 implexum
1035 824 1106 865 quis
1128 824 1200 855 infi-

126 871 259 902 ciabitur
274 869 424 910 ⁴positum
447 869 486 899 ab
510 868 641 899 Halensi
664 867 812 900 titulum?
831 869 979 906 Quatuor
997 869 1134 909 opponit
1152 879 1200 899 ar-

126 921 278 956 gumenta
301 925 326 944 s.
346 913 505 944 Thomas:
537 920 676 954 quatuor
698 913 794 944 etiam
821 913 970 953 leguntur
995 913 1028 943 in
1052 913 1199 952 Halensi,

126 969 209 1001 quae
233 958 323 989 facile
347 958 461 988 resolvi
485 958 518 988 in
543 968 595 988 sex
618 964 762 998 possunt.
788 960 1023 998 Argumentum
1046 958 1199 998 primum,

125 1004 214 1046 quod
239 1013 275 1034 ex
294 1002 477 1033 auctoritate
497 1002 641 1042 Gregorii
664 1002 771 1042 Magni
790 1002 884 1032 trahit
902 1002 1056 1043 Aquinas,
1076 1002 1109 1032 in
1125 1002 1199 1032 Ale-

125 1048 245 1079 xandro
270 1047 476 1078 desideratur:
501 1056 582 1087 quae
607 1053 794 1087 sequuntur,
818 1046 912 1086 longe
937 1045 1083 1076 differunt
1104 1047 1198 1087 stylo,

125 1093 238 1131 verbis,
263 1091 546 1132 argumentationis
569 1090 679 1120 modo.

175 1172 200 1192 1.
229 1173 244 1189 α
261 1160 409 1197 Videtur,
438 1159 527 1199 quod
550 1158 640 1199 pueri

123 1205 158 1236 in
167 1211 250 1236 statu
264 1203 463 1234 innocentiae
477 1202 543 1233 nati
564 1202 640 1233 fuis-

124 1257 194 1282 sent
208 1249 242 1280 in
255 1248 373 1279 iustitia
383 1246 571 1278 confirmati.
586 1247 639 1278 Di-

124 1294 168 1326 cit
186 1294 272 1325 enim
285 1292 456 1333 Gregorius
472 1292 514 1323 IV
527 1291 639 1322 Moral.

125 1337 265 1382 (mxxxw
274 1334 444 1379 aliasxxxt)
456 1341 551 1377 super
559 1335 640 1367 illud

124 1384 198 1415 lob:
217 1382 346 1414 Sommo
371 1391 440 1412 meo
465 1382 641 1422 requiesce-

124 1437 192 1459 rem
203 1435 215 1459 .·
246 1427 283 1458 Si
300 1431 471 1467 parentem
495 1426 640 1466 primum

124 1473 216 1504 nulla
221 1471 361 1513 putredo
362 1471 490 1512 peccati
497 1480 641 1501 corrum-

116 1522 222 1558 peret,
235 1525 437 1557 nequaquam
453 1525 495 1546 ex
507 1524 542 1546 se
545 1514 640 1556 filios

121 1561 292 1604 gehennae
305 1565 501 1602 generaret:
518 1559 576 1590 sed
588 1560 639 1596 hi,

122 1606 180 1648 qui
207 1615 294 1637 nunc
310 1614 374 1646 per
395 1604 638 1645 Redemptorem

121 1650 273 1682 salvandi
299 1654 393 1687 sunt,
425 1649 486 1680 soli
513 1649 554 1680 ab
584 1648 640 1678 illo

123 1695 215 1726 electi
238 1699 460 1726 nascerentur.
480 1693 566 1733 Ergo
585 1703 639 1723 na-

2237 299 2330 329 ccvu

1255 361 1325 392 liter
1353 369 1384 393 et
1406 362 1518 401 homo,
1550 364 1576 394 si
1604 363 1769 394 tentationi

1257 406 1427 444 restitisset,
1435 407 1639 439 confirmatus
1650 407 1768 438 fuisset.

1261 450 1323 481 Sed
1337 451 1438 492 qualis
1449 451 1516 492 ipse
1532 452 1592 483 fuit
1601 453 1677 483 tales
1693 452 1772 483 alios

1256 503 1450 534 generasset:
1464 506 1538 536 ergo
1549 504 1580 528 et
1589 496 1644 527 filii
1657 496 1769 528 confir-

1257 546 1333 570 mati
1343 540 1503 571 iniustitia
1519 548 1728 572 nascerentur.
1739 554 1753 569 »

1815 365 1903 405 quod
1933 375 1999 395 non
2023 372 2087 395 erat
2114 372 2216 396 tantae
2240 366 2331 398 forti-

1816 407 1953 451 tudinis)
1977 409 2116 447 videtur,
2146 411 2234 451 quod
2261 411 2328 451 ipse

1818 453 1843 483 si
1867 453 2010 491 stetisset,
2031 454 2136 484 statim
2155 462 2234 485 esset
2254 466 2329 486 con-

1816 496 1968 528 firmatus.
1994 498 2055 528 Sed
2078 498 2154 529 tales
2176 498 2258 529 filios
2276 509 2329 539 ge-

1816 549 1967 580 nerasset,
1996 542 2099 583 qualis
2127 543 2232 574 statim
2255 543 2330 574 fuis—

1815 593 1875 617 set:
1901 596 1975 626 ergo
1999 594 2056 618 etc.
2075 599 2090 614 ¹>

1302 672 1420 711 Verba,
1436 674 1535 715 stylus
1555 684 1590 704 ac
1611 674 1781 705 sententiae
1798 674 1882 705 nitor
1904 675 1999 715 longe
2023 675 2183 706 differunt:
2203 676 2326 717 ipsum-

1257 726 1336 756 que,
1367 718 1456 758 quod
1490 725 1536 749 est
1564 719 1750 749 obiectionis
1779 726 2000 758 momentum,
2033 730 2100 750 non
2128 720 2214 750 idem
2239 721 2326 761 apud

1257 767 1438 802 utrumque.
1463 763 1524 793 Pro
1547 763 1606 793 hac
1629 764 1822 804 quaestionis
1847 771 1943 804 parte,
1968 774 2051 805 quae
2074 766 2227 795 iustitiam
2251 775 2328 796 con-

1245 806 1417 846 firmatam
1437 806 1579 837 filiorum
1602 814 1730 847 spectat,
1750 807 1850 848 pergit
1869 808 2014 838 Halensis
2033 809 2219 849 depromere
2238 819 2329 850 argu-

1255 857 1362 880 menta
1386 861 1423 881 ex
1446 851 1514 881 aliis
1532 851 1676 881 Anselmi
1699 852 1800 882 verbis
1820 859 1850 883 et
1873 862 1910 882 ex
1932 852 2119 893 Philosophi
2143 854 2328 885 auctoritate

1255 904 1291 924 ac
1313 894 1475 925 rationum
1497 895 1726 925 fundamentis:
1751 906 1832 936 quae
1856 906 1922 926 non
1943 897 2037 928 habet
2051 897 2204 938 Aquinas.
2223 898 2327 929 Affert

1255 937 1306 968 hic
1328 948 1404 968 vero
1427 939 1461 969 in
1484 946 1671 978 argumento
1695 940 1886 979 prolusorio,
1910 941 2007 980 vulgo
2030 942 2094 972 Sed
2112 948 2241 980 contra,
2261 945 2327 973 Au-

1254 982 1372 1022 gustini
1401 983 1604 1020 sententiam,
1634 993 1698 1023 qua
1725 983 1783 1013 sibi
1812 984 1896 1014 viam
1925 992 2013 1024 paret
2040 986 2080 1015 ad
2107 987 2327 1026 quaestionem

1255 1026 1480 1057 dirimendam:
1506 1027 1684 1068 eodemque
1708 1028 1807 1058 utitur
1834 1028 2016 1059 testimonio
2044 1030 2210 1069 Halensis,
2237 1031 2326 1072 quod

1255 1069 1323 1110 ipse
1347 1071 1479 1101 demum
1503 1071 1624 1102 deserit.

1303 1127 1318 1142 ‹
1338 1115 1399 1145 Sed
1416 1121 1540 1145 contra:
1557 1115 1646 1156 quod
1660 1118 1769 1155 Augu-

1255 1158 1356 1189 stinus
1380 1159 1455 1189 dicit
1477 1159 1551 1190 XIV
1576 1160 1624 1190 De
1648 1159 1770 1190 civitate

1255 1202 1315 1232 Dei
1338 1201 1383 1245 (c.
1398 1201 1453 1245 x):
1483 1204 1573 1234 Tunc
1587 1203 1680 1244 felix
1699 1205 1768 1234 uni-

1256 1256 1349 1278 versa
1369 1253 1450 1278 esset
1465 1248 1607 1278 humana
1622 1249 1768 1286 societas,

1256 1288 1401 1333 (sensum
1415 1292 1511 1322 habes
1537 1302 1602 1322 non
1622 1291 1771 1335 litteram)

1255 1336 1284 1366 si
1306 1346 1365 1367 nec
1384 1337 1442 1374 illi,
1462 1337 1583 1368 scilicet
1595 1338 1698 1378 primi
1709 1347 1770 1377 pa-

1256 1386 1382 1418 rentes,
1414 1382 1536 1412 malum
1568 1383 1600 1412 in
1623 1387 1772 1422 posteros

1256 1427 1463 1456 traiicerent:
1510 1436 1569 1456 nec
1611 1427 1768 1467 quispiam

1256 1481 1298 1502 ex
1319 1471 1419 1510 stirpe
1441 1480 1551 1501 eorum
1572 1471 1769 1511 iniquitatem

1256 1516 1475 1552 committeret,
1492 1525 1575 1556 quae
1589 1515 1769 1546 damnatio-

1256 1570 1327 1590 nem
1345 1560 1510 1600 reciperet.
1530 1560 1578 1590 Ex
1593 1570 1659 1600 quo
1680 1560 1771 1591 datur

1255 1603 1398 1644 intelligi,
1422 1605 1511 1644 quod
1535 1604 1656 1634 etiamsi
1676 1604 1770 1644 primi

1255 1648 1402 1679 homines
1421 1658 1487 1678 non
1504 1656 1694 1688 peccassent,
1714 1649 1770 1679 ali-

1255 1693 1311 1734 qui
1335 1703 1377 1723 ex
1400 1703 1510 1723 eorum
1529 1694 1629 1733 stirpe
1647 1693 1768 1733 potuis-

1859 1117 1956 1156 Apud
1970 1117 2156 1149 Halensem:
2171 1132 2186 1147 ⁴<
2197 1118 2327 1150 Contra:

1815 1162 1950 1200 August.
1970 1162 2043 1192 XIV
2062 1162 2109 1192 De
2124 1162 2256 1201 civitate,
2277 1174 2325 1194 ca-

1815 1204 1879 1244 pite
1899 1212 1933 1235 x:
1963 1205 2067 1242 Quam
2087 1206 2206 1246 felices
2231 1213 2324 1238 erant

1817 1247 1924 1291 (primi
1935 1248 2094 1292 homines)
2105 1256 2135 1280 et
2146 1251 2243 1282 nullis
2252 1253 2324 1292 agi-

1819 1293 1971 1324 tabantur
2032 1295 2328 1334 perturbationibus

1815 1338 1997 1368 animorum
2029 1336 2098 1381 (et)
2132 1340 2230 1370 nullis
2258 1350 2327 1371 cor-

1811 1392 1930 1422 porum
1964 1383 2173 1413 laedebantur
2210 1386 2326 1415 incom-

1815 1426 1936 1457 modis!
1970 1428 2047 1457 Tam
2061 1427 2154 1468 felix
2177 1430 2328 1459 universa

1816 1472 1951 1502 societas
1965 1477 2046 1502 esset
2059 1472 2212 1509 humana,
2229 1474 2258 1503 si
2272 1483 2330 1503 nec

1816 1516 1864 1546 illi
1894 1516 2026 1553 malum,
2057 1517 2144 1556 quod
2171 1518 2264 1547 etiam
2295 1518 2327 1547 in

1810 1565 1959 1600 posteros
1982 1561 2167 1591 traiicerent
2190 1559 2328 1603 (traiece-

1815 1611 1889 1635 runt
1906 1613 1916 1635 :
1939 1614 1998 1635 nec
2019 1606 2176 1646 quispiam
2197 1615 2238 1636 ex
2261 1604 2328 1648 (eo-

1816 1659 1888 1679 rum
1917 1650 2017 1690 stirpe
2031 1650 2228 1690 iniquitatem
2246 1660 2328 1680 com-

1814 1695 1962 1731 mitteret,
1982 1704 2066 1734 quae
2088 1694 2326 1725 damnationem

123 1746 284 1771 scerentur
314 1748 426 1769 omnes
458 1737 492 1768 in
522 1737 640 1768 iustitia

124 1782 312 1815 confirmati.
330 1795 345 1811 »

171 1839 200 1860 2.
221 1842 236 1857 «
248 1828 410 1859 Praeterea
417 1826 589 1858 Anselmus
597 1826 644 1856 di-

123 1873 166 1906 cit
178 1873 212 1904 in
225 1873 307 1904 libro
322 1872 334 1902 1
358 1871 428 1902 Cur
442 1872 534 1902 Deus
547 1871 640 1901 homo

121 1915 165 1960 (c.
172 1914 276 1959 xvm),
283 1916 373 1957 quod
381 1917 410 1947 si
414 1916 516 1956 primi
518 1925 639 1955 paren-

121 1967 170 1995 tes
177 1963 225 1993 sic
237 1962 402 1997 vixissent,
411 1966 447 1991 ut
456 1961 569 1991 tentati
579 1969 642 1990 non

115 2006 320 2048 peccassent,
343 2006 388 2036 ita
408 2005 638 2046 confirmaren-

122 2057 178 2084 tur
187 2061 259 2082 cum
270 2051 357 2082 omni
365 2050 550 2091 propagine
563 2058 636 2087 sua,

121 2101 159 2127 ut
172 2095 259 2126 ultra
268 2104 407 2136 peccare
422 2104 485 2125 non
495 2099 638 2135 possent.

121 2141 209 2182 Ergo
223 2140 314 2181 pueri
329 2145 530 2170 nascerentur
543 2138 577 2169 in
592 2138 639 2169 iu-

121 2184 206 2217 stitia
229 2183 416 2215 confirmati.
440 2196 455 2211 ›

172 2983 200 3013 3.
228 2995 244 3011 α
261 2982 423 3013 Praeterea
444 2982 569 3013 bonum
592 2988 639 3013 est

124 3025 296 3067 potentius,
311 3036 410 3068 quam
425 3027 558 3057 malum.
575 3026 638 3058 Sed

123 3077 254 3112 propter
276 3077 442 3110 peccatum
465 3070 559 3111 primi
580 3071 637 3101 ho-

123 3114 218 3146 minis
233 3121 403 3146 consecuta
416 3121 463 3145 est
471 3115 639 3146 necessitas

123 3159 274 3200 peccandi
289 3159 322 3189 in
336 3159 385 3189 his
399 3158 455 3200 qui
467 3166 640 3190 nascuntur

123 3214 162 3235 ex
180 3211 234 3234 eo:
259 3213 334 3244 ergo
353 3203 379 3233 si
398 3203 519 3244 primus
538 3203 638 3234 homo

122 3248 157 3279 in
172 3247 290 3279 iustitia
308 3247 500 3288 perstitisset,
521 3247 638 3278 deriva-

123 3299 209 3323 retur
236 3293 276 3323 ad
306 3298 450 3333 posteros
473 3291 638 3322 necessitas

123 3337 312 3368 observandi
335 3336 497 3367 iustitiam.
516 3348 531 3364 »

168 3479 200 3509 4.
223 3482 240 3498 ι
255 3470 417 3500 Praeterea
430 3468 572 3509 Angelus
586 3468 640 3499 ad-

123 3513 254 3545 haerens
276 3514 358 3553 Deo,
387 3513 454 3544 aliis
482 3513 638 3554 peccanti-

124 3558 184 3589 bus
199 3581 208 3597 ,
241 3558 348 3590 statim
380 3564 426 3589 est
457 3557 490 3588 in
522 3557 639 3588 iustitia

122 3601 340 3642 confirmatus,
364 3609 400 3634 ut
418 3602 548 3633 ulterius
566 3612 638 3642 pec-

118 3655 194 3677 care
216 3657 283 3678 non
303 3654 427 3688 posset:
452 3656 526 3688 ergo
550 3646 637 3677 simi-

734 1824 831 1865 Apud
848 1824 1021 1855 Halensem
1036 1830 1110 1864 post
1124 1834 1201 1865 qua-

685 1876 760 1901 tuor
773 1870 823 1900 vel
837 1879 889 1900 sex
908 1875 1099 1900 memoratas
1116 1868 1202 1899 obie-

687 1914 824 1953 ctiones,
851 1913 1016 1954 responsio
1044 1913 1201 1954 sequitur,

689 1969 771 2000 quae
795 1965 983 1999 argumento
1005 1968 1022 1988 2
1040 1968 1058 1988 a
1074 1958 1202 1989 Thoma

685 2003 791 2044 posito
811 2002 953 2034 consona
969 2010 1024 2034 est.
1045 2016 1060 2031 ‹
1073 2003 1125 2033 Ad
1140 2003 1202 2033 hoc

684 2048 866 2087 dicendum,
891 2048 1069 2079 secundum
1090 2047 1201 2078 Ansel-

685 2103 788 2131 mum,
799 2093 889 2134 quod
903 2092 929 2123 si
942 2093 1099 2123 stetissent
1108 2092 1202 2133 primi

684 2144 840 2179 parenteS,
855 2137 1038 2178 genuissent
1050 2136 1133 2167 filios
1148 2137 1201 2167 110-

684 2182 774 2213 1οἀ05
785 2189 932 2223 paternae
943 2181 1091 2220 iustitiae,
1101 2192 1202 2223 quan-

683 2234 754 2258 tum
762 2227 802 2257 ad
807 2226 961 2258 iustitiam
970 2225 1200 2257 confirmatam:

684 2271 740 2302 sed
775 2271 852 2302 haec
886 2270 1084 2302 confirmatio
1123 2278 1203 2302 esset

684 2322 843 2357 quantum
866 2316 907 2346 ad
933 2315 1094 2348 iustitiam.
1109 2315 1202 2356 origi-

684 2360 800 2391 nalem.
815 2361 908 2391 Unde
931 2360 1103 2391 Anselmus
1117 2360 1173 2390 lib.
1190 2361 1201 2390 1

687 2405 757 2436 Cur
788 2405 879 2436 Deus
905 2405 998 2435 homo
1022 2403 1070 2447 (c.
1094 2403 1202 2447 xvm),

684 2450 831 2490 quamvis
841 2449 982 2480 nondum
987 2449 1202 2489 proveheren-

685 2499 741 2524 tur
749 2494 793 2524 ad
803 2493 891 2524 illam
900 2494 1126 2534 aequalitatem
1135 2493 1202 2523 An-

684 2538 852 2579 gelorum,
882 2537 926 2568 ad
948 2547 1044 2578 quam
1062 2547 1201 2578 perven-

683 2583 751 2613 turi
765 2587 859 2613 erant
872 2582 1026 2620 homines,
1042 2591 1114 2613 cum
1124 2592 1200 2622 per-

673 2626 788 2668 fectus
807 2632 878 2657 erat
901 2636 1056 2657 numerus
1073 2626 1114 2657 de
1137 2627 1202 2658 illis

683 2671 910 2702 assumendus:
940 2672 972 2701 in
1005 2671 1062 2701 illa
1093 2676 1200 2701 tamen

654 2714 656 2716 ’
683 2716 816 2753 iustitia,
829 2716 862 2746 in
877 2725 940 2756 qua
956 2721 1060 2753 erant,
1073 2716 1200 2746 videtur

683 2760 769 2801 quod
790 2761 820 2790 si
843 2761 1007 2798 vixissent,
1033 2765 1069 2791 ut
1087 2761 1201 2790 tentati

684 2814 747 2835 non
773 2810 977 2845 peccassent,
1009 2805 1053 2835 ita
1082 2805 1199 2844 confir·

685 2855 855 2880 marentur
878 2859 950 2881 cum
974 2850 1062 2879 omni
1078 2859 1198 2890 propa-

682 2895 761 2935 gine
782 2904 860 2932 sua,
891 2899 926 2924 ut
955 2894 1042 2924 ultra
1060 2904 1200 2934 peccare

684 2948 747 2969 non
764 2944 899 2978 possent
921 2944 979 2969 etc.
1000 2951 1015 2966 »

728 2983 827 3023 Apud
849 2983 1022 3013 Halensem
1050 2982 1198 3022 obiectio,

683 3037 765 3068 quae
788 3027 893 3068 primo
916 3027 990 3058 loco
1014 3027 1118 3068 posita
1141 3033 1198 3066 est,

683 3071 726 3102 ita
749 3071 906 3112 procedit:
935 3085 949 3100 κ
969 3071 1053 3109 Quia
1076 3071 1199 3102 malum

682 3126 750 3146 non
769 3123 816 3147 est
833 3115 994 3157 potentius
1012 3116 1046 3146 in
1064 3116 1197 3154 malum,

684 3170 782 3201 quam
798 3161 922 3191 bonum
937 3160 970 3190 in
986 3161 1120 3191 bonum.
1137 3160 1199 3191 Sed

683 3205 788 3235 Adam
825 3205 987 3245 peccando
1028 3204 1199 3235 transmisit

683 3249 816 3289 posteris
832 3249 1049 3280 necessitatem
1067 3259 1197 3289 peccan-

684 3293 736 3331 di,
769 3293 880 3324 saltem
911 3293 1089 3324 venialiter:
1123 3303 1197 3333 ergo

682 3337 816 3376 videtur,
836 3337 926 3378 quod
940 3344 1024 3368 stans
1043 3337 1107 3367 sive
1123 3347 1197 3377 pro-

681 3380 806 3412 ficiens.
817 3403 824 3412 .
835 3404 860 3412 ..
884 3381 1106 3412 transmisisset
1136 3380 1197 3410 illis

683 3425 836 3456 iustitiam
859 3425 1089 3456 confirmatam.
1109 3437 1124 3452 »

730 3469 792 3500 Ob.
812 3479 841 3499 2.
865 3482 880 3497 ‹
893 3469 972 3500 Item
988 3468 1099 3509 Angeli
1114 3475 1196 3499 stan-

685 3519 747 3552 tes,
776 3513 882 3544 statim
905 3512 1081 3543 confirmati
1110 3518 1193 3543 sunt.

684 3557 717 3589 Si
745 3567 819 3597 ergo
843 3557 993 3587 meritum
1019 3557 1107 3587 Adae
1130 3566 1197 3586 non

683 3601 794 3632 fuisset
807 3601 924 3640 minus,
940 3611 1038 3642 quam
1047 3601 1197 3631 meritum

682 3646 797 3687 Angeli
827 3644 930 3689 (quod
953 3652 1038 3686 patet
1056 3655 1113 3687 per
1134 3645 1196 3676 hoc

1246 3452 1251 3455 Ι
1298 3481 1314 3495 a:
1332 3467 1384 3498 Ad
1409 3475 1444 3497 2:
1476 3467 1646 3497 dicendum
1675 3467 1764 3508 quod

1815 1736 1979 1778 reciperet.
2000 1738 2047 1768 Ex
2065 1738 2126 1769 hoc
2145 1739 2241 1769 verbo
2259 1741 2327 1769 Au-

1816 1783 1933 1822 gustini
1951 1782 2084 1822 videtur,
2105 1783 2144 1813 ad
2160 1783 2221 1813 hoc
2240 1783 2330 1824 quod

1816 1827 1932 1867 posteri
1956 1827 2134 1867 primorum
2161 1834 2329 1868 parentum

1815 1871 1971 1902 stetissent
1993 1871 2026 1902 in
2051 1872 2154 1912 prima
2173 1872 2330 1911 felicitate,

1800 1926 1942 1946 fnecesse
1961 1916 2070 1947 fuisset
2088 1917 2177 1957 quod
2196 1927 2253 1947 nec
2274 1927 2328 1957 pa-

1817 1967 1919 1991 rentes
1949 1970 2080 1999 eorum,
2109 1970 2167 1991 nec
2192 1961 2237 1991 illi
2256 1971 2329 2001 pec-

1817 2011 1931 2036 carent.
1946 2005 1994 2035 Ex
2009 2015 2076 2046 quo
2091 2005 2225 2044 videtur,
2239 2005 2329 2046 quod

1816 2049 1842 2079 si
1870 2056 2013 2089 parentes
2037 2049 2193 2080 stetissent
2208 2073 2217 2088 ,
2239 2049 2328 2090 quod

1815 2093 1918 2124 adhuc
1933 2094 2050 2134 posteri
2065 2104 2192 2134 peccare
2207 2093 2327 2134 potuis-

1816 2145 1899 2169 sent:
1917 2148 1976 2178 ego
1992 2145 2137 2178 poterant
2153 2148 2220 2168 esse
2235 2138 2328 2169 alieni

1817 2193 1835 2212 a
1858 2189 1987 2222 paterna
2010 2182 2127 2213 iustitia
2146 2189 2176 2213 et
2198 2182 2240 2213 ita
2261 2192 2327 2213 non

1818 2237 1884 2257 esse
1908 2226 2036 2257 heredes
2055 2226 2190 2257 iustitiae
2214 2226 2326 2257 confir-

1815 2277 1926 2301 matae.
1942 2283 1956 2297 »

1255 1744 1325 1780 sent
1344 1738 1542 1778 iniquitatem
1562 1739 1769 1768 committere:

1255 1792 1323 1812 non
1346 1791 1421 1821 ergo
1446 1789 1646 1813 nascerentur
1667 1782 1700 1812 in
1723 1782 1770 1813 iu-

1255 1827 1339 1858 stitia
1362 1825 1548 1857 confirmati.
1567 1839 1582 1854 »

1324 2361 1413 2391 Tum
1429 2359 1649 2401 quaestionem
1666 2359 1784 2390 dirimit
1799 2360 1920 2390 Doctor
1933 2360 2119 2400 Angelicus:
2139 2361 2326 2401 Respondeo

1257 2405 1438 2442 dicendum,
1463 2404 1620 2445 inquiens,
1640 2404 1725 2445 quod
1739 2414 1802 2435 non
1820 2404 1947 2435 videtur
1954 2405 2115 2445 possibile,
2133 2405 2219 2445 quod
2226 2407 2326 2445 pueri

1258 2451 1290 2480 in
1305 2454 1392 2480 statu
1408 2449 1608 2479 innocentiae
1622 2454 1834 2479 nascerentur
1848 2450 1880 2479 in
1896 2450 2017 2479 iustitia
2028 2449 2218 2490 confirmati.
2234 2450 2327 2481 Hanc

1257 2493 1327 2532 ille,
1351 2503 1450 2534 quam
1479 2492 1594 2533 delegit
1617 2493 1820 2531 sententiam,
1845 2493 2042 2523 solidissimis
2066 2501 2327 2534 argumentorum

1257 2538 1429 2568 momentis
1453 2538 1566 2578 probat
1584 2548 1620 2568 ac
1643 2537 1774 2568 evincit:
1799 2537 1917 2568 nihilve
1936 2548 2064 2577 eorum,
2089 2548 2170 2579 quae
2195 2538 2326 2577 disserit,

1257 2582 1321 2613 sive
1353 2592 1502 2620 sensum,
1526 2581 1591 2612 sive
1620 2582 1845 2620 substantiam,
1871 2582 1934 2612 sive
1961 2582 2055 2612 verba
2078 2589 2215 2622 specteS‚
2241 2583 2326 2623 apud

1256 2627 1430 2657 Halensem
1452 2626 1614 2667 reperitur.
1646 2626 1715 2657 Imo
1746 2626 1958 2657 franciscanus
1976 2627 2108 2664 Doctor,
2128 2634 2201 2667 post
2217 2627 2324 2658 allatas

1256 2671 1461 2710 obiectiones,
1485 2671 1722 2711 responsionem
1747 2681 1805 2711 pro
1825 2671 1926 2702 aiente
1945 2678 2032 2711 parte
2047 2671 2188 2702 subiicit:
2213 2671 2246 2701 in
2261 2682 2325 2712 qua

1254 2716 1399 2746 Anselmi
1423 2715 1611 2746 sententiam
1634 2715 1778 2756 superius
1792 2715 1919 2746 allatam
1938 2715 2057 2756 profert
2079 2715 2228 2756 additque
2242 2715 2325 2746 Boe-

1254 2760 1360 2791 thium
1390 2767 1421 2791 et
1448 2759 1667 2800 Augustinum
1697 2760 1777 2790 libro
1801 2760 1874 2790 XIV
1897 2760 1945 2790 De
1969 2759 2091 2790 civitate
2114 2760 2188 2798 Dei,
2214 2770 2281 2800 cap.
2301 2770 2323 2798 1,

1254 2805 1419 2846 ipsiusque
1443 2805 1574 2835 demum
1597 2804 1767 2845 Augustini
1791 2804 2011 2835 testimonium
2035 2814 2071 2834 ex
2085 2804 2199 2834 eodem
2217 2804 2265 2834 De
2280 2804 2322 2834 ci-

1253 2849 1349 2880 vitate
1371 2849 1453 2880 libro
1483 2859 1550 2889 cap.
1566 2859 1586 2879 x
1609 2849 1815 2889 desumptum
1839 2849 1882 2879 sic
1905 2849 2140 2888 interpretatur:
2173 2848 2215 2878 Ut
2231 2847 2324 2889 felix

1254 2899 1335 2925 esset
1357 2895 1492 2925 societas
1514 2894 1675 2931 humana,
1700 2894 1729 2924 si
1745 2894 1847 2934 primi
1863 2898 2018 2933 parentes
2041 2902 2103 2923 non
2136 2893 2322 2923 traiicerent

1254 2939 1375 2969 malum
1400 2939 1432 2968 in
1450 2943 1599 2979 posteros
1607 2945 1621 2975 ,⁶
1643 2939 1719 2979 quia
1750 2943 1827 2968 tunc
1850 2947 1907 2968 nec
1936 2938 2054 2977 aliquis
2075 2937 2115 2967 de
2131 2938 2321 2977 posteritate

1253 2984 1452 3023 iniquitatem
1484 2983 1700 3013 committeret.
1738 2982 1832 3019 Quod
1854 2987 1980 3019 autem,
2010 2981 2132 3021 inquit,
2156 2981 2321 3011 subditur:

1254 3025 1350 3069 (quae
1369 3027 1608 3057 damnationem
1630 3025 1805 3068 reciperet),
1831 3031 1905 3056 nota
1925 3031 1971 3056 est
1989 3026 2202 3065 expressionis
2208 3033 2222 3063 ,·
2244 3026 2320 3065 quia

1253 3073 1357 3102 omnis
1381 3072 1533 3112 iniquitas
1556 3072 1588 3101 in
1612 3076 1698 3102 statu
1722 3071 1777 3100 illo
1796 3070 2031 3101 damnationem
2049 3069 2223 3100 induceret.
2243 3069 2318 3100 Sen-

1254 3126 1326 3146 sum
1349 3115 1470 3146 inducit
1493 3125 1608 3155 nempe
1636 3121 1875 3155 praeposterum
1905 3121 1935 3144 et
1958 3114 1996 3144 ab
2019 3113 2190 3154 Augustini
2214 3120 2319 3144 mente

1252 3160 1348 3200 longe
1372 3159 1528 3190 dissitum.
1553 3159 1693 3189 Adversa
1716 3165 1900 3198 argumenta
1923 3165 2061 3199 quatuor
2081 3158 2176 3188 solvit
2194 3164 2319 3189 sanctus

1253 3205 1408 3243 Thomas,
1428 3210 1464 3234 ut
1487 3203 1657 3234 sententiae
1680 3203 1821 3243 negantis
1845 3202 1957 3233 veritas
1981 3201 2184 3233 confirmetur
2203 3209 2233 3233 et
2252 3202 2317 3233 elu-

1253 3255 1370 3279 cescat:
1394 3248 1580 3288 eademque,
1605 3247 1721 3278 scilicet
1744 3247 1930 3285 secundum,
1953 3247 2081 3277 tertium
2105 3253 2135 3277 et
2157 3253 2317 3287 quartum,

1251 3293 1295 3323 ita
1319 3292 1439 3323 solvere
1462 3292 1573 3322 nititur
1595 3291 1752 3330 Halensis,
1776 3298 1812 3322 ut
1834 3291 1867 3322 in
1886 3291 2081 3332 problemate
2100 3297 2205 3321 tamen
2220 3291 2316 3321 sistat.

1252 3337 1314 3367 Sed
1337 3336 1423 3376 ipsae
1451 3336 1583 3366 demum
1606 3336 1781 3366 solutiones
1814 3336 1960 3367 differunt
1983 3335 2069 3376 apud
2092 3341 2264 3375 utrumque
2287 3340 2318 3365 et

1251 3380 1364 3420 verbis,
1389 3387 1420 3411 et
1443 3390 1548 3419 sensu,
1573 3386 1604 3410 et
1626 3379 1809 3410 substantia.

1853 3467 1950 3507 Apud
1979 3466 2168 3497 Halensem:
2203 3479 2219 3494 ι
2238 3466 2320 3498 Sunt

1805 3517 1913 3541 autem
1928 3511 2078 3552 quidam,
2102 3521 2168 3541 non
2191 3510 2318 3551 acquie-

1251 3556 1395 3594 serendo,
1407 3555 1461 3586 sed
1477 3555 1657 3595 opinando:
1674 3555 1764 3596 quod
1808 3561 1927 3585 scentes
1960 3555 2130 3586 sententiae
2157 3555 2317 3594 Anselmi,

1250 3606 1336 3640 patet
1349 3610 1386 3630 ex
1399 3600 1471 3640 ipso
1483 3599 1582 3630 modo
1597 3599 1761 3640 loquendi,
1808 3599 1944 3630 dicentes
1965 3600 2055 3640 quod
2076 3609 2201 3640 semper
2222 3599 2320 3639 geniti

1251 3644 1376 3675 videtur
1398 3644 1483 3685 quod
1504 3645 1534 3675 si
1556 3645 1719 3675 vixissent.
1733 3656 1748 3671 x
1805 3643 1937 3675 fuissent
1959 3643 2016 3674 filii
2038 3644 2072 3674 in
2096 3650 2178 3675 statu
2201 3643 2257 3674 illo
2282 3643 2317 3682 in

1250 3512 1421 3542 Anselmus
1441 3511 1503 3541 hoc
1526 3521 1592 3541 non
1616 3511 1691 3541 dicit
1714 3521 1760 3541 as-
