2788 4204
39 351 49 360 ·
62 355 96 372 1⁷1:
107 354 160 371 esee
169 354 256 376 quaer.

37 402 47 412 ·
63 401 171 429 Lct.u,
187 407 241 424 ιιι.

136 613 151 639 δ

37 719 50 731 ’·
64 725 92 741 o:
107 718 145 741 ve!
157 720 240 747 potest

37 746 136 775 νήει-η’.

0 1829 5 1850 ³
22 1839 40 1853 ⁴
51 1846 131 1868 mot:
145 1844 234 1864 cenat.

19 2213 36 2228 ⁸
47 2220 77 2237 n:
90 2214 132 2237 εοΙ
148 2213 238 2243 deficit.

21 2268 239 2297 ’Πιερικῷ-Λα

21 2295 107 2318 omit
124 2297 237 2318 terram.

23 2375 32 2387 '¹
44 2374 87 2397 Sic
100 2381 130 2397 ex
143 2374 213 2397 codd.

17 2534 33 2548 ³
44 2540 84 2557 ret
98 2540 148 2557 om.
164 2534 236 2556 duan.

14 2586 235 2643 ᾍάᾱῗᾰηῗζ·

13 2746 200 2776 'nzntpatm

1181 269 1293 307 CAP.
1324 271 1355 317 1,

285 352 525 390 consequens
545 343 797 391 quaeribilem
818 345 850 381 *.
869 345 975 382 Sicut
998 354 1127 383 autem
1147 347 1186 383 in
1206 349 1237 384 II
1257 349 1359 385 Peri-

282 394 516 431 hermeneias
531 396 668 433 dicitur
678 396 711 443 *,
725 398 940 434 enunciatio
952 399 1150 447 dupliciter
1162 401 1356 439 formatur.

282 446 371 483 Uno
400 447 558 496 quidem
587 450 719 496 modo,
745 462 791 486 ex
810 451 968 487 nomine
999 460 1035 489 et
1062 453 1183 490 verbo
1213 455 1356 504 absque

282 499 411 548 aliquo
450 501 648 549 apposito,
678 510 721 539 ut
754 515 842 539 cum
871 503 1008 541 dicitur
1035 506 1148 542 homo
1182 513 1254 550 est,·
1282 509 1355 545 alio

282 553 420 601 modo,
450 555 605 602 quando
640 555 783 605 aliquid
811 557 963 594 tertium
998 559 1160 606 adiacet,
1189 568 1231 596 ut
1265 573 1354 599 cum

282 605 419 643 dicitur
445 608 559 644 homo
575 613 630 644 est
646 608 764 646 albus.
787 610 916 647 Potest
932 610 1043 658 igitur
1062 613 1234 660 quaestio
1253 610 1266 634 ὃ
1280 615 1354 651 for-

281 667 385 696 mata
400 660 540 707 referri,
556 662 618 698 vel
634 662 683 699 ad
696 662 868 710 primum
883 665 1046 702 modum
1062 665 1350 716 enunciationis,

281 719 318 749 et
331 712 384 749 sic
400 712 468 749 erit
477 714 585 762 quasi
600 715 772 763 quaestio
788 716 964 766 simplex;
976 719 1064 755 vel*
1076 719 1124 756 ad
1139 721 1350 758 secundum

280 765 456 813 modurn,
488 774 524 803 et
543 767 597 804 sic
617 768 685 805 erit
713 770 884 818 quaestio
915 771 1024 820 quasi
1044 774 1267 821 composita,
1287 776 1350 812 vel

280 819 318 855 in
349 831 551 856 numerum
583 832 748 869 ponens,
783 823 873 872 quia
908 824 1086 862 videlicet
1119 827 1313 875 quaeritur
1340 835 1350 849 ³

280 871 328 909 de
343 873 622 922 compositione
643 875 820 913 duorum.
838 876 948 914 Circa
962 878 1064 915 hunc
1081 891 1169 927 ergo
1185 881 1348 918 modum

279 926 556 964 enunciationis
580 927 719 977 duplex
739 930 909 977 quaestio
930 931 1085 968 formari
1105 940 1241 981 potest.
1262 934 1348 971 Una

277 978 451 1028 quidem,
473 992 522 1017 an
540 981 616 1017 hoc
644 981 690 1018 sit
716 994 854 1020 verum
873 984 979 1032 quod
1007 985 1153 1023 dicitur.
1174 988 1224 1023 Et
1247 987 1347 1024 hanc

277 1033 543 1081 quaestionem
556 1034 682 1083 primo
704 1037 856 1084 exponit
866 1037 898 1084 ³¹⁴,
916 1037 1045 1075 dicens
1064 1039 1170 1087 quod
1190 1052 1278 1076 cum
1298 1041 1346 1078 de

277 1085 405 1135 aliqua
433 1100 473 1124 re
506 1088 726 1136 quaerimus
763 1097 893 1127 utrum
927 1090 989 1128 illa
1017 1103 1076 1128 res
1103 1092 1151 1128 sit
1175 1093 1247 1129 hoc
1280 1101 1345 1130 aut

275 1136 377 1185 illud,
395 1147 432 1176 et
450 1140 504 1177 sic
528 1142 821 1190 quodammodo
838 1143 852 1169 t
865 1143 1046 1192 ponimus
1074 1144 1113 1180 in
1138 1157 1344 1182 numerum

241 1221 248 1227 .
275 1193 514 1241 (accipiendo
527 1195 667 1232 scilicet
678 1195 698 1216 *
711 1196 800 1244 duo,
812 1209 980 1246 quorum
994 1209 1116 1233 unum
1133 1205 1188 1234 est
1197 1198 1344 1246 praedi-

275 1252 403 1283 catum
437 1254 473 1284 et
498 1247 599 1285 aliud
625 1248 857 1295 subiectum;
883 1257 976 1298 puta
1005 1262 1095 1286 cum
1124 1250 1344 1298 quaerimus

272 1305 402 1336 utrum
431 1301 487 1337 sol
517 1300 563 1338 sit
589 1302 770 1340 deficiens
797 1315 867 1352 per
895 1302 1066 1351 eclipsim
1094 1303 1156 1339 vel
1185 1315 1281 1350 non,
1309 1311 1345 1341 et

271 1358 406 1399 utrum.
418 1353 541 1390 homo
561 1354 608 1392 sit
626 1355 768 1392 animal
791 1361 806 1379 ’²
823 1356 886 1392 vel
905 1357 1016 1403 non),
1037 1363 1126 1392 tunc
1146 1356 1307 1393 dicimur
1324 1358 1344 1378 ’¹‘

238 1407 244 1440 ἰ
271 1417 455 1454 quaerere
476 1407 587 1455 quia:
606 1419 686 1444 non
715 1409 766 1445 ita
790 1408 897 1458 quod
915 1409 990 1445 hoc
1009 1409 1115 1458 quod
1143 1408 1229 1446 dico
1254 1410 1342 1458 quia

271 1458 319 1494 sit
346 1466 437 1496 nota
463 1461 527 1496 vel
555 1461 707 1509 signum
735 1461 1050 1510 interrogationis,
1080 1462 1147 1499 sed
1177 1462 1265 1511 quia
1294 1463 1342 1500 ad

270 1512 346 1548 hoc
383 1513 602 1562 quaerimus
634 1522 677 1550 ut
710 1514 876 1552 sciamus
910 1516 998 1563 quia
1032 1515 1083 1552 ita
1118 1522 1180 1553 est.
1224 1516 1342 1553 Cuius

270 1564 422 1613 signum
451 1574 524 1614 est,
558 1567 648 1615 quia
677 1580 766 1604 cum
798 1568 1058 1606 invenerimus
1085 1581 1155 1617 per
1183 1570 1342 1606 demon-

270 1618 504 1666 strationem,
525 1620 756 1667 quiescimus
776 1634 799 1658 a
817 1621 1055 1670 quaerendo;
1077 1629 1114 1658 et
1132 1622 1163 1658 si
1181 1622 1220 1659 in
1238 1623 1340 1671 prin-

270 1671 372 1720 cipio
399 1672 475 1709 hoc
503 1673 766 1721 scivissemus,
796 1687 875 1712 non
907 1687 1180 1723 quaereremus
1212 1683 1339 1712 utrum

270 1724 323 1762 ita
340 1724 398 1762 sit.
421 1725 617 1774 Inquisitio
637 1735 766 1764 autem
788 1740 866 1764 non
891 1736 1022 1775 cessat,
1038 1728 1109 1764 nisi
1132 1728 1263 1765 habito
1292 1741 1339 1765 eo

269 1778 376 1827 quod
408 1780 674 1827 quaerebatur.
713 1781 762 1817 Et
798 1780 886 1818 ideo
929 1793 1017 1818 curn
1052 1781 1224 1829 quaestio
1265 1794 1340 1830 qua

269 1831 491 1879 quaerimus
510 1834 638 1869 utrum
662 1834 734 1869 hoc
755 1834 804 1870 sit
823 1835 906 1879 hoc,
923 1841 1043 1870 cesset
1056 1834 1076 1854 ³¹³
1089 1834 1219 1871 habito
1235 1835 1339 1882 quod

268 1884 321 1921 ita
349 1891 405 1921 est
422 1881 446 1932 ⁰,
467 1885 712 1922 manifestum
733 1894 789 1923 est
807 1886 899 1935 quid
918 1886 1140 1923 huiusmodi
1165 1888 1337 1935 quaestio

269 1944 428 1986 quaerit.

319 2001 359 2036 4.
389 1990 538 2028 Deinde
568 2003 657 2028 cum
687 1991 790 2029 dicit:
826 1993 922 2029 Cum
945 1998 1071 2029 autem
1095 1993 1233 2030 scimus
1253 2001 1336 2042 etc.,

267 2043 484 2085 manifestat
499 2053 798 2094 consequentem
813 2046 1090 2095 quaestionem,
1107 2058 1206 2094 quae
1223 2047 1336 2084 etiam

266 2096 306 2134 in
337 2109 545 2135 numerum
577 2098 706 2147 ponit;
742 2106 778 2135 et
811 2099 900 2136 dicit
931 2099 1037 2148 quod
1073 2112 1161 2136 curn
1195 2100 1337 2137 scimus

266 2150 355 2198 quia
375 2151 426 2187 ita
445 2157 509 2199 est,
530 2152 751 2200 quaerimus
772 2159 931 2201 propter
957 2153 1048 2201 quid
1070 2152 1120 2189 ita
1143 2152 1200 2189 sit.
1227 2154 1335 2201 Puta,

266 2215 356 2240 cum
371 2204 513 2241 scimus
528 2205 618 2253 quia
632 2206 688 2242 sol
705 2213 761 2242 est
775 2206 956 2243 deficiens
967 2206 987 2226 *
1002 2218 1071 2254 per
1095 2205 1279 2254 eclipsim,
1301 2215 1337 2244 et

264 2258 370 2306 quod
398 2257 419 2278 *
447 2266 546 2295 terra
576 2266 632 2295 est
656 2267 762 2296 mota
782 2259 821 2296 in
846 2267 1094 2306 terraemotu,
1117 2259 1336 2308 quaerimus

263 2318 420 2360 propter
452 2311 545 2360 quid
573 2313 630 2349 sol
658 2312 829 2359 deficiat,
855 2320 919 2348 aut
940 2320 1096 2361 propter
1123 2313 1216 2360 quid
1239 2320 1337 2350 terra

263 2372 477 2402 moveatur.
509 2365 596 2402 Hoc
624 2365 735 2413 igitur
763 2365 816 2402 sic
839 2365 860 2386 ³¹
884 2366 1123 2414 quaerimus,
1148 2373 1334 2414 ponentes

263 2417 406 2454 scilicet
432 2418 471 2455 in
499 2430 717 2456 numerum.
1331 2464 1334 2467 ⁴

330 2472 362 2508 5.
396 2471 546 2509 Deinde
581 2484 669 2523 cum
707 2472 819 2509 dicit:
863 2472 1057 2513 Quaedam
1094 2477 1220 2509 autem
1257 2471 1332 2508 alio

262 2524 374 2561 modo
396 2532 478 2573 etc.,
491 2525 705 2562 manifestat
720 2525 812 2562 alias
828 2524 922 2561 duas
937 2525 958 2546 *
969 2526 1222 2574 quaestiones,
1235 2537 1333 2573 quae

262 2589 341 2614 non
355 2586 505 2627 ponunt
529 2579 568 2615 in
587 2591 793 2615 numerum
813 2578 846 2625 *,
869 2578 936 2615 sed
955 2586 1042 2615 sunt
1061 2578 1263 2627 simplices
1285 2579 1334 2614 Et

262 2631 352 2668 dicit
370 2632 475 2680 quod
495 2633 688 2680 quaedam
707 2631 928 2681 quaerimus
948 2631 1021 2668 alio
1042 2631 1160 2668 modo
1181 2644 1203 2668 a
1225 2643 1333 2680 prae-

263 2684 370 2722 dictis
399 2685 698 2733 quaestionibus,
725 2685 865 2722 scilicet
890 2697 968 2721 non
987 2692 1174 2733 ponentes
1197 2685 1237 2721 in
1262 2696 1331 2721 nu-

260 2750 433 2785 merum3
462 2746 595 2787 utpote
621 2739 641 2760 ³
661 2739 691 2775 si
718 2750 950 2788 quaeramus
978 2750 1027 2774 an
1058 2738 1105 2774 sit
1133 2745 1332 2774 centaurus

313 2908 339 2944 ὃ)
358 2910 451 2935 Potest
465 2909 550 2942 igitur
558 2909 687 2942 quaestio.
696 2919 716 2928 ›-
725 2909 761 2933 Ita
772 2909 873 2933 codd.—
882 2909 916 2933 P:
927 2911 1018 2940 potest
1030 2915 1095 2941 ergo
1111 2908 1192 2941 (ergo
1205 2908 1284 2932 etiam
1293 2907 1332 2938 T;

260 2945 294 2975 O,
313 2945 394 2977 enim)
413 2945 485 2970 ratio
495 2946 622 2978 formata
641 2950 690 2969 etc.
704 2944 742 2968 Ex
760 2943 908 2969 immediate
925 2944 1016 2969 additis
1031 2949 1101 2976 patet
1114 2944 1254 2976 legendum
1274 2951 1333 2967 esse

278 2980 388 3005 uaestio.

259 2989 276 3013 q
314 3014 336 3050 ε)
359 3015 429 3046 Quia
453 3015 575 3040 videlicet
593 3014 768 3047 quaeritur.-
779 3014 926 3045 Quaeritur
939 3014 1034 3039 habent
1051 3022 1145 3039 omnes
1163 3014 1244 3038 nostri
1263 3014 1333 3038 codi-

260 3059 304 3076 ces
310 3059 318 3082 ;
333 3051 367 3075 P:
382 3050 445 3083 quia
463 3050 586 3075 videlicet
603 3053 643 3074 est
660 3050 919 3082 quaestio.--FH1L:
934 3050 997 3082 quia
1015 3050 1125 3074 scilicet.

313 3085 340 3120 ζ)
362 3086 398 3111 Et
415 3086 454 3111 sic
472 3086 677 3119 quodammodo.
690 3099 710 3104 -
723 3085 801 3110 Piana
820 3093 879 3110 cum
899 3085 958 3110 edd.
971 3086 1036 3110 Ven.
1057 3083 1122 3118 (exc.
1136 3083 1164 3119 a)
1183 3084 1278 3109 omittit
1296 3087 1329 3114 et,

260 3122 334 3155 quod
351 3129 445 3146 omnes
465 3122 546 3146 nostri
565 3121 667 3145 codices
686 3120 782 3145 habent
796 3125 822 3145 et
837 3121 965 3153 antiquior
984 3121 1025 3145 ed.
1039 3120 1105 3145 Ven.
1117 3128 1147 3149 a,
1162 3125 1187 3144 et
1201 3127 1247 3152 per
1265 3119 1330 3144 hanc

260 3157 431 3182 omissionem
445 3156 556 3181 formam
571 3156 669 3188 periodi
690 3161 780 3186 mutat,
795 3161 883 3180 contra
897 3161 995 3180 textum
1013 3156 1160 3180 Aristotelis
1180 3160 1206 3179 et
1223 3162 1245 3179 s.
1259 3155 1330 3179 Tho-

260 3201 319 3217 mae
334 3191 530 3224 expositionem.
545 3191 642 3216 Textus
655 3189 802 3217 est2'orav
818 3189 862 3224 μὲν
875 3189 925 3224 γὶρ
943 3189 1052 3224 πὸτερον
1068 3189 1126 3215 τόδε
1145 3187 1160 3221 ἢ
1176 3188 1234 3214 τόδε
1248 3189 1329 3221 ζητῶ-

261 3236 315 3262 μεν,
327 3223 361 3257 εἷς
375 3222 481 3261 ἀριθμὸν
496 3225 618 3258 θέντες,...
634 3223 664 3251 τὸ
682 3223 721 3251 ὅτι
734 3225 869 3260 ζητοῦμεν.
886 3226 1051 3251 Manifestum
1070 3231 1110 3250 est
1124 3225 1208 3258 quod,
1223 3225 1328 3256 quaeri-

260 3271 319 3288 mus
334 3260 364 3288 τὸ
380 3263 450 3295 quia,
466 3259 496 3287 τὸ
512 3260 551 3287 ὄτι
565 3261 701 3295 ζητοῦμεν,
712 3269 768 3293 seu,
778 3267 807 3286 ut
821 3262 855 3286 ait
869 3270 891 3286 s.
902 3262 1027 3290 Thomas,
1042 3265 1106 3286 tunc
1120 3260 1234 3285 dicimur
1248 3267 1328 3291 quae-

260 3306 321 3324 rere
339 3299 410 3331 quia,
425 3303 466 3323 est
484 3305 656 3330 consequenS‚
676 3297 748 3321 cuius
767 3297 922 3322 antecedens
941 3302 989 3327 est,
1009 3294 1070 3321 ὅταν
1086 3294 1130 3330 μὲν
1145 3293 1194 3329 γὰρ
1214 3300 1274 3325 etc.,
1295 3295 1328 3319 ita

259 3340 297 3365 ut,
311 3330 345 3363 εἷς
361 3329 466 3367 ἀριθμὸν
481 3331 571 3363 θένὲες,
586 3332 612 3357 in
627 3339 765 3357 numerum
775 3336 914 3364 ponentes,
930 3332 963 3357 sit
978 3332 1054 3357 huius
1067 3330 1241 3356 antecedentis
1255 3337 1324 3362 pars.

259 3371 295 3395 At
308 3375 396 3394 contra
410 3370 436 3394 in
450 3369 484 3399 P,
499 3368 537 3394 sic
551 3368 747 3400 quodammodo
762 3373 818 3397 etc.,
833 3375 879 3399 per
892 3367 1063 3392 omissionem
1077 3367 1125 3391 τοῦ
1138 3369 1178 3395 et,
1193 3364 1222 3389 fit
1236 3372 1327 3390 conse-

260 3413 360 3439 quens;
375 3410 400 3429 et
416 3412 508 3429 verum
528 3410 692 3435 consequens
711 3403 793 3434 (tunc
808 3403 923 3428 dicimur
936 3409 1064 3435 quaerere
1078 3401 1157 3434 quia)
1177 3408 1230 3424 non
1249 3400 1327 3425 habet

259 3442 301 3466 cui
321 3440 479 3465 antecedenti
499 3444 672 3464 connectatur.
687 3453 708 3457 —
722 3439 786 3463 Item
801 3438 883 3468 codd„
899 3445 952 3463 exc.
967 3438 1027 3462 BO:
1038 3436 1165 3469 ponimus
1178 3442 1325 3464 numerum,

257 3477 359 3501 omisso
375 3476 400 3501 in
408 3483 416 3504 ;
430 3476 477 3500 sed
491 3475 556 3499 hanc
571 3474 787 3506 praepositionem
798 3473 951 3498 retinemus:
962 3480 1022 3496 nam
1036 3479 1114 3504 supra
1129 3472 1225 3496 dictum
1236 3476 1283 3501 est,
1298 3471 1324 3495 in

258 3519 400 3537 numerum
415 3518 532 3543 ponens5
552 3510 644 3535 deinde
662 3509 801 3541 requiritur
819 3516 834 3533 a
852 3516 932 3533 sensu
951 3509 995 3540 qui
1014 3507 1055 3532 hic
1073 3507 1224 3536 intenditur,
1243 3511 1268 3530 et
1287 3511 1327 3531 est

260 3548 373 3580 denique
392 3547 418 3571 in
435 3551 504 3571 textu
519 3553 620 3578 graeco,
633 3540 667 3574 εἷς
682 3539 788 3578 ἀριθμὸν
802 3542 882 3573 Θὲντες
902 3543 952 3575 (Cf.
966 3543 1031 3567 infra
1049 3551 1092 3567 nn.
1106 3550 1124 3573 4
1143 3547 1168 3566 et
1188 3541 1224 3573 5).

313 3581 459 3617 ⁷1)‘Utrum
478 3582 556 3606 homo
574 3581 610 3606 sit
623 3580 724 3605 animal
742 3580 782 3604 vel
801 3587 890 3604 non.·-
901 3579 947 3603 Est
961 3579 1070 3603 alterum
1090 3577 1236 3609 exemplum
1256 3577 1327 3601 addi-

258 3623 317 3644 tum
336 3626 350 3643 a
369 3626 391 3643 s.
405 3618 508 3643 Thema
527 3616 646 3649 exemplo
660 3615 814 3640 Aristotelis.
829 3615 894 3640 Cod.
908 3615 945 3639 A:
959 3621 995 3639 au
1014 3614 1055 3644 al;
1074 3621 1137 3638 nurn
1151 3620 1185 3637 an
1202 3612 1326 3637 animal?

1386 271 1537 309 LECT.
1568 273 1582 309 I

1413 351 1475 387 vel
1504 364 1598 388 non:
1628 352 1691 388 hic
1714 352 1817 389 enim
1842 352 2063 402 simpliciter
2081 361 2089 375 ¹
2108 355 2301 403 quaeritur
2321 356 2368 393 de
2393 369 2480 393 cen-

1413 411 1521 440 tauro
1542 416 1592 441 an
1611 405 1667 451 sit,
1689 418 1767 442 non
1787 413 1914 442 autem
1934 407 2127 455 quaeritur
2146 420 2194 444 an
2215 416 2414 446 centaurus
2434 409 2480 446 sit

1411 457 1498 504 hoc,
1522 464 1614 506 puta
1629 459 1758 495 album
1777 459 1838 495 vel
1863 471 1942 496 non
1962 459 1994 496 ³³.
2016 460 2065 496 Et
2083 460 2178 497 sicut
2205 461 2366 498 scientes
2389 463 2477 510 quia

1411 509 1486 545 hoc
1506 518 1561 547 est
1579 511 1682 558 illud,
1703 513 1982 560 quaerebamus
1994 519 2153 561 propter
2171 514 2271 562 quid,
2292 515 2342 551 ita
2363 515 2477 552 etiam

1410 562 1570 600 scientes
1590 564 1637 600 de
1662 565 1789 613 aliquo
1810 566 1898 613 quia
1923 573 1978 602 est
1997 566 2230 614 simpliciter,
2256 567 2476 616 quaerimus

1408 616 1499 662 quid
1516 616 1562 652 sit
1589 617 1692 663 illud,
1712 625 1804 665 puta
1832 618 1924 666 quid
1952 626 2007 655 est
2030 620 2135 656 Deus
2152 619 2184 665 *,
2215 628 2279 656 aut
2306 620 2396 669 quid
2421 628 2477 658 est

1407 668 1538 704 homo.
1557 669 1663 705 Haec
1682 670 1793 717 igitur
1812 677 1848 706 et
1861 678 1916 707 tot
1933 679 2020 708 sunt
2040 672 2103 708 illa
2118 681 2216 721 quae
2235 673 2472 721 quaerimus:

1406 733 1504 769 quae
1525 734 1613 758 curn
1633 722 1904 769 invenerimus,
1934 724 2096 761 dicimur
2123 725 2230 762 scire.

1459 774 1494 810 6.
1529 775 1677 812 Deinde
1712 788 1800 812 cum
1834 776 1938 813 dicit:
1973 778 2197 819 Quaerimus
2222 783 2348 815 autem
2386 791 2471 816 cum

1404 838 1632 874 quaeramus
1652 836 1734 876 etc.,
1755 829 1918 866 ostendit
1937 830 2095 878 qualiter
2113 831 2328 879 praedictae
2354 844 2470 880 quae-

1403 879 1543 916 stiones
1572 890 1612 917 se
1640 882 1806 918 habeant
1833 882 1881 918 ad
1909 883 2092 920 medium.
2114 885 2162 920 Et
2191 884 2288 920 circa
2306 885 2382 921 hoc
2401 885 2471 922 tria

1402 932 1504 969 facit:
1525 934 1663 981 primo,
1678 935 1858 982 proponit
1877 935 1982 983 quod
1996 935 2171 982 intendit3
2191 937 2372 983 secundo,
2389 950 2468 974 ma-

1402 985 1550 1022 nifestat
1572 987 1677 1035 quod
1700 987 1860 1033 dixerat,
1879 988 1948 1024 ibi:
1975 989 2071 1024 Dico
2091 995 2214 1025 autem
2235 991 2322 1038 quia
2342 990 2363 1011 *
2384 998 2466 1038 etc.;

1400 1038 1521 1084 tertio,
1542 1040 1679 1087 probat
1696 1040 1954 1088 propositum;
1974 1041 2043 1077 ibi:
2079 1042 2271 1091 Contingit
2287 1043 2411 1091 itaque
2429 1044 2466 1080 in

1400 1091 1572 1127 omnibus
1596 1093 1870 1139 quaestionibus
1890 1093 1910 1113 *
1931 1101 2000 1130 etc.
2022 1094 2132 1131 Circa
2155 1095 2323 1142 primum
2347 1096 2466 1133 scien-

1400 1143 1492 1180 dum
1505 1151 1560 1180 est
1574 1145 1679 1192 quod
1688 1145 1966 1193 praedictarum
1982 1154 2144 1195 quatuor
2154 1147 2175 1168 *
2185 1149 2464 1196 quaestionum,

1399 1208 1561 1243 quarum
1578 1197 1674 1233 duae
1697 1206 1846 1246 ponunt
1860 1199 1898 1235 in
1918 1211 2122 1236 numerum
2145 1208 2181 1236 et
2195 1201 2290 1237 duae
2306 1213 2383 1238 non
2397 1214 2465 1250 po-

1398 1255 1503 1296 nunt,
1523 1249 1689 1297 primam
1709 1258 1953 1299 utrarumque
1973 1252 2012 1288 in
2030 1264 2148 1288 unam
2169 1254 2374 1300 coordinat,
2396 1256 2464 1291 sci-

1398 1301 1484 1338 licet
1515 1303 1779 1351 quaestionem
1817 1305 1905 1352 quia
1925 1305 1945 1325 ²⁸
1967 1312 2002 1341 et
2029 1305 2291 1352 quaestionem
2319 1319 2368 1343 an
2398 1313 2460 1344 est.

1398 1355 1447 1391 Et
1461 1354 1550 1391 dicit
1564 1356 1669 1404 quod
1684 1369 1771 1393 cum
1787 1357 2006 1405 quaerimus
2026 1358 2114 1406 quia
2132 1359 2204 1394 hoc
2222 1365 2276 1395 est
2291 1361 2378 1406 hoc,
2400 1368 2464 1397 aut

1398 1420 1486 1444 curn
1515 1409 1734 1456 quaerimus
1754 1410 1801 1446 de
1830 1411 1956 1459 aliquo
1983 1411 2202 1459 simpliciter
2227 1412 2261 1448 si
2286 1418 2348 1457 est,
2369 1413 2461 1449 nihil

1397 1461 1499 1498 aliud
1526 1462 1745 1510 quaerimus
1774 1475 1891 1511 quarn
1919 1471 2046 1500 utrum
2071 1464 2226 1512 aliquod
2245 1465 2265 1485 ²¹⁸
2292 1465 2462 1502 medium

1395 1514 1514 1562 ipsius
1530 1515 1634 1563 quod
1653 1516 1872 1563 quaerimus
1891 1517 1937 1553 sit
1955 1517 2126 1553 invenire
2149 1518 2211 1554 vel
2231 1530 2321 1555 non.
2345 1518 2463 1564 Quod

1395 1579 1473 1604 non
1503 1568 1638 1605 dicitur
1656 1569 1867 1606 secundum
1887 1569 2010 1618 ipsam
2030 1570 2192 1606 formam
2213 1571 2458 1618 quaestionis.

1396 1620 1488 1657 Non
1525 1621 1628 1658 enim
1669 1634 1756 1658 cum
1794 1634 1936 1670 quaero
1969 1634 2018 1659 an
2055 1623 2113 1659 sol
2147 1622 2360 1671 eclipsetur,
2397 1625 2460 1661 vel

1394 1685 1444 1710 an
1478 1674 1590 1711 homo
1618 1675 1684 1720 sit,
1715 1687 1760 1711 ex
1787 1675 1870 1723 ipsa
1898 1676 2020 1712 forma
2053 1675 2285 1724 quaestionis
2315 1688 2459 1724 quaero

1394 1738 1444 1763 an
1473 1727 1521 1763 sit
1550 1727 1704 1775 aliquod
1733 1728 1917 1774 medium,
1948 1741 2025 1776 quo
2053 1729 2173 1776 possit
2205 1729 2455 1766 demonstrari

1393 1780 1455 1816 vel
1475 1780 1596 1816 solem
1611 1781 1631 1801 '¹‘
1647 1780 1827 1829 eclipsari,
1846 1782 1908 1817 vel
1928 1782 2126 1818 hominem
2146 1794 2244 1818 esse:
2265 1783 2331 1819 sed
2350 1782 2380 1819 si
2401 1783 2457 1819 sol

1394 1832 1613 1880 eclipsatur,
1647 1834 1710 1870 vel
1743 1834 1863 1870 homo
1900 1842 1974 1881 est,
2002 1846 2237 1882 consequens
2271 1842 2325 1872 est
2352 1836 2457 1883 quod

1394 1885 1440 1922 sit
1468 1886 1622 1934 aliquod
1649 1886 1822 1923 medium
1850 1887 2020 1924 invenire
2041 1888 2090 1924 ad
2118 1888 2456 1925 demonstrandum

1393 1938 1463 1975 ista
1491 1951 1589 1987 quae
1618 1947 1859 1988 quaeruntur.
1886 1941 1977 1976 Non
2005 1940 2108 1977 enim
2136 1941 2179 1977 fit
2209 1941 2378 1989 quaestio
2407 1942 2454 1978 de

1393 1991 1635 2039 immediatis,
1656 2005 1754 2040 quae
1784 1993 1851 2029 etsi
1879 2005 1971 2029 vera
1995 2001 2100 2040 sunt,
2122 2005 2202 2030 non
2230 2001 2359 2030 tamen
2389 1994 2455 2030 ha-

1393 2045 1483 2081 bent
1510 2045 1699 2091 medium;
1720 2046 1810 2094 quia
1837 2046 2069 2092 huiusmodi,
2091 2058 2179 2082 cum
2200 2046 2272 2083 sint
2299 2046 2456 2083 manife-

1380 2104 1460 2145 sta,
1473 2099 1543 2135 sub
1554 2099 1575 2119 *
1585 2099 1807 2147 quaestione
1822 2111 1901 2135 non
1917 2099 2064 2136 cadunt.
2079 2099 2142 2135 Sic
2158 2111 2246 2147 ergo
2262 2099 2325 2147 qui
2341 2111 2455 2148 quae-

1393 2151 1439 2188 rit
1452 2164 1501 2188 an
1517 2153 1588 2188 hoc
1601 2152 1741 2198 sithoc,
1752 2152 1813 2188 vel
1828 2164 1876 2188 an
1896 2153 1967 2188 hoc
1979 2152 2027 2188 sit
2038 2152 2251 2200 simpliciter
2261 2152 2292 2198 *,
2306 2164 2351 2188 ex
2367 2165 2454 2189 con-

1392 2205 1563 2252 sequenti
1583 2200 1730 2253 quaerit
1748 2217 1796 2241 an
1815 2205 1862 2241 sit
1879 2204 2099 2241 huiusmodi
2123 2205 2305 2242 medium.
2328 2205 2453 2251 Quae-

1392 2257 1484 2294 ritur
1512 2258 1615 2294 enim
1644 2258 1683 2294 in
1711 2258 1932 2306 quaestione
1960 2258 1994 2294 si
2019 2263 2081 2304 est,
2106 2258 2168 2294 vel
2196 2258 2283 2306 quia
2312 2263 2374 2303 est,
2404 2271 2453 2295 an

1391 2310 1438 2347 sit
1465 2311 1503 2348 id
1531 2311 1636 2359 quod
1662 2318 1717 2347 est
1744 2311 1915 2347 medium
1934 2316 1964 2356 '²3
1985 2310 2075 2358 quia
2102 2310 2141 2347 id
2161 2311 2264 2360 quod
2293 2318 2347 2347 est
2375 2323 2453 2347 me-

1392 2363 1498 2401 dium
1528 2371 1583 2400 est
1611 2364 1705 2400 ratio
1735 2364 1827 2410 eius,
1848 2363 1895 2400 de
1924 2376 2000 2412 quo
2020 2364 2211 2411 quaeritur
2239 2376 2287 2400 an
2314 2364 2389 2400 hoc
2408 2364 2455 2400 sit

1389 2418 1476 2465 hoc,
1491 2418 1554 2454 vel
1570 2429 1618 2453 an
1634 2417 1864 2465 simpliciter,
1879 2424 1922 2453 ut
1936 2417 2031 2453 infra
2043 2418 2063 2438 ’⁵‘
2074 2417 2218 2453 dicetur
2230 2417 2282 2453 **.
2295 2417 2386 2453 Non
2400 2424 2452 2453 ta-

1390 2483 1480 2507 men
1500 2470 1691 2519 quaeritur
1705 2470 1775 2506 sub
1791 2469 1935 2506 ratione
1956 2470 2082 2507 medii.
2101 2469 2292 2517 Contingit
2311 2477 2450 2517 autem,

1388 2524 1545 2560 invento
1561 2523 1665 2571 quod
1680 2522 1872 2571 quaeritur
1888 2534 1958 2571 per
1972 2523 2040 2559 has
2055 2523 2075 2543 *
2091 2524 2184 2560 duas
2199 2522 2450 2571 quaestiones,

1390 2588 1619 2624 cognoscere
1653 2583 1717 2613 aut
1750 2576 1838 2624 quia
1871 2581 1925 2612 est
1955 2583 2020 2612 aut
2045 2576 2079 2612 si
2103 2581 2176 2612 est:
2205 2587 2371 2624 quorum
2400 2576 2450 2612 al-

1388 2637 1512 2666 terum
1550 2636 1605 2665 est
1637 2641 1866 2677 cognoscere
1901 2641 1981 2665 esse
2011 2629 2229 2677 simpliciter
2246 2630 2269 2675 ³,
2291 2629 2449 2665 alterurn

1390 2695 1471 2719 esse
1491 2682 1531 2719 in
1549 2689 1673 2731 parte,
1694 2683 1789 2719 sicut
1809 2694 1896 2718 cum
1921 2682 2187 2729 cognoscimus
2207 2682 2310 2730 quod
2328 2682 2448 2718 homo

1390 2744 1445 2772 est
1472 2736 1601 2782 albus3
1622 2736 1711 2784 quia
1740 2747 1820 2771 esse
1850 2735 1979 2771 album
2007 2747 2086 2771 non
2114 2734 2298 2782 significat
2329 2734 2448 2770 totali-

2405 278 2480 326 327

1385 2908 1427 2932 vel
1446 2910 1495 2932 aut
1512 2907 1622 2937 animal,
1637 2907 1703 2931 sicut
1721 2906 1798 2931 habet
1815 2914 1840 2938 p.
1855 2913 1890 2930 m.
1905 2904 1938 2930 S?
1952 2906 1974 2929 1:
1989 2905 2034 2929 aul
2049 2905 2115 2937 (seq.
2131 2905 2178 2934 vel,
2195 2905 2240 2929 sed
2255 2905 2374 2937 expung.)
2388 2906 2447 2930 ani-

1387 2943 1440 2967 mal
1446 2951 1455 2973 ;
1470 2943 1515 2967 LT
1528 2948 1553 2967 et
1572 2950 1596 2974 p.
1612 2950 1647 2966 m.
1662 2942 1698 2966 N:
1713 2941 1742 2966 at
1753 2942 1863 2966 animal.
1878 2941 1965 2965 Lectio
1979 2944 2026 2965 aue
2039 2940 2141 2964 animal
2155 2945 2194 2964 est
2212 2941 2317 2964 omnino
2332 2940 2403 2971 falsa,
2417 2946 2446 2965 ut

1385 2978 1473 3002 videre
1493 2983 1532 3002 est
1551 2986 1576 3002 n.
1593 2977 1616 3002 5.

1439 3012 1463 3046 Θ)
1486 3013 1564 3043 Quod
1583 3013 1621 3037 ita
1644 3016 1684 3037 est
1708 3012 1873 3037 etc.—Codd.
1885 3030 1891 3042 ,
1910 3019 1963 3035 exc.
1983 3011 2021 3035 M:
2039 3011 2101 3043 quia
2120 3010 2158 3035 ita
2177 3013 2231 3039 est;
2248 3010 2291 3034 FI:
2312 3010 2375 3042 quia
2393 3013 2445 3040 est,

1385 3049 1444 3073 ideo
1463 3049 1630 3082 munifi-A:
1645 3048 1813 3081 manifestum
1833 3047 1904 3079 (cum
1923 3047 1966 3070 LN
1985 3054 2039 3070 om.
2058 3046 2106 3078 est)
2125 3045 2196 3078 quod
2214 3046 2278 3071 haec
2296 3053 2347 3070 non
2367 3053 2446 3078 quae-

1384 3084 1429 3108 rit.
1439 3084 1527 3108 Lectio
1542 3091 1656 3108 erronea.
1667 3082 1944 3107 BCDGHIKLNOST:
1958 3081 2029 3114 quod
2039 3081 2080 3113 (D,
2093 3081 2166 3113 quid)
2177 3081 2281 3112 quaerit
2290 3081 2353 3106 haec
2366 3088 2445 3113 quae-

1382 3119 1442 3144 stio.
1458 3119 1537 3148 Quod
1555 3126 1607 3143 non
1626 3123 1665 3143 est
1688 3118 1756 3143 bona
1774 3118 1858 3142 lectio.
1873 3118 1908 3142 E:
1929 3117 2097 3150 manifestum
2117 3119 2156 3141 est
2169 3116 2218 3140 hoc
2234 3116 2306 3148 quod
2323 3116 2372 3141 hoc
2390 3123 2442 3140 non

1383 3154 1495 3186 quaerit.
1508 3154 1597 3178 Lectio
1615 3153 1763 3183 reiicienda,
1777 3154 1836 3185 quia
1854 3152 1926 3182 falsa,
1939 3158 1967 3176 ut
1986 3152 2060 3176 lectio
2078 3152 2109 3176 Α.
2123 3152 2158 3175 F:
2177 3151 2248 3183 quod
2266 3151 2383 3183 quaestio
2397 3152 2446 3176 hoc

1382 3189 1492 3220 (haeci’)
1508 3189 1621 3221 quaerit.
1630 3203 1648 3207 -
1658 3189 1678 3213 C
1689 3196 1711 3213 s,
1722 3196 1772 3213 m.:
1789 3188 1894 3220 quaerit
1906 3188 1976 3220 quia.
1985 3201 2004 3206 -
2017 3187 2043 3217 Q
2054 3195 2107 3211 om.
2118 3186 2284 3219 manifestum
2298 3192 2345 3211 etc.
2360 3194 2444 3219 usque

1382 3225 1414 3248 ad
1432 3224 1538 3256 quaerit
1555 3224 1687 3248 inclusive.

1435 3259 1454 3293 ι)
1476 3259 1528 3283 Hic
1546 3259 1615 3283 enim
1632 3258 1786 3290 simpliciter
1805 3257 2018 3283 etc.-Addimus
2038 3257 2107 3282 enim
2127 3265 2157 3281 ex
2171 3257 2254 3287 codd„
2267 3257 2311 3289 qui
2330 3257 2443 3289 insuper,

1381 3302 1434 3319 exc.
1449 3294 1503 3324 EN,
1518 3295 1607 3326 legunt
1619 3294 1757 3326 quaeritur
1772 3293 1819 3322 de,·
1834 3294 1868 3318 P:
1884 3293 2041 3325 quaerimus,
2058 3293 2103 3316 sed
2125 3292 2271 3316 immediate
2289 3298 2350 3324 post
2368 3292 2444 3316 habet

1381 3337 1441 3354 cum
1460 3330 1534 3353 codd.
1548 3329 1723 3361 quaeritur.·-
1738 3328 1965 3353 ACDEFILMST:
1986 3335 2037 3352 non
2053 3327 2191 3359 quaeritur
2209 3335 2253 3356 an,
2268 3335 2321 3351 orn.
2339 3330 2428 3352 autem
2433 3334 2444 3356 5

1381 3365 1417 3389 N:
1437 3372 1488 3389 non
1509 3367 1612 3394 namen,-
1625 3363 1650 3388 in
1669 3364 1690 3388 C
1709 3371 1790 3396 marg.
1804 3363 1863 3388 add.
1878 3371 1924 3395 per
1942 3371 2026 3387 aman.
2041 3362 2153 3387 tamen?
2167 3363 2272 3392 (autem
2280 3362 2322 3394 ?).

1433 3399 1459 3434 κ)
1471 3400 1514 3424 Sit
1528 3399 1556 3424 id
1565 3399 1635 3431 quod
1649 3402 1688 3424 est
1702 3399 1815 3423 medium
1830 3404 1906 3423 etc.--
1915 3398 2086 3422 CDELOST:
2100 3398 2136 3422 sit
2151 3397 2224 3426 illud,
2235 3403 2260 3422 et
2274 3398 2295 3421 L
2307 3405 2360 3422 om.
2371 3397 2442 3429 quod

1379 3435 1563 3460 est.-Deinde
1578 3435 1687 3464 codices,
1706 3441 1759 3458 exc.
1774 3434 1809 3463 G,
1829 3434 1899 3464 loco,
1917 3440 1952 3457 an
1971 3433 2020 3458 hoc
2037 3433 2073 3457 sit
2091 3433 2150 3462 hoc,
2166 3433 2207 3457 vel
2224 3438 2259 3457 an
2278 3433 2441 3465 simpliciter,

1379 3471 1474 3495 habent
1491 3477 1526 3494 an
1546 3470 1589 3494 sit.

1431 3504 1460 3539 λ)
1474 3505 1523 3530 Est
1531 3512 1689 3538 cognoscere
1703 3511 1757 3529 esse
1770 3503 1926 3536 simpliciter
1935 3508 1982 3528 etc.
1992 3516 2011 3523 -
2024 3503 2093 3528 Haec
2108 3502 2183 3527 lectio
2198 3503 2217 3527 P
2230 3503 2330 3527 videtur
2343 3511 2440 3535 suppo-

1379 3542 1427 3565 sita
1437 3548 1467 3565 ex
1480 3541 1510 3564 iis
1521 3548 1588 3573 quae
1598 3540 1744 3564 immediate
1755 3545 1898 3571 sequuntur
1908 3539 1939 3563 de
1950 3538 2042 3570 duplici
2053 3538 2197 3572 cognitione
2211 3539 2258 3563 τοῦ
2268 3546 2335 3568 esse,
2346 3546 2440 3571 nempe

1378 3576 1534 3608 simpliciter
1546 3583 1592 3600 seu
1609 3575 1735 3604 totaliter,
1750 3580 1775 3599 et
1789 3574 1930 3599 secundum
1941 3574 2006 3606 quid
2015 3581 2062 3598 seu
2073 3581 2110 3598 ex
2119 3577 2233 3605 parte.—
2243 3573 2312 3604 OQS
2321 3581 2375 3598 om.
2385 3581 2441 3599 esse

1378 3617 1437 3644 post
1446 3618 1604 3644 cognoscere
1607 3618 1617 3640 ,-
1626 3618 1718 3635 omnes
1728 3611 1828 3635 codices
1838 3610 1958 3634 omittunt
1967 3617 2074 3634 erronee
2082 3609 2244 3641 simpliciter,
2252 3610 2365 3634 alterum
2376 3616 2440 3634 esse.

2613 374 2621 390 t

2506 473 2515 482 ·
2528 472 2618 495 Velnon
2626 480 2674 496 orn.
2682 480 2719 501 ri,-

2506 505 2536 524 Q:
2552 500 2590 521 uel
2601 501 2704 528 nigrum.

2504 631 2513 639 ·
2534 636 2572 652 rt:
2599 632 2657 659 quid
2683 633 2718 654 sit

2502 656 2575 683 Deus,
2582 660 2605 679 et
2614 658 2671 686 quid
2683 659 2718 680 sit

2503 683 2579 706 homo.

2496 1001 2505 1010 ‘
2520 1000 2591 1022 Num.
2605 1007 2655 1029 seq.
2706 1004 2708 1006 ’

2493 1105 2501 1113 ·
2518 1105 2589 1128 Num.
2605 1106 2626 1128 8.

2492 1162 2527 1184 ἐι
2535 1169 2620 1185 errem:
2628 1164 2706 1186 trima.

2492 1316 2501 1324 '
2510 1321 2535 1337 c:
2550 1317 2650 1348 quialita
2660 1319 2707 1344 εει·
2721 1305 2725 1309 ’

2492 1348 2510 1367 Q
2518 1349 2566 1365 om.
2572 1349 2627 1371 qum
2635 1346 2659 1365 et
2665 1350 2705 1371 qu.

2490 1474 2501 1484 ⁶
2516 1474 2599 1500 Codd.,
2610 1481 2659 1497 exc.
2674 1482 2701 1498 o:

2490 1502 2536 1522 utr.
2554 1501 2587 1522 sit
2599 1502 2666 1529 aliq.,·
2680 1506 2701 1524 et

2490 1533 2537 1548 om.
2549 1528 2582 1549 sit
2593 1528 2660 1550 infra.

2484 1795 2495 1806 ⁸
2512 1796 2551 1817 Vel
2569 1802 2596 1817 ex
2611 1796 2698 1828 codd.)

2485 1829 2534 1843 exc.
2541 1829 2608 1848 εοοτς
2615 1830 2630 1844 τ
2637 1831 2642 1844 :
2653 1829 2699 1844 εει-

2484 1849 2538 1897 llgqet
2551 1849 2610 1875 sol.;
2618 1856 2632 1871 r
2645 1850 2698 1872 hub.

2482 2113 2494 2124 ⁸
2508 2119 2539 2134 n:
2554 2113 2587 2134 in.

2483 2167 2491 2175 ·
2501 2165 2583 2191 Codd.,
2597 2171 2646 2187 exc.
2654 2171 2693 2187 o.-

2481 2198 2506 2212 P:
2528 2192 2634 2222 simplex.
2654 2192 2691 2214 Cf.

2482 2219 2551 2245 paulo
2566 2218 2631 2240 infra.

2579 2325 2594 2341 χ

2479 2424 2490 2435 1⁵

2479 2531 2490 2541 ⁸
2503 2530 2557 2552 Has
2571 2537 2599 2552 ex
2621 2531 2689 2553 codd.

2573 2633 2590 2658 λ
