2548 4192
919 279 973 315 IN
1005 279 1042 315 S.
1064 279 1305 317 THOMAM
1332 280 1655 327 AQUINATEM

191 375 207 392 ›
230 363 304 393 dem
320 360 533 392 obiectionem
549 369 586 389 ex
604 357 763 388 calumnia
778 357 852 388 oriri
866 358 940 388 dicit
956 358 1146 388 Ratramnus
1163 358 1262 400 (noni

190 420 206 434 ν
228 407 351 438 saeculi
373 402 548 444 scriptor)‚·
571 412 706 443 eamque
734 409 896 442 retorquet
918 402 951 432 in
968 403 1181 440 adversarios,
1206 403 1261 443 qui

190 464 205 479 s
228 462 270 482 ex
289 451 381 482 laicis
393 449 496 480 subito
513 448 613 478 tonsis
623 446 794 487 faciebant
811 447 984 487 Episcopos
998 452 1111 477 contra
1127 448 1262 488 regulas

191 508 205 523 ³·
229 495 470 527 ecclesiasticas.
504 495 547 522 At
570 495 693 522 Aeneas
716 491 898 521 Parisiensis
927 491 1107 531 Episcopus
1131 491 1260 533 (eodem

190 552 206 568 ι
227 539 356 571 saeculo
367 536 471 578 nono)
484 536 556 567 facti
570 536 732 566 veritatem
750 545 815 566 non
830 535 990 572 diffitetur,
1005 537 1261 576 respondetque..

191 597 206 612 ›
229 584 328 622 Quod
357 584 389 613 in
419 582 616 612 sublimitate
640 581 774 610 maioris
796 580 961 621 Pontificis
988 582 1141 611 consistat
1166 582 1261 611 etiam

191 641 205 656 >
228 629 333 659 honor
350 628 487 657 minoris
508 625 696 656 sacerdotis.
718 625 807 655 Tum
830 625 953 655 subdit:
978 625 1130 655 Forsitan
1154 631 1261 656 autem

190 685 205 700 ²
228 674 277 703 illi
299 672 356 713 qui
387 672 427 702 de
458 671 595 701 diacono
618 670 772 700 ordinant
795 669 1004 709 Episcopum,
1030 671 1262 709 praetermissa

191 729 206 745 2
228 717 445 748 benedictione
466 715 695 756 presbyterali,
719 715 891 744 assertioni
904 714 988 744 beati
1002 714 1212 755 Hieronymi,
1229 716 1261 744 in

191 774 206 790 »
229 762 363 803 epistola
387 761 546 801 loquentis
568 759 612 790 ad
640 760 756 795 Titum,
782 769 819 789 ex
842 765 929 798 parte
951 759 1137 789 concredere
1154 759 1262 789 viden-

190 818 205 833 »
228 814 290 844 tur,
315 805 371 846 qui
394 805 538 835 officium
562 804 735 844 presbyteri
758 803 791 833 in
816 803 924 843 aliquo
945 803 1198 843 comparticipari
1217 803 1262 833 af-

191 863 206 878 »
229 850 334 881 firmat
357 849 532 880 ministerio
547 848 740 888 Episcopali.
755 861 769 875 »
790 848 831 878 Et
854 847 955 887 capite
978 855 1062 877 xvnt:
1083 848 1200 884 «Quae
1225 848 1263 877 de

191 907 205 922 ³
229 895 466 935 Episcoporum
490 893 690 924 ordinatione
714 903 770 932 per
793 892 908 922 saltum
925 892 958 922 in
982 892 1136 932 superiori
1163 892 1263 932 capite

191 951 206 967 ²
229 939 472 980 praemisimus,
497 938 662 979 quoddam
695 937 851 967 secundae
884 936 1078 977 quaestionis
1107 936 1263 976 praeiudi-

191 997 206 1011 »
230 984 317 1015 cium
341 991 406 1021 est,
431 984 596 1013 Romanae
620 982 708 1012 Sedis
733 981 889 1017 electum,
914 981 939 1010 si
972 981 1102 1021 quando
1130 990 1166 1010 ex
1199 981 1263 1010 dia-

191 1041 207 1056 »
230 1028 319 1059 conis
336 1028 508 1064 creabatur,
525 1026 745 1066 praetermisso
762 1024 933 1065 presbyteri
950 1025 1060 1064 gradu,
1075 1023 1263 1054 Pontificem

192 1085 206 1100 »
229 1072 327 1104 fuisse
351 1072 544 1102 ordinatum.
571 1071 604 1100 ld
629 1077 736 1100 autem
769 1069 936 1099 coniicitur
968 1079 1004 1098 ex
1034 1069 1132 1099 altero
1156 1068 1263 1098 libello

191 1129 205 1143 ι
229 1124 339 1147 nostro
363 1123 420 1146 etc.
440 1128 455 1143 »
492 1116 527 1145 In
552 1114 698 1144 eamdem
731 1114 775 1144 ire
799 1113 923 1143 videtur
946 1113 1134 1142 sententiam
1167 1113 1263 1142 Fran-

189 1161 290 1192 ciscus
328 1160 443 1200 Pagius
476 1159 509 1189 in
545 1158 704 1188 Breviario
741 1156 1263 1196 historico-chronologico-critico

187 1204 382 1236 Pontificum
407 1205 641 1240 Romanorum,
665 1202 698 1232 in
722 1202 905 1237 Sabiniano,
929 1201 984 1241 qui
1009 1210 1083 1230 curn
1110 1200 1263 1230 diaconus

188 1256 270 1280 esset
293 1260 316 1279 s.
338 1248 500 1288 Gregorii,
525 1254 599 1287 post
622 1247 718 1277 huius
751 1246 876 1276 obitum
900 1255 985 1275 anno
1010 1245 1076 1283 604
1099 1245 1263 1275 ordinatus

188 1301 235 1325 est
259 1294 412 1325 Summus
436 1291 596 1322 Pontifex:
621 1301 756 1331 eamque
773 1289 1037 1320 consuetudinem
1055 1289 1147 1319 docet
1171 1290 1262 1319 abro-

187 1345 298 1381 gatam
312 1336 501 1368 iam‘fuisse
525 1343 670 1376 tempore
690 1334 834 1374 Gregorii
851 1334 919 1370 Vll,
945 1333 999 1374 qui
1023 1333 1262 1364 archidiaconus

153 1382 161 1383 7
187 1389 314 1414 tantum
337 1388 419 1419 erat;
444 1390 529 1411 anno
559 1381 639 1421 1073
666 1379 783 1410 electus
807 1385 853 1409 est
876 1377 1042 1415 Pontifex,
1066 1377 1153 1418 prius
1178 1378 1262 1408 ordi-

187 1434 281 1458 natus
304 1427 467 1467 presbyter
490 1432 521 1456 et
543 1425 638 1455 altera
663 1424 713 1454 die
729 1422 884 1454 Pontifex.
911 1422 1090 1462 Stephanus
1115 1423 1177 1459 IX,
1207 1422 1262 1463 qui

187 1481 273 1502 anno
303 1472 385 1512 1057
409 1470 525 1501 Sedem
548 1468 769 1509 Apostolicam
798 1467 1032 1503 conscenderat,
1057 1467 1262 1506 Alphonsum

187 1515 400 1547 Salernitanae
423 1514 505 1545 sedis
529 1514 666 1544 electum
690 1512 913 1548 ordinaturus,
938 1512 970 1541 in
1002 1512 1130 1541 ieiuniis
1153 1513 1264 1542 martii

180 1561 292 1602 primo
318 1559 568 1601 presbyterum,
593 1565 671 1588 teste
696 1558 804 1587 Leone
836 1555 1013 1587 Marsicano
1042 1556 1123 1585 libro
1148 1556 1185 1593 ΙΙ,
1211 1566 1260 1586 ca-

186 1604 252 1646 pite
275 1615 381 1643 xcvnr,
396 1603 512 1635 deinde
534 1603 679 1644 sequenti
696 1602 867 1632 Dominica
886 1601 1166 1640 Archiepiscopum
1187 1611 1263 1631 con-

186 1649 328 1680 secravit.

253 1693 454 1724 Doctissimis
476 1692 562 1723 hisce
584 1690 658 1721 viris
688 1700 822 1731 oppono
856 1688 1078 1719 doctissimum
1101 1688 1261 1719 Thomas-

187 1738 295 1769 sinum
317 1745 406 1778 parte
423 1738 461 1775 ΙΙ,
475 1737 557 1767 libro
578 1736 602 1773 Ι,
620 1735 721 1775 capite
744 1744 866 1769 Lxxxvt,
884 1743 974 1764 num.
997 1734 1032 1763 13
1049 1732 1103 1763 ubi
1119 1733 1177 1763 ait:
1198 1734 1262 1763 Te-

186 1793 272 1813 mere
304 1782 458 1813 Photium
490 1781 606 1812 latinae
639 1780 828 1810 obtrectasse
852 1777 1030 1814 Ecclesiae,
1055 1777 1145 1817 quasi
1169 1777 1202 1807 in
1227 1787 1263 1807 ea

186 1827 340 1868 Episcopi
364 1837 401 1857 ex
424 1825 586 1862 diaconis,
610 1834 676 1854 non
711 1829 858 1863 suscepto
883 1822 1111 1862 presbyteratu,
1136 1822 1261 1851 ordina-

186 1878 305 1902 rentur.
327 1871 430 1902 Verba
453 1869 547 1900 refert
569 1867 693 1899 Nicolai
719 1868 742 1904 Ι,
766 1867 820 1908 qui
846 1866 989 1907 Epistola
1013 1876 1071 1896 Lxx
1095 1866 1135 1895 ad
1164 1866 1262 1896 Hinc-

187 1925 314 1946 marum
337 1915 419 1946 inter
450 1914 556 1955 plures
580 1913 777 1943 Graecorum
810 1910 984 1942 calumnias
1009 1917 1039 1941 et
1062 1910 1150 1941 illam
1174 1921 1262 1942 com-

187 1966 355 1997 memorat,
367 1960 444 2001 quia
460 1959 626 1994 diaconus,
640 1967 703 1987 non
719 1961 865 1996 suscepto
871 1955 1120 1996 presbyteratus
1141 1954 1261 1996 officio,

186 2004 275 2046 apud
298 2001 357 2035 nos
379 2004 558 2045 Episcopus
581 2001 763 2032 ordinatur.
789 2000 886 2031 Addit
913 1999 1076 2030 Ratramni
1109 1999 1261 2030 monachi

186 2049 407 2080 testimonium
439 2058 476 2079 ex
508 2047 590 2077 libro
615 2046 668 2083 lv,
694 2045 794 2086 capite
817 2054 872 2074 vnt
898 2051 1006 2075 contra
1030 2044 1221 2084 praedictam
1245 2054 1263 2074 a

185 2093 350 2125 Photianis
374 2091 583 2132 excogitatam
611 2089 814 2121 calumniam.
840 2088 1046 2120 Coniectatur
1068 2098 1165 2127 vero,
1189 2088 1263 2119 inde

187 2138 319 2170 forsitan
343 2138 482 2169 Graecos
505 2145 615 2166 ansam
640 2141 780 2175 captasse
804 2133 1001 2164 conviciandi
1022 2133 1152 2170 Latinis,
1173 2133 1262 2174 quod

187 2193 326 2214 canones
349 2181 450 2212 nostri
474 2180 667 2216 sanxissent,
692 2186 728 2209 ut
751 2188 793 2209 ex
816 2178 1018 2218 presbyteris
1046 2178 1097 2208 vel
1118 2178 1263 2208 diaconis

185 2227 338 2268 Episcopi
355 2226 579 2266 deligerentur:
595 2224 668 2254 inde
684 2223 908 2254 concludentes
919 2230 984 2253 tam
995 2222 1176 2253 immediate
1188 2222 1262 2262 Epi-

186 2279 355 2312 scopatum
379 2281 397 2301 a
420 2269 513 2301 nobis
533 2268 667 2300 conferri
687 2267 827 2298 diaconis
847 2277 945 2308 quarn
961 2266 1159 2307 presbyteris.
1184 2266 1261 2296 Ani-

186 2316 355 2348 madvertit
371 2314 480 2357 (num.
492 2312 552 2356 14)
573 2317 716 2344 Aeneam
730 2311 937 2343 Parisiensem
962 2311 1161 2351 Episcopum
1176 2311 1262 2341 illam

185 2360 421 2392 ordinationem
443 2369 499 2400 per
515 2358 632 2388 saltum
656 2357 777 2387 fassum
801 2356 932 2397 quidem
956 2366 1034 2392 esse,
1059 2356 1113 2385 sed
1137 2356 1260 2395 trepido

185 2415 221 2436 ac
245 2415 327 2446 pene
355 2413 512 2444 suspenso
546 2402 689 2438 calamo,
714 2411 746 2431 re
770 2411 836 2431 non
864 2400 938 2430 satis
966 2400 1011 2430 illi
1039 2407 1201 2439 comperta
1232 2407 1262 2430 et

187 2450 358 2490 explorata.
384 2449 566 2479 Romanam
590 2446 759 2487 Synodum
779 2446 838 2475 sub
858 2445 976 2474 Ioanne
994 2445 1051 2474 XII
1073 2444 1259 2474 celebratam

186 2504 272 2525 anno
290 2494 355 2534 964
365 2498 515 2529 recenset,
533 2502 570 2521 ex
589 2500 654 2531 qua
673 2496 796 2521 constat
816 2489 1010 2528 Antipapam
1028 2489 1170 2518 Leonem
1187 2489 1259 2518 VIlI

187 2538 371 2570 ordinatum
395 2537 500 2577 primo
524 2535 621 2566 fuisse
645 2535 831 2570 ostiarium,
857 2540 926 2563 turn
953 2533 1123 2568 lectorem,
1149 2533 1222 2563 acol
1247 2550 1260 2555 -

188 2584 297 2620 thum,
322 2582 574 2617 subdiaconum,
598 2579 769 2610 diaconum
804 2585 834 2608 et
866 2578 994 2608 tandem
1020 2577 1259 2617 presbyterum,

187 2634 359 2668 antequam
382 2625 536 2666 Pontifex
567 2624 818 2664 inauguraretur.
841 2622 950 2652 loanni
981 2622 1038 2652 Xll
1063 2621 1126 2651 vita
1150 2621 1261 2651 functo

187 2682 273 2703 anno
294 2672 359 2711 964
378 2670 526 2701 suffectus
548 2676 594 2699 est
609 2667 798 2699 Benedictus
814 2667 854 2703 V,
870 2666 926 2706 qui
942 2666 1126 2696 diaconatus
1141 2665 1261 2696 Ordine

186 2715 354 2756 insignitus
378 2722 453 2751 erat,
478 2714 607 2744 detruso
631 2714 750 2743 Leone.
768 2711 854 2742 Cum
878 2711 903 2740 is
927 2720 1053 2741 rursum
1076 2709 1148 2740 Sedi
1173 2712 1261 2749 Apo-

188 2760 317 2792 stolicae
341 2759 568 2799 redintegratus
593 2763 693 2793 esset,
717 2755 924 2787 Benedictum
949 2754 1135 2790 deturbavit,
1159 2755 1260 2784 omni-

187 2815 249 2846 que
272 2804 420 2845 spoliavit
442 2803 570 2844 ipsum,
594 2809 672 2833 teste
705 2800 903 2840 Luitprando
927 2799 1007 2829 libro
1028 2799 1082 2836 Vl,
1107 2798 1207 2838 capite
1230 2809 1261 2828 x1

186 2849 397 2890 Pontificatus
420 2853 450 2878 et
467 2847 716 2888 presbyteratus
739 2845 881 2875 honore:
911 2844 995 2874 unde
1019 2849 1105 2883 patet
1128 2843 1167 2872 ad
1191 2853 1260 2882 pre-

187 2894 363 2934 sbyteratus
380 2891 535 2923 Ordinem
551 2897 739 2932 promotum
762 2889 854 2919 illum
870 2888 977 2924 fuisse,
998 2894 1167 2927 antequam
1184 2887 1260 2927 Epi-

187 2947 305 2977 scopus
329 2943 360 2967 et
386 2935 532 2966 Pontifex
565 2941 810 2966 consecraretur.
834 2932 939 2971 Pergit
969 2932 1139 2962 admonere
1172 2931 1261 2961 Tho-

188 2980 346 3012 massinus
375 2980 452 3010 haec
475 2979 638 3010 Photianis
661 2978 792 3019 quidem
822 2983 852 3007 et
875 2976 1072 3016 temporibus
1103 2982 1134 3005 et
1157 2975 1260 3005 crimi-

188 3024 370 3056 nationibus
389 3024 564 3064 posteriora
579 3033 645 3053 esse
662 3022 824 3061 exempla;
841 3021 895 3050 sed
911 3031 929 3050 a
945 3020 1047 3060 specie
1062 3019 1125 3050 veri
1142 3026 1260 3050 tamem

189 3068 420 3100 alienissimum
442 3067 552 3104 videri,
568 3074 604 3098 ut
626 3066 732 3097 Photii
748 3065 915 3096 calumniis
938 3065 970 3094 id
993 3064 1103 3094 datum
1127 3063 1260 3094 facturn-

189 3123 252 3155 que
275 3112 380 3149 fuerit,
404 3122 471 3153 quo
495 3111 615 3152 aliquid
638 3111 671 3141 in
695 3109 898 3141 occidentalis
927 3108 977 3139 vel
1007 3109 1172 3138 Romanae
1203 3108 1261 3137 sal-

189 3166 254 3189 tem
278 3156 435 3187 Ecclesiae
459 3156 603 3186 moribus
626 3155 838 3185 innovaretur.
865 3153 955 3183 Adde
979 3152 1122 3188 demum,
1146 3152 1260 3192 inquit,

190 3202 279 3244 quod
294 3199 503 3231 ordinationis
517 3199 650 3230 alicuius
658 3198 847 3238 Antipapae,
858 3207 923 3236 v.g.
936 3195 1148 3232 Constantini,
1163 3206 1261 3236 quern

189 3245 375 3278 Anastasius
399 3243 661 3274 Bibliothecarius
677 3249 732 3272 aut
747 3242 827 3272 alius
848 3241 984 3282 quisque
1005 3247 1115 3270 auctor
1132 3240 1260 3270 subdia-

189 3300 304 3322 conum
329 3295 359 3319 et
378 3289 548 3319 diaconum
574 3287 756 3317 ordinatum
772 3285 875 3322 refert,
893 3292 988 3325 atque
1006 3291 1076 3315 turn
1093 3284 1258 3314 Summum

189 3334 385 3375 Pontificem,
403 3342 438 3362 ea
456 3342 522 3362 esse
545 3337 675 3371 possent
690 3330 775 3366 vitia,
792 3329 909 3370 quibus
932 3329 1010 3358 aliae
1033 3328 1176 3358 similiter
1194 3337 1260 3357 non

191 3379 419 3411 claudicarent:
444 3376 487 3406 ibi
511 3385 650 3416 namque
674 3374 776 3404 multa
798 3372 1056 3413 praecipitantur,
1080 3381 1163 3412 quae
1186 3371 1260 3400 alias

192 3422 401 3464 expediuntur
421 3420 547 3451 lentius.

257 3467 379 3497 Eadem
403 3472 449 3495 est
471 3463 625 3494 sententia
657 3460 827 3493 Christiani
860 3459 944 3499 Lupi
977 3459 1009 3488 in
1033 3458 1259 3488 Dissertatione

192 3512 231 3542 de
246 3511 366 3542 Octava
382 3509 514 3550 Synodo
530 3506 676 3538 Generali
695 3505 796 3545 capite
811 3514 841 3541 v,
859 3502 1017 3534 calumnia
1031 3512 1063 3532 1x
1078 3501 1260 3542 inquientis:

195 3569 211 3584 ι
233 3555 482 3596 Antiquissimus
514 3553 678 3582 Romanae
701 3559 736 3579 ac
761 3548 866 3578 omnis
899 3548 958 3577 sub
986 3546 1073 3577 caelo
1103 3545 1260 3575 Ecclesiae

195 3612 210 3627 xe
233 3610 315 3636 mOS,
331 3609 386 3639 per
401 3597 567 3639 Synodum
592 3594 808 3626 Sardicensem
831 3591 1047 3627 confirmatus,
1064 3600 1130 3620 non
1154 3590 1261 3619 solum

195 3656 211 3672 ›
233 3644 462 3684 presbyterum,
481 3642 535 3672 sed
559 3640 654 3671 etiam
677 3638 849 3668 diaconum
872 3635 1024 3676 permittit
1042 3634 1114 3674 eligi
1137 3633 1169 3663 in
1186 3633 1262 3673 Epi-

336 3706 406 3739 Opp.
426 3706 456 3729 D.
476 3704 590 3728 Tamum
608 3702 640 3727 T.
655 3702 673 3726 1.

2248 294 2388 320 CCXCVII

1321 371 1334 385 »
1358 370 1504 400 scopum.
1520 359 1603 390 Hinc
1627 359 1796 399 impudens
1819 358 1953 390 Photius
1977 369 2068 389 suam
2092 370 2110 389 a
2129 359 2210 390 laico
2234 362 2388 400 praevari-

1322 416 1336 431 ›>
1359 404 1510 434 catoriam
1534 403 1721 434 electionem
1756 404 1860 434 alieno
1886 403 1964 434 vitio
1996 403 2101 434 fucare
2134 404 2280 442 moliens,
2305 407 2389 436 calu-

1302 460 1336 475 -»
1359 448 1471 478 mniari
1502 459 1561 479 nos
1585 459 1652 479 non
1683 448 1819 486 erubuit,
1849 449 1938 489 quod
1967 448 2118 478 diaconos
2142 459 2198 488 per
2221 449 2336 479 saltum
2355 450 2390 481 in

1322 505 1336 520 ›
1359 493 1537 534 Episcopos
1557 500 1587 524 et
1603 493 1789 532 eligeremus
1806 500 1837 523 et
1853 502 2117 523 consecraremus.
2135 493 2255 523 Verum
2279 494 2389 524 huius-

1322 549 1336 564 »
1359 537 1448 567 modi
1463 538 1579 568 saltum
1599 538 1718 568 fuimus
1735 548 1810 568 cum
1826 537 1916 567 omni
1931 538 1989 567 sub
2006 537 2094 567 caelo
2109 537 2248 568 Ecclesia
2266 548 2391 578 semper

1321 593 1336 608 »
1359 582 1507 612 acerrime
1532 582 1684 613 detestati.
1702 582 1830 613 Etenim
1854 582 2023 622 Ischyram,
2041 581 2139 612 sancti
2157 582 2321 612 Athanasii
2341 593 2390 612 ca-

1322 639 1335 653 »
1359 626 1558 656 lumniosum
1590 634 1826 664 accusatorem,
1850 636 1948 667 quern
1980 636 2037 666 per
2066 626 2183 656 saltum
2210 626 2390 657 Eusebiana

1322 683 1336 698 »
1359 670 1454 701 factio
1471 678 1666 702 consecrarat
1689 672 1721 702 in
1737 671 1946 711 Episcopum,
1963 671 2124 702 damnavit
2142 671 2269 701 laudata
2282 678 2391 701 nostra

1322 728 1336 742 a>
1360 715 1508 755 Synodus
1532 716 1722 746 Sardicensis
1746 723 1803 747 etc.
1817 729 1831 743 ι
1852 715 1982 746 Nullam
2005 722 2036 746 et
2060 715 2190 753 irritam,
2215 715 2241 745 si
2267 715 2390 746 contin-

1319 767 1405 799 geret
1427 760 1504 790 haec
1533 760 1674 797 diaconi,
1698 760 1916 800 praetermisso
1942 760 2168 800 presbyteratu,
2188 759 2389 800 inauguratio

1319 803 1352 833 in
1371 804 1580 844 Episcopum,
1601 804 1795 844 frequentius
1819 804 1864 834 illi
1885 804 1979 834 etiam
1999 804 2136 834 fatentur
2160 804 2312 844 theologi,
2332 804 2390 845 qui

1320 848 1550 888 Episcopatum
1575 849 1753 878 existimant
1773 849 2011 879 Sacramentum
2035 849 2073 878 ab
2098 849 2212 878 eodem
2228 850 2389 889 presbyte-

1321 899 1388 922 ratu
1405 892 1597 922 distinctum.
1618 893 1715 923 Aiunt
1731 893 1832 923 enim:
1853 893 2073 932 Episcopalem
2093 893 2326 923 ordinationem
2343 895 2388 923 ita

1321 946 1388 966 esse
1411 946 1431 966 a
1458 936 1585 967 Christo
1602 938 1791 973 institutam,
1809 942 1843 967 ut
1866 938 2078 967 essentialiter
2100 937 2212 967 debeat
2229 947 2389 978 praesup-

1317 990 1439 1020 ponere
1461 981 1695 1011 sacerdotium:
1713 981 1854 1021 adeoque
1878 981 1983 1011 valide
2006 991 2069 1011 non
2088 991 2184 1021 posse
2206 983 2386 1022 quempiam

1321 1026 1505 1055 consecrari
1514 1025 1718 1065 Episcopum,
1730 1026 1785 1065 qui
1795 1026 1890 1065 prius
1905 1035 1967 1054 non
1979 1030 2059 1055 esset
2073 1026 2223 1056 sacerdos
2233 1027 2388 1057 initiatus.

1387 1069 1565 1098 Nonnullas
1598 1069 1710 1108 ingerit
1734 1068 1931 1099 difficultates
1964 1069 2154 1099 Edmundus
2178 1070 2317 1100 Martene.
2340 1071 2389 1101 De

1321 1112 1458 1152 antiquis
1475 1113 1632 1143 Ecclesiae
1651 1113 1761 1143 ritibus
1777 1113 1830 1143 lib.
1853 1113 1876 1149 1,
1894 1113 1994 1152 capite
2010 1123 2076 1148 vm,
2094 1120 2149 1143 art.
2166 1124 2210 1151 111,
2227 1124 2315 1144 num.
2340 1122 2387 1145 10:

1325 1170 1337 1183 «
1362 1157 1511 1194 loannes,
1535 1158 1648 1197 inquit,
1666 1168 1690 1187 s.
1715 1156 1797 1187 Galli
1827 1157 2019 1197 discipulus,
2046 1157 2198 1188 diaconus
2226 1158 2389 1189 ordinatus

1323 1212 1336 1226 >0
1360 1201 1540 1240 Episcopus
1564 1201 1816 1231 Constantiensis
1833 1208 1889 1238 est,
1907 1202 2121 1242 presbyteratu
2139 1212 2204 1231 non
2229 1210 2388 1243 suscepto,

1323 1256 1337 1271 »
1361 1252 1396 1275 ut
1419 1245 1492 1275 satis
1516 1245 1597 1275 clare
1621 1246 1713 1276 docet
1736 1245 1847 1276 Strabo
1871 1245 1903 1275 in
1927 1245 1990 1275 vita
2019 1255 2042 1275 s.
2070 1245 2152 1276 Galli
2176 1246 2255 1276 libro
2281 1247 2313 1284 1,
2340 1258 2388 1278 ca-

1323 1301 1337 1315 »
1360 1289 1424 1329 pite
1447 1300 1507 1319 xxv
1527 1302 1540 1317 »
1566 1288 1666 1332 (apud
1698 1289 1921 1320 Mabillonium
1955 1289 2087 1320 Saeculo
2113 1290 2138 1320 11
2162 1290 2388 1330 Benedictino,

1320 1340 1350 1363 et
1378 1333 1410 1363 in
1435 1334 1611 1364 Annalibus
1636 1335 1674 1364 ad
1701 1344 1821 1364 annum
1846 1335 1909 1364 613
1937 1344 2026 1364 num.
2054 1332 2107 1376 8).
2128 1334 2277 1365 Valafridi
2308 1335 2390 1366 Stra-

1320 1378 1412 1408 bonis
1435 1379 1530 1409 verba
1553 1386 1642 1409 sunt:
1663 1379 1744 1409 Dux
1767 1376 1963 1421 (loannem)
1988 1378 2157 1408 diaconum
2183 1380 2291 1409 venire
2304 1380 2390 1420 fecit

1319 1423 1352 1452 in
1376 1423 1549 1454 medium...
1569 1424 1658 1454 Licet
1681 1424 1868 1454 renitentem
1898 1424 1930 1452 in
1949 1424 2169 1463 praesentiam
2200 1424 2388 1464 Pontificum

1314 1472 1551 1507 pertraxerunt
1568 1473 1598 1498 et
1612 1468 1713 1498 Ducis
1737 1473 1767 1498 et
1782 1468 1971 1498 levaverunt
1993 1477 2102 1497 omnes
2119 1468 2248 1507 pariter
2271 1478 2388 1506 vocem,

1318 1511 1474 1542 dicentes:
1495 1512 1650 1543 Ioannem
1675 1513 1773 1553 elegit
1787 1512 1847 1542 sibi
1869 1512 2030 1542 Dominus
2054 1512 2239 1552 Pontificem
2263 1513 2388 1544 hodie...

1318 1556 1469 1596 Episcopi
1492 1557 1598 1597 itaque
1613 1557 1779 1587 duxerunt
1802 1566 1873 1586 eum
1897 1556 1941 1586 ad
1954 1556 2070 1593 altare,
2087 1561 2117 1586 et
2139 1557 2274 1586 solemni
2297 1557 2388 1588 bene-

1318 1601 1466 1631 dictionis
1481 1601 1589 1642 officio
1612 1601 1847 1631 ordinaverunt
1862 1601 2052 1631 Antistitem.
2069 1600 2249 1631 Auctoritas
2273 1607 2319 1631 est
2335 1612 2387 1632 ne-

1318 1645 1431 1684 gativa,
1449 1653 1484 1676 ut
1499 1645 1601 1676 verbis
1619 1653 1688 1676 utar
1704 1645 1787 1685 Lupi
1803 1646 1876 1675 loco
1894 1645 1997 1685 priore
2013 1644 2157 1684 superius
2175 1645 2289 1675 citato:
2307 1655 2389 1686 quae

1319 1689 1528 1720 commissum
1551 1690 1666 1720 saltum
1691 1690 1803 1720 diserte
1834 1700 1899 1720 non
1923 1688 2077 1719 adfirmat.
2104 1689 2206 1719 Simul
2229 1690 2391 1731 presbyter

1319 1741 1350 1764 et
1365 1734 1543 1774 Episcopus
1560 1734 1733 1765 consecrari
1750 1734 1855 1774 potuit
1879 1734 2023 1770 loannes,
2041 1733 2095 1763 sed
2111 1733 2171 1763 alia
2187 1740 2217 1764 et
2236 1733 2296 1764 alia
2313 1745 2388 1765 con-

1319 1778 1503 1815 secratione,
1519 1779 1569 1809 vel
1593 1779 1703 1809 eadem
1727 1778 1777 1808 die
1793 1778 1843 1808 vel
1868 1778 1977 1808 diebus
2001 1777 2164 1808 distinctis.

1386 1822 1587 1853 Constantini
1612 1823 1789 1863 Antipapae
1813 1823 1995 1862 exemplum
2019 1822 2187 1852 adducitur
2209 1822 2247 1852 ab
2272 1823 2387 1853 eodem

1319 1867 1474 1898 Martene:
1494 1868 1583 1908 quod
1598 1867 1639 1898 ita
1650 1867 1910 1898 Bibliothecarius
1926 1867 1958 1896 in
1974 1866 2036 1896 vita
2052 1866 2202 1906 Stephani
2216 1867 2258 1897 1v
2275 1867 2388 1898 descri—

1318 1911 1364 1942 bit
1379 1922 1469 1942 num.
1479 1913 1540 1942 263
1560 1911 1611 1954 (et
1625 1910 1726 1953 seqq.)
1745 1912 1830 1951 apud
1847 1911 2047 1941 Franciscum
2063 1911 2288 1941 Blanchinum:
2307 1911 2388 1942 Cum

1319 1956 1459 1987 nondum
1475 1956 1581 1987 adhuc
1595 1955 1731 1998 (Paulus
1742 1954 1772 1999 1)
1783 1957 1930 1996 spiritum
1946 1955 2124 1991 exhalaret,
2137 1962 2247 1994 agente
2257 1956 2388 1986 Totone

1318 2001 1408 2031 Duce
1418 2001 1594 2041 Nepesinae
1610 2000 1753 2038 civitatis,
1765 2001 1967 2041 elegerunt...
1981 1999 2238 2036 Constantinum,
2240 1999 2387 2040 fratrem

1319 2045 1459 2076 eiusdem
1484 2046 1624 2082 Totonis,
1643 2046 1760 2076 laicum
1785 2046 2003 2075 existentem...
2023 2043 2179 2083 Georgius
2198 2043 2387 2084 Episcopus,

1319 2091 1433 2121 timore
1447 2095 1624 2130 correptus,
1644 2091 1820 2120 orationem
1838 2089 1887 2119 illi
1902 2089 2073 2119 clericatus
2091 2088 2211 2125 tribuit,
2223 2094 2253 2118 et
2268 2090 2312 2118 ita
2328 2090 2388 2120 cle-

1319 2136 1408 2165 ricus
1431 2134 1563 2175 effectus
1587 2141 1666 2165 est...
1683 2135 1756 2164 Alio
1781 2144 1855 2164 vero
1871 2134 1923 2164 die
1946 2133 2158 2169 illucescente,
2175 2133 2316 2163 secunda
2329 2133 2388 2174 fe-

1319 2181 1386 2216 ria,
1403 2179 1618 2210 subdiaconus
1642 2184 1738 2219 atque
1754 2178 1910 2208 diaconus
1925 2178 1965 2208 ab
1981 2177 2088 2207 eodem
2106 2177 2302 2217 Episcopo...
2314 2187 2388 2207 con-

1317 2229 1463 2254 secratus
1477 2229 1556 2254 est...
1572 2224 1768 2253 Adveniente
1782 2223 1940 2252 dominico
1955 2222 2039 2252 die...
2058 2220 2210 2262 Pontifex
2224 2221 2264 2251 ab
2279 2222 2386 2252 eodem

1320 2269 1461 2309 Georgio
1472 2269 1628 2308 Episcopo
1639 2268 1847 2297 Praenestino
1867 2272 1896 2296 et
1917 2266 1991 2296 aliis
2005 2265 2164 2296 duobus...
2182 2271 2388 2296 consecratus

1318 2318 1373 2344 est.
1400 2313 1485 2343 Cum
1518 2312 1721 2351 designentur
1744 2311 1776 2341 in
1809 2310 1986 2351 particulari
2009 2310 2123 2350 gradus
2147 2309 2344 2340 ecclesiastici
2370 2321 2387 2340 a

1318 2357 1530 2388 Constantino
1552 2356 1699 2396 suscepti,
1717 2362 1747 2386 et
1762 2355 1848 2385 nulla
1867 2354 1920 2384 fiat
1936 2354 2056 2384 mentio
2081 2354 2311 2394 presbyteratus
2327 2354 2387 2394 ipsi

1318 2402 1443 2438 collati,
1469 2401 1586 2431 indicio
1610 2408 1656 2431 est
1680 2399 1934 2440 praetermissum
1959 2408 2088 2438 prorsus
2105 2399 2142 2428 ab
2160 2408 2198 2428 eo
2218 2397 2323 2428 fuisse.
2342 2399 2387 2429 Ita

1317 2456 1432 2486 nempe
1455 2446 1604 2476 Martene.
1629 2444 1881 2475 Thomassinum
1905 2442 2105 2480 audivimus,
2133 2442 2231 2472 hocce
2255 2442 2386 2473 fortasse

1316 2490 1429 2521 vitium
1454 2489 1622 2529 contigisse
1645 2489 1677 2519 in
1702 2489 1879 2528 Antipapae
1908 2487 2124 2525 ordinatione,
2147 2487 2180 2516 in
2200 2497 2263 2527 qua
2286 2487 2387 2517 multa

1317 2535 1561 2575 praecipitantur
1575 2544 1657 2574 quae
1681 2533 1756 2563 alias
1775 2532 1985 2572 expediuntur
2007 2531 2139 2561 lentius:
2160 2541 2195 2561 ac
2218 2531 2296 2561 tanti
2320 2542 2387 2561 rem

1316 2580 1409 2609 istam
1433 2589 1499 2609 esse
1523 2577 1690 2614 momenti,
1708 2584 1743 2607 ut
1759 2577 1829 2607 solo
1853 2576 1976 2606 silentio
1992 2575 2098 2616 perfici
2123 2582 2203 2605 certe
2219 2575 2298 2605 nihil
2314 2586 2387 2615 pos—

1317 2624 1365 2654 sit.
1390 2624 1514 2654 Addere
1536 2633 1610 2662 ergo
1634 2622 1725 2652 liceat
1741 2620 1989 2652 Constantinum
2010 2620 2229 2660 presbyterum
2253 2630 2288 2650 ac
2311 2620 2387 2660 Epi-

1318 2678 1452 2708 scopum
1467 2667 1516 2698 vel
1531 2668 1641 2697 eadem
1658 2666 1708 2696 vel
1729 2665 1849 2696 diversa
1865 2665 1914 2695 die
1930 2664 2087 2695 initiatum
2103 2664 2213 2694 fuisse:
2230 2663 2295 2693 fieri
2311 2674 2385 2694 vero

1317 2723 1495 2752 expressam
1511 2712 1693 2748 clericatus,
1711 2710 1961 2741 subdiaconatus
1976 2716 2006 2739 et
2021 2709 2221 2745 diaconatus,
2239 2708 2294 2748 qui
2319 2718 2385 2738 uno

1318 2758 1496 2797 eodemque
1518 2756 1567 2786 die
1583 2755 1720 2795 suscepti
1745 2754 1883 2791 fuerunt,
1909 2753 2117 2790 mentionem,
2142 2759 2177 2782 ut
2202 2759 2277 2782 nota
2299 2751 2387 2783 fieret

1317 2801 1479 2841 illegitima
1495 2800 1696 2831 Constantini
1713 2798 1881 2834 ordinatio,
1897 2799 1939 2828 ob
1955 2798 2021 2828 eius
2038 2807 2074 2827 ex
2090 2796 2170 2827 laico
2187 2796 2385 2836 adsumptio-

1317 2856 1402 2884 nem,
1419 2856 1454 2876 ac
1470 2844 1687 2886 praetermissa
1709 2844 1794 2873 inter·
1808 2842 1943 2873 Ordines
1968 2841 2131 2872 interstitia
2155 2847 2263 2871 contra
2282 2850 2385 2870 sacro-

1317 2901 1388 2921 rum
1414 2899 1574 2920 canonum
1595 2895 1719 2919 statuta.
1740 2887 1843 2926 Pergit
1859 2887 2008 2922 Manena,
2026 2892 2056 2915 et
2072 2885 2131 2915 ait:
2153 2899 2167 2912 «
2186 2885 2221 2914 Ιῐι
2238 2884 2385 2914 Concilio

1320 2948 1334 2962 2>
1357 2935 1506 2965 Romano
1517 2941 1590 2974 post
1596 2931 1797 2964 Constantini
1808 2930 2040 2971 depositionem
2049 2940 2066 2959 a
2073 2929 2232 2968 Stephano
2238 2929 2323 2968 Papa
2331 2929 2385 2967 111,

1321 2992 1335 3006 1>
1359 2978 1431 3020 (vel
1442 2979 1464 3008 I
1468 2977 1512 3019 V)
1530 2985 1719 3017 congregato
1738 2976 1796 3006 sub
1814 2974 2018 3005 anathematis
2039 2972 2293 3004 interminatione
2308 2972 2384 3003 veti-

1321 3036 1334 3050 »
1358 3030 1427 3053 tum
1443 3023 1520 3056 fuit:
1541 3023 1592 3052 Ne
1608 3022 1694 3052 ullus
1714 3030 1862 3060 umquam
1888 3019 2055 3054 laicorum,
2075 3027 2176 3057 neque
2191 3027 2233 3047 ex
2250 3017 2315 3046 alio
2331 3026 2384 3046 or-

1322 3081 1336 3095 »
1358 3068 1442 3104 dine,
1462 3068 1524 3097 nisi
1538 3076 1602 3106 per
1616 3066 1780 3096 distinctos
1793 3063 1920 3104 gradus
1938 3062 2122 3098 ascendens,
2139 3062 2304 3091 Diaconus
2327 3066 2385 3091 aut

1321 3124 1335 3138 »
1357 3112 1532 3152 Presbyter
1549 3108 1858 3149 Cardinalisfactus
1872 3106 1990 3147 fuerit,
2011 3106 2054 3136 ad
2068 3115 2197 3136 sacrum
2214 3105 2383 3145 Pontifica-

1321 3168 1334 3182 »
1358 3161 1410 3186 tus
1427 3155 1580 3186 Ordinem
1592 3155 1694 3194 possit
1698 3152 1892 3193 promoveri.
1905 3150 1965 3181 Ubi
1981 3150 2115 3180 liberum
2127 3149 2222 3179 fuisse
2238 3149 2383 3179 relictum

1321 3213 1335 3227 »
1358 3200 1491 3237 videtur,
1508 3209 1545 3229 ex
1561 3198 1702 3238 utrisque
1717 3195 1866 3227 Diaconis
1891 3201 1945 3225 aut
1960 3194 2149 3234 Presbyteris
2165 3193 2383 3224 Cardinalibus

1320 3256 1334 3270 ι
1357 3244 1494 3274 ordinari
1517 3241 1695 3273 Pontifices.
1714 3242 1748 3271 In
1765 3240 1879 3270 eodem
1899 3238 2045 3269 Concilio
2065 3238 2199 3268 Actione
2223 3238 2263 3267 111
2288 3243 2383 3266 statu-

1320 3301 1334 3315 »
1357 3295 1426 3318 tum
1442 3294 1488 3317 est
1502 3287 1606 3323 etiarn,
1623 3293 1658 3316 ut
1672 3284 1834 3325 Episcopi,
1845 3293 1927 3324 quos
1942 3282 2169 3313 Constantinus
2185 3290 2383 3311 consecrave-
2404 3312 2409 3315 ,

1320 3344 1334 3358 »
1357 3338 1413 3367 rat,
1432 3331 1457 3361 si
1481 3331 1611 3371 quidem
1630 3331 1726 3370 prius
1743 3328 1928 3368 presbyteri
1941 3326 2084 3367 fuerunt
2099 3331 2157 3355 aut
2179 3326 2315 3361 diaconi,
2343 3325 2383 3354 ad

1319 3388 1334 3402 »
1357 3375 1525 3415 pristinum
1549 3374 1703 3405 Ordinem
1727 3378 1970 3407 reverterentur,
1998 3371 2103 3400 denuo
2131 3370 2169 3399 ab
2193 3368 2381 3408 Apostolico

1320 3432 1334 3446 »
1356 3419 1537 3458 suscepturi
1545 3417 1770 3448 benedictionis
1780 3416 2082 3446 consecrationem.»
2103 3413 2252 3443 Liberum
2267 3422 2382 3452 nempe

1317 3462 1523 3503 relinquitur,
1548 3469 1583 3492 ut
1606 3460 1755 3500 Episcopi
1780 3469 1816 3488 ex
1839 3458 2023 3488 diaconibus
2046 3457 2095 3487 vel
2119 3456 2304 3497 presbyteris
2327 3456 2382 3490 eli-

1317 3514 1448 3546 gantur:
1478 3506 1532 3546 qui
1555 3515 1631 3535 vero
1663 3503 1788 3534 diaconi
1811 3503 1974 3532 dumtaxat
2003 3501 2138 3539 fuerint,
2162 3500 2382 3540 praetermisso

1317 3551 1551 3591 presbyteratu,
1585 3547 1722 3579 ordinari
1750 3546 1891 3587 potuisse
1920 3545 2097 3585 Episcopos
2129 3552 2183 3575 aut
2214 3544 2382 3574 Pontifices

1317 3595 1410 3625 verba
1434 3594 1520 3624 nulla
1544 3593 1656 3623 diserte
1679 3592 1815 3622 tradunt.
1842 3591 1958 3620 lterum
1977 3599 2051 3619 vero
2076 3589 2222 3619 statuitur
2244 3595 2279 3619 ut
2301 3588 2382 3618 inter

1318 3639 1463 3676 Ordines,
1480 3637 1754 3674 subdiaconatum,
1781 3641 1812 3665 et
1834 3634 2056 3672 diaconatum,
2081 3640 2111 3663 et
2133 3634 2383 3674 presbyteratum

2206 3693 2238 3719 38
