2548 4192
194 299 288 325 cxcu

584 364 794 402 CAPUT
833 365 885 400 lI.

195 471 235 496 De
255 477 380 503 germano
399 469 493 495 eodem
512 468 592 493 sancti
611 467 730 492 Thomae
749 467 820 492 foetu
842 464 1017 491 testimonium
1037 463 1174 498 perhibent
1191 464 1267 489 Nico-

267 506 324 531 laus
342 505 463 530 Trivetus
483 509 509 530 et
527 503 682 528 Guillelmus
702 503 734 527 de
753 502 849 526 Tocco.
863 501 1003 534 Perperarn
1022 500 1048 524 in
1067 499 1175 524 dubium
1193 505 1269 525 vocat

264 540 393 566 Antonius
412 540 506 573 Pagius
530 539 661 564 laudatum
681 537 849 562 Guillelmum
872 536 1004 568 vulgatam
1028 534 1165 568 scripsisse
1186 535 1268 568 Aqui-

266 576 332 601 natis
351 575 439 601 vitam.

197 674 221 705 1.
243 666 445 749 Nicolaus
468 670 616 702 Trivetus
639 669 702 707 rei,
726 677 790 709 qua
809 667 848 697 de
871 667 1016 707 agimus,
1040 666 1127 698 testis
1150 666 1270 697 accedit

325 716 443 748 tertius.
474 713 659 746 Chronicon
691 713 817 752 Regum
849 711 982 751 Angliae
1006 721 1025 741 a
1047 711 1204 742 Dacherio
1235 710 1269 740 in

195 762 301 793 lucem
334 760 455 791 editum
486 757 632 799 perduxit
655 757 694 787 ad
718 765 840 787 annum
870 765 972 796 usque
1001 756 1082 796 1307
1106 755 1269 795 vitamque

197 815 288 837 suam
312 804 374 845 egit
397 804 437 833 ad
459 812 581 833 annum
609 801 690 832 1328
724 807 802 832 teste
825 799 960 838 Balaeo,
980 809 1078 840 quem
1110 799 1271 840 excipiunt

195 850 318 880 Pitseus
335 855 365 879 et
381 847 505 879 Caveus
529 846 616 886 apud
634 845 835 877 Echardum:
856 844 942 874 unde
964 843 1044 874 lucis
1067 854 1164 875 usura
1187 843 1270 873 frue-

196 895 288 925 batur
302 893 384 922 intra
402 890 594 922 decennium
609 901 628 921 a
645 889 794 922 Launoio
818 887 1042 928 praestitutum
1058 895 1088 918 et
1104 894 1175 918 ante
1189 887 1270 918 illud

197 928 417 977 conscripsisse
441 934 615 966 chronicon
639 934 792 965 dicendus
817 939 873 965 est.
902 932 954 963 Ad
977 942 1099 963 annum
1128 942 1212 974 1274
1231 931 1270 961 de

196 981 325 1012 Thorna
347 979 507 1021 Aquinate
530 979 608 1020 agit:
632 979 804 1019 ipsumque
828 987 903 1009 cum
924 976 1018 1007 vocet
1052 977 1269 1007 Venerabilem

194 1026 367 1056 Doctorem
380 1023 529 1065 fratrem
551 1024 703 1054 Thomam
727 1022 768 1053 de
789 1023 928 1064 Aquino,
953 1021 1026 1052 satis
1050 1021 1167 1052 indicat
1189 1021 1270 1051 hanc

196 1080 214 1100 a
238 1079 270 1099 se
294 1068 435 1100 chronici
453 1074 577 1109 partem
593 1068 810 1098 elucubratam
826 1073 899 1097 ante
916 1075 1036 1096 sacram
1052 1065 1195 1096 eiusdem
1221 1075 1269 1096 ca-

196 1113 446 1144 nonizationem.
462 1113 575 1153 Neque
598 1111 757 1150 hominis,
783 1117 896 1153 utpote
920 1109 1015 1150 angli,
1035 1110 1213 1150 respuenda
1234 1109 1270 1140 fi-

197 1158 269 1188 des:
295 1167 370 1188 cum
394 1156 480 1188 enim
503 1158 536 1187 in
560 1156 673 1187 Studio
695 1156 890 1193 Parisiensi,
923 1161 959 1185 ut
985 1154 1053 1194 ipse
1083 1161 1214 1185 testatur
1237 1154 1271 1184 in

198 1201 338 1238 chronici
363 1201 500 1242 prologo
512 1223 521 1240 ,
542 1200 726 1231 diuturnam
744 1199 869 1231 traxerit
892 1209 1028 1236 moram,
1045 1198 1162 1230 litteras
1181 1199 1270 1230 theo-

196 1245 315 1286 logicas
339 1252 536 1285 accepturus,
553 1245 711 1277 addiscere
734 1254 890 1286 perquam
913 1243 1004 1274 facile
1027 1243 1133 1282 potuit
1152 1243 1272 1275 ibidem

197 1296 285 1331 gesta
314 1289 462 1320 Thomae
495 1289 756 1331 compositosque
779 1290 818 1320 ab
852 1298 890 1319 eo
914 1287 1022 1318 libros.
1057 1287 1162 1319 Testis
1195 1298 1270 1328 ergo

198 1333 423 1375 probatissimi,
445 1339 553 1364 contra
569 1344 666 1375 quem
683 1333 867 1374 exceptione
882 1332 1032 1363 intercedi
1051 1332 1140 1363 nulla
1155 1338 1271 1372 potest,

200 1378 307 1419 accipe
329 1378 424 1408 verba
446 1377 519 1408 loco
544 1378 654 1409 citato:
678 1378 759 1409 Item
784 1375 935 1420 (scripsit)
954 1377 1120 1408 Summam
1142 1377 1271 1408 Theolo-

197 1423 294 1464 giae:
316 1432 415 1463 quam
438 1423 470 1452 in
500 1422 579 1453 Tres
594 1428 710 1463 partes
733 1422 838 1452 divisit
861 1427 891 1452 et
914 1421 1095 1452 Secundam
1120 1422 1153 1451 in
1177 1421 1272 1452 Duas

219 1472 317 1498 artes.

191 1477 218 1507 P
267 1510 426 1548 Quartum
455 1510 566 1541 locum
598 1517 683 1542 tenet
706 1509 898 1541 Guillelmus
931 1509 970 1540 de
993 1509 1114 1540 Tocco.
1141 1510 1271 1540 Testem

199 1554 316 1595 scilicet
339 1555 483 1593 advoco,
515 1555 724 1595 praecipuum
754 1553 1003 1586 canonizationis
1035 1553 1099 1584 divi
1122 1553 1271 1584 Thomae

198 1605 420 1639 promotorem
450 1599 699 1640 scriptoremque
729 1598 811 1630 vitae
842 1597 910 1628 eius
940 1607 1025 1628 anno
1054 1598 1137 1628 1323
1167 1598 1272 1629 adhuc

197 1642 279 1674 inter
295 1642 385 1673 vivos
401 1649 557 1683 agentem,
573 1643 622 1673 his
638 1643 781 1682 demum,
799 1652 879 1683 quas
894 1641 1078 1683 postulabat
1091 1642 1268 1681 Lauricius,

198 1687 435 1718 conditionibus
458 1686 621 1718 munitum
644 1693 868 1728 ornatumque.
889 1686 1047 1724 Quinimo
1071 1686 1272 1728 synchronus

198 1731 347 1763 Thomae
371 1730 441 1770 fuit,
458 1741 556 1772 quem
579 1732 659 1763 vidit
680 1731 881 1770 scribentem,
902 1737 938 1762 ut
956 1730 990 1761 in
1007 1731 1162 1762 Processu
1185 1731 1272 1772 apud

198 1774 423 1814 Bollandianos
447 1775 548 1816 capite
571 1786 624 1815 vn,
648 1786 738 1807 num.
768 1775 808 1806 58
838 1781 970 1806 testatur
992 1775 1060 1816 ipse
1089 1782 1120 1806 et
1148 1775 1273 1807 audivit

191 1819 437 1860 praedicantem
462 1825 492 1851 et
515 1820 684 1861 legentem.
702 1820 810 1861 Opera
833 1819 920 1858 eius,
945 1830 1027 1861 quae
1050 1826 1199 1859 noverat,
1223 1830 1272 1850 ca-

197 1863 263 1904 pite
285 1874 317 1894 1v
335 1863 427 1895 Vitae
450 1871 605 1903 recenset,
630 1871 661 1896 et
683 1864 743 1903 ait;
770 1877 786 1892 α
804 1864 930 1896 Praeter
953 1864 1064 1905 opus,
1088 1864 1178 1905 quod
1201 1864 1274 1895 fecit

200 1919 216 1935 »
236 1918 331 1948 super
349 1914 487 1949 quatuor
502 1908 600 1940 libros
623 1908 868 1947 Sententiarum,
885 1908 1051 1940 Summam
1075 1908 1159 1947 fecit,
1174 1918 1273 1949 quam

201 1963 216 1979 ³
236 1952 375 1984 distinxit
395 1951 499 1991 libris,
515 1953 661 1984 materias
677 1960 816 1994 quatuor
834 1952 991 1984 librorum
1007 1953 1095 1984 aliter
1110 1952 1271 1984 ordinans:

201 2008 216 2023 τ
236 2007 335 2038 quam
359 2007 434 2028 cum
456 1997 600 2037 pluribus
629 1997 767 2029 articulis
794 1997 958 2039 ampliavit
981 1997 1199 2028 subtilioribus
1222 2007 1271 2028 ra-

201 2053 216 2068 »
237 2040 389 2079 tionibus,
408 2040 493 2081 ipsas
510 2041 722 2081 determinans
739 2042 931 2073 Sanctorum
946 2041 1195 2073 auctoritatibus.
1209 2054 1224 2069 »

267 2085 303 2116 11.
320 2084 466 2116 Dubium
488 2085 602 2126 ingerit
619 2085 782 2118 Antonius
800 2087 927 2127 Pagius,
947 2096 1027 2117 num
1050 2085 1154 2125 istam,
1174 2096 1274 2127 quam

196 2128 345 2160 Bollandi
369 2128 616 2161 Continuatores
638 2130 737 2162 vitam
759 2130 930 2172 Aquinatis
959 2130 1141 2169 ediderunt,
1166 2130 1272 2162 confe-

198 2173 274 2204 cerit
301 2172 491 2206 Guillelmus
515 2174 554 2204 de
573 2172 704 2205 Tocco?
727 2175 780 2205 Ad
801 2177 935 2206 Annum
963 2185 1046 2215 ¹¹90
1070 2185 1160 2206 num.
1176 2185 1212 2206 10
1229 2175 1274 2206 sic

198 2216 308 2256 habet:
331 2230 346 2245 α
361 2217 483 2248 Iuvabit
506 2218 557 2249 hic
581 2217 682 2249 obiter
701 2219 867 2250 observare
891 2219 1056 2250 dubitandi
1075 2219 1185 2250 locum
1206 2229 1273 2250 esse

202 2274 217 2289 2>
237 2272 278 2292 an
295 2261 486 2293 Guillelrnus
501 2262 592 2293 istius
615 2262 697 2293 vitae
720 2263 853 2304 scriptor
869 2263 979 2302 fuerit;
999 2273 1075 2294 cum
1089 2263 1123 2294 id
1147 2270 1273 2295 tantum

202 2317 217 2333 »
237 2305 332 2336 meris
365 2306 554 2337 coniecturis
586 2306 783 2338 adstruatur:
809 2314 994 2349 constetque
1025 2316 1063 2338 ex
1085 2317 1142 2346 ea,
1165 2308 1274 2348 ipsum

203 2362 218 2377 ²
238 2359 323 2389 anno
362 2350 443 2391 1319
475 2350 685 2382 collaborasse
715 2358 752 2383 ut
783 2350 871 2383 fieret
907 2361 1074 2392 processus
1107 2352 1273 2383 canoniza-

203 2406 218 2421 >
237 2393 333 2425 tionis
356 2393 504 2425 Doctoris
520 2394 675 2435 Angelici,
693 2405 775 2436 quae
798 2403 911 2436 postea
927 2406 1012 2427 anno
1042 2396 1122 2427 1323
1148 2403 1275 2437 peracta

202 2449 217 2464 ι
238 2437 307 2472 fuit.
324 2438 409 2469 Nam
427 2448 466 2469 eo
490 2445 634 2479 tempore
649 2439 771 2470 Doctor
787 2440 917 2471 Subtilis
941 2439 1085 2472 scholam
1103 2450 1196 2472 suam
1219 2440 1273 2471 ha-

203 2494 218 2510 »
237 2482 342 2520 bebat,
358 2482 439 2513 sicut
453 2481 575 2513 Doctor
587 2483 759 2523 Angelicus
775 2490 807 2515 et
821 2491 929 2515 tamen
945 2484 977 2515 in
997 2494 1033 2515 ea
1048 2484 1113 2515 vita
1129 2495 1218 2517 num.
1236 2495 1273 2527 ¹7

203 2538 218 2554 »
238 2525 370 2558 dicitur:
396 2526 456 2558 Est
478 2525 625 2557 omnibus
647 2527 875 2568 manifestum,
900 2529 986 2569 quod
1008 2529 1041 2560 in
1065 2534 1130 2560 toto
1154 2530 1274 2561 mundo

202 2582 218 2598 2»
239 2571 324 2602 inter
336 2570 457 2612 fideles
480 2570 663 2608 catholicos,
689 2572 721 2602 in
739 2572 943 2613 philosophia
972 2577 1003 2603 et
1030 2573 1210 2615 theologia,
1241 2575 1273 2604 in

202 2626 218 2642 »
238 2614 385 2646 omnibus
406 2614 523 2646 scholis
547 2614 627 2645 nihil
650 2614 741 2646 aliud
764 2616 896 2657 legitur,
921 2626 1017 2657 quam
1037 2617 1184 2658 quodue
1207 2618 1276 2648 eius

203 2671 219 2687 »
238 2659 367 2699 scriptis
389 2658 564 2690 hauritur:
579 2660 726 2700 quamvis
744 2660 838 2691 multi
860 2660 919 2691 alii
941 2661 1093 2701 magistri
1111 2662 1181 2693 eius
1204 2667 1272 2703 str-

204 2717 219 2732 »
240 2703 306 2734 lum
330 2702 507 2741 scribendi,
531 2713 594 2744 quo
622 2708 802 2743 potuerunt
824 2704 950 2742 studio,
976 2705 1157 2743 imitantes,
1181 2707 1276 2746 quasi

205 2762 220 2777 »
240 2757 282 2779 ex
305 2748 374 2778 eius
397 2744 436 2790 (s.
453 2745 615 2790 Thomae)
637 2749 765 2788 scriptis
789 2748 910 2779 clavem
933 2748 1085 2780 habentes
1111 2750 1274 2788 scientiae,

206 2806 221 2822 n
242 2792 383 2833 ingressi
404 2797 481 2823 sunt
503 2791 686 2824 divinorum
709 2797 832 2823 secreta
849 2792 983 2823 cellaria
1007 2798 1038 2823 et
1060 2793 1162 2824 multa
1186 2794 1275 2825 volu-

207 2851 222 2866 »
242 2837 330 2867 mina
353 2837 563 2877 scripserunt,
586 2846 681 2868 suum
702 2838 916 2868 exercitantes
933 2836 1074 2868 studium
1098 2846 1198 2878 supra
1216 2848 1277 2878 po-

208 2895 223 2910 »
242 2882 338 2912 situm
362 2880 439 2912 dicti
460 2881 612 2912 Doctoris
615 2880 894 2922 fundamentum:
911 2881 1022 2912 divina
1040 2881 1278 2922 dispensatione

208 2941 223 2955 »
243 2924 435 2964 mirabiliter
450 2925 668 2966 permittente,
686 2930 722 2957 ut
736 2926 927 2966 quicumque
949 2925 990 2956 ab
1011 2925 1108 2956 huius
1125 2926 1277 2958 Doctoris

208 2983 223 2999 ι
242 2970 406 3010 scriptura
437 2969 549 3000 volunt
580 2969 760 3008 divertere,
785 2971 952 3011 contingat
982 2979 1036 3001 eos
1066 2975 1124 3001 aut
1148 2971 1180 3001 in
1202 2971 1277 3012 fide

208 3028 222 3043 »
242 3019 301 3045 aut
319 3013 460 3045 moribus
474 3013 640 3046 aberrare.
657 3014 756 3052 Quod
771 3023 843 3045 vere
866 3013 927 3045 dici
950 3023 1018 3044 non
1033 3014 1138 3054 potuit
1152 3024 1170 3045 a
1186 3014 1275 3047 Guil-

208 3072 223 3087 »
242 3058 341 3089 lelmo
372 3058 411 3088 de
443 3058 572 3097 Tocco;
606 3069 681 3090 cum
713 3068 798 3090 anno
828 3059 910 3090 1320
937 3057 1045 3089 schola
1067 3057 1275 3091 Scotistarum

209 3116 227 3141 ›>
243 3102 308 3139 iam
329 3101 474 3142 viguerit,
496 3109 533 3133 ut
559 3103 725 3134 manifeste
753 3102 891 3134 ostendit
913 3102 1012 3134 codex
1042 3103 1276 3144 manuscriptus

209 3160 224 3175 2
243 3146 399 3185 Francisci
422 3147 602 3188 Mayronis,
627 3147 754 3178 loannis
778 3146 864 3178 Scoti
888 3146 1054 3188 discipuli,
1078 3148 1111 3178 in
1129 3149 1275 3188 primum

209 3204 223 3219 ι
244 3191 360 3228 librum
384 3190 636 3230 Sententiarum,
662 3191 718 3233 qui
737 3198 912 3224 asservatur
928 3191 961 3222 in
984 3190 1175 3223 bibliotheca
1198 3202 1275 3224 con-

209 3248 223 3263 »
243 3241 356 3266 ventus
380 3235 479 3266 nostri
503 3234 686 3274 Cesennae,
710 3235 932 3276 manuscriptis
955 3235 1063 3274 diviti,
1084 3246 1102 3266 a
1124 3246 1176 3267 me
1200 3236 1276 3268 alias

209 3293 223 3308 »
243 3280 353 3310 lectus.
372 3279 407 3310 ln
422 3279 508 3310 illius
524 3280 610 3312 enim
626 3280 743 3311 codicis
765 3279 829 3311 fine
847 3280 976 3321 legitur:
993 3280 1136 3321 Explicit
1151 3281 1275 3313 lectura

208 3337 223 3351 »
242 3333 340 3364 super
356 3324 502 3364 primum
525 3323 765 3356 Sententiarum
776 3324 902 3366 fratris
916 3325 1085 3357 Francisci
1100 3325 1277 3367 Mart-onis

209 3381 223 3396 »
243 3368 283 3405 de
305 3368 476 3403 Rrovincia
499 3368 690 3405 Provinciae
712 3367 846 3401 Ordinis
857 3368 1010 3410 fratrum
1030 3370 1210 3409 Minorum,
1226 3380 1276 3401 re-

209 3425 223 3439 »
237 3417 371 3453 portata
394 3412 453 3444 sub
476 3422 513 3443 eo
535 3413 670 3446 Parisiis
693 3423 780 3445 anno
802 3414 936 3445 Domini
959 3414 1126 3446 millesimo
1153 3419 1276 3446 trecen-

209 3469 223 3484 »
243 3458 354 3488 tesimo
378 3458 592 3499 vigesimo...
614 3458 720 3496 Quare
753 3468 828 3491 cum
850 3458 1036 3500 Mayronius
1069 3466 1136 3491 tam
1164 3459 1198 3490 in
1220 3458 1276 3490 illo

209 3513 223 3528 n
243 3501 362 3540 codice,
381 3511 479 3542 quam
501 3501 535 3533 in
558 3502 626 3535 aliis
649 3502 805 3534 omnibus
818 3502 904 3534 libris
923 3502 1109 3544 theologicis
1122 3503 1157 3535 in
1171 3503 1278 3535 lucem

210 3556 224 3571 ›
246 3544 354 3583 editis,
386 3545 561 3581 doctrinam
591 3547 678 3578 Scoti
708 3547 975 3588 propugnaverit,
1004 3547 1104 3589 liquet
1134 3547 1276 3580 scholam

212 3600 225 3613 »
246 3588 452 3620 Scotistarum
480 3589 545 3621 iam
567 3591 606 3621 ab
635 3601 674 3622 eo
708 3591 819 3625 saltem
842 3601 927 3622 anno
957 3591 1110 3623 floruisse.
1133 3604 1148 3619 ι
1173 3592 1278 3632 Pergit

209 3640 299 3662 num.
321 3643 352 3662 11
382 3632 522 3673 praefato
545 3640 689 3675 ternpore
712 3634 855 3667 scholam
873 3635 1081 3668 Scotistarum
1103 3636 1168 3667 iam
1190 3635 1277 3667 insti-

918 281 1379 321 DISSERTATIONES
1409 280 1657 317 CRITICAE

1320 366 1422 390 tutam
1446 359 1631 390 ostendere:
1662 359 1717 388 Ex
1740 358 1873 399 quibus,
1898 357 2019 399 inquit,
2050 359 2231 389 necessario
2253 359 2401 398 sequitur

1321 409 1379 434 aut
1397 403 1604 434 Guillelmum
1621 403 1661 433 de
1682 403 1782 434 Tocco
1800 413 1863 433 non
1879 402 2015 433 edidisse
2031 403 2128 433 vitam
2145 412 2170 433 s.
2186 402 2325 449 Tkomae
2339 403 2400 442 ipsi

1321 447 1518 488 adscriptam
1551 452 1609 478 aut
1633 457 1704 477 eum
1737 457 1800 477 non
1825 457 1900 478 vere
1929 447 2112 487 scripsisse,
2138 457 2220 488 quae
2254 446 2399 487 superius

1322 501 1359 522 ex
1383 492 1498 522 eodem
1522 491 1690 531 desumpta
1714 497 1797 522 sunt.

1389 536 1477 566 Mera
1501 542 1531 567 et
1549 535 1636 566 inani
1665 535 1845 566 coniectura
1865 534 2007 565 dubitare
2033 535 2112 566 mihi
2137 535 2252 576 Pagius
2275 535 2400 566 videtur

1323 579 1361 609 de
1385 589 1460 610 vero
1483 580 1566 610 vitae
1589 578 1758 620 Aquinatis
1782 585 1930 619 parente:
1956 589 2055 620 quem
2082 589 2149 610 non
2173 580 2272 610 meris
2295 580 2399 610 conie-

1323 624 1434 660 cturis,
1451 623 1505 654 sed
1525 623 1634 654 solidis
1653 623 1839 662 rationibus,
1857 622 2069 654 Guillelmum
2088 623 2127 654 de
2146 624 2257 654 Tocco
2281 623 2399 654 habue-

1323 673 1398 697 runt
1426 667 1648 708 bibliographi.
1679 667 1791 698 Unum
1814 667 2027 707 proculdubio
2057 668 2273 708 eumdemque
2302 667 2399 698 fuisse

1323 711 1408 741 vitae
1431 718 1595 742 auctorem
1621 717 1652 742 et
1684 717 1907 751 promotorem
1940 713 2196 752 canonizationis
2217 712 2314 742 verba
2345 712 2398 742 de-

1323 754 1461 793 clarant,
1485 765 1568 795 quae
1590 765 1680 785 num.
1708 764 1750 795 29
1774 755 1949 786 habentur:
1973 756 2025 786 De
2046 756 2144 786 huius
2165 757 2318 787 Doctoris
2334 766 2399 796 pu-

1323 800 1420 828 ritate
1442 799 1585 829 mirabili
1603 803 1634 829 et
1657 799 1823 836 inviolata,
1849 809 1889 829 ac
1911 799 2074 830 modernis
2092 800 2287 840 temporibus
2306 801 2399 830 inau-

1323 843 1402 880 dita,
1417 842 1516 883 sacta
1540 848 1587 873 est
1610 843 1764 873 revelatio
1781 843 1907 873 cuidam
1915 842 2026 883 fratri
2047 843 2160 874 devoto
2183 844 2260 875 dicti
2275 844 2398 882 Sancti,

1323 887 1363 918 de
1385 896 1448 927 quo
1472 886 1612 927 inferius
1635 886 1778 917 dicetur.
1791 909 1799 916 .
1812 909 1820 917 .
1833 909 1841 917 .
1862 896 1934 917 cum
1949 888 2122 927 cogitasset
2140 889 2209 918 eius
2230 889 2398 919 historiam

1323 937 1434 962 texere
1457 936 1487 961 et
1509 930 1550 961 de
1572 930 1686 971 quibus
1703 935 1814 971 posset
1837 931 1940 970 ipsum
1964 931 2135 962 virtutibus
2163 932 2399 963 commendare.

1327 975 1392 1013 Qui
1405 985 1477 1006 cum
1487 979 1750 1016 prosequuturus
1766 974 1930 1015 praedicti
1942 974 2095 1006 Doctoris
2110 977 2398 1017 canonizationem,

1324 1019 1445 1050 rediret
1467 1020 1511 1050 ad
1532 1019 1666 1050 Curiam
1687 1025 1717 1050 et
1733 1024 1814 1050 esset
1837 1020 1869 1049 in
1888 1024 1989 1059 portu
2013 1019 2139 1050 Asturii
2157 1026 2215 1050 etc.
2233 1021 2309 1058 Quo
2325 1020 2399 1051 loco

1323 1064 1410 1094 idem
1432 1064 1500 1104 ipse
1523 1070 1586 1102 est,
1606 1063 1663 1104 qui
1688 1063 1937 1094 canonizationis
1952 1063 2120 1104 negotium
2143 1065 2256 1104 agebat
2283 1065 2400 1105 cogita-

1324 1109 1441 1149 batque
1463 1108 1631 1149 Aquinatis
1659 1107 1758 1138 vitam
1784 1114 1896 1139 texere.
1915 1108 1984 1138 Imo
2003 1108 2093 1138 illam
2121 1109 2236 1139 eodem
2255 1116 2400 1150 tempore

1324 1153 1388 1184 iam
1408 1153 1624 1183 elucubratam
1647 1153 1799 1183 servabat.
1819 1153 1869 1183 Eo
1889 1152 2009 1193 quippe
2032 1152 2066 1183 in
2084 1159 2180 1193 portu
2205 1153 2402 1184 intolerabili

1325 1202 1509 1238 tempestate
1527 1197 1684 1236 detentus,
1701 1197 1780 1228 dum
1796 1203 2003 1237 apparentem
2027 1196 2086 1227 sibi
2101 1197 2223 1228 Divum
2246 1197 2399 1239 adloque-

1325 1248 1426 1273 retur:
1446 1242 1620 1282 Magister,
1641 1241 1756 1282 inquit,
1773 1251 1834 1282 ego
1849 1242 1965 1282 scripsi
1983 1246 2081 1272 totam
2105 1242 2272 1273 historiam
2297 1247 2397 1273 tuam:

1326 1296 1426 1317 unum
1449 1291 1556 1316 tamen
1581 1286 1728 1316 mirabile
1751 1291 1818 1324 est,
1842 1286 1882 1316 de
1904 1295 1967 1326 quo
1995 1286 2085 1317 dicas
2112 1286 2209 1324 mihi,
2233 1287 2263 1317 si
2293 1292 2340 1318 est
2363 1292 2399 1318 ut

1324 1331 1449 1371 scripsi,
1467 1330 1600 1371 plenius
1623 1331 1800 1362 veritatem.
1824 1330 1912 1361 Haec
1931 1330 2112 1362 acciderunt
2135 1340 2207 1361 cum
2226 1330 2295 1371 ipse
2314 1331 2399 1362 redi—

1325 1380 1375 1406 ret
1397 1374 1441 1405 ad
1466 1374 1600 1405 Curiam
1614 1397 1624 1414 ‚
1649 1374 1816 1415 negotium
1845 1374 1963 1406 scilicet
1985 1374 2198 1416 apotheoseos
2221 1385 2399 1416 prosequu-

1325 1425 1426 1457 turus,
1446 1418 1693 1460 ulterioremque
1709 1419 1928 1459 postulaturus
1943 1419 2173 1450 miraculorum
2197 1419 2400 1461 perquisitio-

1326 1470 1419 1494 nem:
1440 1473 1522 1503 quae
1546 1463 1678 1494 demum
1692 1463 1784 1494 novis
1803 1463 1886 1494 curis
1905 1470 1941 1494 ut
1959 1470 2160 1504 perageretur
2175 1463 2267 1495 iussit
2289 1463 2399 1496 Ponti-

1325 1506 1375 1537 fex
1389 1506 1469 1538 datis
1483 1506 1592 1538 litteris
1607 1507 1801 1548 Apostolicis
1817 1508 1976 1539 Avenioni
1997 1508 2064 1540 kal.
2080 1509 2172 1546 iunii,
2187 1508 2400 1549 Pontificatus

1325 1561 1412 1582 anno
1434 1551 1468 1589 V,
1480 1550 1598 1582 Christi
1614 1552 1707 1582 1321.
1724 1551 1878 1583 Mutilum
1887 1552 2041 1593 Diploma
2055 1552 2150 1583 refert
2158 1552 2343 1594 Raynaldus
2359 1553 2400 1584 ad

1325 1595 1476 1626 eumdem
1495 1605 1618 1626 annum
1635 1605 1760 1626 numer.
1777 1597 1833 1635 46,
1855 1596 1941 1627 unde
1959 1604 2086 1638 tempus
2111 1596 2249 1638 denique
2264 1603 2399 1637 constat,

1325 1649 1392 1681 quo
1410 1639 1509 1671 vitam
1524 1639 1694 1681 Aquinatis
1718 1639 1784 1670 iam
1805 1640 1859 1671 ille
1883 1647 2128 1682 composuerat,
2153 1641 2210 1682 qui
2233 1641 2401 1673 canoniza-

1324 1684 1447 1715 tionem
1465 1683 1533 1715 eius
1552 1685 1771 1725 promovebat.

1393 1727 1551 1765 Quisnam
1573 1728 1625 1759 ille
1648 1728 1757 1767 fuerit,
1781 1728 1852 1760 loca
1875 1728 1941 1760 duo
1964 1728 2102 1760 invicem
2125 1729 2240 1761 collata
2262 1729 2400 1770 splendi—

1326 1772 1454 1804 dissime
1477 1772 1680 1813 patesaciunt.
1706 1774 1798 1811 Quae
1821 1780 1999 1815 sequuntur
2025 1773 2120 1805 affero
2141 1773 2283 1815 primum
2305 1774 2402 1806 verba

1326 1827 1363 1848 ex
1386 1817 1487 1858 capite
1509 1827 1564 1848 xm
1586 1817 1679 1856 vitae,
1703 1818 1743 1849 de
1761 1827 1826 1858 qua
1843 1817 1980 1858 agimus,
1997 1828 2087 1849 num.
2104 1818 2164 1849 80:
2187 1818 2240 1849 Ad
2256 1819 2399 1860 gloriam

1326 1862 1421 1892 etiam
1445 1861 1522 1892 dicti
1544 1861 1656 1893 Sancti
1677 1861 1847 1893 scribenda
1869 1867 1947 1894 sunt
1970 1862 2141 1901 miracula,
2161 1872 2246 1904 quae
2268 1864 2301 1894 in
2319 1872 2402 1904 pro—

1325 1906 1487 1936 secutione
1511 1907 1765 1948 canonizationis
1787 1907 1857 1938 eius
1879 1907 2035 1938 divinitus
2053 1907 2260 1948 contigerunt
2274 1906 2400 1948 fratri-

1326 1950 1400 1988 bus,
1424 1950 1539 1991 quibus
1561 1951 1729 1982 commissa
1747 1950 1822 1992 suit
1846 1951 2008 1992 inquisitio
2031 1951 2072 1982 de
2094 1951 2263 1982 miraculis
2285 1961 2306 1982 a
2327 1951 2401 1983 Deo

1326 1995 1449 2025 meritis
1471 1995 1541 2025 eius
1556 1994 1705 2036 sactis....
1733 1995 1814 2027 Cum
1838 1995 1916 2026 dicti
1929 1995 2062 2036 fratres
2085 1996 2118 2026 in
2141 1995 2283 2036 quadam
2300 1996 2401 2038 galea

1319 2039 1572 2079 provincialium
1589 2040 1746 2080 plurimis
1768 2045 1915 2078 onerata,
1935 2040 1975 2071 de
1993 2040 2133 2080 Neapoli
2150 2049 2264 2072 versus
2281 2040 2401 2072 Roma-

1327 2093 1402 2114 nam
1421 2082 1554 2114 Curiam
1580 2085 1820 2125 navigarent....
1845 2093 1917 2115 cum
1940 2084 1985 2115 ad
2007 2089 2145 2116 montem
2162 2085 2399 2126 Argentarium

1327 2132 1441 2158 ventus
1461 2128 1592 2168 galeam
1625 2128 1802 2169 impelleret
1825 2133 1882 2159 etc.
1907 2128 2030 2159 Fratres
2059 2128 2191 2168 adsunt,
2220 2128 2338 2170 quibus
2361 2129 2402 2160 de

1326 2171 1468 2202 ulteriori
1485 2171 1715 2203 miraculorum
1728 2172 1934 2214 inquisitione
1949 2172 2159 2204 commissum
2174 2172 2290 2205 scierat:
2305 2173 2403 2215 quive

1326 2215 1422 2247 maris
1444 2216 1502 2247 iter
1525 2216 1649 2248 fuerant
1672 2217 1819 2258 aggressi,
1839 2223 1875 2248 ut
1898 2217 1939 2247 ad
1961 2217 2143 2248 Romanam
2158 2217 2292 2249 Curiam
2314 2217 2403 2259 apud

1325 2260 1528 2291 Avenionem
1550 2260 1832 2301 proficiscerentur.
1858 2261 1940 2292 Rem
1958 2261 2040 2293 hanc
2058 2261 2173 2302 pariter
2189 2262 2306 2303 scripto
2328 2261 2401 2294 reli-

1326 2304 1397 2346 quit
1418 2304 1597 2336 Bernardus
1621 2305 1779 2337 Guidonis
1797 2305 1830 2336 in
1850 2315 1897 2345 ea,
1913 2315 2013 2347 quam
2036 2306 2105 2347 ipse
2119 2306 2219 2338 vitam
2231 2306 2401 2348 Aquinatis

1327 2349 1539 2380 elucubravit:
1563 2349 1736 2391 fratresque
1752 2349 1930 2391 praedictos
1948 2350 2080 2391 proprio
2099 2350 2232 2382 nomine
2251 2350 2400 2392 appellat.

1326 2393 1431 2425 Verba
1447 2393 1565 2434 accipe,
1581 2404 1664 2435 quae
1679 2394 1836 2426 habentur
1850 2401 1938 2435 parte
1953 2395 2007 2434 111,
2018 2394 2120 2436 capite
2134 2405 2207 2426 xcrx
2223 2395 2311 2436 apud
2323 2395 2401 2427 Bol-

1326 2437 1413 2468 landi
1437 2437 1703 2470 Continuatores:
1726 2438 1807 2470 Cum
1818 2439 1935 2480 frater
1950 2439 2143 2471 Guillelmus
2156 2439 2197 2471 de
2220 2440 2320 2471 Tocco
2339 2439 2402 2472 Or·

1327 2481 1413 2514 dinis
1434 2482 1720 2521 Praedicator-um,
1740 2483 1838 2514 Prior
1865 2488 2040 2515 conventus
2062 2483 2303 2523 Beneventani,
2327 2494 2402 2516 cum

1327 2527 1413 2558 socio
1435 2536 1495 2558 suo
1517 2526 1633 2568 fratre
1664 2527 1803 2559 Roberto
1833 2528 1970 2566 lectore,
2002 2529 2125 2560 veniret
2146 2538 2211 2569 per
2238 2538 2330 2560 mare
2359 2528 2405 2560 ad

1327 2571 1508 2602 Romanam
1526 2571 1661 2602 Curiam
1685 2572 1774 2612 apud
1795 2573 2009 2611 Avenionem,
2030 2573 2221 2604 inventariis
2234 2572 2341 2614 sactis
2363 2573 2405 2605 de

1328 2615 1496 2646 miraculis
1511 2617 1616 2646 sancti
1635 2615 1784 2654 Thomae,
1801 2617 1842 2648 de
1857 2617 1950 2648 cuius
1968 2618 2211 2658 canonizatione
2229 2622 2307 2648 tunc
2324 2623 2404 2649 tem—

1322 2659 1416 2699 poris
1439 2659 1660 2698 tractabatur;
1681 2659 1818 2698 accidit,
1843 2666 1879 2691 ut
1901 2661 1979 2701 ipsis
2009 2661 2239 2702 navigantibus
2260 2661 2402 2702 quadam

1330 2707 1452 2734 nocte...
1478 2707 1662 2743 tempestate
1683 2705 1880 2744 gravissima
1905 2705 2045 2735 excitata
2069 2705 2101 2735 in
2126 2706 2222 2744 mari,
2240 2705 2350 2746 galea,
2367 2706 2401 2736 in

1329 2756 1393 2787 qua
1409 2756 1481 2777 cum
1497 2747 1572 2778 aliis
1587 2747 1775 2788 navigabat,
1786 2748 1831 2780 ad
1844 2753 1981 2779 montem
1997 2748 2233 2789 Argentarium
2249 2749 2401 2781 violentia

1330 2795 1496 2822 ventorum
1517 2792 1616 2822 nimia
1635 2791 1858 2832 impellebatur
1873 2799 1932 2823 etc.
1947 2792 2128 2834 Utrumque
2141 2793 2242 2824 modo
2258 2793 2403 2825 conferas

1328 2834 1456 2874 locum;
1481 2842 1747 2877 compertumque
1770 2835 1823 2867 fiet
1845 2836 1939 2868 illum
1971 2837 2139 2876 eumdem,
2164 2837 2220 2878 qui
2245 2844 2276 2869 et
2304 2847 2400 2870 cano-

1330 2878 1497 2910 nizationis
1520 2879 1668 2910 Thomae
1700 2880 1867 2921 negotium
1897 2880 2065 2922 praecipue
2095 2881 2227 2922 urgebat
2249 2888 2280 2913 et
2301 2882 2402 2914 vitam

1329 2923 1397 2954 eius
1421 2923 1595 2964 scripserat,
1618 2924 1769 2955 Bernardi
1785 2924 1944 2956 Guidonis
1966 2924 2029 2956 fide
2045 2932 2076 2956 et
2091 2925 2288 2965 testimonio,
2304 2925 2402 2960 fuisse

1329 2966 1540 2999 Guillelmum
1563 2968 1603 2999 de
1626 2969 1747 3000 Tocco.
1779 2969 1908 3000 Nomen
1932 2969 2049 3001 scilicet
2071 2980 2188 3009 suum,
2212 2980 2311 3012 quem
2333 2970 2403 3013 ipse

1328 3021 1403 3052 prae
1419 3012 1575 3043 modestia
1590 3012 1710 3054 ubique
1725 3013 1860 3053 reticuit,
1870 3014 2048 3045 Bernardus
2065 3014 2224 3046 Guidonis
2243 3014 2401 3056 patefecit,

1328 3062 1365 3087 ut
1387 3056 1607 3088 meritissimus
1630 3057 1715 3088 illius
1738 3057 1820 3089 vitae
1844 3065 1955 3090 auctor
1976 3058 2198 3091 innotesceret.

1395 3100 1517 3138 Quidni
1539 3111 1615 3132 vero
1638 3101 1785 3133 laudatus
1808 3102 2020 3142 Gufflelmus,
2049 3103 2105 3144 qui
2128 3113 2214 3135 anno
2243 3103 2338 3143 1321,
2365 3110 2403 3135 ut

1328 3144 1568 3185 adnotavimus,
1592 3145 1691 3177 vitam
1713 3146 1882 3188 Aquinatis
1905 3147 1970 3178 iam
1993 3147 2244 3187 elucubraverat,
2268 3147 2402 3180 scribere

1329 3189 1480 3230 potuerit,
1503 3190 1536 3220 in
1561 3195 1626 3222 toto
1649 3191 1769 3222 mundo
1793 3192 1878 3222 inter
1889 3192 2011 3233 fideles
2024 3192 2197 3224 catholicos
2215 3193 2248 3223 in
2258 3192 2401 3234 phuam-

1322 3233 1403 3274 phia
1427 3239 1457 3265 et
1480 3234 1642 3276 theologia
1661 3236 1693 3266 in
1710 3235 1857 3267 omnibus
1878 3236 1995 3268 scholis
2009 3236 2091 3268 nihil
2103 3236 2196 3268 aliud
2210 3237 2288 3278 legi,
2302 3245 2399 3278 quam

1328 3277 1414 3319 quod
1435 3278 1475 3309 de
1498 3279 1567 3310 eius
1588 3280 1717 3320 scriptis
1739 3280 1956 3312 hauriretur?
1979 3280 2049 3321 Ipse
2067 3281 2184 3321 Pagius
2206 3281 2280 3312 loco
2304 3279 2400 3312 citato

1329 3332 1420 3354 num.
1442 3333 1474 3353 11
1496 3322 1580 3354 ultro
1597 3323 1726 3357 fatetur:
1753 3323 1918 3356 Certum...
1939 3325 2042 3356 videri
2055 3325 2235 3357 doctrinam
2249 3324 2402 3357 Doctoris

1328 3367 1478 3408 Angelici
1507 3372 1582 3399 ante
1609 3378 1732 3400 annum
1761 3369 1844 3401 1300
1868 3370 2080 3401 communiter
2111 3379 2131 3400 a
2157 3368 2400 3410 professoribus

1329 3411 1443 3443 lectam
1456 3411 1578 3453 fuisse.
1601 3414 1644 3444 At
1666 3412 1773 3444 subdit
1795 3420 1903 3445 tamen
1924 3413 1994 3445 ille:
2018 3414 2189 3455 Postquam
2209 3422 2297 3457 anno
2311 3412 2400 3450 1304

1330 3455 1470 3488 Ioannes
1488 3456 1603 3489 Scotus
1621 3457 1768 3490 lauream
1784 3458 1970 3490 doctoratus
1985 3458 2122 3490 Parisiis
2138 3457 2271 3498 accepit,
2285 3466 2401 3497 quam-

1324 3500 1486 3541 plurimos
1515 3501 1694 3533 doctrinam
1727 3503 1797 3534 eius
1814 3502 1982 3544 professos
2009 3510 2098 3534 esse:
2124 3500 2334 3542 tandemque,
2365 3506 2401 3532 ut

1330 3555 1426 3586 quam
1450 3545 1648 3585 tardissime,
1673 3552 1750 3578 ante
1771 3557 1894 3580 annum
1918 3546 1999 3578 132⁰
2023 3546 2216 3587 theologiam
2240 3550 2270 3576 et
2291 3545 2400 3585 philo·

1330 3590 1473 3630 sophiam
1493 3591 1525 3621 in
1546 3590 1630 3622 duas
1651 3591 1778 3624 scholas
1795 3589 2063 3632 divisamsuisse.
2087 3589 2150 3621 Res
2164 3588 2207 3620 ita
2222 3599 2255 3620 se
2274 3589 2397 3620 habeat.

1331 3633 1453 3671 Quidni
1475 3644 1551 3665 vero
1575 3634 1707 3666 scribere
1731 3634 1922 3667 Guillelmus
1945 3634 1985 3666 de
1998 3633 2110 3665 ‘rocco
2125 3633 2265 3674 potuerit
2283 3633 2400 3665 debue-
