<?xml version="1.0" encoding="UTF-8"?>
<!DOCTYPE html PUBLIC "-//W3C//DTD XHTML 1.0 Transitional//EN"
    "http://www.w3.org/TR/xhtml1/DTD/xhtml1-transitional.dtd">
<html xmlns="http://www.w3.org/1999/xhtml" xml:lang="en" lang="en">
 <head>
  <title>
</title>
<meta http-equiv="Content-Type" content="text/html;charset=utf-8" />
  <meta name='ocr-system' content='tesseract 3.04.00' />
  <meta name='ocr-capabilities' content='ocr_page ocr_carea ocr_par ocr_line ocrx_word'/>
</head>
<body>
  <div class='ocr_page' id='page_1' title='image "./operaomniaiussui01thom/operaomniaiussui01thom_0553.png"; bbox 0 0 2788 4204; ppageno 0'>
   <div class='ocr_carea' id='block_1_1' title="bbox 45 402 199 430">
    <p class='ocr_par' dir='ltr' id='par_1_1' title="bbox 45 402 199 430">
     <span class='ocr_line' id='line_1_1' title="bbox 45 402 199 430; baseline -0.013 -5"><span class='ocrx_word' id='word_1_1' title='bbox 45 404 55 413; x_wconf 89' lang='grc'><em>·</em></span> <span class='ocrx_word' id='word_1_2' title='bbox 70 408 113 424; x_wconf 73' lang='lat' dir='ltr'>ot:</span> <span class='ocrx_word' id='word_1_3' title='bbox 128 402 199 430; x_wconf 77' lang='lat' dir='ltr'>quod.</span> 
     </span>
    </p>
   </div>
   <div class='ocr_carea' id='block_1_2' title="bbox 43 461 183 483">
    <p class='ocr_par' dir='ltr' id='par_1_2' title="bbox 43 461 183 483">
     <span class='ocr_line' id='line_1_2' title="bbox 43 461 183 483; baseline 0 -1"><span class='ocrx_word' id='word_1_4' title='bbox 43 461 90 483; x_wconf 63' lang='grc' dir='ltr'>ἰη</span> <span class='ocrx_word' id='word_1_5' title='bbox 105 466 183 482; x_wconf 84' lang='lat' dir='ltr'>error.</span> 
     </span>
    </p>
   </div>
   <div class='ocr_carea' id='block_1_3' title="bbox 42 563 217 584">
    <p class='ocr_par' dir='ltr' id='par_1_3' title="bbox 42 563 217 584">
     <span class='ocr_line' id='line_1_3' title="bbox 42 563 217 584; baseline -0.006 0"><span class='ocrx_word' id='word_1_6' title='bbox 42 563 52 572; x_wconf 87' lang='grc'>·</span> <span class='ocrx_word' id='word_1_7' title='bbox 64 567 108 584; x_wconf 69' lang='lat' dir='ltr'>uo:</span> <span class='ocrx_word' id='word_1_8' title='bbox 123 567 217 583; x_wconf 81' lang='lat' dir='ltr'>errare.</span> 
     </span>
    </p>
   </div>
   <div class='ocr_carea' id='block_1_4' title="bbox 1115 269 1587 317">
    <p class='ocr_par' dir='ltr' id='par_1_4' title="bbox 1115 269 1587 317">
     <span class='ocr_line' id='line_1_4' title="bbox 1115 269 1587 317; baseline 0.008 -12"><span class='ocrx_word' id='word_1_9' title='bbox 1115 269 1225 306; x_wconf 82' lang='lat' dir='ltr'>CAP.</span> <span class='ocrx_word' id='word_1_10' title='bbox 1256 270 1306 317; x_wconf 86' lang='lat' dir='ltr'>v,</span> <span class='ocrx_word' id='word_1_11' title='bbox 1337 272 1487 309; x_wconf 86' lang='lat' dir='ltr'>LECT.</span> <span class='ocrx_word' id='word_1_12' title='bbox 1518 273 1587 309; x_wconf 81' lang='grc' dir='ltr'>ΧΗ</span> 
     </span>
    </p>
   </div>
   <div class='ocr_carea' id='block_1_5' title="bbox 285 345 1348 606">
    <p class='ocr_par' dir='ltr' id='par_1_5' title="bbox 429 345 1348 500">
     <span class='ocr_line' id='line_1_5' title="bbox 429 345 1348 396; baseline 0.004 -15"><span class='ocrx_word' id='word_1_13' title='bbox 429 370 439 381; x_wconf 83' lang='grc'>.</span> <span class='ocrx_word' id='word_1_14' title='bbox 515 353 534 367; x_wconf 65' lang='grc'>’“</span> <span class='ocrx_word' id='word_1_15' title='bbox 550 352 725 392; x_wconf 90' lang='lat' dir='ltr'>ostquam</span> <span class='ocrx_word' id='word_1_16' title='bbox 763 345 971 382; x_wconf 86' lang='lat' dir='ltr'>notificavit</span> <span class='ocrx_word' id='word_1_17' title='bbox 1003 346 1221 384; x_wconf 89' lang='lat' dir='ltr'>Aristoteles</span> <span class='ocrx_word' id='word_1_18' title='bbox 1258 349 1348 396; x_wconf 93' lang='lat' dir='ltr'>quid</span> 
     </span>
     <span class='ocr_line' id='line_1_6' title="bbox 550 397 1348 448; baseline 0.005 -14"><span class='ocrx_word' id='word_1_19' title='bbox 550 398 595 435; x_wconf 90' lang='lat' dir='ltr'>sit</span> <span class='ocrx_word' id='word_1_20' title='bbox 613 398 842 445; x_wconf 85' lang='lat' dir='ltr'>universale,</span> <span class='ocrx_word' id='word_1_21' title='bbox 860 397 920 434; x_wconf 90' lang='lat' dir='ltr'>hic</span> <span class='ocrx_word' id='word_1_22' title='bbox 936 399 1099 436; x_wconf 89' lang='lat' dir='ltr'>ostendit</span> <span class='ocrx_word' id='word_1_23' title='bbox 1114 402 1313 448; x_wconf 91' lang='lat' dir='ltr'>quomodo</span> <span class='ocrx_word' id='word_1_24' title='bbox 1328 403 1348 422; x_wconf 81' lang='lat'><strong><em>*</em></strong></span> 
     </span>
     <span class='ocr_line' id='line_1_7' title="bbox 479 450 1347 500; baseline 0.005 -14"><span class='ocrx_word' id='word_1_25' title='bbox 479 453 531 498; x_wconf 29' lang='grc' dir='ltr'>,ἐξ</span> <span class='ocrx_word' id='word_1_26' title='bbox 551 450 588 487; x_wconf 89' lang='lat' dir='ltr'>in</span> <span class='ocrx_word' id='word_1_27' title='bbox 603 451 823 500; x_wconf 85' lang='lat' dir='ltr'>acceptione</span> <span class='ocrx_word' id='word_1_28' title='bbox 841 451 1061 488; x_wconf 88' lang='lat' dir='ltr'>universalis</span> <span class='ocrx_word' id='word_1_29' title='bbox 1082 465 1205 490; x_wconf 90' lang='lat' dir='ltr'>errare</span> <span class='ocrx_word' id='word_1_30' title='bbox 1219 455 1238 474; x_wconf 47' lang='grc' dir='ltr'>ξ’·</span> <span class='ocrx_word' id='word_1_31' title='bbox 1259 466 1347 490; x_wconf 92' lang='lat' dir='ltr'>con—</span> 
     </span>
    </p>

    <p class='ocr_par' dir='ltr' id='par_1_6' title="bbox 285 497 1346 606">
     <span class='ocr_line' id='line_1_8' title="bbox 350 497 1345 554; baseline 0.006 -17"><span class='ocrx_word' id='word_1_32' title='bbox 350 527 371 533; x_wconf 48' lang='lat'>«</span> <span class='ocrx_word' id='word_1_33' title='bbox 435 498 444 537; x_wconf 63' lang='lat' dir='ltr'>J</span> <span class='ocrx_word' id='word_1_34' title='bbox 486 497 531 538; x_wconf 56' lang='lat'>„⁷13¹</span> <span class='ocrx_word' id='word_1_35' title='bbox 549 503 675 551; x_wconf 87' lang='lat' dir='ltr'>tingat.</span> <span class='ocrx_word' id='word_1_36' title='bbox 706 504 755 540; x_wconf 91' lang='lat' dir='ltr'>Et</span> <span class='ocrx_word' id='word_1_37' title='bbox 779 504 876 541; x_wconf 89' lang='lat' dir='ltr'>circa</span> <span class='ocrx_word' id='word_1_38' title='bbox 904 504 978 542; x_wconf 91' lang='lat' dir='ltr'>hoc</span> <span class='ocrx_word' id='word_1_39' title='bbox 997 505 1066 542; x_wconf 90' lang='lat' dir='ltr'>tria</span> <span class='ocrx_word' id='word_1_40' title='bbox 1086 506 1186 542; x_wconf 87' lang='lat' dir='ltr'>facit:</span> <span class='ocrx_word' id='word_1_41' title='bbox 1207 506 1345 554; x_wconf 86' lang='lat' dir='ltr'>primo,</span> 
     </span>
     <span class='ocr_line' id='line_1_9' title="bbox 285 555 1346 606; baseline 0.005 -14"><span class='ocrx_word' id='word_1_42' title='bbox 285 555 373 593; x_wconf 91' lang='lat' dir='ltr'>dicit</span> <span class='ocrx_word' id='word_1_43' title='bbox 406 556 510 604; x_wconf 91' lang='lat' dir='ltr'>quod</span> <span class='ocrx_word' id='word_1_44' title='bbox 545 556 749 604; x_wconf 88' lang='lat' dir='ltr'>aliquando</span> <span class='ocrx_word' id='word_1_45' title='bbox 769 557 867 594; x_wconf 88' lang='lat' dir='ltr'>circa</span> <span class='ocrx_word' id='word_1_46' title='bbox 885 557 960 594; x_wconf 94' lang='lat' dir='ltr'>hoc</span> <span class='ocrx_word' id='word_1_47' title='bbox 986 570 1144 606; x_wconf 85' lang='lat' dir='ltr'>peccare</span> <span class='ocrx_word' id='word_1_48' title='bbox 1164 560 1184 580; x_wconf 70' lang='lat'>*²</span> <span class='ocrx_word' id='word_1_49' title='bbox 1204 560 1346 597; x_wconf 90' lang='lat' dir='ltr'>contin-</span> 
     </span>
    </p>
   </div>
   <div class='ocr_carea' id='block_1_6' title="bbox 292 349 548 549">
    <p class='ocr_par' dir='ltr' id='par_1_7' title="bbox 292 349 548 549">
     <span class='ocr_line' id='line_1_10' title="bbox 292 349 548 549; baseline 0 3655"><span class='ocrx_word' id='word_1_50' title='bbox 292 349 548 549; x_wconf 95' lang='lat' dir='ltr'> </span> 
     </span>
    </p>
   </div>
   <div class='ocr_carea' id='block_1_7' title="bbox 44 608 1347 715">
    <p class='ocr_par' dir='ltr' id='par_1_8' title="bbox 44 608 1347 715">
     <span class='ocr_line' id='line_1_11' title="bbox 44 608 1347 659; baseline 0.006 -17"><span class='ocrx_word' id='word_1_51' title='bbox 44 619 54 628; x_wconf 84' lang='grc'><em>·</em></span> <span class='ocrx_word' id='word_1_52' title='bbox 68 624 110 640; x_wconf 72' lang='lat' dir='ltr'>cn:</span> <span class='ocrx_word' id='word_1_53' title='bbox 126 617 236 640; x_wconf 68' lang='lat' dir='ltr'>ostendit.</span> <span class='ocrx_word' id='word_1_54' title='bbox 284 608 352 657; x_wconf 65' lang='lat' dir='ltr'>gin</span> <span class='ocrx_word' id='word_1_55' title='bbox 381 609 568 655; x_wconf 85' lang='lat' dir='ltr'>secundo,</span> <span class='ocrx_word' id='word_1_56' title='bbox 598 609 761 657; x_wconf 85' lang='lat' dir='ltr'>assignat</span> <span class='ocrx_word' id='word_1_57' title='bbox 778 610 799 630; x_wconf 64' lang='lat'>’⁸</span> <span class='ocrx_word' id='word_1_58' title='bbox 817 618 910 658; x_wconf 91' lang='lat' dir='ltr'>quot</span> <span class='ocrx_word' id='word_1_59' title='bbox 929 611 1071 657; x_wconf 88' lang='lat' dir='ltr'>modis;</span> <span class='ocrx_word' id='word_1_60' title='bbox 1092 613 1161 650; x_wconf 88' lang='lat' dir='ltr'>ibi:</span> <span class='ocrx_word' id='word_1_61' title='bbox 1187 613 1347 659; x_wconf 84' lang='lat' dir='ltr'>Oberra-</span> 
     </span>
     <span class='ocr_line' id='line_1_12' title="bbox 46 662 1347 715; baseline 0.005 -19"><span class='ocrx_word' id='word_1_62' title='bbox 46 671 56 680; x_wconf 82' lang='lat'><strong>·</strong></span> <span class='ocrx_word' id='word_1_63' title='bbox 82 676 256 693; x_wconf 61' lang='lat' dir='ltr'>mnu-1101:</span> <span class='ocrx_word' id='word_1_64' title='bbox 283 674 368 698; x_wconf 84' lang='lat' dir='ltr'>mus</span> <span class='ocrx_word' id='word_1_65' title='bbox 387 669 476 708; x_wconf 83' lang='lat' dir='ltr'>etc.;</span> <span class='ocrx_word' id='word_1_66' title='bbox 496 663 616 708; x_wconf 87' lang='lat' dir='ltr'>tertio,</span> <span class='ocrx_word' id='word_1_67' title='bbox 637 662 702 699; x_wconf 87' lang='lat' dir='ltr'>dat</span> <span class='ocrx_word' id='word_1_68' title='bbox 721 664 995 701; x_wconf 89' lang='lat' dir='ltr'>documentum</span> <span class='ocrx_word' id='word_1_69' title='bbox 1014 667 1212 713; x_wconf 89' lang='lat' dir='ltr'>quomodo</span> <span class='ocrx_word' id='word_1_70' title='bbox 1227 667 1248 687; x_wconf 78' lang='grc'><strong><em>*</em></strong></span> <span class='ocrx_word' id='word_1_71' title='bbox 1261 679 1347 715; x_wconf 91' lang='lat' dir='ltr'>pos-</span> 
     </span>
    </p>
   </div>
   <div class='ocr_carea' id='block_1_8' title="bbox 42 697 241 732">
    <p class='ocr_par' dir='ltr' id='par_1_9' title="bbox 42 697 241 732">
     <span class='ocr_line' id='line_1_13' title="bbox 42 697 241 732; baseline -0.005 -13"><span class='ocrx_word' id='word_1_72' title='bbox 42 703 99 732; x_wconf 74' lang='lat' dir='ltr'>qw.</span> <span class='ocrx_word' id='word_1_73' title='bbox 109 708 119 714; x_wconf 95' lang='lat'>-</span> <span class='ocrx_word' id='word_1_74' title='bbox 135 697 171 719; x_wconf 84' lang='lat' dir='ltr'>cf.</span> <span class='ocrx_word' id='word_1_75' title='bbox 182 703 205 718; x_wconf 90' lang='lat' dir='ltr'>n.</span> <span class='ocrx_word' id='word_1_76' title='bbox 215 703 241 719; x_wconf 91' lang='grc' dir='ltr'>ιι.</span> 
     </span>
    </p>
   </div>
   <div class='ocr_carea' id='block_1_9' title="bbox 42 714 1348 771">
    <p class='ocr_par' dir='ltr' id='par_1_10' title="bbox 42 714 1348 771">
     <span class='ocr_line' id='line_1_14' title="bbox 42 714 1348 771; baseline 0.004 -20"><span class='ocrx_word' id='word_1_77' title='bbox 42 751 92 771; x_wconf 49' lang='lat' dir='ltr'>“m</span> <span class='ocrx_word' id='word_1_78' title='bbox 119 729 257 771; x_wconf 43' lang='lat' dir='ltr'>”5⁹2AE</span> <span class='ocrx_word' id='word_1_79' title='bbox 283 714 329 752; x_wconf 92' lang='lat' dir='ltr'>sit</span> <span class='ocrx_word' id='word_1_80' title='bbox 357 716 534 762; x_wconf 85' lang='lat' dir='ltr'>cognosci</span> <span class='ocrx_word' id='word_1_81' title='bbox 567 723 694 752; x_wconf 89' lang='lat' dir='ltr'>utrum</span> <span class='ocrx_word' id='word_1_82' title='bbox 732 726 822 753; x_wconf 86' lang='lat' dir='ltr'>vere</span> <span class='ocrx_word' id='word_1_83' title='bbox 842 717 862 738; x_wconf 81' lang='grc'><em>*</em></span> <span class='ocrx_word' id='word_1_84' title='bbox 889 727 1088 767; x_wconf 87' lang='lat' dir='ltr'>acceptum</span> <span class='ocrx_word' id='word_1_85' title='bbox 1122 721 1167 756; x_wconf 90' lang='lat' dir='ltr'>sit</span> <span class='ocrx_word' id='word_1_86' title='bbox 1198 719 1348 756; x_wconf 89' lang='lat' dir='ltr'>univer-</span> 
     </span>
    </p>
   </div>
   <div class='ocr_carea' id='block_1_10' title="bbox 40 767 1248 820">
    <p class='ocr_par' dir='ltr' id='par_1_11' title="bbox 40 767 1248 820">
     <span class='ocr_line' id='line_1_15' title="bbox 40 767 1248 820; baseline 0.003 -16"><span class='ocrx_word' id='word_1_87' title='bbox 40 776 254 804; x_wconf 73' lang='lat' dir='ltr'>acoept--cf-infr-</span> <span class='ocrx_word' id='word_1_88' title='bbox 284 768 377 812; x_wconf 84' lang='lat' dir='ltr'>sale;</span> <span class='ocrx_word' id='word_1_89' title='bbox 408 767 475 805; x_wconf 90' lang='lat' dir='ltr'>ibi:</span> <span class='ocrx_word' id='word_1_90' title='bbox 511 771 644 806; x_wconf 88' lang='lat' dir='ltr'><em>Utrum</em></span> <span class='ocrx_word' id='word_1_91' title='bbox 673 775 798 807; x_wconf 85' lang='lat' dir='ltr'>autem</span> <span class='ocrx_word' id='word_1_92' title='bbox 825 771 1030 808; x_wconf 84' lang='lat' dir='ltr'>secundum</span> <span class='ocrx_word' id='word_1_93' title='bbox 1060 774 1161 820; x_wconf 83' lang='lat' dir='ltr'>quod</span> <span class='ocrx_word' id='word_1_94' title='bbox 1179 780 1248 809; x_wconf 91' lang='lat' dir='ltr'>etc.</span> 
     </span>
    </p>
   </div>
   <div class='ocr_carea' id='block_1_11' title="bbox 283 821 1350 927">
    <p class='ocr_par' dir='ltr' id='par_1_12' title="bbox 283 821 1350 927">
     <span class='ocr_line' id='line_1_16' title="bbox 339 821 1349 874; baseline 0.005 -17"><span class='ocrx_word' id='word_1_95' title='bbox 339 832 372 857; x_wconf 92' lang='lat'>2.</span> <span class='ocrx_word' id='word_1_96' title='bbox 403 821 503 859; x_wconf 90' lang='lat' dir='ltr'>Dicit</span> <span class='ocrx_word' id='word_1_97' title='bbox 536 833 626 870; x_wconf 88' lang='lat' dir='ltr'>ergo</span> <span class='ocrx_word' id='word_1_98' title='bbox 653 822 780 870; x_wconf 90' lang='lat' dir='ltr'>primo</span> <span class='ocrx_word' id='word_1_99' title='bbox 808 825 912 872; x_wconf 92' lang='lat' dir='ltr'>quod</span> <span class='ocrx_word' id='word_1_100' title='bbox 941 825 989 862; x_wconf 90' lang='lat' dir='ltr'>ad</span> <span class='ocrx_word' id='word_1_101' title='bbox 1017 825 1108 871; x_wconf 89' lang='lat' dir='ltr'>hoc,</span> <span class='ocrx_word' id='word_1_102' title='bbox 1139 826 1242 874; x_wconf 89' lang='lat' dir='ltr'>quod</span> <span class='ocrx_word' id='word_1_103' title='bbox 1272 837 1349 862; x_wconf 91' lang='lat' dir='ltr'>non</span> 
     </span>
     <span class='ocr_line' id='line_1_17' title="bbox 283 873 1350 927; baseline 0.005 -17"><span class='ocrx_word' id='word_1_104' title='bbox 283 873 429 911; x_wconf 91' lang='lat' dir='ltr'>accidat</span> <span class='ocrx_word' id='word_1_105' title='bbox 457 875 495 912; x_wconf 90' lang='lat' dir='ltr'>in</span> <span class='ocrx_word' id='word_1_106' title='bbox 523 876 844 914; x_wconf 84' lang='lat' dir='ltr'>demonstratione</span> <span class='ocrx_word' id='word_1_107' title='bbox 872 886 1083 926; x_wconf 82' lang='lat' dir='ltr'>peccatum,</span> <span class='ocrx_word' id='word_1_108' title='bbox 1105 886 1254 927; x_wconf 84' lang='lat' dir='ltr'>oportet</span> <span class='ocrx_word' id='word_1_109' title='bbox 1272 891 1350 915; x_wconf 92' lang='lat' dir='ltr'>non</span> 
     </span>
    </p>
   </div>
   <div class='ocr_carea' id='block_1_12' title="bbox 280 1067 1349 1384">
    <p class='ocr_par' dir='ltr' id='par_1_13' title="bbox 280 1067 1349 1384">
     <span class='ocr_line' id='line_1_18' title="bbox 337 1067 1349 1101; baseline 0 -9"><span class='ocrx_word' id='word_1_110' title='bbox 337 1067 365 1101; x_wconf 81' lang='grc' dir='ltr'>α)</span> <span class='ocrx_word' id='word_1_111' title='bbox 388 1068 466 1093; x_wconf 83' lang='lat' dir='ltr'>Circa</span> <span class='ocrx_word' id='word_1_112' title='bbox 489 1068 666 1100; x_wconf 75' lang='lat' dir='ltr'>acceptionem</span> <span class='ocrx_word' id='word_1_113' title='bbox 691 1069 854 1095; x_wconf 78' lang='lat' dir='ltr'>universalis.</span> <span class='ocrx_word' id='word_1_114' title='bbox 873 1071 930 1095; x_wconf 86' lang='lat' dir='ltr'>Hoc</span> <span class='ocrx_word' id='word_1_115' title='bbox 958 1071 1016 1095; x_wconf 92' lang='lat' dir='ltr'>loco</span> <span class='ocrx_word' id='word_1_116' title='bbox 1043 1070 1069 1095; x_wconf 86' lang='lat' dir='ltr'>in</span> <span class='ocrx_word' id='word_1_117' title='bbox 1094 1070 1181 1094; x_wconf 89' lang='lat' dir='ltr'>codice</span> <span class='ocrx_word' id='word_1_118' title='bbox 1203 1071 1225 1094; x_wconf 87' lang='grc' dir='ltr'>Β</span> <span class='ocrx_word' id='word_1_119' title='bbox 1246 1069 1349 1101; x_wconf 87' lang='lat' dir='ltr'>ponitur</span> 
     </span>
     <span class='ocr_line' id='line_1_19' title="bbox 282 1103 1348 1135; baseline -0.001 -7"><span class='ocrx_word' id='word_1_120' title='bbox 282 1104 372 1128; x_wconf 88' lang='lat' dir='ltr'>notula</span> <span class='ocrx_word' id='word_1_121' title='bbox 395 1103 542 1135; x_wconf 87' lang='lat' dir='ltr'>marginalis</span> <span class='ocrx_word' id='word_1_122' title='bbox 570 1111 663 1129; x_wconf 85' lang='lat' dir='ltr'>manus</span> <span class='ocrx_word' id='word_1_123' title='bbox 687 1103 804 1130; x_wconf 87' lang='lat' dir='ltr'>diversae</span> <span class='ocrx_word' id='word_1_124' title='bbox 829 1110 854 1130; x_wconf 88' lang='lat' dir='ltr'>et</span> <span class='ocrx_word' id='word_1_125' title='bbox 872 1105 1019 1130; x_wconf 86' lang='lat' dir='ltr'>recentioris</span> <span class='ocrx_word' id='word_1_126' title='bbox 1044 1105 1147 1130; x_wconf 85' lang='lat' dir='ltr'>aetatis:</span> <span class='ocrx_word' id='word_1_127' title='bbox 1168 1114 1182 1128; x_wconf 87' lang='lat'>‹&lt;</span> <span class='ocrx_word' id='word_1_128' title='bbox 1200 1104 1348 1129; x_wconf 85' lang='lat' dir='ltr'>Notandum</span> 
     </span>
     <span class='ocr_line' id='line_1_20' title="bbox 285 1135 1349 1172; baseline 0.001 -10"><span class='ocrx_word' id='word_1_129' title='bbox 285 1148 299 1161; x_wconf 70' lang='grc' dir='ltr'>ι</span> <span class='ocrx_word' id='word_1_130' title='bbox 313 1135 383 1170; x_wconf 82' lang='lat' dir='ltr'>qu&#39;od</span> <span class='ocrx_word' id='word_1_131' title='bbox 401 1138 508 1170; x_wconf 85' lang='lat' dir='ltr'>quidam</span> <span class='ocrx_word' id='word_1_132' title='bbox 526 1138 612 1164; x_wconf 85' lang='lat' dir='ltr'>dicunt</span> <span class='ocrx_word' id='word_1_133' title='bbox 635 1140 705 1171; x_wconf 90' lang='lat' dir='ltr'>quod</span> <span class='ocrx_word' id='word_1_134' title='bbox 724 1145 788 1172; x_wconf 87' lang='lat' dir='ltr'>quot</span> <span class='ocrx_word' id='word_1_135' title='bbox 806 1145 866 1165; x_wconf 86' lang='lat' dir='ltr'>sunt</span> <span class='ocrx_word' id='word_1_136' title='bbox 884 1141 1044 1165; x_wconf 83' lang='lat' dir='ltr'>conditiones</span> <span class='ocrx_word' id='word_1_137' title='bbox 1061 1140 1213 1165; x_wconf 84' lang='lat' dir='ltr'>universalis</span> <span class='ocrx_word' id='word_1_138' title='bbox 1233 1143 1271 1164; x_wconf 87' lang='lat' dir='ltr'>tot</span> <span class='ocrx_word' id='word_1_139' title='bbox 1289 1144 1349 1164; x_wconf 89' lang='lat' dir='ltr'>sunt</span> 
     </span>
     <span class='ocr_line' id='line_1_21' title="bbox 285 1174 1348 1206; baseline 0.001 -9"><span class='ocrx_word' id='word_1_140' title='bbox 285 1183 298 1196; x_wconf 65' lang='lat'><em>2</em></span> <span class='ocrx_word' id='word_1_141' title='bbox 313 1180 422 1199; x_wconf 70' lang='lat' dir='ltr'>eri-orec.</span> <span class='ocrx_word' id='word_1_142' title='bbox 441 1174 492 1198; x_wconf 85' lang='lat' dir='ltr'>Sed</span> <span class='ocrx_word' id='word_1_143' title='bbox 511 1180 572 1199; x_wconf 82' lang='lat' dir='ltr'>sunt</span> <span class='ocrx_word' id='word_1_144' title='bbox 589 1179 641 1199; x_wconf 85' lang='lat' dir='ltr'>tres</span> <span class='ocrx_word' id='word_1_145' title='bbox 660 1175 818 1200; x_wconf 90' lang='lat' dir='ltr'>conditiones</span> <span class='ocrx_word' id='word_1_146' title='bbox 836 1176 997 1206; x_wconf 81' lang='lat' dir='ltr'>universalis,</span> <span class='ocrx_word' id='word_1_147' title='bbox 1017 1175 1126 1206; x_wconf 86' lang='lat' dir='ltr'>scilicet,</span> <span class='ocrx_word' id='word_1_148' title='bbox 1146 1176 1178 1200; x_wconf 85' lang='lat' dir='ltr'>de</span> <span class='ocrx_word' id='word_1_149' title='bbox 1196 1175 1281 1202; x_wconf 84' lang='lat' dir='ltr'>omni,</span> <span class='ocrx_word' id='word_1_150' title='bbox 1296 1181 1348 1205; x_wconf 85' lang='lat' dir='ltr'>per</span> 
     </span>
     <span class='ocr_line' id='line_1_22' title="bbox 285 1209 1348 1243; baseline 0.001 -11"><span class='ocrx_word' id='word_1_151' title='bbox 285 1218 298 1231; x_wconf 72' lang='grc' dir='ltr'>ι</span> <span class='ocrx_word' id='word_1_152' title='bbox 312 1215 340 1233; x_wconf 79' lang='lat' dir='ltr'>se</span> <span class='ocrx_word' id='word_1_153' title='bbox 363 1213 389 1233; x_wconf 86' lang='lat' dir='ltr'>et</span> <span class='ocrx_word' id='word_1_154' title='bbox 414 1209 558 1234; x_wconf 78' lang='lat' dir='ltr'>secundum</span> <span class='ocrx_word' id='word_1_155' title='bbox 583 1209 655 1242; x_wconf 83' lang='lat' dir='ltr'>quod</span> <span class='ocrx_word' id='word_1_156' title='bbox 679 1210 773 1243; x_wconf 83' lang='lat' dir='ltr'>ipsum.</span> <span class='ocrx_word' id='word_1_157' title='bbox 801 1211 870 1243; x_wconf 85' lang='lat' dir='ltr'>Ergo</span> <span class='ocrx_word' id='word_1_158' title='bbox 893 1216 945 1236; x_wconf 90' lang='lat' dir='ltr'>tres</span> <span class='ocrx_word' id='word_1_159' title='bbox 965 1215 1040 1235; x_wconf 90' lang='lat' dir='ltr'>erunt</span> <span class='ocrx_word' id='word_1_160' title='bbox 1063 1210 1221 1235; x_wconf 87' lang='lat' dir='ltr'>conditiones</span> <span class='ocrx_word' id='word_1_161' title='bbox 1246 1210 1348 1234; x_wconf 89' lang='lat' dir='ltr'>univer-</span> 
     </span>
     <span class='ocr_line' id='line_1_23' title="bbox 284 1243 1348 1279; baseline 0.004 -13"><span class='ocrx_word' id='word_1_162' title='bbox 284 1253 299 1266; x_wconf 80' lang='lat'><strong>»</strong></span> <span class='ocrx_word' id='word_1_163' title='bbox 313 1243 383 1268; x_wconf 73' lang='lat' dir='ltr'>ulls.</span> <span class='ocrx_word' id='word_1_164' title='bbox 398 1252 412 1266; x_wconf 63' lang='grc' dir='ltr'><strong>ν</strong></span> <span class='ocrx_word' id='word_1_165' title='bbox 429 1244 603 1270; x_wconf 83' lang='lat' dir='ltr'>Amanuensis</span> <span class='ocrx_word' id='word_1_166' title='bbox 625 1246 708 1271; x_wconf 87' lang='lat' dir='ltr'>voluit</span> <span class='ocrx_word' id='word_1_167' title='bbox 728 1251 796 1271; x_wconf 88' lang='lat' dir='ltr'>certe</span> <span class='ocrx_word' id='word_1_168' title='bbox 817 1247 984 1271; x_wconf 79' lang='lat' dir='ltr'>concludere:</span> <span class='ocrx_word' id='word_1_169' title='bbox 1005 1253 1071 1279; x_wconf 81' lang='lat' dir='ltr'>ergo</span> <span class='ocrx_word' id='word_1_170' title='bbox 1091 1249 1145 1270; x_wconf 80' lang='lat' dir='ltr'>tres</span> <span class='ocrx_word' id='word_1_171' title='bbox 1155 1248 1223 1272; x_wconf 68' lang='lat' dir='ltr'>⁴,sumt</span> <span class='ocrx_word' id='word_1_172' title='bbox 1235 1252 1348 1270; x_wconf 87' lang='lat' dir='ltr'>errores.</span> 
     </span>
     <span class='ocr_line' id='line_1_24' title="bbox 280 1278 1348 1313; baseline 0.002 -11"><span class='ocrx_word' id='word_1_173' title='bbox 280 1291 301 1296; x_wconf 90' lang='lat'><em>—</em></span> <span class='ocrx_word' id='word_1_174' title='bbox 310 1278 435 1309; x_wconf 84' lang='lat' dir='ltr'>Quamvis</span> <span class='ocrx_word' id='word_1_175' title='bbox 449 1284 535 1304; x_wconf 87' lang='lat' dir='ltr'>autem</span> <span class='ocrx_word' id='word_1_176' title='bbox 550 1285 602 1305; x_wconf 89' lang='lat' dir='ltr'>tres</span> <span class='ocrx_word' id='word_1_177' title='bbox 617 1281 669 1306; x_wconf 84' lang='lat' dir='ltr'>sint</span> <span class='ocrx_word' id='word_1_178' title='bbox 681 1281 842 1307; x_wconf 86' lang='lat' dir='ltr'>conditiones</span> <span class='ocrx_word' id='word_1_179' title='bbox 856 1281 1016 1311; x_wconf 86' lang='lat' dir='ltr'>universalis,</span> <span class='ocrx_word' id='word_1_180' title='bbox 1028 1281 1088 1313; x_wconf 83' lang='lat' dir='ltr'>quia</span> <span class='ocrx_word' id='word_1_181' title='bbox 1102 1286 1189 1305; x_wconf 90' lang='lat' dir='ltr'>tamen</span> <span class='ocrx_word' id='word_1_182' title='bbox 1203 1281 1348 1305; x_wconf 88' lang='lat' dir='ltr'>secundum</span> 
     </span>
     <span class='ocr_line' id='line_1_25' title="bbox 283 1313 1349 1349; baseline 0.002 -11"><span class='ocrx_word' id='word_1_183' title='bbox 283 1313 356 1346; x_wconf 73' lang='lat' dir='ltr'>quod</span> <span class='ocrx_word' id='word_1_184' title='bbox 373 1313 459 1346; x_wconf 71' lang='lat' dir='ltr'>ipsimi</span> <span class='ocrx_word' id='word_1_185' title='bbox 478 1314 546 1339; x_wconf 90' lang='lat' dir='ltr'>idem</span> <span class='ocrx_word' id='word_1_186' title='bbox 566 1320 606 1340; x_wconf 86' lang='lat' dir='ltr'>est</span> <span class='ocrx_word' id='word_1_187' title='bbox 630 1324 659 1340; x_wconf 88' lang='lat' dir='ltr'>ac</span> <span class='ocrx_word' id='word_1_188' title='bbox 677 1324 730 1349; x_wconf 85' lang='lat' dir='ltr'>per</span> <span class='ocrx_word' id='word_1_189' title='bbox 747 1323 775 1341; x_wconf 81' lang='lat' dir='ltr'>se</span> <span class='ocrx_word' id='word_1_190' title='bbox 792 1317 898 1348; x_wconf 83' lang='lat' dir='ltr'>primo,</span> <span class='ocrx_word' id='word_1_191' title='bbox 919 1316 978 1341; x_wconf 85' lang='lat' dir='ltr'>hinc</span> <span class='ocrx_word' id='word_1_192' title='bbox 996 1316 1028 1340; x_wconf 86' lang='lat' dir='ltr'>ad</span> <span class='ocrx_word' id='word_1_193' title='bbox 1048 1316 1112 1340; x_wconf 85' lang='lat' dir='ltr'>duas</span> <span class='ocrx_word' id='word_1_194' title='bbox 1130 1316 1217 1340; x_wconf 86' lang='lat' dir='ltr'>reduci</span> <span class='ocrx_word' id='word_1_195' title='bbox 1236 1322 1349 1349; x_wconf 79' lang='lat' dir='ltr'>possunt</span> 
     </span>
     <span class='ocr_line' id='line_1_26' title="bbox 282 1348 1299 1384; baseline 0.001 -9"><span class='ocrx_word' id='word_1_196' title='bbox 282 1348 630 1379; x_wconf 22' lang='lat' dir='ltr'>mdifiomcunr&#39;versdlis,</span> <span class='ocrx_word' id='word_1_197' title='bbox 648 1356 679 1376; x_wconf 88' lang='lat' dir='ltr'>ut</span> <span class='ocrx_word' id='word_1_198' title='bbox 695 1349 723 1376; x_wconf 90' lang='lat' dir='ltr'>in</span> <span class='ocrx_word' id='word_1_199' title='bbox 741 1352 861 1384; x_wconf 80' lang='lat' dir='ltr'>sequenti</span> <span class='ocrx_word' id='word_1_200' title='bbox 880 1356 940 1376; x_wconf 73' lang='lat' dir='ltr'>nota</span> <span class='ocrx_word' id='word_1_201' title='bbox 965 1351 1067 1384; x_wconf 85' lang='lat' dir='ltr'>plenius</span> <span class='ocrx_word' id='word_1_202' title='bbox 1086 1351 1224 1376; x_wconf 91' lang='lat' dir='ltr'>dicendum</span> <span class='ocrx_word' id='word_1_203' title='bbox 1244 1351 1299 1376; x_wconf 88' lang='lat' dir='ltr'>erit.</span> 
     </span>
    </p>
   </div>
   <div class='ocr_carea' id='block_1_13' title="bbox 153 1381 1348 1427">
    <p class='ocr_par' dir='ltr' id='par_1_14' title="bbox 153 1381 1348 1427">
     <span class='ocr_line' id='line_1_27' title="bbox 153 1381 1348 1427; baseline 0.003 -19"><span class='ocrx_word' id='word_1_204' title='bbox 153 1415 166 1427; x_wconf 36' lang='grc' dir='ltr'>,Ι</span> <span class='ocrx_word' id='word_1_205' title='bbox 208 1396 211 1398; x_wconf 91' lang='grc'><em>·</em></span> <span class='ocrx_word' id='word_1_206' title='bbox 250 1389 279 1393; x_wconf 60' lang='grc'>“·</span> <span class='ocrx_word' id='word_1_207' title='bbox 319 1387 323 1389; x_wconf 70' lang='grc'>“</span> <span class='ocrx_word' id='word_1_208' title='bbox 336 1381 362 1417; x_wconf 86' lang='grc' dir='ltr'>β)</span> <span class='ocrx_word' id='word_1_209' title='bbox 381 1384 473 1411; x_wconf 77' lang='lat' dir='ltr'>Primo</span> <span class='ocrx_word' id='word_1_210' title='bbox 486 1385 592 1418; x_wconf 76' lang='lat' dir='ltr'>quidem</span> <span class='ocrx_word' id='word_1_211' title='bbox 606 1390 654 1411; x_wconf 89' lang='lat' dir='ltr'>etc.</span> <span class='ocrx_word' id='word_1_212' title='bbox 664 1387 726 1412; x_wconf 74' lang='lat' dir='ltr'>-Bz</span> <span class='ocrx_word' id='word_1_213' title='bbox 742 1387 876 1419; x_wconf 77' lang='lat' dir='ltr'>Etprimo</span> <span class='ocrx_word' id='word_1_214' title='bbox 890 1386 994 1419; x_wconf 82' lang='lat' dir='ltr'>quidem</span> <span class='ocrx_word' id='word_1_215' title='bbox 1010 1391 1072 1417; x_wconf 91' lang='lat' dir='ltr'>etc.;</span> <span class='ocrx_word' id='word_1_216' title='bbox 1086 1386 1123 1411; x_wconf 87' lang='lat'>0:</span> <span class='ocrx_word' id='word_1_217' title='bbox 1138 1387 1229 1412; x_wconf 77' lang='lat' dir='ltr'>Pri&#39;mo</span> <span class='ocrx_word' id='word_1_218' title='bbox 1243 1387 1348 1419; x_wconf 82' lang='lat' dir='ltr'>quidem</span> 
     </span>
    </p>
   </div>
   <div class='ocr_carea' id='block_1_14' title="bbox 281 1419 1349 1915">
    <p class='ocr_par' dir='ltr' id='par_1_15' title="bbox 281 1419 1349 1915">
     <span class='ocr_line' id='line_1_28' title="bbox 282 1419 1348 1454; baseline 0.003 -10"><span class='ocrx_word' id='word_1_219' title='bbox 282 1419 370 1448; x_wconf 77' lang='lat' dir='ltr'>modo,</span> <span class='ocrx_word' id='word_1_220' title='bbox 378 1426 438 1444; x_wconf 82' lang='lat' dir='ltr'>cum</span> <span class='ocrx_word' id='word_1_221' title='bbox 448 1424 517 1445; x_wconf 82' lang='lat' dir='ltr'>etc.-</span> <span class='ocrx_word' id='word_1_222' title='bbox 525 1420 835 1452; x_wconf 79' lang='lat' dir='ltr'>BCDGHIKLNOQRT:</span> <span class='ocrx_word' id='word_1_223' title='bbox 849 1429 909 1447; x_wconf 82' lang='lat' dir='ltr'>cum</span> <span class='ocrx_word' id='word_1_224' title='bbox 920 1422 1019 1446; x_wconf 80' lang='lat' dir='ltr'>nullum</span> <span class='ocrx_word' id='word_1_225' title='bbox 1030 1421 1106 1446; x_wconf 82' lang='lat' dir='ltr'>aliud</span> <span class='ocrx_word' id='word_1_226' title='bbox 1115 1422 1151 1446; x_wconf 81' lang='lat' dir='ltr'>sit</span> <span class='ocrx_word' id='word_1_227' title='bbox 1160 1422 1278 1454; x_wconf 82' lang='lat' dir='ltr'>accipere</span> <span class='ocrx_word' id='word_1_228' title='bbox 1288 1427 1348 1452; x_wconf 77' lang='lat' dir='ltr'>etc.;</span> 
     </span>
     <span class='ocr_line' id='line_1_29' title="bbox 283 1454 1348 1489; baseline 0.003 -10"><span class='ocrx_word' id='word_1_229' title='bbox 283 1454 321 1480; x_wconf 78' lang='lat' dir='ltr'>G:</span> <span class='ocrx_word' id='word_1_230' title='bbox 336 1454 457 1487; x_wconf 70' lang='grc' dir='ltr'>αεσίμνι</span> <span class='ocrx_word' id='word_1_231' title='bbox 473 1455 522 1481; x_wconf 72' lang='lat' dir='ltr'>sub</span> <span class='ocrx_word' id='word_1_232' title='bbox 539 1455 596 1488; x_wconf 74' lang='lat' dir='ltr'>ipso</span> <span class='ocrx_word' id='word_1_233' title='bbox 614 1457 749 1482; x_wconf 75' lang='lat' dir='ltr'>communi</span> <span class='ocrx_word' id='word_1_234' title='bbox 766 1457 983 1482; x_wconf 80' lang='lat' dir='ltr'>etc.—H1L:cui</span> <span class='ocrx_word' id='word_1_235' title='bbox 996 1457 1348 1489; x_wconf 82' lang='lat' dir='ltr'>prius.—-ACDEH1KLMO</span> 
     </span>
     <span class='ocr_line' id='line_1_30' title="bbox 282 1489 1348 1525; baseline 0.004 -11"><span class='ocrx_word' id='word_1_236' title='bbox 282 1489 388 1521; x_wconf 79' lang='lat' dir='ltr'>QRST:</span> <span class='ocrx_word' id='word_1_237' title='bbox 412 1490 553 1522; x_wconf 77' lang='lat' dir='ltr'>competit:</span> <span class='ocrx_word' id='word_1_238' title='bbox 571 1499 651 1524; x_wconf 90' lang='lat' dir='ltr'>quam</span> <span class='ocrx_word' id='word_1_239' title='bbox 670 1492 806 1517; x_wconf 87' lang='lat' dir='ltr'>lectionem</span> <span class='ocrx_word' id='word_1_240' title='bbox 826 1493 979 1525; x_wconf 83' lang='lat' dir='ltr'>adoptamus</span> <span class='ocrx_word' id='word_1_241' title='bbox 999 1493 1058 1517; x_wconf 92' lang='lat' dir='ltr'>loco</span> <span class='ocrx_word' id='word_1_242' title='bbox 1077 1492 1182 1517; x_wconf 85' lang='lat' dir='ltr'>Pianae:</span> <span class='ocrx_word' id='word_1_243' title='bbox 1202 1497 1348 1525; x_wconf 75' lang='lat' dir='ltr'>competat5</span> 
     </span>
     <span class='ocr_line' id='line_1_31' title="bbox 281 1523 1347 1553; baseline 0.003 -4"><span class='ocrx_word' id='word_1_244' title='bbox 281 1523 321 1550; x_wconf 74' lang='lat' dir='ltr'>N:</span> <span class='ocrx_word' id='word_1_245' title='bbox 342 1525 472 1550; x_wconf 71' lang='lat' dir='ltr'>convenit.</span> <span class='ocrx_word' id='word_1_246' title='bbox 486 1538 505 1543; x_wconf 93' lang='lat'><em>-</em></span> <span class='ocrx_word' id='word_1_247' title='bbox 518 1526 594 1551; x_wconf 80' lang='lat' dir='ltr'>Haud</span> <span class='ocrx_word' id='word_1_248' title='bbox 612 1532 748 1552; x_wconf 88' lang='lat' dir='ltr'>assecutus</span> <span class='ocrx_word' id='word_1_249' title='bbox 771 1532 886 1552; x_wconf 88' lang='lat' dir='ltr'>mentem</span> <span class='ocrx_word' id='word_1_250' title='bbox 904 1527 1049 1552; x_wconf 86' lang='lat' dir='ltr'>Aristotelis</span> <span class='ocrx_word' id='word_1_251' title='bbox 1073 1527 1174 1552; x_wconf 87' lang='lat' dir='ltr'>videtur</span> <span class='ocrx_word' id='word_1_252' title='bbox 1192 1527 1347 1553; x_wconf 88' lang='lat' dir='ltr'>Theodorus</span> 
     </span>
     <span class='ocr_line' id='line_1_32' title="bbox 281 1556 1348 1596; baseline 0.002 -10"><span class='ocrx_word' id='word_1_253' title='bbox 281 1556 366 1587; x_wconf 72' lang='lat' dir='ltr'>Wnitz</span> <span class='ocrx_word' id='word_1_254' title='bbox 384 1560 412 1585; x_wconf 88' lang='lat' dir='ltr'>in</span> <span class='ocrx_word' id='word_1_255' title='bbox 429 1561 485 1586; x_wconf 77' lang='lat' dir='ltr'>suis</span> <span class='ocrx_word' id='word_1_256' title='bbox 509 1561 620 1586; x_wconf 86' lang='lat' dir='ltr'>Scholiis</span> <span class='ocrx_word' id='word_1_257' title='bbox 639 1570 718 1595; x_wconf 85' lang='lat' dir='ltr'>super</span> <span class='ocrx_word' id='word_1_258' title='bbox 734 1563 880 1596; x_wconf 76' lang='lat' dir='ltr'>Analytica</span> <span class='ocrx_word' id='word_1_259' title='bbox 893 1563 1063 1595; x_wconf 74' lang='lat' dir='ltr'>posteriora,</span> <span class='ocrx_word' id='word_1_260' title='bbox 1087 1570 1148 1587; x_wconf 89' lang='lat' dir='ltr'>cum</span> <span class='ocrx_word' id='word_1_261' title='bbox 1166 1563 1198 1588; x_wconf 90' lang='lat' dir='ltr'>ad</span> <span class='ocrx_word' id='word_1_262' title='bbox 1217 1564 1272 1588; x_wconf 83' lang='lat' dir='ltr'>sola</span> <span class='ocrx_word' id='word_1_263' title='bbox 1296 1564 1348 1588; x_wconf 87' lang='lat' dir='ltr'>sin-</span> 
     </span>
     <span class='ocr_line' id='line_1_33' title="bbox 282 1595 1348 1630; baseline 0.003 -10"><span class='ocrx_word' id='word_1_264' title='bbox 282 1595 394 1628; x_wconf 80' lang='lat' dir='ltr'>gularia,</span> <span class='ocrx_word' id='word_1_265' title='bbox 419 1596 452 1622; x_wconf 85' lang='lat' dir='ltr'>de</span> <span class='ocrx_word' id='word_1_266' title='bbox 469 1596 564 1629; x_wconf 91' lang='lat' dir='ltr'>quibus</span> <span class='ocrx_word' id='word_1_267' title='bbox 583 1605 636 1622; x_wconf 92' lang='lat' dir='ltr'>non</span> <span class='ocrx_word' id='word_1_268' title='bbox 655 1603 694 1622; x_wconf 88' lang='lat' dir='ltr'>est</span> <span class='ocrx_word' id='word_1_269' title='bbox 717 1598 915 1628; x_wconf 80' lang='lat' dir='ltr'>demonstratio,</span> <span class='ocrx_word' id='word_1_270' title='bbox 939 1603 1051 1622; x_wconf 84' lang='lat' dir='ltr'>coarctat</span> <span class='ocrx_word' id='word_1_271' title='bbox 1068 1598 1136 1623; x_wconf 90' lang='lat' dir='ltr'>hunc</span> <span class='ocrx_word' id='word_1_272' title='bbox 1159 1598 1272 1630; x_wconf 86' lang='lat' dir='ltr'>primum</span> <span class='ocrx_word' id='word_1_273' title='bbox 1292 1607 1348 1623; x_wconf 91' lang='lat' dir='ltr'>mo-</span> 
     </span>
     <span class='ocr_line' id='line_1_34' title="bbox 282 1630 1348 1667; baseline 0.003 -12"><span class='ocrx_word' id='word_1_274' title='bbox 282 1630 347 1656; x_wconf 86' lang='lat' dir='ltr'>dum</span> <span class='ocrx_word' id='word_1_275' title='bbox 365 1631 466 1656; x_wconf 85' lang='lat' dir='ltr'>errandi</span> <span class='ocrx_word' id='word_1_276' title='bbox 491 1631 557 1656; x_wconf 88' lang='lat' dir='ltr'>circa</span> <span class='ocrx_word' id='word_1_277' title='bbox 579 1633 733 1658; x_wconf 87' lang='lat' dir='ltr'>universale.</span> <span class='ocrx_word' id='word_1_278' title='bbox 752 1634 869 1658; x_wconf 80' lang='lat' dir='ltr'>Praestat</span> <span class='ocrx_word' id='word_1_279' title='bbox 892 1633 980 1658; x_wconf 88' lang='lat' dir='ltr'>audire</span> <span class='ocrx_word' id='word_1_280' title='bbox 1002 1633 1080 1658; x_wconf 88' lang='lat' dir='ltr'>huius</span> <span class='ocrx_word' id='word_1_281' title='bbox 1104 1634 1223 1658; x_wconf 83' lang='lat' dir='ltr'>Auctoris</span> <span class='ocrx_word' id='word_1_282' title='bbox 1248 1634 1348 1667; x_wconf 87' lang='lat' dir='ltr'>exposi-</span> 
     </span>
     <span class='ocr_line' id='line_1_35' title="bbox 281 1666 1347 1701; baseline 0.004 -11"><span class='ocrx_word' id='word_1_283' title='bbox 281 1666 395 1691; x_wconf 84' lang='lat' dir='ltr'>tionem:</span> <span class='ocrx_word' id='word_1_284' title='bbox 416 1675 429 1688; x_wconf 67' lang='grc' dir='ltr'>ι</span> <span class='ocrx_word' id='word_1_285' title='bbox 445 1666 561 1692; x_wconf 80' lang='lat' dir='ltr'>Primum</span> <span class='ocrx_word' id='word_1_286' title='bbox 586 1668 706 1700; x_wconf 89' lang='lat' dir='ltr'>quidem,</span> <span class='ocrx_word' id='word_1_287' title='bbox 728 1668 826 1701; x_wconf 82' lang='lat' dir='ltr'>inquit,</span> <span class='ocrx_word' id='word_1_288' title='bbox 847 1668 960 1693; x_wconf 84' lang='lat' dir='ltr'>fallimur</span> <span class='ocrx_word' id='word_1_289' title='bbox 984 1669 1010 1693; x_wconf 92' lang='lat' dir='ltr'>in</span> <span class='ocrx_word' id='word_1_290' title='bbox 1029 1669 1060 1693; x_wconf 90' lang='lat' dir='ltr'>iis</span> <span class='ocrx_word' id='word_1_291' title='bbox 1079 1676 1145 1701; x_wconf 89' lang='lat' dir='ltr'>quae</span> <span class='ocrx_word' id='word_1_292' title='bbox 1164 1669 1201 1693; x_wconf 90' lang='lat' dir='ltr'>de</span> <span class='ocrx_word' id='word_1_293' title='bbox 1220 1669 1250 1694; x_wconf 85' lang='lat' dir='ltr'>iis</span> <span class='ocrx_word' id='word_1_294' title='bbox 1269 1669 1347 1694; x_wconf 87' lang='lat' dir='ltr'>rebus</span> 
     </span>
     <span class='ocr_line' id='line_1_36' title="bbox 284 1700 1347 1737; baseline 0.004 -12"><span class='ocrx_word' id='word_1_295' title='bbox 284 1711 298 1724; x_wconf 68' lang='lat' dir='ltr'>s</span> <span class='ocrx_word' id='word_1_296' title='bbox 314 1700 488 1734; x_wconf 77' lang='lat' dir='ltr'>singularibus</span> <span class='ocrx_word' id='word_1_297' title='bbox 507 1702 656 1735; x_wconf 81' lang='lat' dir='ltr'>probamus,</span> <span class='ocrx_word' id='word_1_298' title='bbox 671 1711 783 1736; x_wconf 88' lang='lat' dir='ltr'>quarum</span> <span class='ocrx_word' id='word_1_299' title='bbox 796 1704 901 1729; x_wconf 89' lang='lat' dir='ltr'>nomina</span> <span class='ocrx_word' id='word_1_300' title='bbox 919 1712 971 1728; x_wconf 90' lang='lat' dir='ltr'>non</span> <span class='ocrx_word' id='word_1_301' title='bbox 991 1704 1108 1728; x_wconf 89' lang='lat' dir='ltr'>notiones</span> <span class='ocrx_word' id='word_1_302' title='bbox 1123 1705 1251 1736; x_wconf 88' lang='lat' dir='ltr'>quasdam</span> <span class='ocrx_word' id='word_1_303' title='bbox 1269 1712 1347 1737; x_wconf 90' lang='lat' dir='ltr'>gene-</span> 
     </span>
     <span class='ocr_line' id='line_1_37' title="bbox 284 1735 1347 1771; baseline 0.004 -11"><span class='ocrx_word' id='word_1_304' title='bbox 284 1738 298 1760; x_wconf 69' lang='lat' dir='ltr'>i·</span> <span class='ocrx_word' id='word_1_305' title='bbox 313 1735 389 1766; x_wconf 80' lang='lat' dir='ltr'>mles,</span> <span class='ocrx_word' id='word_1_306' title='bbox 404 1737 451 1761; x_wconf 87' lang='lat' dir='ltr'>sed</span> <span class='ocrx_word' id='word_1_307' title='bbox 465 1742 546 1762; x_wconf 81' lang='lat' dir='ltr'>certas</span> <span class='ocrx_word' id='word_1_308' title='bbox 560 1745 602 1763; x_wconf 91' lang='lat' dir='ltr'>res</span> <span class='ocrx_word' id='word_1_309' title='bbox 621 1739 743 1764; x_wconf 79' lang='lat' dir='ltr'>sensibus</span> <span class='ocrx_word' id='word_1_310' title='bbox 763 1739 890 1764; x_wconf 82' lang='lat' dir='ltr'>subiectas</span> <span class='ocrx_word' id='word_1_311' title='bbox 905 1738 1056 1771; x_wconf 80' lang='lat' dir='ltr'>significant.</span> <span class='ocrx_word' id='word_1_312' title='bbox 1069 1739 1171 1763; x_wconf 85' lang='lat' dir='ltr'>Etenim</span> <span class='ocrx_word' id='word_1_313' title='bbox 1186 1740 1347 1764; x_wconf 85' lang='lat' dir='ltr'>demonstra-</span> 
     </span>
     <span class='ocr_line' id='line_1_38' title="bbox 283 1771 1348 1807; baseline 0.004 -11"><span class='ocrx_word' id='word_1_314' title='bbox 283 1779 298 1796; x_wconf 73' lang='lat'><strong>»</strong></span> <span class='ocrx_word' id='word_1_315' title='bbox 313 1771 351 1796; x_wconf 76' lang='lat' dir='ltr'>tio</span> <span class='ocrx_word' id='word_1_316' title='bbox 367 1778 514 1805; x_wconf 21' lang='lat' dir='ltr'>numquam.</span> <span class='ocrx_word' id='word_1_317' title='bbox 529 1773 626 1798; x_wconf 87' lang='lat' dir='ltr'>accedit</span> <span class='ocrx_word' id='word_1_318' title='bbox 643 1774 675 1799; x_wconf 93' lang='lat' dir='ltr'>ad</span> <span class='ocrx_word' id='word_1_319' title='bbox 693 1781 735 1799; x_wconf 89' lang='lat' dir='ltr'>res</span> <span class='ocrx_word' id='word_1_320' title='bbox 754 1774 898 1807; x_wconf 78' lang='lat' dir='ltr'>singulares</span> <span class='ocrx_word' id='word_1_321' title='bbox 916 1782 984 1807; x_wconf 88' lang='lat' dir='ltr'>quae</span> <span class='ocrx_word' id='word_1_322' title='bbox 1006 1774 1055 1798; x_wconf 87' lang='lat' dir='ltr'>sub</span> <span class='ocrx_word' id='word_1_323' title='bbox 1080 1781 1161 1799; x_wconf 86' lang='lat' dir='ltr'>sensu</span> <span class='ocrx_word' id='word_1_324' title='bbox 1180 1775 1285 1806; x_wconf 88' lang='lat' dir='ltr'>cadunt,</span> <span class='ocrx_word' id='word_1_325' title='bbox 1302 1776 1348 1800; x_wconf 89' lang='lat' dir='ltr'>sed</span> 
     </span>
     <span class='ocr_line' id='line_1_39' title="bbox 284 1808 1347 1842; baseline 0.003 -11"><span class='ocrx_word' id='word_1_326' title='bbox 284 1817 298 1831; x_wconf 68' lang='lat' dir='ltr'>s</span> <span class='ocrx_word' id='word_1_327' title='bbox 313 1814 419 1839; x_wconf 79' lang='lat' dir='ltr'>semper</span> <span class='ocrx_word' id='word_1_328' title='bbox 441 1808 564 1833; x_wconf 82' lang='lat' dir='ltr'>consistit·</span> <span class='ocrx_word' id='word_1_329' title='bbox 579 1809 605 1836; x_wconf 88' lang='lat' dir='ltr'>in</span> <span class='ocrx_word' id='word_1_330' title='bbox 630 1809 795 1834; x_wconf 86' lang='lat' dir='ltr'>conclusione</span> <span class='ocrx_word' id='word_1_331' title='bbox 818 1810 873 1834; x_wconf 90' lang='lat' dir='ltr'>sive</span> <span class='ocrx_word' id='word_1_332' title='bbox 897 1809 980 1842; x_wconf 83' lang='lat' dir='ltr'>magis</span> <span class='ocrx_word' id='word_1_333' title='bbox 1006 1809 1061 1834; x_wconf 85' lang='lat' dir='ltr'>sive</span> <span class='ocrx_word' id='word_1_334' title='bbox 1084 1809 1171 1834; x_wconf 90' lang='lat' dir='ltr'>minus</span> <span class='ocrx_word' id='word_1_335' title='bbox 1195 1810 1347 1835; x_wconf 86' lang='lat' dir='ltr'>universali:</span> 
     </span>
     <span class='ocr_line' id='line_1_40' title="bbox 285 1841 1349 1878; baseline 0.004 -12"><span class='ocrx_word' id='word_1_336' title='bbox 285 1852 298 1866; x_wconf 73' lang='grc' dir='ltr'>ι</span> <span class='ocrx_word' id='word_1_337' title='bbox 407 1841 430 1867; x_wconf 86' lang='lat' dir='ltr'>si</span> <span class='ocrx_word' id='word_1_338' title='bbox 461 1843 515 1867; x_wconf 87' lang='lat' dir='ltr'>uod</span> <span class='ocrx_word' id='word_1_339' title='bbox 533 1844 697 1876; x_wconf 87' lang='lat' dir='ltr'>probandum</span> <span class='ocrx_word' id='word_1_340' title='bbox 718 1849 759 1869; x_wconf 89' lang='lat' dir='ltr'>est</span> <span class='ocrx_word' id='word_1_341' title='bbox 775 1844 925 1869; x_wconf 84' lang='lat' dir='ltr'>nominibus</span> <span class='ocrx_word' id='word_1_342' title='bbox 943 1844 1107 1877; x_wconf 78' lang='lat' dir='ltr'>generalibus</span> <span class='ocrx_word' id='word_1_343' title='bbox 1127 1845 1234 1878; x_wconf 88' lang='lat' dir='ltr'>exprimi</span> <span class='ocrx_word' id='word_1_344' title='bbox 1260 1845 1349 1878; x_wconf 90' lang='lat' dir='ltr'>nequit</span> 
     </span>
     <span class='ocr_line' id='line_1_41' title="bbox 284 1848 1346 1915; baseline 0.004 -13"><span class='ocrx_word' id='word_1_345' title='bbox 284 1887 298 1902; x_wconf 69' lang='lat' dir='ltr'>s</span> <span class='ocrx_word' id='word_1_346' title='bbox 313 1848 395 1913; x_wconf 42' lang='grc' dir='ltr'>ἓξὲξ</span> <span class='ocrx_word' id='word_1_347' title='bbox 437 1849 479 1903; x_wconf 49' lang='grc' dir='ltr'>ἐν</span> <span class='ocrx_word' id='word_1_348' title='bbox 491 1872 508 1912; x_wconf 79' lang='grc' dir='ltr'>ᾖ</span> <span class='ocrx_word' id='word_1_349' title='bbox 519 1877 609 1911; x_wconf 76' lang='grc' dir='ltr'>λαβεῖν</span> <span class='ocrx_word' id='word_1_350' title='bbox 624 1873 750 1912; x_wconf 69' lang='grc' dir='ltr'>ἀνώτερον</span> <span class='ocrx_word' id='word_1_351' title='bbox 761 1877 830 1913; x_wconf 80' lang='grc' dir='ltr'>παρὰ</span> <span class='ocrx_word' id='word_1_352' title='bbox 844 1876 874 1904; x_wconf 85' lang='grc' dir='ltr'>τὸ</span> <span class='ocrx_word' id='word_1_353' title='bbox 885 1877 942 1904; x_wconf 77' lang='grc' dir='ltr'>καθ’</span> <span class='ocrx_word' id='word_1_354' title='bbox 957 1878 1067 1905; x_wconf 76' lang='grc' dir='ltr'><strong>ἕκαστον</strong></span> <span class='ocrx_word' id='word_1_355' title='bbox 1079 1876 1094 1911; x_wconf 80' lang='grc' dir='ltr'>ἦ</span> <span class='ocrx_word' id='word_1_356' title='bbox 1106 1877 1138 1904; x_wconf 75' lang='grc' dir='ltr'>τὰ</span> <span class='ocrx_word' id='word_1_357' title='bbox 1153 1878 1209 1904; x_wconf 72' lang='grc' dir='ltr'>καθ’</span> <span class='ocrx_word' id='word_1_358' title='bbox 1226 1878 1346 1915; x_wconf 74' lang='grc' dir='ltr'>ἕκαστα),</span> 
     </span>
    </p>
   </div>
   <div class='ocr_carea' id='block_1_15' title="bbox 254 1914 1348 1948">
    <p class='ocr_par' dir='ltr' id='par_1_16' title="bbox 254 1914 1348 1948">
     <span class='ocr_line' id='line_1_42' title="bbox 254 1914 1348 1948; baseline 0.002 -10"><span class='ocrx_word' id='word_1_359' title='bbox 254 1919 258 1922; x_wconf 94' lang='grc'><em>·</em></span> <span class='ocrx_word' id='word_1_360' title='bbox 285 1922 299 1937; x_wconf 71' lang='lat' dir='ltr'>s</span> <span class='ocrx_word' id='word_1_361' title='bbox 310 1918 373 1939; x_wconf 73' lang='lat' dir='ltr'>vere</span> <span class='ocrx_word' id='word_1_362' title='bbox 409 1914 561 1939; x_wconf 84' lang='lat' dir='ltr'>emonstrari</span> <span class='ocrx_word' id='word_1_363' title='bbox 575 1914 682 1939; x_wconf 90' lang='lat' dir='ltr'>omnino</span> <span class='ocrx_word' id='word_1_364' title='bbox 701 1922 753 1939; x_wconf 91' lang='lat' dir='ltr'>non</span> <span class='ocrx_word' id='word_1_365' title='bbox 765 1915 872 1947; x_wconf 89' lang='lat' dir='ltr'>poterit:</span> <span class='ocrx_word' id='word_1_366' title='bbox 888 1922 948 1940; x_wconf 88' lang='lat' dir='ltr'>nam</span> <span class='ocrx_word' id='word_1_367' title='bbox 967 1915 1143 1948; x_wconf 85' lang='lat' dir='ltr'>quodcunque</span> <span class='ocrx_word' id='word_1_368' title='bbox 1158 1916 1189 1940; x_wconf 89' lang='lat' dir='ltr'>de</span> <span class='ocrx_word' id='word_1_369' title='bbox 1203 1916 1281 1940; x_wconf 90' lang='lat' dir='ltr'>rebus</span> <span class='ocrx_word' id='word_1_370' title='bbox 1296 1916 1348 1941; x_wconf 90' lang='lat' dir='ltr'>sin-</span> 
     </span>
    </p>
   </div>
   <div class='ocr_carea' id='block_1_16' title="bbox 273 1946 1348 2898">
    <p class='ocr_par' dir='ltr' id='par_1_17' title="bbox 281 1943 1348 2196">
     <span class='ocr_line' id='line_1_43' title="bbox 285 1946 1347 1984; baseline 0.002 -10.996"><span class='ocrx_word' id='word_1_371' title='bbox 285 1953 298 1981; x_wconf 73' lang='grc' dir='ltr'>ζ»</span> <span class='ocrx_word' id='word_1_372' title='bbox 311 1946 445 1982; x_wconf 81' lang='lat' dir='ltr'>gularibus</span> <span class='ocrx_word' id='word_1_373' title='bbox 460 1948 678 1974; x_wconf 77' lang='lat' dir='ltr'>demonstravisse</span> <span class='ocrx_word' id='word_1_374' title='bbox 687 1955 820 1982; x_wconf 84' lang='lat' dir='ltr'>putamus,</span> <span class='ocrx_word' id='word_1_375' title='bbox 830 1949 855 1974; x_wconf 93' lang='lat' dir='ltr'>id</span> <span class='ocrx_word' id='word_1_376' title='bbox 869 1958 922 1974; x_wconf 91' lang='lat' dir='ltr'>non</span> <span class='ocrx_word' id='word_1_377' title='bbox 937 1950 1040 1983; x_wconf 83' lang='lat' dir='ltr'>proprie</span> <span class='ocrx_word' id='word_1_378' title='bbox 1054 1955 1080 1975; x_wconf 90' lang='lat' dir='ltr'>et</span> <span class='ocrx_word' id='word_1_379' title='bbox 1090 1950 1206 1983; x_wconf 86' lang='lat' dir='ltr'>proxime</span> <span class='ocrx_word' id='word_1_380' title='bbox 1219 1949 1347 1984; x_wconf 85' lang='grc' dir='ltr'>(πρώτως,</span> 
     </span>
     <span class='ocr_line' id='line_1_44' title="bbox 283 1979 1348 2020; baseline 0.001 -10"><span class='ocrx_word' id='word_1_381' title='bbox 283 1992 299 2010; x_wconf 66' lang='grc' dir='ltr'>ι</span> <span class='ocrx_word' id='word_1_382' title='bbox 314 1979 423 2017; x_wconf 60' lang='lat' dir='ltr'>unissime)</span> <span class='ocrx_word' id='word_1_383' title='bbox 438 1984 471 2009; x_wconf 83' lang='lat' dir='ltr'>ad</span> <span class='ocrx_word' id='word_1_384' title='bbox 485 1983 532 2009; x_wconf 83' lang='lat' dir='ltr'>has</span> <span class='ocrx_word' id='word_1_385' title='bbox 550 1984 620 2017; x_wconf 83' lang='lat' dir='ltr'>ipsas</span> <span class='ocrx_word' id='word_1_386' title='bbox 638 1984 803 2010; x_wconf 82' lang='lat' dir='ltr'>referendum</span> <span class='ocrx_word' id='word_1_387' title='bbox 818 1990 866 2016; x_wconf 85' lang='lat' dir='ltr'>est,</span> <span class='ocrx_word' id='word_1_388' title='bbox 881 1986 927 2010; x_wconf 86' lang='lat' dir='ltr'>sed</span> <span class='ocrx_word' id='word_1_389' title='bbox 946 1985 1033 2018; x_wconf 88' lang='lat' dir='ltr'>potius</span> <span class='ocrx_word' id='word_1_390' title='bbox 1048 1983 1196 2020; x_wconf 79' lang='grc' dir='ltr'>(πρότερον)</span> <span class='ocrx_word' id='word_1_391' title='bbox 1215 1986 1246 2010; x_wconf 88' lang='lat' dir='ltr'>ad</span> <span class='ocrx_word' id='word_1_392' title='bbox 1265 1987 1348 2011; x_wconf 89' lang='lat' dir='ltr'>notio-</span> 
     </span>
     <span class='ocr_line' id='line_1_45' title="bbox 283 2019 1347 2054; baseline 0.003 -10"><span class='ocrx_word' id='word_1_393' title='bbox 283 2026 299 2045; x_wconf 72' lang='lat'><strong>»</strong></span> <span class='ocrx_word' id='word_1_394' title='bbox 313 2027 374 2045; x_wconf 82' lang='lat' dir='ltr'>nem</span> <span class='ocrx_word' id='word_1_395' title='bbox 393 2019 523 2052; x_wconf 87' lang='lat' dir='ltr'>quandam</span> <span class='ocrx_word' id='word_1_396' title='bbox 541 2019 624 2052; x_wconf 85' lang='lat' dir='ltr'>magis</span> <span class='ocrx_word' id='word_1_397' title='bbox 642 2020 830 2045; x_wconf 83' lang='lat' dir='ltr'>universalem.</span> <span class='ocrx_word' id='word_1_398' title='bbox 852 2020 929 2051; x_wconf 91' lang='lat' dir='ltr'>Quod</span> <span class='ocrx_word' id='word_1_399' title='bbox 947 2021 969 2045; x_wconf 89' lang='lat' dir='ltr'>si</span> <span class='ocrx_word' id='word_1_400' title='bbox 994 2028 1046 2045; x_wconf 90' lang='lat' dir='ltr'>non</span> <span class='ocrx_word' id='word_1_401' title='bbox 1065 2021 1153 2046; x_wconf 88' lang='lat' dir='ltr'>vident</span> <span class='ocrx_word' id='word_1_402' title='bbox 1171 2021 1216 2054; x_wconf 93' lang='lat' dir='ltr'>qui</span> <span class='ocrx_word' id='word_1_403' title='bbox 1240 2022 1347 2047; x_wconf 86' lang='lat' dir='ltr'>demon-</span> 
     </span>
     <span class='ocr_line' id='line_1_46' title="bbox 284 2054 1348 2090; baseline 0.003 -11"><span class='ocrx_word' id='word_1_404' title='bbox 284 2065 298 2080; x_wconf 69' lang='lat'><strong>»</strong></span> <span class='ocrx_word' id='word_1_405' title='bbox 313 2059 402 2085; x_wconf 74' lang='lat' dir='ltr'>strant,</span> <span class='ocrx_word' id='word_1_406' title='bbox 416 2054 540 2079; x_wconf 85' lang='lat' dir='ltr'>falluntur</span> <span class='ocrx_word' id='word_1_407' title='bbox 553 2054 579 2079; x_wconf 89' lang='lat' dir='ltr'>in</span> <span class='ocrx_word' id='word_1_408' title='bbox 593 2062 633 2084; x_wconf 89' lang='lat' dir='ltr'>eo,</span> <span class='ocrx_word' id='word_1_409' title='bbox 649 2056 720 2088; x_wconf 86' lang='lat' dir='ltr'>quod</span> <span class='ocrx_word' id='word_1_410' title='bbox 734 2057 766 2080; x_wconf 90' lang='lat' dir='ltr'>de</span> <span class='ocrx_word' id='word_1_411' title='bbox 779 2056 842 2088; x_wconf 88' lang='lat' dir='ltr'>ipsis</span> <span class='ocrx_word' id='word_1_412' title='bbox 852 2055 930 2080; x_wconf 90' lang='lat' dir='ltr'>rebus</span> <span class='ocrx_word' id='word_1_413' title='bbox 944 2055 1116 2087; x_wconf 83' lang='lat' dir='ltr'>singularibus</span> <span class='ocrx_word' id='word_1_414' title='bbox 1131 2056 1227 2089; x_wconf 88' lang='lat' dir='ltr'>aliquid</span> <span class='ocrx_word' id='word_1_415' title='bbox 1242 2055 1348 2090; x_wconf 83' lang='grc' dir='ltr'>πρώτως</span> 
     </span>
     <span class='ocr_line' id='line_1_47' title="bbox 282 2085 1347 2125; baseline 0.002 -10"><span class='ocrx_word' id='word_1_416' title='bbox 282 2100 298 2124; x_wconf 63' lang='lat' dir='ltr'>p</span> <span class='ocrx_word' id='word_1_417' title='bbox 314 2095 340 2116; x_wconf 88' lang='lat' dir='ltr'>et</span> <span class='ocrx_word' id='word_1_418' title='bbox 348 2085 447 2119; x_wconf 76' lang='grc' dir='ltr'><strong>οἷκείως</strong></span> <span class='ocrx_word' id='word_1_419' title='bbox 457 2087 593 2124; x_wconf 74' lang='grc' dir='ltr'><strong>(καθόλου)</strong></span> <span class='ocrx_word' id='word_1_420' title='bbox 601 2090 820 2116; x_wconf 65' lang='lat' dir='ltr'>demonsuavisse</span> <span class='ocrx_word' id='word_1_421' title='bbox 829 2091 974 2124; x_wconf 82' lang='lat' dir='ltr'>opinantur.</span> <span class='ocrx_word' id='word_1_422' title='bbox 984 2091 1140 2124; x_wconf 88' lang='lat' dir='ltr'>Exemplum</span> <span class='ocrx_word' id='word_1_423' title='bbox 1152 2092 1255 2123; x_wconf 80' lang='lat' dir='ltr'>erroris,</span> <span class='ocrx_word' id='word_1_424' title='bbox 1265 2100 1347 2125; x_wconf 87' lang='lat' dir='ltr'>quum</span> 
     </span>
     <span class='ocr_line' id='line_1_48' title="bbox 283 2125 1346 2161; baseline 0.003 -11"><span class='ocrx_word' id='word_1_425' title='bbox 283 2136 298 2150; x_wconf 66' lang='grc' dir='ltr'>ι</span> <span class='ocrx_word' id='word_1_426' title='bbox 313 2133 355 2151; x_wconf 66' lang='lat' dir='ltr'>res</span> <span class='ocrx_word' id='word_1_427' title='bbox 375 2125 436 2150; x_wconf 86' lang='lat' dir='ltr'>satis</span> <span class='ocrx_word' id='word_1_428' title='bbox 450 2129 538 2158; x_wconf 71' lang='lat' dir='ltr'>apem</span> <span class='ocrx_word' id='word_1_429' title='bbox 556 2130 638 2156; x_wconf 85' lang='lat' dir='ltr'>esset,</span> <span class='ocrx_word' id='word_1_430' title='bbox 651 2133 705 2150; x_wconf 91' lang='lat' dir='ltr'>non</span> <span class='ocrx_word' id='word_1_431' title='bbox 723 2126 814 2151; x_wconf 87' lang='lat' dir='ltr'>adiecit</span> <span class='ocrx_word' id='word_1_432' title='bbox 826 2126 979 2151; x_wconf 82' lang='lat' dir='ltr'>Aristoteles</span> <span class='ocrx_word' id='word_1_433' title='bbox 997 2135 1010 2150; x_wconf 67' lang='lat'><em>2</em></span> <span class='ocrx_word' id='word_1_434' title='bbox 1026 2126 1188 2158; x_wconf 79' lang='lat' dir='ltr'>(Aristotelis</span> <span class='ocrx_word' id='word_1_435' title='bbox 1210 2127 1346 2161; x_wconf 79' lang='lat' dir='ltr'>Organon,</span> 
     </span>
     <span class='ocr_line' id='line_1_49' title="bbox 281 2159 916 2196; baseline 0.002 -11"><span class='ocrx_word' id='word_1_436' title='bbox 281 2167 386 2196; x_wconf 74' lang='lat' dir='ltr'>graece,</span> <span class='ocrx_word' id='word_1_437' title='bbox 400 2169 426 2194; x_wconf 91' lang='lat' dir='ltr'>p.</span> <span class='ocrx_word' id='word_1_438' title='bbox 440 2161 469 2192; x_wconf 90' lang='grc' dir='ltr'>Π,</span> <span class='ocrx_word' id='word_1_439' title='bbox 484 2168 542 2194; x_wconf 84' lang='lat' dir='ltr'>pag.</span> <span class='ocrx_word' id='word_1_440' title='bbox 559 2159 759 2194; x_wconf 82' lang='lat' dir='ltr'>315.—Lipsiae</span> <span class='ocrx_word' id='word_1_441' title='bbox 781 2160 868 2196; x_wconf 77' lang='lat'>1846).</span> <span class='ocrx_word' id='word_1_442' title='bbox 913 2170 916 2173; x_wconf 60' lang='grc'><strong>’</strong></span> 
     </span>
    </p>

    <p class='ocr_par' dir='ltr' id='par_1_18' title="bbox 279 2195 1347 2688">
     <span class='ocr_line' id='line_1_50' title="bbox 334 2195 1347 2230; baseline 0.003 -10"><span class='ocrx_word' id='word_1_443' title='bbox 334 2195 450 2221; x_wconf 87' lang='lat' dir='ltr'>Pronum</span> <span class='ocrx_word' id='word_1_444' title='bbox 474 2201 515 2220; x_wconf 88' lang='lat' dir='ltr'>est</span> <span class='ocrx_word' id='word_1_445' title='bbox 538 2195 741 2222; x_wconf 87' lang='lat' dir='ltr'>animadvertere</span> <span class='ocrx_word' id='word_1_446' title='bbox 765 2197 797 2221; x_wconf 91' lang='lat' dir='ltr'>ab</span> <span class='ocrx_word' id='word_1_447' title='bbox 822 2197 960 2222; x_wconf 77' lang='lat' dir='ltr'>Aristotele</span> <span class='ocrx_word' id='word_1_448' title='bbox 983 2196 1054 2230; x_wconf 89' lang='lat' dir='ltr'>prius</span> <span class='ocrx_word' id='word_1_449' title='bbox 1077 2197 1141 2222; x_wconf 86' lang='lat' dir='ltr'>tradi</span> <span class='ocrx_word' id='word_1_450' title='bbox 1166 2196 1291 2222; x_wconf 86' lang='lat' dir='ltr'>theoriam</span> <span class='ocrx_word' id='word_1_451' title='bbox 1315 2198 1347 2223; x_wconf 93' lang='lat' dir='ltr'>de</span> 
     </span>
     <span class='ocr_line' id='line_1_51' title="bbox 282 2230 1346 2266; baseline 0.001 -9"><span class='ocrx_word' id='word_1_452' title='bbox 282 2232 368 2257; x_wconf 85' lang='lat' dir='ltr'>modis</span> <span class='ocrx_word' id='word_1_453' title='bbox 387 2231 482 2264; x_wconf 90' lang='lat' dir='ltr'>quibus</span> <span class='ocrx_word' id='word_1_454' title='bbox 501 2238 572 2256; x_wconf 79' lang='lat' dir='ltr'>error</span> <span class='ocrx_word' id='word_1_455' title='bbox 595 2230 731 2256; x_wconf 86' lang='lat' dir='ltr'>incurritur</span> <span class='ocrx_word' id='word_1_456' title='bbox 755 2232 820 2256; x_wconf 85' lang='lat' dir='ltr'>circa</span> <span class='ocrx_word' id='word_1_457' title='bbox 838 2231 995 2263; x_wconf 88' lang='lat' dir='ltr'>universale,</span> <span class='ocrx_word' id='word_1_458' title='bbox 1016 2232 1108 2257; x_wconf 91' lang='lat' dir='ltr'>deinde</span> <span class='ocrx_word' id='word_1_459' title='bbox 1132 2233 1191 2257; x_wconf 86' lang='lat' dir='ltr'>addi</span> <span class='ocrx_word' id='word_1_460' title='bbox 1215 2234 1346 2266; x_wconf 88' lang='lat' dir='ltr'>exempla,</span> 
     </span>
     <span class='ocr_line' id='line_1_52' title="bbox 280 2266 1345 2300; baseline 0.001 -8"><span class='ocrx_word' id='word_1_461' title='bbox 280 2266 348 2292; x_wconf 72' lang='lat' dir='ltr'>inter</span> <span class='ocrx_word' id='word_1_462' title='bbox 413 2274 428 2291; x_wconf 89' lang='lat' dir='ltr'>e</span> <span class='ocrx_word' id='word_1_463' title='bbox 441 2270 482 2291; x_wconf 91' lang='lat' dir='ltr'>est</span> <span class='ocrx_word' id='word_1_464' title='bbox 494 2266 573 2291; x_wconf 84' lang='lat' dir='ltr'>illud:</span> <span class='ocrx_word' id='word_1_465' title='bbox 588 2266 624 2292; x_wconf 78' lang='lat' dir='ltr'>Et</span> <span class='ocrx_word' id='word_1_466' title='bbox 637 2266 660 2291; x_wconf 78' lang='lat' dir='ltr'>si</span> <span class='ocrx_word' id='word_1_467' title='bbox 674 2267 826 2300; x_wconf 80' lang='lat' dir='ltr'>triangulus</span> <span class='ocrx_word' id='word_1_468' title='bbox 840 2274 892 2292; x_wconf 81' lang='lat' dir='ltr'>non</span> <span class='ocrx_word' id='word_1_469' title='bbox 906 2270 974 2292; x_wconf 80' lang='lat' dir='ltr'>esset</span> <span class='ocrx_word' id='word_1_470' title='bbox 985 2267 1054 2292; x_wconf 82' lang='lat' dir='ltr'>alius</span> <span class='ocrx_word' id='word_1_471' title='bbox 1067 2273 1146 2300; x_wconf 80' lang='lat' dir='ltr'>quam</span> <span class='ocrx_word' id='word_1_472' title='bbox 1167 2268 1285 2293; x_wconf 80' lang='lat' dir='ltr'>isosceles</span> <span class='ocrx_word' id='word_1_473' title='bbox 1297 2273 1345 2293; x_wconf 92' lang='lat' dir='ltr'>etc.</span> 
     </span>
     <span class='ocr_line' id='line_1_53' title="bbox 283 2295 1346 2338; baseline 0.002 -11"><span class='ocrx_word' id='word_1_474' title='bbox 283 2299 348 2334; x_wconf 71' lang='lat' dir='ltr'>(Kal</span> <span class='ocrx_word' id='word_1_475' title='bbox 357 2310 380 2327; x_wconf 82' lang='grc' dir='ltr'>ει</span> <span class='ocrx_word' id='word_1_476' title='bbox 389 2299 512 2336; x_wconf 77' lang='grc' dir='ltr'>τρίγωνον</span> <span class='ocrx_word' id='word_1_477' title='bbox 522 2298 556 2335; x_wconf 79' lang='grc' dir='ltr'>μὴ</span> <span class='ocrx_word' id='word_1_478' title='bbox 568 2295 598 2333; x_wconf 78' lang='grc' dir='ltr'>ἦν</span> <span class='ocrx_word' id='word_1_479' title='bbox 612 2298 680 2327; x_wconf 73' lang='grc' dir='ltr'><strong>ἄλλο</strong></span> <span class='ocrx_word' id='word_1_480' title='bbox 690 2299 705 2334; x_wconf 84' lang='grc' dir='ltr'><strong>ἢ</strong></span> <span class='ocrx_word' id='word_1_481' title='bbox 716 2298 883 2336; x_wconf 77' lang='grc' dir='ltr'>ἶσοσκελές,ᾖ</span> <span class='ocrx_word' id='word_1_482' title='bbox 896 2297 1028 2331; x_wconf 75' lang='grc' dir='ltr'>ἰσοσκελὲς</span> <span class='ocrx_word' id='word_1_483' title='bbox 1042 2297 1072 2326; x_wconf 77' lang='grc' dir='ltr'>ἂν</span> <span class='ocrx_word' id='word_1_484' title='bbox 1083 2299 1164 2327; x_wconf 78' lang='grc' dir='ltr'>ἐδόκει</span> <span class='ocrx_word' id='word_1_485' title='bbox 1178 2299 1346 2338; x_wconf 78' lang='grc' dir='ltr'>ὑπάρχειν).-</span> 
     </span>
     <span class='ocr_line' id='line_1_54' title="bbox 281 2337 1346 2371; baseline 0.002 -9"><span class='ocrx_word' id='word_1_486' title='bbox 281 2337 340 2363; x_wconf 78' lang='lat' dir='ltr'>Hoc</span> <span class='ocrx_word' id='word_1_487' title='bbox 359 2337 508 2369; x_wconf 85' lang='lat' dir='ltr'>exemplum</span> <span class='ocrx_word' id='word_1_488' title='bbox 527 2337 667 2362; x_wconf 81' lang='lat' dir='ltr'>adductum</span> <span class='ocrx_word' id='word_1_489' title='bbox 686 2345 746 2362; x_wconf 83' lang='lat' dir='ltr'>esse</span> <span class='ocrx_word' id='word_1_490' title='bbox 770 2338 801 2362; x_wconf 90' lang='lat' dir='ltr'>ab</span> <span class='ocrx_word' id='word_1_491' title='bbox 820 2337 958 2362; x_wconf 80' lang='lat' dir='ltr'>Aristotele</span> <span class='ocrx_word' id='word_1_492' title='bbox 983 2338 1015 2362; x_wconf 90' lang='lat' dir='ltr'>ad</span> <span class='ocrx_word' id='word_1_493' title='bbox 1034 2338 1213 2370; x_wconf 85' lang='lat' dir='ltr'>explicandum</span> <span class='ocrx_word' id='word_1_494' title='bbox 1232 2339 1346 2371; x_wconf 88' lang='lat' dir='ltr'>primum</span> 
     </span>
     <span class='ocr_line' id='line_1_55' title="bbox 281 2371 1345 2405; baseline 0.001 -7"><span class='ocrx_word' id='word_1_495' title='bbox 281 2373 383 2398; x_wconf 78' lang='lat' dir='ltr'>errandi</span> <span class='ocrx_word' id='word_1_496' title='bbox 401 2372 510 2397; x_wconf 88' lang='lat' dir='ltr'>modurn</span> <span class='ocrx_word' id='word_1_497' title='bbox 524 2371 590 2396; x_wconf 85' lang='lat' dir='ltr'>circa</span> <span class='ocrx_word' id='word_1_498' title='bbox 610 2372 757 2397; x_wconf 87' lang='lat' dir='ltr'>universale</span> <span class='ocrx_word' id='word_1_499' title='bbox 780 2371 890 2397; x_wconf 86' lang='lat' dir='ltr'>affirmat</span> <span class='ocrx_word' id='word_1_500' title='bbox 911 2372 1072 2405; x_wconf 87' lang='lat' dir='ltr'>Philoponus</span> <span class='ocrx_word' id='word_1_501' title='bbox 1092 2373 1116 2397; x_wconf 93' lang='lat' dir='ltr'>in</span> <span class='ocrx_word' id='word_1_502' title='bbox 1131 2373 1141 2397; x_wconf 88' lang='lat'>1</span> <span class='ocrx_word' id='word_1_503' title='bbox 1156 2373 1345 2404; x_wconf 75' lang='lat' dir='ltr'>Foster-iorum,</span> 
     </span>
     <span class='ocr_line' id='line_1_56' title="bbox 282 2407 1346 2442; baseline 0.002 -9"><span class='ocrx_word' id='word_1_504' title='bbox 282 2407 299 2442; x_wconf 65' lang='grc'>9</span> <span class='ocrx_word' id='word_1_505' title='bbox 313 2407 350 2433; x_wconf 74' lang='lat' dir='ltr'>Et</span> <span class='ocrx_word' id='word_1_506' title='bbox 362 2408 387 2434; x_wconf 83' lang='lat' dir='ltr'>si</span> <span class='ocrx_word' id='word_1_507' title='bbox 400 2407 552 2441; x_wconf 77' lang='lat' dir='ltr'>triangulus</span> <span class='ocrx_word' id='word_1_508' title='bbox 571 2411 632 2431; x_wconf 77' lang='lat' dir='ltr'>etc-2</span> <span class='ocrx_word' id='word_1_509' title='bbox 653 2407 719 2437; x_wconf 88' lang='lat' dir='ltr'>Hoc,</span> <span class='ocrx_word' id='word_1_510' title='bbox 738 2407 829 2440; x_wconf 85' lang='lat' dir='ltr'>inquit,</span> <span class='ocrx_word' id='word_1_511' title='bbox 846 2407 932 2440; x_wconf 85' lang='lat' dir='ltr'>primi</span> <span class='ocrx_word' id='word_1_512' title='bbox 950 2408 1024 2433; x_wconf 83' lang='lat' dir='ltr'>modi</span> <span class='ocrx_word' id='word_1_513' title='bbox 1035 2411 1075 2433; x_wconf 79' lang='lat' dir='ltr'>est</span> <span class='ocrx_word' id='word_1_514' title='bbox 1088 2409 1239 2440; x_wconf 82' lang='lat' dir='ltr'>exemplum</span> <span class='ocrx_word' id='word_1_515' title='bbox 1244 2416 1254 2438; x_wconf 89' lang='lat'><em>;</em></span> <span class='ocrx_word' id='word_1_516' title='bbox 1274 2413 1304 2434; x_wconf 81' lang='lat' dir='ltr'>ut</span> <span class='ocrx_word' id='word_1_517' title='bbox 1321 2410 1346 2435; x_wconf 80' lang='lat' dir='ltr'>si</span> 
     </span>
     <span class='ocr_line' id='line_1_57' title="bbox 282 2441 1345 2480; baseline 0.002 -12"><span class='ocrx_word' id='word_1_518' title='bbox 282 2448 351 2469; x_wconf 74' lang='lat' dir='ltr'>nnus</span> <span class='ocrx_word' id='word_1_519' title='bbox 367 2443 439 2469; x_wconf 75' lang='lat' dir='ltr'>solus</span> <span class='ocrx_word' id='word_1_520' title='bbox 452 2445 519 2468; x_wconf 79' lang='lat' dir='ltr'>esset</span> <span class='ocrx_word' id='word_1_521' title='bbox 533 2442 685 2475; x_wconf 79' lang='lat' dir='ltr'>triangulus</span> <span class='ocrx_word' id='word_1_522' title='bbox 703 2443 774 2467; x_wconf 82' lang='lat' dir='ltr'>velut</span> <span class='ocrx_word' id='word_1_523' title='bbox 787 2442 906 2468; x_wconf 81' lang='lat' dir='ltr'>isosceles</span> <span class='ocrx_word' id='word_1_524' title='bbox 924 2447 971 2468; x_wconf 91' lang='lat' dir='ltr'>etc.</span> <span class='ocrx_word' id='word_1_525' title='bbox 987 2441 1045 2477; x_wconf 87' lang='lat' dir='ltr'>(Ed.</span> <span class='ocrx_word' id='word_1_526' title='bbox 1058 2443 1098 2472; x_wconf 90' lang='lat' dir='ltr'>cit,</span> <span class='ocrx_word' id='word_1_527' title='bbox 1113 2451 1171 2476; x_wconf 85' lang='lat' dir='ltr'>pag.</span> <span class='ocrx_word' id='word_1_528' title='bbox 1187 2442 1228 2474; x_wconf 88' lang='lat'>26,</span> <span class='ocrx_word' id='word_1_529' title='bbox 1243 2445 1293 2469; x_wconf 85' lang='lat' dir='ltr'>col.</span> <span class='ocrx_word' id='word_1_530' title='bbox 1309 2442 1345 2480; x_wconf 85' lang='lat'>2).</span> 
     </span>
     <span class='ocr_line' id='line_1_58' title="bbox 281 2476 1345 2514; baseline 0.001 -11"><span class='ocrx_word' id='word_1_531' title='bbox 281 2478 345 2504; x_wconf 81' lang='lat' dir='ltr'>Falli</span> <span class='ocrx_word' id='word_1_532' title='bbox 364 2483 450 2504; x_wconf 86' lang='lat' dir='ltr'>autem</span> <span class='ocrx_word' id='word_1_533' title='bbox 468 2477 643 2510; x_wconf 74' lang='lat' dir='ltr'>philoponum</span> <span class='ocrx_word' id='word_1_534' title='bbox 663 2478 794 2503; x_wconf 87' lang='lat' dir='ltr'>contendit</span> <span class='ocrx_word' id='word_1_535' title='bbox 811 2478 895 2503; x_wconf 84' lang='lat' dir='ltr'>Waitz</span> <span class='ocrx_word' id='word_1_536' title='bbox 916 2476 980 2514; x_wconf 92' lang='lat' dir='ltr'>(loc.</span> <span class='ocrx_word' id='word_1_537' title='bbox 1002 2478 1050 2508; x_wconf 70' lang='lat' dir='ltr'>cit„</span> <span class='ocrx_word' id='word_1_538' title='bbox 1065 2486 1124 2511; x_wconf 89' lang='lat' dir='ltr'>pag.</span> <span class='ocrx_word' id='word_1_539' title='bbox 1145 2477 1220 2513; x_wconf 86' lang='lat'>316);</span> <span class='ocrx_word' id='word_1_540' title='bbox 1236 2480 1282 2504; x_wconf 92' lang='lat' dir='ltr'>sed</span> <span class='ocrx_word' id='word_1_541' title='bbox 1301 2481 1345 2504; x_wconf 89' lang='lat' dir='ltr'>ad-</span> 
     </span>
     <span class='ocr_line' id='line_1_59' title="bbox 281 2512 1346 2546; baseline 0 -7"><span class='ocrx_word' id='word_1_542' title='bbox 281 2513 397 2539; x_wconf 85' lang='lat' dir='ltr'>dendum</span> <span class='ocrx_word' id='word_1_543' title='bbox 411 2518 465 2538; x_wconf 82' lang='lat' dir='ltr'>erat</span> <span class='ocrx_word' id='word_1_544' title='bbox 482 2512 536 2537; x_wconf 80' lang='lat' dir='ltr'>fani</span> <span class='ocrx_word' id='word_1_545' title='bbox 551 2512 627 2537; x_wconf 89' lang='lat' dir='ltr'>etiam</span> <span class='ocrx_word' id='word_1_546' title='bbox 641 2512 816 2538; x_wconf 86' lang='lat' dir='ltr'>Themistium</span> <span class='ocrx_word' id='word_1_547' title='bbox 830 2513 856 2537; x_wconf 92' lang='lat' dir='ltr'>in</span> <span class='ocrx_word' id='word_1_548' title='bbox 870 2513 880 2537; x_wconf 91' lang='lat'>1</span> <span class='ocrx_word' id='word_1_549' title='bbox 895 2513 1003 2542; x_wconf 73' lang='lat' dir='ltr'>Poster„</span> <span class='ocrx_word' id='word_1_550' title='bbox 1015 2521 1070 2546; x_wconf 87' lang='lat' dir='ltr'>cap.</span> <span class='ocrx_word' id='word_1_551' title='bbox 1084 2521 1137 2543; x_wconf 86' lang='lat' dir='ltr'>xm,</span> <span class='ocrx_word' id='word_1_552' title='bbox 1153 2514 1196 2546; x_wconf 92' lang='lat' dir='ltr'>qui</span> <span class='ocrx_word' id='word_1_553' title='bbox 1212 2515 1346 2545; x_wconf 55' lang='lat' dir='ltr'>mmffihi-</span> 
     </span>
     <span class='ocr_line' id='line_1_60' title="bbox 281 2548 1346 2582; baseline 0.001 -8"><span class='ocrx_word' id='word_1_554' title='bbox 281 2549 378 2582; x_wconf 88' lang='lat' dir='ltr'>lopono</span> <span class='ocrx_word' id='word_1_555' title='bbox 405 2548 431 2573; x_wconf 89' lang='lat' dir='ltr'>in</span> <span class='ocrx_word' id='word_1_556' title='bbox 449 2549 569 2581; x_wconf 88' lang='lat' dir='ltr'>exemplo</span> <span class='ocrx_word' id='word_1_557' title='bbox 595 2548 672 2580; x_wconf 88' lang='lat' dir='ltr'>primi</span> <span class='ocrx_word' id='word_1_558' title='bbox 691 2548 762 2572; x_wconf 91' lang='lat' dir='ltr'>modi</span> <span class='ocrx_word' id='word_1_559' title='bbox 784 2548 924 2573; x_wconf 89' lang='lat' dir='ltr'>consentit:</span> <span class='ocrx_word' id='word_1_560' title='bbox 952 2548 1030 2573; x_wconf 82' lang='lat' dir='ltr'>Verbi</span> <span class='ocrx_word' id='word_1_561' title='bbox 1051 2549 1159 2582; x_wconf 73' lang='lat' dir='ltr'>gratia:</span> <span class='ocrx_word' id='word_1_562' title='bbox 1176 2549 1200 2573; x_wconf 82' lang='lat' dir='ltr'>si</span> <span class='ocrx_word' id='word_1_563' title='bbox 1217 2556 1255 2574; x_wconf 83' lang='lat' dir='ltr'>ex</span> <span class='ocrx_word' id='word_1_564' title='bbox 1273 2550 1346 2575; x_wconf 85' lang='lat' dir='ltr'>omni</span> 
     </span>
     <span class='ocr_line' id='line_1_61' title="bbox 279 2583 1345 2617; baseline 0.001 -8"><span class='ocrx_word' id='word_1_565' title='bbox 279 2583 418 2617; x_wconf 72' lang='lat' dir='ltr'>triangulo</span> <span class='ocrx_word' id='word_1_566' title='bbox 435 2584 508 2609; x_wconf 78' lang='lat' dir='ltr'>solus</span> <span class='ocrx_word' id='word_1_567' title='bbox 525 2583 648 2616; x_wconf 80' lang='lat' dir='ltr'>aequipes</span> <span class='ocrx_word' id='word_1_568' title='bbox 670 2583 813 2608; x_wconf 77' lang='lat' dir='ltr'>haberetur</span> <span class='ocrx_word' id='word_1_569' title='bbox 830 2588 877 2608; x_wconf 90' lang='lat' dir='ltr'>etc.</span> <span class='ocrx_word' id='word_1_570' title='bbox 883 2591 891 2614; x_wconf 90' lang='lat'>;</span> <span class='ocrx_word' id='word_1_571' title='bbox 911 2583 963 2608; x_wconf 84' lang='lat' dir='ltr'>falli</span> <span class='ocrx_word' id='word_1_572' title='bbox 981 2583 1118 2608; x_wconf 88' lang='lat' dir='ltr'>Albertum</span> <span class='ocrx_word' id='word_1_573' title='bbox 1136 2584 1270 2616; x_wconf 86' lang='lat' dir='ltr'>Magnum,</span> <span class='ocrx_word' id='word_1_574' title='bbox 1290 2585 1316 2610; x_wconf 91' lang='lat' dir='ltr'>in</span> <span class='ocrx_word' id='word_1_575' title='bbox 1335 2586 1345 2610; x_wconf 92' lang='lat'><em>1</em></span> 
     </span>
     <span class='ocr_line' id='line_1_62' title="bbox 280 2618 1345 2656; baseline 0.002 -13"><span class='ocrx_word' id='word_1_576' title='bbox 280 2618 391 2649; x_wconf 58' lang='lat' dir='ltr'>nster„</span> <span class='ocrx_word' id='word_1_577' title='bbox 402 2623 473 2643; x_wconf 86' lang='lat' dir='ltr'>tract.</span> <span class='ocrx_word' id='word_1_578' title='bbox 488 2619 517 2649; x_wconf 91' lang='lat' dir='ltr'>ll,</span> <span class='ocrx_word' id='word_1_579' title='bbox 533 2626 589 2652; x_wconf 85' lang='lat' dir='ltr'>cap.</span> <span class='ocrx_word' id='word_1_580' title='bbox 597 2625 655 2643; x_wconf 87' lang='lat' dir='ltr'>xm:</span> <span class='ocrx_word' id='word_1_581' title='bbox 671 2618 832 2651; x_wconf 60' lang='lat' dir='ltr'>&amp;emplum</span> <span class='ocrx_word' id='word_1_582' title='bbox 851 2622 940 2644; x_wconf 82' lang='lat' dir='ltr'>autem</span> <span class='ocrx_word' id='word_1_583' title='bbox 952 2618 1053 2644; x_wconf 81' lang='lat' dir='ltr'>erroris</span> <span class='ocrx_word' id='word_1_584' title='bbox 1066 2618 1152 2651; x_wconf 85' lang='lat' dir='ltr'>primi</span> <span class='ocrx_word' id='word_1_585' title='bbox 1169 2623 1209 2644; x_wconf 81' lang='lat' dir='ltr'>est</span> <span class='ocrx_word' id='word_1_586' title='bbox 1222 2624 1270 2645; x_wconf 90' lang='lat' dir='ltr'>etc.</span> <span class='ocrx_word' id='word_1_587' title='bbox 1286 2618 1345 2656; x_wconf 86' lang='lat' dir='ltr'>(Ed.</span> 
     </span>
     <span class='ocr_line' id='line_1_63' title="bbox 280 2652 1344 2688; baseline 0.002 -10"><span class='ocrx_word' id='word_1_588' title='bbox 280 2653 331 2686; x_wconf 66' lang='lat' dir='ltr'>cit„</span> <span class='ocrx_word' id='word_1_589' title='bbox 344 2661 403 2688; x_wconf 77' lang='lat' dir='ltr'>pag.</span> <span class='ocrx_word' id='word_1_590' title='bbox 419 2653 479 2686; x_wconf 83' lang='lat'>544,</span> <span class='ocrx_word' id='word_1_591' title='bbox 493 2654 542 2679; x_wconf 90' lang='lat' dir='ltr'>col.</span> <span class='ocrx_word' id='word_1_592' title='bbox 557 2652 597 2688; x_wconf 85' lang='lat'>2);</span> <span class='ocrx_word' id='word_1_593' title='bbox 611 2653 664 2678; x_wconf 84' lang='lat' dir='ltr'>falli</span> <span class='ocrx_word' id='word_1_594' title='bbox 683 2661 704 2678; x_wconf 88' lang='lat' dir='ltr'>s.</span> <span class='ocrx_word' id='word_1_595' title='bbox 718 2653 851 2679; x_wconf 84' lang='lat' dir='ltr'>Thomam</span> <span class='ocrx_word' id='word_1_596' title='bbox 869 2653 934 2679; x_wconf 85' lang='lat' dir='ltr'>infra</span> <span class='ocrx_word' id='word_1_597' title='bbox 945 2662 972 2679; x_wconf 87' lang='lat' dir='ltr'>n.</span> <span class='ocrx_word' id='word_1_598' title='bbox 982 2661 1011 2687; x_wconf 85' lang='lat'>7;</span> <span class='ocrx_word' id='word_1_599' title='bbox 1026 2654 1144 2687; x_wconf 88' lang='lat' dir='ltr'>aliosque</span> <span class='ocrx_word' id='word_1_600' title='bbox 1162 2654 1229 2679; x_wconf 93' lang='lat' dir='ltr'>bene</span> <span class='ocrx_word' id='word_1_601' title='bbox 1247 2656 1344 2680; x_wconf 90' lang='lat' dir='ltr'>multos</span> 
     </span>
    </p>

    <p class='ocr_par' dir='ltr' id='par_1_19' title="bbox 273 2689 1345 2898">
     <span class='ocr_line' id='line_1_64' title="bbox 325 2689 1345 2723; baseline 0.001 -9"><span class='ocrx_word' id='word_1_602' title='bbox 325 2689 332 2696; x_wconf 79' lang='lat'>⁸</span> <span class='ocrx_word' id='word_1_603' title='bbox 356 2689 401 2723; x_wconf 87' lang='lat' dir='ltr'>qui</span> <span class='ocrx_word' id='word_1_604' title='bbox 420 2689 593 2714; x_wconf 89' lang='lat' dir='ltr'>communiter</span> <span class='ocrx_word' id='word_1_605' title='bbox 611 2689 759 2722; x_wconf 85' lang='lat' dir='ltr'>exemplum</span> <span class='ocrx_word' id='word_1_606' title='bbox 778 2689 810 2714; x_wconf 89' lang='lat' dir='ltr'>de</span> <span class='ocrx_word' id='word_1_607' title='bbox 828 2689 956 2721; x_wconf 85' lang='lat' dir='ltr'>triangulo</span> <span class='ocrx_word' id='word_1_608' title='bbox 975 2689 1086 2714; x_wconf 88' lang='lat' dir='ltr'>isoscele</span> <span class='ocrx_word' id='word_1_609' title='bbox 1104 2690 1136 2714; x_wconf 87' lang='lat' dir='ltr'>ad</span> <span class='ocrx_word' id='word_1_610' title='bbox 1155 2689 1269 2722; x_wconf 83' lang='lat' dir='ltr'>primum</span> <span class='ocrx_word' id='word_1_611' title='bbox 1287 2698 1345 2715; x_wconf 91' lang='lat' dir='ltr'>mo-</span> 
     </span>
     <span class='ocr_line' id='line_1_65' title="bbox 280 2721 1344 2759; baseline 0.001 -9"><span class='ocrx_word' id='word_1_612' title='bbox 280 2724 344 2750; x_wconf 81' lang='lat' dir='ltr'>dum</span> <span class='ocrx_word' id='word_1_613' title='bbox 357 2724 471 2750; x_wconf 80' lang='lat' dir='ltr'>referunt</span> <span class='ocrx_word' id='word_1_614' title='bbox 484 2721 534 2759; x_wconf 80' lang='lat' dir='ltr'>(Cf.</span> <span class='ocrx_word' id='word_1_615' title='bbox 548 2724 639 2757; x_wconf 88' lang='lat' dir='ltr'>Aegid.</span> <span class='ocrx_word' id='word_1_616' title='bbox 653 2725 663 2748; x_wconf 94' lang='lat'>1</span> <span class='ocrx_word' id='word_1_617' title='bbox 677 2724 788 2754; x_wconf 72' lang='lat' dir='ltr'>Foster„</span> <span class='ocrx_word' id='word_1_618' title='bbox 803 2724 819 2757; x_wconf 69' lang='lat'><strong>5</strong></span> <span class='ocrx_word' id='word_1_619' title='bbox 830 2724 898 2750; x_wconf 77' lang='lat' dir='ltr'>Etsi</span> <span class='ocrx_word' id='word_1_620' title='bbox 911 2725 1064 2758; x_wconf 80' lang='lat' dir='ltr'>triangulus</span> <span class='ocrx_word' id='word_1_621' title='bbox 1076 2725 1241 2750; x_wconf 67' lang='lat' dir='ltr'>ete—Ponit</span> <span class='ocrx_word' id='word_1_622' title='bbox 1253 2733 1344 2751; x_wconf 85' lang='lat' dir='ltr'>exem-</span> 
     </span>
     <span class='ocr_line' id='line_1_66' title="bbox 273 2758 1344 2792; baseline 0.001 -7"><span class='ocrx_word' id='word_1_623' title='bbox 273 2760 353 2792; x_wconf 76' lang='lat' dir='ltr'>plum</span> <span class='ocrx_word' id='word_1_624' title='bbox 362 2759 396 2785; x_wconf 79' lang='lat' dir='ltr'>de</span> <span class='ocrx_word' id='word_1_625' title='bbox 404 2766 496 2785; x_wconf 81' lang='lat' dir='ltr'>errore</span> <span class='ocrx_word' id='word_1_626' title='bbox 500 2759 592 2792; x_wconf 68' lang='lat' dir='ltr'>primo</span> <span class='ocrx_word' id='word_1_627' title='bbox 602 2764 651 2784; x_wconf 87' lang='lat' dir='ltr'>etc.</span> <span class='ocrx_word' id='word_1_628' title='bbox 659 2773 678 2779; x_wconf 94' lang='lat'><em>-</em></span> <span class='ocrx_word' id='word_1_629' title='bbox 686 2760 778 2784; x_wconf 84' lang='lat' dir='ltr'>Venet.</span> <span class='ocrx_word' id='word_1_630' title='bbox 797 2758 872 2790; x_wconf 81' lang='lat'>1530,</span> <span class='ocrx_word' id='word_1_631' title='bbox 882 2759 927 2785; x_wconf 84' lang='lat' dir='ltr'>fol.</span> <span class='ocrx_word' id='word_1_632' title='bbox 939 2767 952 2784; x_wconf 89' lang='lat'><em>2</em></span> <span class='ocrx_word' id='word_1_633' title='bbox 974 2778 980 2790; x_wconf 88' lang='lat'>,</span> <span class='ocrx_word' id='word_1_634' title='bbox 991 2760 1040 2784; x_wconf 93' lang='lat' dir='ltr'>col.</span> <span class='ocrx_word' id='word_1_635' title='bbox 1054 2767 1085 2791; x_wconf 87' lang='lat'>4;</span> <span class='ocrx_word' id='word_1_636' title='bbox 1094 2773 1115 2778; x_wconf 93' lang='lat'>—</span> <span class='ocrx_word' id='word_1_637' title='bbox 1123 2760 1247 2792; x_wconf 81' lang='lat' dir='ltr'>Sylvestr.</span> <span class='ocrx_word' id='word_1_638' title='bbox 1261 2761 1344 2786; x_wconf 76' lang='lat' dir='ltr'>Maur.</span> 
     </span>
     <span class='ocr_line' id='line_1_67' title="bbox 280 2767 1343 2829; baseline 0.001 -9"><span class='ocrx_word' id='word_1_639' title='bbox 280 2795 291 2820; x_wconf 95' lang='lat'>1</span> <span class='ocrx_word' id='word_1_640' title='bbox 309 2795 419 2824; x_wconf 67' lang='lat' dir='ltr'>Foster„</span> <span class='ocrx_word' id='word_1_641' title='bbox 433 2802 490 2828; x_wconf 87' lang='lat' dir='ltr'>cap.</span> <span class='ocrx_word' id='word_1_642' title='bbox 501 2802 527 2826; x_wconf 70' lang='lat' dir='ltr'>V,</span> <span class='ocrx_word' id='word_1_643' title='bbox 540 2803 566 2820; x_wconf 92' lang='lat' dir='ltr'>n.</span> <span class='ocrx_word' id='word_1_644' title='bbox 585 2802 611 2826; x_wconf 90' lang='lat'>4,</span> <span class='ocrx_word' id='word_1_645' title='bbox 626 2802 685 2828; x_wconf 85' lang='lat' dir='ltr'>pag.</span> <span class='ocrx_word' id='word_1_646' title='bbox 708 2794 766 2820; x_wconf 83' lang='lat'>302.</span> <span class='ocrx_word' id='word_1_647' title='bbox 784 2795 884 2820; x_wconf 87' lang='lat' dir='ltr'>Romae</span> <span class='ocrx_word' id='word_1_648' title='bbox 906 2767 998 2829; x_wconf 55' lang='lat'>1663„</span> <span class='ocrx_word' id='word_1_649' title='bbox 1017 2802 1065 2820; x_wconf 88' lang='lat' dir='ltr'>nec</span> <span class='ocrx_word' id='word_1_650' title='bbox 1079 2795 1204 2828; x_wconf 87' lang='lat' dir='ltr'>suspicari</span> <span class='ocrx_word' id='word_1_651' title='bbox 1222 2796 1343 2821; x_wconf 82' lang='lat' dir='ltr'>videntur</span> 
     </span>
     <span class='ocr_line' id='line_1_68' title="bbox 279 2829 1344 2863; baseline 0.002 -9"><span class='ocrx_word' id='word_1_652' title='bbox 279 2829 523 2862; x_wconf 71' lang='lat' dir='ltr'>interpretationem,</span> <span class='ocrx_word' id='word_1_653' title='bbox 538 2837 616 2863; x_wconf 87' lang='lat' dir='ltr'>quarn</span> <span class='ocrx_word' id='word_1_654' title='bbox 634 2829 733 2863; x_wconf 77' lang='lat' dir='ltr'>profert</span> <span class='ocrx_word' id='word_1_655' title='bbox 744 2830 838 2855; x_wconf 87' lang='lat' dir='ltr'>Waitz.</span> <span class='ocrx_word' id='word_1_656' title='bbox 854 2830 905 2860; x_wconf 85' lang='lat' dir='ltr'>Qui</span> <span class='ocrx_word' id='word_1_657' title='bbox 919 2830 1026 2863; x_wconf 88' lang='lat' dir='ltr'>quidem</span> <span class='ocrx_word' id='word_1_658' title='bbox 1038 2829 1143 2861; x_wconf 83' lang='lat' dir='ltr'>fallitur,</span> <span class='ocrx_word' id='word_1_659' title='bbox 1159 2830 1207 2855; x_wconf 89' lang='lat' dir='ltr'>nisi</span> <span class='ocrx_word' id='word_1_660' title='bbox 1223 2830 1344 2856; x_wconf 84' lang='lat' dir='ltr'>fallantur</span> 
     </span>
     <span class='ocr_line' id='line_1_69' title="bbox 279 2864 1344 2898; baseline 0.002 -8"><span class='ocrx_word' id='word_1_661' title='bbox 279 2864 422 2890; x_wconf 69' lang='lat' dir='ltr'>doctissimi</span> <span class='ocrx_word' id='word_1_662' title='bbox 438 2865 496 2897; x_wconf 78' lang='lat' dir='ltr'>viri,</span> <span class='ocrx_word' id='word_1_663' title='bbox 508 2872 574 2898; x_wconf 81' lang='lat' dir='ltr'>quos</span> <span class='ocrx_word' id='word_1_664' title='bbox 593 2865 728 2898; x_wconf 87' lang='lat' dir='ltr'>hucusque</span> <span class='ocrx_word' id='word_1_665' title='bbox 746 2865 939 2895; x_wconf 89' lang='lat' dir='ltr'>recensuimus;</span> <span class='ocrx_word' id='word_1_666' title='bbox 958 2865 1053 2898; x_wconf 90' lang='lat' dir='ltr'>quibus</span> <span class='ocrx_word' id='word_1_667' title='bbox 1075 2870 1163 2890; x_wconf 88' lang='lat' dir='ltr'>tamen</span> <span class='ocrx_word' id='word_1_668' title='bbox 1181 2867 1344 2892; x_wconf 81' lang='lat' dir='ltr'>consentien-</span> 
     </span>
    </p>
   </div>
   <div class='ocr_carea' id='block_1_17' title="bbox 228 2900 1343 2935">
    <p class='ocr_par' dir='ltr' id='par_1_20' title="bbox 228 2900 1343 2935">
     <span class='ocr_line' id='line_1_70' title="bbox 228 2900 1343 2935; baseline 0.003 -11"><span class='ocrx_word' id='word_1_669' title='bbox 228 2926 231 2929; x_wconf 18' lang='grc' dir='ltr'><em>Α</em></span> <span class='ocrx_word' id='word_1_670' title='bbox 279 2900 344 2924; x_wconf 88' lang='lat' dir='ltr'>dum</span> <span class='ocrx_word' id='word_1_671' title='bbox 361 2906 421 2925; x_wconf 79' lang='lat' dir='ltr'>esse</span> <span class='ocrx_word' id='word_1_672' title='bbox 437 2904 522 2925; x_wconf 84' lang='lat' dir='ltr'>teneo.</span> <span class='ocrx_word' id='word_1_673' title='bbox 536 2900 569 2925; x_wconf 81' lang='lat' dir='ltr'>Et</span> <span class='ocrx_word' id='word_1_674' title='bbox 585 2907 676 2925; x_wconf 86' lang='lat' dir='ltr'>revera</span> <span class='ocrx_word' id='word_1_675' title='bbox 693 2900 741 2924; x_wconf 87' lang='lat' dir='ltr'>tria</span> <span class='ocrx_word' id='word_1_676' title='bbox 759 2901 877 2933; x_wconf 84' lang='lat' dir='ltr'>exempla</span> <span class='ocrx_word' id='word_1_677' title='bbox 896 2901 1037 2925; x_wconf 86' lang='lat' dir='ltr'>afferuntur</span> <span class='ocrx_word' id='word_1_678' title='bbox 1054 2900 1086 2925; x_wconf 89' lang='lat' dir='ltr'>ab</span> <span class='ocrx_word' id='word_1_679' title='bbox 1105 2900 1258 2926; x_wconf 83' lang='lat' dir='ltr'>Aristotele:</span> <span class='ocrx_word' id='word_1_680' title='bbox 1277 2910 1343 2935; x_wconf 87' lang='lat' dir='ltr'>quo-</span> 
     </span>
    </p>
   </div>
   <div class='ocr_carea' id='block_1_18' title="bbox 275 2931 1342 3212">
    <p class='ocr_par' dir='ltr' id='par_1_21' title="bbox 275 2931 1342 3212">
     <span class='ocr_line' id='line_1_71' title="bbox 279 2931 1342 2969; baseline 0.002 -9"><span class='ocrx_word' id='word_1_681' title='bbox 279 2942 339 2960; x_wconf 87' lang='lat' dir='ltr'>rum</span> <span class='ocrx_word' id='word_1_682' title='bbox 357 2935 471 2968; x_wconf 65' lang='lat' dir='ltr'>primum</span> <span class='ocrx_word' id='word_1_683' title='bbox 489 2939 529 2960; x_wconf 85' lang='lat' dir='ltr'>est</span> <span class='ocrx_word' id='word_1_684' title='bbox 547 2935 580 2959; x_wconf 90' lang='lat' dir='ltr'>de</span> <span class='ocrx_word' id='word_1_685' title='bbox 598 2935 672 2960; x_wconf 87' lang='lat' dir='ltr'>lineis</span> <span class='ocrx_word' id='word_1_686' title='bbox 691 2935 830 2968; x_wconf 77' lang='lat' dir='ltr'>parallelis,</span> <span class='ocrx_word' id='word_1_687' title='bbox 846 2933 887 2961; x_wconf 87' lang='grc' dir='ltr'>ὅτι</span> <span class='ocrx_word' id='word_1_688' title='bbox 905 2933 932 2960; x_wconf 83' lang='grc' dir='ltr'>αἱ</span> <span class='ocrx_word' id='word_1_689' title='bbox 953 2931 1036 2969; x_wconf 40' lang='grc' dir='ltr'>ὀρθαὶ,</span> <span class='ocrx_word' id='word_1_690' title='bbox 1045 2932 1076 2959; x_wconf 77' lang='grc' dir='ltr'>οὗ</span> <span class='ocrx_word' id='word_1_691' title='bbox 1094 2933 1286 2969; x_wconf 73' lang='grc' dir='ltr'>συμπίπτουσιτ</span> <span class='ocrx_word' id='word_1_692' title='bbox 1307 2938 1342 2962; x_wconf 88' lang='lat' dir='ltr'>al-</span> 
     </span>
     <span class='ocr_line' id='line_1_72' title="bbox 277 2965 1340 3004; baseline 0.002 -10"><span class='ocrx_word' id='word_1_693' title='bbox 277 2975 364 2994; x_wconf 86' lang='lat' dir='ltr'>terum</span> <span class='ocrx_word' id='word_1_694' title='bbox 382 2973 423 2995; x_wconf 76' lang='lat' dir='ltr'>est</span> <span class='ocrx_word' id='word_1_695' title='bbox 440 2970 473 2994; x_wconf 90' lang='lat' dir='ltr'>de</span> <span class='ocrx_word' id='word_1_696' title='bbox 490 2969 618 3002; x_wconf 88' lang='lat' dir='ltr'>triangulo</span> <span class='ocrx_word' id='word_1_697' title='bbox 641 2970 760 3000; x_wconf 84' lang='lat' dir='ltr'>isoscele,</span> <span class='ocrx_word' id='word_1_698' title='bbox 780 2966 801 2995; x_wconf 77' lang='grc' dir='ltr'>εἷ</span> <span class='ocrx_word' id='word_1_699' title='bbox 821 2968 944 3004; x_wconf 74' lang='grc' dir='ltr'>τρίγωνον</span> <span class='ocrx_word' id='word_1_700' title='bbox 963 2968 998 3004; x_wconf 80' lang='grc' dir='ltr'>μὴ</span> <span class='ocrx_word' id='word_1_701' title='bbox 1021 2969 1051 3002; x_wconf 84' lang='grc' dir='ltr'>ἠν</span> <span class='ocrx_word' id='word_1_702' title='bbox 1071 2965 1140 2997; x_wconf 78' lang='grc' dir='ltr'>ἄλλο</span> <span class='ocrx_word' id='word_1_703' title='bbox 1158 2968 1174 3003; x_wconf 79' lang='grc' dir='ltr'><strong>ἢ</strong></span> <span class='ocrx_word' id='word_1_704' title='bbox 1193 2967 1340 3002; x_wconf 50' lang='lat' dir='ltr'>lenonem:</span> 
     </span>
     <span class='ocr_line' id='line_1_73' title="bbox 275 3001 1342 3040; baseline 0.003 -11"><span class='ocrx_word' id='word_1_705' title='bbox 275 3005 383 3030; x_wconf 86' lang='lat' dir='ltr'>tertium</span> <span class='ocrx_word' id='word_1_706' title='bbox 401 3004 514 3037; x_wconf 87' lang='lat' dir='ltr'>denique</span> <span class='ocrx_word' id='word_1_707' title='bbox 537 3009 578 3029; x_wconf 88' lang='lat' dir='ltr'>est</span> <span class='ocrx_word' id='word_1_708' title='bbox 601 3005 634 3029; x_wconf 87' lang='lat' dir='ltr'>de</span> <span class='ocrx_word' id='word_1_709' title='bbox 657 3005 893 3038; x_wconf 83' lang='lat' dir='ltr'>proportionalibus</span> <span class='ocrx_word' id='word_1_710' title='bbox 917 3005 1143 3037; x_wconf 81' lang='lat' dir='ltr'>commutabiliter,</span> <span class='ocrx_word' id='word_1_711' title='bbox 1162 3002 1192 3031; x_wconf 74' lang='grc' dir='ltr'>τὸ</span> <span class='ocrx_word' id='word_1_712' title='bbox 1212 3001 1342 3040; x_wconf 76' lang='grc' dir='ltr'>ἀνάλογον</span> 
     </span>
     <span class='ocr_line' id='line_1_74' title="bbox 280 3035 1342 3075; baseline 0.003 -11"><span class='ocrx_word' id='word_1_713' title='bbox 280 3037 322 3064; x_wconf 84' lang='grc' dir='ltr'>ὅτι</span> <span class='ocrx_word' id='word_1_714' title='bbox 340 3035 461 3069; x_wconf 72' lang='grc' dir='ltr'><strong>ἐναλλάξ.</strong></span> <span class='ocrx_word' id='word_1_715' title='bbox 475 3039 541 3064; x_wconf 84' lang='lat' dir='ltr'>Hinc</span> <span class='ocrx_word' id='word_1_716' title='bbox 560 3039 582 3064; x_wconf 84' lang='lat' dir='ltr'>si</span> <span class='ocrx_word' id='word_1_717' title='bbox 601 3040 632 3064; x_wconf 91' lang='lat' dir='ltr'>de</span> <span class='ocrx_word' id='word_1_718' title='bbox 646 3040 731 3072; x_wconf 86' lang='lat' dir='ltr'>primo</span> <span class='ocrx_word' id='word_1_719' title='bbox 750 3040 850 3065; x_wconf 87' lang='lat' dir='ltr'>errandi</span> <span class='ocrx_word' id='word_1_720' title='bbox 869 3041 948 3065; x_wconf 90' lang='lat' dir='ltr'>modo</span> <span class='ocrx_word' id='word_1_721' title='bbox 967 3041 1068 3065; x_wconf 86' lang='lat' dir='ltr'>nullum</span> <span class='ocrx_word' id='word_1_722' title='bbox 1087 3041 1178 3067; x_wconf 87' lang='lat' dir='ltr'>adiecit</span> <span class='ocrx_word' id='word_1_723' title='bbox 1195 3043 1342 3075; x_wconf 87' lang='lat' dir='ltr'>exemplum</span> 
     </span>
     <span class='ocr_line' id='line_1_75' title="bbox 278 3074 1341 3109; baseline 0.003 -10"><span class='ocrx_word' id='word_1_724' title='bbox 278 3074 441 3106; x_wconf 83' lang='lat' dir='ltr'>Aristoteles,</span> <span class='ocrx_word' id='word_1_725' title='bbox 455 3074 588 3099; x_wconf 86' lang='lat' dir='ltr'>admittere</span> <span class='ocrx_word' id='word_1_726' title='bbox 606 3075 731 3107; x_wconf 77' lang='lat' dir='ltr'>cogimur,</span> <span class='ocrx_word' id='word_1_727' title='bbox 754 3079 799 3100; x_wconf 88' lang='lat' dir='ltr'>aut</span> <span class='ocrx_word' id='word_1_728' title='bbox 821 3076 965 3100; x_wconf 87' lang='lat' dir='ltr'>secundum</span> <span class='ocrx_word' id='word_1_729' title='bbox 984 3076 1131 3109; x_wconf 84' lang='lat' dir='ltr'>exemplum</span> <span class='ocrx_word' id='word_1_730' title='bbox 1150 3076 1244 3101; x_wconf 90' lang='lat' dir='ltr'>frustra</span> <span class='ocrx_word' id='word_1_731' title='bbox 1262 3077 1341 3109; x_wconf 91' lang='lat' dir='ltr'>poni,</span> 
     </span>
     <span class='ocr_line' id='line_1_76' title="bbox 277 3109 1342 3144; baseline 0.003 -10"><span class='ocrx_word' id='word_1_732' title='bbox 277 3115 322 3135; x_wconf 90' lang='lat' dir='ltr'>aut</span> <span class='ocrx_word' id='word_1_733' title='bbox 334 3117 383 3142; x_wconf 87' lang='lat' dir='ltr'>pro</span> <span class='ocrx_word' id='word_1_734' title='bbox 395 3109 510 3134; x_wconf 85' lang='lat' dir='ltr'>secundo</span> <span class='ocrx_word' id='word_1_735' title='bbox 522 3110 565 3134; x_wconf 83' lang='lat' dir='ltr'>vel</span> <span class='ocrx_word' id='word_1_736' title='bbox 578 3109 653 3134; x_wconf 87' lang='lat' dir='ltr'>tertio</span> <span class='ocrx_word' id='word_1_737' title='bbox 667 3109 766 3135; x_wconf 82' lang='lat' dir='ltr'>errandi</span> <span class='ocrx_word' id='word_1_738' title='bbox 780 3110 860 3135; x_wconf 84' lang='lat' dir='ltr'>modo</span> <span class='ocrx_word' id='word_1_739' title='bbox 874 3110 996 3143; x_wconf 85' lang='lat' dir='ltr'>duplicari</span> <span class='ocrx_word' id='word_1_740' title='bbox 1011 3112 1136 3144; x_wconf 87' lang='lat' dir='ltr'>exempla.</span> <span class='ocrx_word' id='word_1_741' title='bbox 1155 3112 1212 3136; x_wconf 85' lang='lat' dir='ltr'>Hoc</span> <span class='ocrx_word' id='word_1_742' title='bbox 1225 3112 1342 3144; x_wconf 86' lang='lat' dir='ltr'>praecise</span> 
     </span>
     <span class='ocr_line' id='line_1_77' title="bbox 277 3144 1342 3179; baseline 0.002 -9"><span class='ocrx_word' id='word_1_743' title='bbox 277 3145 370 3170; x_wconf 86' lang='lat' dir='ltr'>retinet</span> <span class='ocrx_word' id='word_1_744' title='bbox 382 3144 479 3169; x_wconf 77' lang='lat' dir='ltr'>Waltz:</span> <span class='ocrx_word' id='word_1_745' title='bbox 494 3145 541 3169; x_wconf 87' lang='lat' dir='ltr'>sed</span> <span class='ocrx_word' id='word_1_746' title='bbox 554 3144 611 3169; x_wconf 88' lang='lat' dir='ltr'>eius</span> <span class='ocrx_word' id='word_1_747' title='bbox 623 3145 688 3170; x_wconf 87' lang='lat' dir='ltr'>ratio</span> <span class='ocrx_word' id='word_1_748' title='bbox 702 3152 755 3169; x_wconf 90' lang='lat' dir='ltr'>non</span> <span class='ocrx_word' id='word_1_749' title='bbox 768 3145 903 3176; x_wconf 84' lang='lat' dir='ltr'>convincit,</span> <span class='ocrx_word' id='word_1_750' title='bbox 918 3153 1012 3178; x_wconf 85' lang='lat' dir='ltr'>nempe</span> <span class='ocrx_word' id='word_1_751' title='bbox 1022 3147 1101 3178; x_wconf 70' lang='lat' dir='ltr'>quod</span> <span class='ocrx_word' id='word_1_752' title='bbox 1115 3154 1157 3172; x_wconf 83' lang='lat' dir='ltr'>res</span> <span class='ocrx_word' id='word_1_753' title='bbox 1170 3146 1237 3172; x_wconf 78' lang='lat' dir='ltr'>satis</span> <span class='ocrx_word' id='word_1_754' title='bbox 1247 3150 1342 3179; x_wconf 78' lang='lat' dir='ltr'>aperta</span> 
     </span>
     <span class='ocr_line' id='line_1_78' title="bbox 278 3178 1341 3212; baseline 0 -6"><span class='ocrx_word' id='word_1_755' title='bbox 278 3183 359 3205; x_wconf 78' lang='lat' dir='ltr'>esset:</span> <span class='ocrx_word' id='word_1_756' title='bbox 377 3187 438 3204; x_wconf 85' lang='lat' dir='ltr'>narn</span> <span class='ocrx_word' id='word_1_757' title='bbox 451 3184 477 3204; x_wconf 84' lang='lat' dir='ltr'>et</span> <span class='ocrx_word' id='word_1_758' title='bbox 487 3179 516 3204; x_wconf 83' lang='lat' dir='ltr'>in</span> <span class='ocrx_word' id='word_1_759' title='bbox 529 3178 605 3204; x_wconf 88' lang='lat' dir='ltr'>tertio</span> <span class='ocrx_word' id='word_1_760' title='bbox 618 3180 697 3204; x_wconf 88' lang='lat' dir='ltr'>modo</span> <span class='ocrx_word' id='word_1_761' title='bbox 711 3180 811 3205; x_wconf 86' lang='lat' dir='ltr'>errandi</span> <span class='ocrx_word' id='word_1_762' title='bbox 825 3187 868 3205; x_wconf 80' lang='lat' dir='ltr'>res</span> <span class='ocrx_word' id='word_1_763' title='bbox 879 3180 946 3205; x_wconf 79' lang='lat' dir='ltr'>satis</span> <span class='ocrx_word' id='word_1_764' title='bbox 959 3184 1054 3212; x_wconf 81' lang='lat' dir='ltr'>aperta</span> <span class='ocrx_word' id='word_1_765' title='bbox 1067 3185 1122 3211; x_wconf 54' lang='lat' dir='ltr'>esu·</span> <span class='ocrx_word' id='word_1_766' title='bbox 1135 3187 1161 3207; x_wconf 86' lang='lat' dir='ltr'>et</span> <span class='ocrx_word' id='word_1_767' title='bbox 1173 3181 1341 3206; x_wconf 84' lang='lat' dir='ltr'>nihilominus</span> 
     </span>
    </p>
   </div>
   <div class='ocr_carea' id='block_1_19' title="bbox 278 3214 1358 3248">
    <p class='ocr_par' dir='ltr' id='par_1_22' title="bbox 278 3214 1358 3248">
     <span class='ocr_line' id='line_1_79' title="bbox 278 3214 1358 3248; baseline 0.002 -9"><span class='ocrx_word' id='word_1_768' title='bbox 278 3215 427 3248; x_wconf 89' lang='lat' dir='ltr'>exemplum</span> <span class='ocrx_word' id='word_1_769' title='bbox 441 3214 556 3239; x_wconf 88' lang='lat' dir='ltr'>adiicitur</span> <span class='ocrx_word' id='word_1_770' title='bbox 574 3214 606 3239; x_wconf 90' lang='lat' dir='ltr'>ab</span> <span class='ocrx_word' id='word_1_771' title='bbox 624 3214 764 3239; x_wconf 85' lang='lat' dir='ltr'>Aristotele</span> <span class='ocrx_word' id='word_1_772' title='bbox 779 3215 811 3239; x_wconf 86' lang='lat' dir='ltr'>de</span> <span class='ocrx_word' id='word_1_773' title='bbox 824 3215 898 3240; x_wconf 88' lang='lat' dir='ltr'>lineis</span> <span class='ocrx_word' id='word_1_774' title='bbox 913 3216 1048 3248; x_wconf 78' lang='lat' dir='ltr'>parallelis,</span> <span class='ocrx_word' id='word_1_775' title='bbox 1061 3216 1123 3247; x_wconf 88' lang='lat' dir='ltr'>imo,</span> <span class='ocrx_word' id='word_1_776' title='bbox 1137 3217 1206 3241; x_wconf 78' lang='lat' dir='ltr'>ium</span> <span class='ocrx_word' id='word_1_777' title='bbox 1219 3217 1341 3241; x_wconf 90' lang='lat' dir='ltr'>eumdem</span> <span class='ocrx_word' id='word_1_778' title='bbox 1356 3240 1358 3242; x_wconf 78' lang='grc'>,</span> 
     </span>
    </p>
   </div>
   <div class='ocr_carea' id='block_1_20' title="bbox 272 3247 1343 3633">
    <p class='ocr_par' dir='ltr' id='par_1_23' title="bbox 272 3247 1343 3633">
     <span class='ocr_line' id='line_1_80' title="bbox 276 3247 1342 3284; baseline 0.001 -9"><span class='ocrx_word' id='word_1_779' title='bbox 276 3254 410 3275; x_wconf 85' lang='lat' dir='ltr'>auctorem</span> <span class='ocrx_word' id='word_1_780' title='bbox 431 3247 477 3282; x_wconf 88' lang='lat' dir='ltr'>(ib.</span> <span class='ocrx_word' id='word_1_781' title='bbox 491 3256 551 3282; x_wconf 86' lang='lat' dir='ltr'>pag.</span> <span class='ocrx_word' id='word_1_782' title='bbox 567 3248 643 3282; x_wconf 85' lang='lat'>317),</span> <span class='ocrx_word' id='word_1_783' title='bbox 662 3249 695 3274; x_wconf 90' lang='lat' dir='ltr'>ad</span> <span class='ocrx_word' id='word_1_784' title='bbox 712 3249 782 3274; x_wconf 87' lang='lat' dir='ltr'>hunc</span> <span class='ocrx_word' id='word_1_785' title='bbox 799 3250 908 3275; x_wconf 88' lang='lat' dir='ltr'>modum</span> <span class='ocrx_word' id='word_1_786' title='bbox 925 3250 1021 3275; x_wconf 85' lang='lat' dir='ltr'>faceret</span> <span class='ocrx_word' id='word_1_787' title='bbox 1038 3251 1115 3276; x_wconf 83' lang='lat' dir='ltr'>etiam</span> <span class='ocrx_word' id='word_1_788' title='bbox 1138 3252 1286 3284; x_wconf 84' lang='lat' dir='ltr'>exemplum</span> <span class='ocrx_word' id='word_1_789' title='bbox 1310 3252 1342 3275; x_wconf 91' lang='lat' dir='ltr'>de</span> 
     </span>
     <span class='ocr_line' id='line_1_81' title="bbox 278 3284 1340 3318; baseline 0 -8"><span class='ocrx_word' id='word_1_790' title='bbox 278 3285 406 3317; x_wconf 87' lang='lat' dir='ltr'>triangulo</span> <span class='ocrx_word' id='word_1_791' title='bbox 424 3284 571 3309; x_wconf 86' lang='lat' dir='ltr'>isoscele.-</span> <span class='ocrx_word' id='word_1_792' title='bbox 585 3284 636 3309; x_wconf 86' lang='lat' dir='ltr'>Sed</span> <span class='ocrx_word' id='word_1_793' title='bbox 655 3285 687 3309; x_wconf 90' lang='lat' dir='ltr'>ad</span> <span class='ocrx_word' id='word_1_794' title='bbox 705 3292 760 3309; x_wconf 89' lang='lat' dir='ltr'>rem</span> <span class='ocrx_word' id='word_1_795' title='bbox 778 3285 922 3315; x_wconf 86' lang='lat' dir='ltr'>veniamus,</span> <span class='ocrx_word' id='word_1_796' title='bbox 940 3293 1007 3318; x_wconf 89' lang='lat' dir='ltr'>quae</span> <span class='ocrx_word' id='word_1_797' title='bbox 1025 3286 1136 3311; x_wconf 80' lang='lat' dir='ltr'>obscura</span> <span class='ocrx_word' id='word_1_798' title='bbox 1155 3291 1196 3311; x_wconf 85' lang='lat' dir='ltr'>est</span> <span class='ocrx_word' id='word_1_799' title='bbox 1212 3291 1238 3310; x_wconf 90' lang='lat' dir='ltr'>et</span> <span class='ocrx_word' id='word_1_800' title='bbox 1256 3286 1340 3310; x_wconf 88' lang='lat' dir='ltr'>decla-</span> 
     </span>
     <span class='ocr_line' id='line_1_82' title="bbox 274 3319 1342 3353; baseline 0.001 -8"><span class='ocrx_word' id='word_1_801' title='bbox 274 3321 377 3345; x_wconf 79' lang='lat' dir='ltr'>ratione</span> <span class='ocrx_word' id='word_1_802' title='bbox 395 3319 499 3352; x_wconf 86' lang='lat' dir='ltr'>indiget.</span> <span class='ocrx_word' id='word_1_803' title='bbox 513 3319 616 3344; x_wconf 89' lang='lat' dir='ltr'>Dictum</span> <span class='ocrx_word' id='word_1_804' title='bbox 630 3323 671 3344; x_wconf 82' lang='lat' dir='ltr'>est</span> <span class='ocrx_word' id='word_1_805' title='bbox 684 3320 754 3352; x_wconf 69' lang='lat' dir='ltr'>quod</span> <span class='ocrx_word' id='word_1_806' title='bbox 770 3320 925 3349; x_wconf 75' lang='lat' dir='ltr'>universale,</span> <span class='ocrx_word' id='word_1_807' title='bbox 940 3328 988 3345; x_wconf 84' lang='lat' dir='ltr'>seu</span> <span class='ocrx_word' id='word_1_808' title='bbox 1006 3321 1149 3346; x_wconf 79' lang='lat' dir='ltr'>secundum</span> <span class='ocrx_word' id='word_1_809' title='bbox 1167 3320 1239 3353; x_wconf 82' lang='lat' dir='ltr'>quod</span> <span class='ocrx_word' id='word_1_810' title='bbox 1256 3321 1342 3352; x_wconf 82' lang='lat' dir='ltr'>ipsum</span> 
     </span>
     <span class='ocr_line' id='line_1_83' title="bbox 278 3354 1341 3388; baseline 0 -8"><span class='ocrx_word' id='word_1_811' title='bbox 278 3360 305 3380; x_wconf 89' lang='lat' dir='ltr'>et</span> <span class='ocrx_word' id='word_1_812' title='bbox 312 3355 412 3388; x_wconf 78' lang='lat' dir='ltr'>primo,</span> <span class='ocrx_word' id='word_1_813' title='bbox 427 3362 456 3379; x_wconf 87' lang='lat' dir='ltr'>se</span> <span class='ocrx_word' id='word_1_814' title='bbox 474 3354 551 3379; x_wconf 84' lang='lat' dir='ltr'>habet</span> <span class='ocrx_word' id='word_1_815' title='bbox 569 3354 601 3379; x_wconf 88' lang='lat' dir='ltr'>ad</span> <span class='ocrx_word' id='word_1_816' title='bbox 620 3354 668 3379; x_wconf 90' lang='lat' dir='ltr'>dici</span> <span class='ocrx_word' id='word_1_817' title='bbox 681 3361 734 3386; x_wconf 85' lang='lat' dir='ltr'>per</span> <span class='ocrx_word' id='word_1_818' title='bbox 751 3362 779 3380; x_wconf 81' lang='lat' dir='ltr'>se</span> <span class='ocrx_word' id='word_1_819' title='bbox 793 3362 823 3380; x_wconf 89' lang='lat' dir='ltr'>ex</span> <span class='ocrx_word' id='word_1_820' title='bbox 837 3355 972 3386; x_wconf 86' lang='lat' dir='ltr'>additione,</span> <span class='ocrx_word' id='word_1_821' title='bbox 988 3355 1054 3380; x_wconf 89' lang='lat' dir='ltr'>sicut</span> <span class='ocrx_word' id='word_1_822' title='bbox 1061 3363 1114 3387; x_wconf 85' lang='lat' dir='ltr'>per</span> <span class='ocrx_word' id='word_1_823' title='bbox 1132 3363 1160 3381; x_wconf 85' lang='lat' dir='ltr'>se</span> <span class='ocrx_word' id='word_1_824' title='bbox 1178 3363 1207 3380; x_wconf 90' lang='lat' dir='ltr'>se</span> <span class='ocrx_word' id='word_1_825' title='bbox 1220 3355 1297 3380; x_wconf 83' lang='lat' dir='ltr'>habet</span> <span class='ocrx_word' id='word_1_826' title='bbox 1311 3363 1341 3380; x_wconf 71' lang='lat' dir='ltr'>ex</span> 
     </span>
     <span class='ocr_line' id='line_1_84' title="bbox 278 3389 1343 3422; baseline 0 -7"><span class='ocrx_word' id='word_1_827' title='bbox 278 3390 408 3415; x_wconf 85' lang='lat' dir='ltr'>additione</span> <span class='ocrx_word' id='word_1_828' title='bbox 430 3389 462 3415; x_wconf 84' lang='lat' dir='ltr'>ad</span> <span class='ocrx_word' id='word_1_829' title='bbox 481 3389 535 3415; x_wconf 83' lang='lat' dir='ltr'>dici</span> <span class='ocrx_word' id='word_1_830' title='bbox 553 3389 586 3414; x_wconf 84' lang='lat' dir='ltr'>de</span> <span class='ocrx_word' id='word_1_831' title='bbox 603 3389 683 3414; x_wconf 85' lang='lat' dir='ltr'>omni.</span> <span class='ocrx_word' id='word_1_832' title='bbox 707 3390 904 3422; x_wconf 82' lang='lat' dir='ltr'>Consequenter</span> <span class='ocrx_word' id='word_1_833' title='bbox 927 3390 1087 3419; x_wconf 75' lang='lat' dir='ltr'>universale,</span> <span class='ocrx_word' id='word_1_834' title='bbox 1112 3395 1138 3415; x_wconf 90' lang='lat' dir='ltr'>et</span> <span class='ocrx_word' id='word_1_835' title='bbox 1156 3395 1196 3415; x_wconf 90' lang='lat' dir='ltr'>est</span> <span class='ocrx_word' id='word_1_836' title='bbox 1214 3390 1248 3415; x_wconf 81' lang='lat' dir='ltr'>de</span> <span class='ocrx_word' id='word_1_837' title='bbox 1269 3390 1343 3416; x_wconf 85' lang='lat' dir='ltr'>omni</span> 
     </span>
     <span class='ocr_line' id='line_1_85' title="bbox 278 3422 1341 3460; baseline 0 -10"><span class='ocrx_word' id='word_1_838' title='bbox 278 3423 366 3460; x_wconf 88' lang='lat' dir='ltr'>(quod</span> <span class='ocrx_word' id='word_1_839' title='bbox 384 3429 425 3450; x_wconf 89' lang='lat' dir='ltr'>est</span> <span class='ocrx_word' id='word_1_840' title='bbox 441 3424 520 3449; x_wconf 88' lang='lat' dir='ltr'>veluti</span> <span class='ocrx_word' id='word_1_841' title='bbox 534 3424 590 3449; x_wconf 87' lang='lat' dir='ltr'>eius</span> <span class='ocrx_word' id='word_1_842' title='bbox 603 3431 686 3456; x_wconf 86' lang='lat' dir='ltr'>genus</span> <span class='ocrx_word' id='word_1_843' title='bbox 700 3422 844 3458; x_wconf 86' lang='lat' dir='ltr'>remotum)</span> <span class='ocrx_word' id='word_1_844' title='bbox 864 3429 889 3449; x_wconf 88' lang='lat' dir='ltr'>et</span> <span class='ocrx_word' id='word_1_845' title='bbox 903 3429 943 3449; x_wconf 89' lang='lat' dir='ltr'>est</span> <span class='ocrx_word' id='word_1_846' title='bbox 950 3432 1003 3457; x_wconf 77' lang='lat' dir='ltr'>per</span> <span class='ocrx_word' id='word_1_847' title='bbox 1015 3432 1044 3450; x_wconf 79' lang='lat' dir='ltr'>se</span> <span class='ocrx_word' id='word_1_848' title='bbox 1058 3422 1195 3458; x_wconf 28' lang='lat' dir='ltr'>(quodsest</span> <span class='ocrx_word' id='word_1_849' title='bbox 1208 3425 1282 3458; x_wconf 84' lang='lat' dir='ltr'>quasi</span> <span class='ocrx_word' id='word_1_850' title='bbox 1296 3433 1341 3458; x_wconf 87' lang='lat' dir='ltr'>ge-</span> 
     </span>
     <span class='ocr_line' id='line_1_86' title="bbox 277 3457 1342 3494; baseline -0.001 -8"><span class='ocrx_word' id='word_1_851' title='bbox 277 3468 328 3486; x_wconf 88' lang='lat' dir='ltr'>nus</span> <span class='ocrx_word' id='word_1_852' title='bbox 341 3460 397 3485; x_wconf 86' lang='lat' dir='ltr'>eius</span> <span class='ocrx_word' id='word_1_853' title='bbox 411 3457 578 3494; x_wconf 83' lang='lat' dir='ltr'>proximum),</span> <span class='ocrx_word' id='word_1_854' title='bbox 593 3464 619 3484; x_wconf 91' lang='lat' dir='ltr'>et</span> <span class='ocrx_word' id='word_1_855' title='bbox 631 3459 705 3492; x_wconf 84' lang='lat' dir='ltr'>quasi</span> <span class='ocrx_word' id='word_1_856' title='bbox 719 3459 887 3484; x_wconf 84' lang='lat' dir='ltr'>differentiam</span> <span class='ocrx_word' id='word_1_857' title='bbox 906 3458 1052 3492; x_wconf 85' lang='lat' dir='ltr'>specificam</span> <span class='ocrx_word' id='word_1_858' title='bbox 1065 3460 1143 3485; x_wconf 85' lang='lat' dir='ltr'>habet</span> <span class='ocrx_word' id='word_1_859' title='bbox 1154 3460 1226 3493; x_wconf 89' lang='lat' dir='ltr'>quod</span> <span class='ocrx_word' id='word_1_860' title='bbox 1245 3460 1342 3485; x_wconf 86' lang='lat' dir='ltr'>dicatur</span> 
     </span>
     <span class='ocr_line' id='line_1_87' title="bbox 272 3494 1340 3528; baseline 0.001 -9"><span class='ocrx_word' id='word_1_861' title='bbox 272 3495 421 3522; x_wconf 76' lang='lat' dir='ltr'>‚secundum</span> <span class='ocrx_word' id='word_1_862' title='bbox 435 3495 507 3528; x_wconf 80' lang='lat' dir='ltr'>quod</span> <span class='ocrx_word' id='word_1_863' title='bbox 519 3494 604 3527; x_wconf 69' lang='lat' dir='ltr'>ipsimi</span> <span class='ocrx_word' id='word_1_864' title='bbox 618 3499 644 3519; x_wconf 91' lang='lat' dir='ltr'>et</span> <span class='ocrx_word' id='word_1_865' title='bbox 652 3494 751 3526; x_wconf 89' lang='lat' dir='ltr'>primo.</span> <span class='ocrx_word' id='word_1_866' title='bbox 764 3494 830 3519; x_wconf 84' lang='lat' dir='ltr'>Hinc</span> <span class='ocrx_word' id='word_1_867' title='bbox 844 3494 945 3519; x_wconf 87' lang='lat' dir='ltr'>sublato</span> <span class='ocrx_word' id='word_1_868' title='bbox 959 3494 1012 3519; x_wconf 84' lang='lat' dir='ltr'>dici</span> <span class='ocrx_word' id='word_1_869' title='bbox 1026 3494 1059 3520; x_wconf 84' lang='lat' dir='ltr'>de</span> <span class='ocrx_word' id='word_1_870' title='bbox 1068 3495 1147 3524; x_wconf 84' lang='lat' dir='ltr'>omni,</span> <span class='ocrx_word' id='word_1_871' title='bbox 1157 3502 1189 3520; x_wconf 88' lang='lat' dir='ltr'>eo</span> <span class='ocrx_word' id='word_1_872' title='bbox 1201 3495 1260 3527; x_wconf 84' lang='lat' dir='ltr'>ipso</span> <span class='ocrx_word' id='word_1_873' title='bbox 1270 3495 1340 3520; x_wconf 83' lang='lat' dir='ltr'>aufe-</span> 
     </span>
     <span class='ocr_line' id='line_1_88' title="bbox 277 3529 1341 3563; baseline -0.002 -7"><span class='ocrx_word' id='word_1_874' title='bbox 277 3536 370 3556; x_wconf 84' lang='lat' dir='ltr'>runtur</span> <span class='ocrx_word' id='word_1_875' title='bbox 383 3531 432 3556; x_wconf 92' lang='lat' dir='ltr'>dici</span> <span class='ocrx_word' id='word_1_876' title='bbox 440 3538 494 3563; x_wconf 84' lang='lat' dir='ltr'>per</span> <span class='ocrx_word' id='word_1_877' title='bbox 506 3537 534 3556; x_wconf 80' lang='lat' dir='ltr'>se</span> <span class='ocrx_word' id='word_1_878' title='bbox 547 3534 574 3555; x_wconf 85' lang='lat' dir='ltr'>et</span> <span class='ocrx_word' id='word_1_879' title='bbox 585 3530 733 3555; x_wconf 78' lang='lat' dir='ltr'>universale</span> <span class='ocrx_word' id='word_1_880' title='bbox 738 3537 748 3559; x_wconf 90' lang='lat'>‚·</span> <span class='ocrx_word' id='word_1_881' title='bbox 761 3530 807 3555; x_wconf 87' lang='lat' dir='ltr'>sed</span> <span class='ocrx_word' id='word_1_882' title='bbox 822 3537 874 3554; x_wconf 92' lang='lat' dir='ltr'>non</span> <span class='ocrx_word' id='word_1_883' title='bbox 887 3529 1030 3554; x_wconf 84' lang='lat' dir='ltr'>viceversa:</span> <span class='ocrx_word' id='word_1_884' title='bbox 1047 3538 1108 3555; x_wconf 88' lang='lat' dir='ltr'>nam</span> <span class='ocrx_word' id='word_1_885' title='bbox 1121 3534 1208 3563; x_wconf 67' lang='lat' dir='ltr'>potest</span> <span class='ocrx_word' id='word_1_886' title='bbox 1220 3538 1273 3555; x_wconf 91' lang='lat' dir='ltr'>non</span> <span class='ocrx_word' id='word_1_887' title='bbox 1287 3530 1341 3555; x_wconf 89' lang='lat' dir='ltr'>dari</span> 
     </span>
     <span class='ocr_line' id='line_1_89' title="bbox 276 3564 1340 3598; baseline -0.001 -7"><span class='ocrx_word' id='word_1_888' title='bbox 276 3565 432 3596; x_wconf 77' lang='lat' dir='ltr'>universale,</span> <span class='ocrx_word' id='word_1_889' title='bbox 453 3571 478 3591; x_wconf 86' lang='lat' dir='ltr'>et</span> <span class='ocrx_word' id='word_1_890' title='bbox 491 3565 600 3590; x_wconf 85' lang='lat' dir='ltr'>existere</span> <span class='ocrx_word' id='word_1_891' title='bbox 613 3572 665 3597; x_wconf 83' lang='lat' dir='ltr'>per</span> <span class='ocrx_word' id='word_1_892' title='bbox 682 3572 725 3595; x_wconf 79' lang='lat' dir='ltr'>se,-</span> <span class='ocrx_word' id='word_1_893' title='bbox 743 3569 769 3589; x_wconf 88' lang='lat' dir='ltr'>et</span> <span class='ocrx_word' id='word_1_894' title='bbox 786 3569 873 3598; x_wconf 66' lang='lat' dir='ltr'>potest</span> <span class='ocrx_word' id='word_1_895' title='bbox 886 3572 939 3589; x_wconf 88' lang='lat' dir='ltr'>non</span> <span class='ocrx_word' id='word_1_896' title='bbox 958 3564 1011 3589; x_wconf 85' lang='lat' dir='ltr'>dari</span> <span class='ocrx_word' id='word_1_897' title='bbox 1025 3572 1078 3597; x_wconf 84' lang='lat' dir='ltr'>per</span> <span class='ocrx_word' id='word_1_898' title='bbox 1094 3572 1130 3594; x_wconf 84' lang='lat' dir='ltr'>se,</span> <span class='ocrx_word' id='word_1_899' title='bbox 1149 3570 1175 3590; x_wconf 91' lang='lat' dir='ltr'>et</span> <span class='ocrx_word' id='word_1_900' title='bbox 1192 3570 1279 3590; x_wconf 86' lang='lat' dir='ltr'>tamen</span> <span class='ocrx_word' id='word_1_901' title='bbox 1297 3564 1340 3590; x_wconf 80' lang='lat' dir='ltr'>fir-</span> 
     </span>
     <span class='ocr_line' id='line_1_90' title="bbox 275 3600 1340 3633; baseline 0 -7"><span class='ocrx_word' id='word_1_902' title='bbox 275 3609 351 3626; x_wconf 88' lang='lat' dir='ltr'>mum</span> <span class='ocrx_word' id='word_1_903' title='bbox 369 3601 511 3626; x_wconf 87' lang='lat' dir='ltr'>consistere</span> <span class='ocrx_word' id='word_1_904' title='bbox 529 3601 562 3626; x_wconf 81' lang='lat' dir='ltr'>de</span> <span class='ocrx_word' id='word_1_905' title='bbox 575 3600 655 3626; x_wconf 76' lang='lat' dir='ltr'>omni.</span> <span class='ocrx_word' id='word_1_906' title='bbox 674 3600 745 3625; x_wconf 90' lang='lat' dir='ltr'>Sicut</span> <span class='ocrx_word' id='word_1_907' title='bbox 758 3608 781 3625; x_wconf 85' lang='lat' dir='ltr'>e.</span> <span class='ocrx_word' id='word_1_908' title='bbox 795 3608 829 3633; x_wconf 88' lang='lat' dir='ltr'>g.‚</span> <span class='ocrx_word' id='word_1_909' title='bbox 844 3600 946 3625; x_wconf 86' lang='lat' dir='ltr'>sublato</span> <span class='ocrx_word' id='word_1_910' title='bbox 958 3600 1068 3632; x_wconf 84' lang='lat' dir='ltr'>vivente,</span> <span class='ocrx_word' id='word_1_911' title='bbox 1083 3600 1233 3625; x_wconf 84' lang='lat' dir='ltr'>auferuntur</span> <span class='ocrx_word' id='word_1_912' title='bbox 1246 3600 1340 3626; x_wconf 86' lang='lat' dir='ltr'>animal</span> 
     </span>
    </p>
   </div>
   <div class='ocr_carea' id='block_1_21' title="bbox 2390 276 2465 312">
    <p class='ocr_par' dir='ltr' id='par_1_24' title="bbox 2390 276 2465 312">
     <span class='ocr_line' id='line_1_91' title="bbox 2390 276 2465 312; baseline 0.013 -1"><span class='ocrx_word' id='word_1_913' title='bbox 2390 276 2465 312; x_wconf 71' lang='lat'>183</span> 
     </span>
    </p>
   </div>
   <div class='ocr_carea' id='block_1_22' title="bbox 1401 351 2466 929">
    <p class='ocr_par' dir='ltr' id='par_1_25' title="bbox 1402 351 2465 450">
     <span class='ocr_line' id='line_1_92' title="bbox 1402 351 2465 400; baseline 0.004 -13"><span class='ocrx_word' id='word_1_914' title='bbox 1402 351 1515 388; x_wconf 89' lang='lat' dir='ltr'>latere</span> <span class='ocrx_word' id='word_1_915' title='bbox 1543 352 1648 400; x_wconf 93' lang='lat' dir='ltr'>quod</span> <span class='ocrx_word' id='word_1_916' title='bbox 1671 353 1860 390; x_wconf 88' lang='lat' dir='ltr'>multoties</span> <span class='ocrx_word' id='word_1_917' title='bbox 1879 353 2030 390; x_wconf 83' lang='lat' dir='ltr'>videtur</span> <span class='ocrx_word' id='word_1_918' title='bbox 2048 353 2298 391; x_wconf 89' lang='lat' dir='ltr'>demonstrari</span> <span class='ocrx_word' id='word_1_919' title='bbox 2316 354 2465 391; x_wconf 87' lang='lat' dir='ltr'>univer-</span> 
     </span>
     <span class='ocr_line' id='line_1_93' title="bbox 1403 405 2119 450; baseline 0.006 -11"><span class='ocrx_word' id='word_1_920' title='bbox 1403 405 1496 450; x_wconf 89' lang='lat' dir='ltr'>sale,</span> <span class='ocrx_word' id='word_1_921' title='bbox 1527 417 1606 441; x_wconf 93' lang='lat' dir='ltr'>non</span> <span class='ocrx_word' id='word_1_922' title='bbox 1633 413 1760 442; x_wconf 89' lang='lat' dir='ltr'>autern</span> <span class='ocrx_word' id='word_1_923' title='bbox 1790 406 2070 443; x_wconf 87' lang='lat' dir='ltr'>demonstratur</span> <span class='ocrx_word' id='word_1_924' title='bbox 2090 407 2119 443; x_wconf 86' lang='lat'>*.</span> 
     </span>
    </p>

    <p class='ocr_par' dir='ltr' id='par_1_26' title="bbox 1401 458 2466 717">
     <span class='ocr_line' id='line_1_94' title="bbox 1458 458 2463 506; baseline 0.003 -13"><span class='ocrx_word' id='word_1_925' title='bbox 1458 458 1491 494; x_wconf 86' lang='lat'>3.</span> <span class='ocrx_word' id='word_1_926' title='bbox 1522 458 1669 495; x_wconf 89' lang='lat' dir='ltr'>Deinde</span> <span class='ocrx_word' id='word_1_927' title='bbox 1702 471 1789 495; x_wconf 90' lang='lat' dir='ltr'>cum</span> <span class='ocrx_word' id='word_1_928' title='bbox 1818 459 1920 496; x_wconf 88' lang='lat' dir='ltr'>dicit:</span> <span class='ocrx_word' id='word_1_929' title='bbox 1955 459 2184 496; x_wconf 82' lang='lat' dir='ltr'>oberramus</span> <span class='ocrx_word' id='word_1_930' title='bbox 2220 465 2343 496; x_wconf 88' lang='lat' dir='ltr'>autem</span> <span class='ocrx_word' id='word_1_931' title='bbox 2374 467 2463 506; x_wconf 91' lang='lat' dir='ltr'>etc.,</span> 
     </span>
     <span class='ocr_line' id='line_1_95' title="bbox 1401 509 2462 560; baseline 0.003 -15"><span class='ocrx_word' id='word_1_932' title='bbox 1401 509 1563 557; x_wconf 87' lang='lat' dir='ltr'>assignat</span> <span class='ocrx_word' id='word_1_933' title='bbox 1582 511 1720 548; x_wconf 90' lang='lat' dir='ltr'>modos</span> <span class='ocrx_word' id='word_1_934' title='bbox 1741 512 1877 559; x_wconf 90' lang='lat' dir='ltr'>quibus</span> <span class='ocrx_word' id='word_1_935' title='bbox 1897 512 1994 549; x_wconf 91' lang='lat' dir='ltr'>circa</span> <span class='ocrx_word' id='word_1_936' title='bbox 2022 513 2096 548; x_wconf 93' lang='lat' dir='ltr'>hoc</span> <span class='ocrx_word' id='word_1_937' title='bbox 2116 524 2239 548; x_wconf 88' lang='lat' dir='ltr'>errare</span> <span class='ocrx_word' id='word_1_938' title='bbox 2275 512 2462 560; x_wconf 88' lang='lat' dir='ltr'>contingit.</span> 
     </span>
     <span class='ocr_line' id='line_1_96' title="bbox 1403 562 2466 613; baseline 0.004 -16"><span class='ocrx_word' id='word_1_939' title='bbox 1403 563 1451 598; x_wconf 92' lang='lat' dir='ltr'>Et</span> <span class='ocrx_word' id='word_1_940' title='bbox 1475 562 1572 599; x_wconf 89' lang='lat' dir='ltr'>circa</span> <span class='ocrx_word' id='word_1_941' title='bbox 1591 564 1665 600; x_wconf 91' lang='lat' dir='ltr'>hoc</span> <span class='ocrx_word' id='word_1_942' title='bbox 1699 564 1776 601; x_wconf 92' lang='lat' dir='ltr'>duo</span> <span class='ocrx_word' id='word_1_943' title='bbox 1805 565 1900 601; x_wconf 83' lang='lat' dir='ltr'>facit.</span> <span class='ocrx_word' id='word_1_944' title='bbox 1929 565 2074 611; x_wconf 83' lang='lat' dir='ltr'>Pr‘rno,</span> <span class='ocrx_word' id='word_1_945' title='bbox 2097 573 2293 601; x_wconf 88' lang='lat' dir='ltr'>enumerat</span> <span class='ocrx_word' id='word_1_946' title='bbox 2324 565 2426 613; x_wconf 93' lang='lat' dir='ltr'>ipsos</span> <span class='ocrx_word' id='word_1_947' title='bbox 2445 566 2466 586; x_wconf 82' lang='grc'>*</span> 
     </span>
     <span class='ocr_line' id='line_1_97' title="bbox 1402 577 2466 666; baseline 0.003 -15"><span class='ocrx_word' id='word_1_948' title='bbox 1402 615 1540 652; x_wconf 93' lang='lat' dir='ltr'>modos</span> <span class='ocrx_word' id='word_1_949' title='bbox 1556 645 1564 661; x_wconf 89' lang='lat'>,</span> <span class='ocrx_word' id='word_1_950' title='bbox 1595 616 1723 653; x_wconf 92' lang='lat' dir='ltr'>dicens</span> <span class='ocrx_word' id='word_1_951' title='bbox 1752 617 1854 665; x_wconf 91' lang='lat' dir='ltr'>quod</span> <span class='ocrx_word' id='word_1_952' title='bbox 1883 577 2072 666; x_wconf 42' lang='lat' dir='ltr'>triplihter</span> <span class='ocrx_word' id='word_1_953' title='bbox 2099 617 2278 665; x_wconf 90' lang='lat' dir='ltr'>contingit</span> <span class='ocrx_word' id='word_1_954' title='bbox 2305 617 2427 666; x_wconf 93' lang='lat' dir='ltr'>decipi</span> <span class='ocrx_word' id='word_1_955' title='bbox 2445 618 2466 639; x_wconf 65' lang='lat'>⁸²</span> 
     </span>
     <span class='ocr_line' id='line_1_98' title="bbox 1403 667 2080 717; baseline 0.006 -14"><span class='ocrx_word' id='word_1_956' title='bbox 1403 667 1500 704; x_wconf 90' lang='lat' dir='ltr'>circa</span> <span class='ocrx_word' id='word_1_957' title='bbox 1528 669 1789 717; x_wconf 89' lang='lat' dir='ltr'>acceptionem</span> <span class='ocrx_word' id='word_1_958' title='bbox 1817 670 2037 707; x_wconf 88' lang='lat' dir='ltr'>universalis</span> <span class='ocrx_word' id='word_1_959' title='bbox 2051 677 2080 706; x_wconf 58' lang='grc' dir='ltr'>α.</span> 
     </span>
    </p>

    <p class='ocr_par' dir='ltr' id='par_1_27' title="bbox 1403 721 2464 929">
     <span class='ocr_line' id='line_1_99' title="bbox 1455 721 2464 771; baseline 0.003 -15"><span class='ocrx_word' id='word_1_960' title='bbox 1455 721 1585 757; x_wconf 91' lang='lat' dir='ltr'>Primo</span> <span class='ocrx_word' id='word_1_961' title='bbox 1618 722 1794 769; x_wconf 88' lang='lat' dir='ltr'>quidem,</span> <span class='ocrx_word' id='word_1_962' title='bbox 1825 735 1913 759; x_wconf 93' lang='lat' dir='ltr'>cum</span> <span class='ocrx_word' id='word_1_963' title='bbox 1956 723 2044 760; x_wconf 91' lang='lat' dir='ltr'>nihil</span> <span class='ocrx_word' id='word_1_964' title='bbox 2078 723 2178 760; x_wconf 88' lang='lat' dir='ltr'>aliud</span> <span class='ocrx_word' id='word_1_965' title='bbox 2217 723 2262 760; x_wconf 92' lang='lat' dir='ltr'>sit</span> <span class='ocrx_word' id='word_1_966' title='bbox 2293 723 2464 771; x_wconf 89' lang='lat' dir='ltr'>accipere</span> 
     </span>
     <span class='ocr_line' id='line_1_100' title="bbox 1403 773 2464 824; baseline 0.004 -16"><span class='ocrx_word' id='word_1_967' title='bbox 1403 773 1473 809; x_wconf 91' lang='lat' dir='ltr'>sub</span> <span class='ocrx_word' id='word_1_968' title='bbox 1498 773 1623 821; x_wconf 87' lang='lat' dir='ltr'>aliquo</span> <span class='ocrx_word' id='word_1_969' title='bbox 1658 776 1853 812; x_wconf 91' lang='lat' dir='ltr'>communi</span> <span class='ocrx_word' id='word_1_970' title='bbox 1877 776 1936 812; x_wconf 90' lang='lat' dir='ltr'>cui</span> <span class='ocrx_word' id='word_1_971' title='bbox 1955 776 2079 824; x_wconf 89' lang='lat' dir='ltr'>primo</span> <span class='ocrx_word' id='word_1_972' title='bbox 2107 776 2287 824; x_wconf 90' lang='lat' dir='ltr'>competit</span> <span class='ocrx_word' id='word_1_973' title='bbox 2312 776 2464 812; x_wconf 89' lang='lat' dir='ltr'>univer-</span> 
     </span>
     <span class='ocr_line' id='line_1_101' title="bbox 1403 827 2464 875; baseline 0.004 -14"><span class='ocrx_word' id='word_1_974' title='bbox 1403 827 1491 872; x_wconf 80' lang='lat' dir='ltr'>sale,</span> <span class='ocrx_word' id='word_1_975' title='bbox 1521 838 1637 874; x_wconf 87' lang='lat' dir='ltr'>quam</span> <span class='ocrx_word' id='word_1_976' title='bbox 1666 828 1740 863; x_wconf 92' lang='lat' dir='ltr'>hoc</span> <span class='ocrx_word' id='word_1_977' title='bbox 1767 828 1964 875; x_wconf 84' lang='lat' dir='ltr'>singulare,</span> <span class='ocrx_word' id='word_1_978' title='bbox 1995 829 2054 864; x_wconf 91' lang='lat' dir='ltr'>cui</span> <span class='ocrx_word' id='word_1_979' title='bbox 2079 828 2389 865; x_wconf 87' lang='lat' dir='ltr'>inconvenienter</span> <span class='ocrx_word' id='word_1_980' title='bbox 2406 840 2464 865; x_wconf 86' lang='lat' dir='ltr'>as-</span> 
     </span>
     <span class='ocr_line' id='line_1_102' title="bbox 1403 877 2464 929; baseline 0.004 -15"><span class='ocrx_word' id='word_1_981' title='bbox 1403 878 1567 925; x_wconf 86' lang='lat' dir='ltr'>signatur</span> <span class='ocrx_word' id='word_1_982' title='bbox 1580 877 1608 915; x_wconf 67' lang='grc' dir='ltr'>β.</span> <span class='ocrx_word' id='word_1_983' title='bbox 1627 879 1731 915; x_wconf 88' lang='lat' dir='ltr'>Sicut</span> <span class='ocrx_word' id='word_1_984' title='bbox 1757 880 1788 916; x_wconf 93' lang='lat' dir='ltr'>si</span> <span class='ocrx_word' id='word_1_985' title='bbox 1815 881 1998 926; x_wconf 83' lang='lat' dir='ltr'>sensibile,</span> <span class='ocrx_word' id='word_1_986' title='bbox 2019 881 2123 928; x_wconf 92' lang='lat' dir='ltr'>quod</span> <span class='ocrx_word' id='word_1_987' title='bbox 2137 882 2264 929; x_wconf 86' lang='lat' dir='ltr'>primo</span> <span class='ocrx_word' id='word_1_988' title='bbox 2285 889 2321 918; x_wconf 93' lang='lat' dir='ltr'>et</span> <span class='ocrx_word' id='word_1_989' title='bbox 2334 893 2407 929; x_wconf 88' lang='lat' dir='ltr'>per</span> <span class='ocrx_word' id='word_1_990' title='bbox 2424 893 2464 917; x_wconf 86' lang='lat' dir='ltr'>se</span> 
     </span>
    </p>
   </div>
   <div class='ocr_carea' id='block_1_23' title="bbox 1392 1069 2467 3632">
    <p class='ocr_par' dir='ltr' id='par_1_28' title="bbox 1393 1069 2467 2790">
     <span class='ocr_line' id='line_1_103' title="bbox 1400 1069 2464 1105; baseline 0.006 -13"><span class='ocrx_word' id='word_1_991' title='bbox 1400 1074 1426 1092; x_wconf 87' lang='lat' dir='ltr'>et</span> <span class='ocrx_word' id='word_1_992' title='bbox 1443 1069 1537 1100; x_wconf 87' lang='lat' dir='ltr'>homo;</span> <span class='ocrx_word' id='word_1_993' title='bbox 1553 1070 1654 1095; x_wconf 88' lang='lat' dir='ltr'>sublato</span> <span class='ocrx_word' id='word_1_994' title='bbox 1668 1071 1785 1102; x_wconf 86' lang='lat' dir='ltr'>animali,</span> <span class='ocrx_word' id='word_1_995' title='bbox 1800 1079 1853 1096; x_wconf 90' lang='lat' dir='ltr'>non</span> <span class='ocrx_word' id='word_1_996' title='bbox 1868 1072 1940 1096; x_wconf 89' lang='lat' dir='ltr'>datur</span> <span class='ocrx_word' id='word_1_997' title='bbox 1954 1072 2047 1097; x_wconf 89' lang='lat' dir='ltr'>homo:</span> <span class='ocrx_word' id='word_1_998' title='bbox 2068 1074 2114 1097; x_wconf 87' lang='lat' dir='ltr'>sed</span> <span class='ocrx_word' id='word_1_999' title='bbox 2133 1073 2234 1097; x_wconf 88' lang='lat' dir='ltr'>sublato</span> <span class='ocrx_word' id='word_1_1000' title='bbox 2248 1073 2361 1103; x_wconf 82' lang='lat' dir='ltr'>homine,</span> <span class='ocrx_word' id='word_1_1001' title='bbox 2376 1078 2464 1105; x_wconf 81' lang='lat' dir='ltr'>potest</span> 
     </span>
     <span class='ocr_line' id='line_1_104' title="bbox 1401 1104 2464 1140; baseline 0.005 -12"><span class='ocrx_word' id='word_1_1002' title='bbox 1401 1104 1541 1129; x_wconf 87' lang='lat' dir='ltr'>consistere</span> <span class='ocrx_word' id='word_1_1003' title='bbox 1560 1105 1668 1136; x_wconf 86' lang='lat' dir='ltr'>animal;</span> <span class='ocrx_word' id='word_1_1004' title='bbox 1683 1111 1709 1130; x_wconf 87' lang='lat' dir='ltr'>et</span> <span class='ocrx_word' id='word_1_1005' title='bbox 1727 1106 1829 1131; x_wconf 84' lang='lat' dir='ltr'>sublato</span> <span class='ocrx_word' id='word_1_1006' title='bbox 1848 1107 1959 1137; x_wconf 86' lang='lat' dir='ltr'>animali,</span> <span class='ocrx_word' id='word_1_1007' title='bbox 1974 1112 2059 1140; x_wconf 86' lang='lat' dir='ltr'>potest</span> <span class='ocrx_word' id='word_1_1008' title='bbox 2077 1107 2184 1132; x_wconf 85' lang='lat' dir='ltr'>existere</span> <span class='ocrx_word' id='word_1_1009' title='bbox 2203 1108 2301 1133; x_wconf 89' lang='lat' dir='ltr'>vivens.</span> <span class='ocrx_word' id='word_1_1010' title='bbox 2322 1107 2372 1132; x_wconf 89' lang='lat' dir='ltr'>Sed</span> <span class='ocrx_word' id='word_1_1011' title='bbox 2391 1113 2464 1133; x_wconf 87' lang='lat' dir='ltr'>nota-</span> 
     </span>
     <span class='ocr_line' id='line_1_105' title="bbox 1400 1139 2465 1175; baseline 0.005 -12"><span class='ocrx_word' id='word_1_1012' title='bbox 1400 1139 1486 1163; x_wconf 86' lang='lat' dir='ltr'>vimus</span> <span class='ocrx_word' id='word_1_1013' title='bbox 1501 1139 1583 1171; x_wconf 87' lang='lat' dir='ltr'>(Lect.</span> <span class='ocrx_word' id='word_1_1014' title='bbox 1597 1141 1714 1172; x_wconf 88' lang='lat' dir='ltr'>praeced.</span> <span class='ocrx_word' id='word_1_1015' title='bbox 1729 1146 1783 1166; x_wconf 83' lang='lat' dir='ltr'>not.</span> <span class='ocrx_word' id='word_1_1016' title='bbox 1793 1141 1818 1175; x_wconf 84' lang='grc' dir='ltr'>ζ)</span> <span class='ocrx_word' id='word_1_1017' title='bbox 1832 1143 1903 1174; x_wconf 91' lang='lat' dir='ltr'>quod</span> <span class='ocrx_word' id='word_1_1018' title='bbox 1917 1142 2064 1167; x_wconf 78' lang='lat' dir='ltr'>universale</span> <span class='ocrx_word' id='word_1_1019' title='bbox 2079 1150 2125 1167; x_wconf 86' lang='lat' dir='ltr'>seu</span> <span class='ocrx_word' id='word_1_1020' title='bbox 2138 1143 2280 1168; x_wconf 84' lang='lat' dir='ltr'>secundum</span> <span class='ocrx_word' id='word_1_1021' title='bbox 2296 1143 2367 1175; x_wconf 84' lang='lat' dir='ltr'>quod</span> <span class='ocrx_word' id='word_1_1022' title='bbox 2379 1143 2465 1175; x_wconf 81' lang='lat' dir='ltr'>ipsum</span> 
     </span>
     <span class='ocr_line' id='line_1_106' title="bbox 1400 1174 2462 1210; baseline 0.005 -12"><span class='ocrx_word' id='word_1_1023' title='bbox 1400 1174 1470 1198; x_wconf 89' lang='lat' dir='ltr'>idem</span> <span class='ocrx_word' id='word_1_1024' title='bbox 1494 1179 1534 1198; x_wconf 89' lang='lat' dir='ltr'>est</span> <span class='ocrx_word' id='word_1_1025' title='bbox 1552 1182 1581 1199; x_wconf 85' lang='lat' dir='ltr'>ac</span> <span class='ocrx_word' id='word_1_1026' title='bbox 1594 1182 1647 1206; x_wconf 83' lang='lat' dir='ltr'>per</span> <span class='ocrx_word' id='word_1_1027' title='bbox 1664 1183 1692 1200; x_wconf 84' lang='lat' dir='ltr'>se</span> <span class='ocrx_word' id='word_1_1028' title='bbox 1706 1176 1796 1207; x_wconf 81' lang='lat' dir='ltr'>primo</span> <span class='ocrx_word' id='word_1_1029' title='bbox 1815 1177 1840 1201; x_wconf 86' lang='lat' dir='ltr'>in</span> <span class='ocrx_word' id='word_1_1030' title='bbox 1860 1177 1943 1209; x_wconf 90' lang='lat' dir='ltr'>primo</span> <span class='ocrx_word' id='word_1_1031' title='bbox 1962 1182 1988 1202; x_wconf 90' lang='lat' dir='ltr'>et</span> <span class='ocrx_word' id='word_1_1032' title='bbox 2006 1178 2120 1202; x_wconf 89' lang='lat' dir='ltr'>secundo</span> <span class='ocrx_word' id='word_1_1033' title='bbox 2145 1178 2224 1202; x_wconf 92' lang='lat' dir='ltr'>modo</span> <span class='ocrx_word' id='word_1_1034' title='bbox 2243 1178 2342 1202; x_wconf 89' lang='lat' dir='ltr'>dicendi</span> <span class='ocrx_word' id='word_1_1035' title='bbox 2356 1185 2408 1210; x_wconf 86' lang='lat' dir='ltr'>per</span> <span class='ocrx_word' id='word_1_1036' title='bbox 2426 1185 2462 1203; x_wconf 84' lang='lat' dir='ltr'>se.</span> 
     </span>
     <span class='ocr_line' id='line_1_107' title="bbox 1401 1208 2467 1247; baseline 0.005 -15"><span class='ocrx_word' id='word_1_1037' title='bbox 1401 1208 1502 1239; x_wconf 88' lang='lat' dir='ltr'>Quibus</span> <span class='ocrx_word' id='word_1_1038' title='bbox 1517 1209 1616 1242; x_wconf 87' lang='lat' dir='ltr'>positis,</span> <span class='ocrx_word' id='word_1_1039' title='bbox 1627 1210 1727 1235; x_wconf 89' lang='lat' dir='ltr'>videtur</span> <span class='ocrx_word' id='word_1_1040' title='bbox 1737 1212 1808 1243; x_wconf 90' lang='lat' dir='ltr'>quod</span> <span class='ocrx_word' id='word_1_1041' title='bbox 1818 1212 1970 1236; x_wconf 82' lang='lat' dir='ltr'>Aristoteles</span> <span class='ocrx_word' id='word_1_1042' title='bbox 1981 1220 2043 1245; x_wconf 85' lang='lat' dir='ltr'>prae</span> <span class='ocrx_word' id='word_1_1043' title='bbox 2057 1218 2143 1237; x_wconf 92' lang='lat' dir='ltr'>mente</span> <span class='ocrx_word' id='word_1_1044' title='bbox 2157 1213 2274 1237; x_wconf 85' lang='lat' dir='ltr'>habuerit</span> <span class='ocrx_word' id='word_1_1045' title='bbox 2285 1210 2360 1247; x_wconf 87' lang='lat' dir='ltr'>(sicut</span> <span class='ocrx_word' id='word_1_1046' title='bbox 2374 1220 2467 1245; x_wconf 82' lang='lat' dir='ltr'>reapse</span> 
     </span>
     <span class='ocr_line' id='line_1_108' title="bbox 1400 1243 2461 1280; baseline 0.004 -12"><span class='ocrx_word' id='word_1_1047' title='bbox 1400 1244 1519 1268; x_wconf 90' lang='lat' dir='ltr'>habenda</span> <span class='ocrx_word' id='word_1_1048' title='bbox 1537 1243 1585 1279; x_wconf 88' lang='lat' dir='ltr'>est)</span> <span class='ocrx_word' id='word_1_1049' title='bbox 1605 1244 1670 1270; x_wconf 89' lang='lat' dir='ltr'>hanc</span> <span class='ocrx_word' id='word_1_1050' title='bbox 1689 1246 1817 1278; x_wconf 89' lang='lat' dir='ltr'>duplicem</span> <span class='ocrx_word' id='word_1_1051' title='bbox 1837 1247 2010 1272; x_wconf 86' lang='lat' dir='ltr'>conditionem</span> <span class='ocrx_word' id='word_1_1052' title='bbox 2029 1247 2054 1271; x_wconf 90' lang='lat' dir='ltr'>in</span> <span class='ocrx_word' id='word_1_1053' title='bbox 2074 1247 2238 1279; x_wconf 83' lang='lat' dir='ltr'>designandis</span> <span class='ocrx_word' id='word_1_1054' title='bbox 2257 1248 2350 1278; x_wconf 80' lang='lat' dir='ltr'>modis,</span> <span class='ocrx_word' id='word_1_1055' title='bbox 2365 1247 2461 1280; x_wconf 85' lang='lat' dir='ltr'>quibus</span> 
     </span>
     <span class='ocr_line' id='line_1_109' title="bbox 1401 1281 2460 1314; baseline 0.005 -11"><span class='ocrx_word' id='word_1_1056' title='bbox 1401 1287 1486 1304; x_wconf 87' lang='lat' dir='ltr'>errare</span> <span class='ocrx_word' id='word_1_1057' title='bbox 1505 1287 1646 1312; x_wconf 87' lang='lat' dir='ltr'>possumus</span> <span class='ocrx_word' id='word_1_1058' title='bbox 1666 1281 1731 1306; x_wconf 90' lang='lat' dir='ltr'>circa</span> <span class='ocrx_word' id='word_1_1059' title='bbox 1747 1282 1901 1312; x_wconf 88' lang='lat' dir='ltr'>universale,</span> <span class='ocrx_word' id='word_1_1060' title='bbox 1918 1282 2005 1314; x_wconf 87' lang='lat' dir='ltr'>ipsum</span> <span class='ocrx_word' id='word_1_1061' title='bbox 2023 1283 2140 1308; x_wconf 86' lang='lat' dir='ltr'>videlicet</span> <span class='ocrx_word' id='word_1_1062' title='bbox 2159 1283 2284 1307; x_wconf 88' lang='lat' dir='ltr'>laedendo</span> <span class='ocrx_word' id='word_1_1063' title='bbox 2302 1283 2343 1307; x_wconf 88' lang='lat' dir='ltr'>vel</span> <span class='ocrx_word' id='word_1_1064' title='bbox 2368 1283 2460 1308; x_wconf 89' lang='lat' dir='ltr'>imme-</span> 
     </span>
     <span class='ocr_line' id='line_1_110' title="bbox 1402 1314 2463 1350; baseline 0.004 -12"><span class='ocrx_word' id='word_1_1065' title='bbox 1402 1314 1468 1339; x_wconf 88' lang='lat' dir='ltr'>diate</span> <span class='ocrx_word' id='word_1_1066' title='bbox 1482 1315 1507 1339; x_wconf 92' lang='lat' dir='ltr'>in</span> <span class='ocrx_word' id='word_1_1067' title='bbox 1522 1322 1568 1339; x_wconf 87' lang='lat' dir='ltr'>sua</span> <span class='ocrx_word' id='word_1_1068' title='bbox 1583 1315 1724 1341; x_wconf 80' lang='lat' dir='ltr'>differentia</span> <span class='ocrx_word' id='word_1_1069' title='bbox 1737 1316 1855 1349; x_wconf 87' lang='lat' dir='ltr'>specifica</span> <span class='ocrx_word' id='word_1_1070' title='bbox 1865 1317 2019 1349; x_wconf 79' lang='lat' dir='ltr'>(secundum</span> <span class='ocrx_word' id='word_1_1071' title='bbox 2033 1318 2104 1349; x_wconf 82' lang='lat' dir='ltr'>quod</span> <span class='ocrx_word' id='word_1_1072' title='bbox 2118 1317 2203 1349; x_wconf 80' lang='lat' dir='ltr'>ipsum</span> <span class='ocrx_word' id='word_1_1073' title='bbox 2218 1318 2258 1342; x_wconf 89' lang='lat' dir='ltr'>vel</span> <span class='ocrx_word' id='word_1_1074' title='bbox 2264 1324 2316 1349; x_wconf 89' lang='lat' dir='ltr'>per</span> <span class='ocrx_word' id='word_1_1075' title='bbox 2329 1325 2356 1342; x_wconf 85' lang='lat' dir='ltr'>se</span> <span class='ocrx_word' id='word_1_1076' title='bbox 2361 1318 2463 1350; x_wconf 89' lang='lat' dir='ltr'>primo)</span> 
     </span>
     <span class='ocr_line' id='line_1_111' title="bbox 1400 1350 2465 1385; baseline 0.003 -11"><span class='ocrx_word' id='word_1_1077' title='bbox 1400 1350 1442 1374; x_wconf 83' lang='lat' dir='ltr'>vel</span> <span class='ocrx_word' id='word_1_1078' title='bbox 1467 1350 1492 1374; x_wconf 90' lang='lat' dir='ltr'>in</span> <span class='ocrx_word' id='word_1_1079' title='bbox 1511 1358 1559 1374; x_wconf 87' lang='lat' dir='ltr'>suo</span> <span class='ocrx_word' id='word_1_1080' title='bbox 1582 1358 1677 1382; x_wconf 86' lang='lat' dir='ltr'>genere</span> <span class='ocrx_word' id='word_1_1081' title='bbox 1695 1351 1747 1382; x_wconf 82' lang='lat' dir='ltr'>(de</span> <span class='ocrx_word' id='word_1_1082' title='bbox 1764 1352 1856 1384; x_wconf 83' lang='lat' dir='ltr'>omni).</span> <span class='ocrx_word' id='word_1_1083' title='bbox 1881 1353 1947 1377; x_wconf 86' lang='lat' dir='ltr'>Hinc</span> <span class='ocrx_word' id='word_1_1084' title='bbox 1965 1353 1991 1377; x_wconf 91' lang='lat' dir='ltr'>in</span> <span class='ocrx_word' id='word_1_1085' title='bbox 2009 1351 2125 1377; x_wconf 86' lang='lat' dir='ltr'>&#39;secundo</span> <span class='ocrx_word' id='word_1_1086' title='bbox 2144 1353 2262 1385; x_wconf 85' lang='lat' dir='ltr'>exemplo</span> <span class='ocrx_word' id='word_1_1087' title='bbox 2287 1353 2320 1377; x_wconf 90' lang='lat' dir='ltr'>de</span> <span class='ocrx_word' id='word_1_1088' title='bbox 2337 1353 2465 1385; x_wconf 82' lang='lat' dir='ltr'>triangulo</span> 
     </span>
     <span class='ocr_line' id='line_1_112' title="bbox 1402 1385 2466 1420; baseline 0.003 -11"><span class='ocrx_word' id='word_1_1089' title='bbox 1402 1385 1511 1410; x_wconf 89' lang='lat' dir='ltr'>isoscele</span> <span class='ocrx_word' id='word_1_1090' title='bbox 1526 1386 1616 1410; x_wconf 89' lang='lat' dir='ltr'>dicitur</span> <span class='ocrx_word' id='word_1_1091' title='bbox 1629 1387 1700 1418; x_wconf 92' lang='lat' dir='ltr'>quod</span> <span class='ocrx_word' id='word_1_1092' title='bbox 1719 1394 1790 1411; x_wconf 91' lang='lat' dir='ltr'>error</span> <span class='ocrx_word' id='word_1_1093' title='bbox 1808 1392 1849 1412; x_wconf 88' lang='lat' dir='ltr'>est</span> <span class='ocrx_word' id='word_1_1094' title='bbox 1867 1388 2020 1412; x_wconf 89' lang='lat' dir='ltr'>concludere</span> <span class='ocrx_word' id='word_1_1095' title='bbox 2033 1388 2104 1420; x_wconf 94' lang='lat' dir='ltr'>quod</span> <span class='ocrx_word' id='word_1_1096' title='bbox 2119 1387 2167 1420; x_wconf 87' lang='lat' dir='ltr'>ipsi</span> <span class='ocrx_word' id='word_1_1097' title='bbox 2182 1387 2325 1412; x_wconf 86' lang='lat' dir='ltr'>secundum</span> <span class='ocrx_word' id='word_1_1098' title='bbox 2340 1388 2411 1420; x_wconf 91' lang='lat' dir='ltr'>quod</span> <span class='ocrx_word' id='word_1_1099' title='bbox 2425 1393 2466 1412; x_wconf 87' lang='lat' dir='ltr'>est</span> 
     </span>
     <span class='ocr_line' id='line_1_113' title="bbox 1403 1416 2465 1457; baseline 0.002 -13"><span class='ocrx_word' id='word_1_1100' title='bbox 1403 1421 1539 1451; x_wconf 84' lang='lat' dir='ltr'>isosceles,</span> <span class='ocrx_word' id='word_1_1101' title='bbox 1558 1417 1574 1454; x_wconf 81' lang='grc' dir='ltr'>ᾖ</span> <span class='ocrx_word' id='word_1_1102' title='bbox 1589 1416 1720 1451; x_wconf 76' lang='grc' dir='ltr'>ἰσοσκελὲς</span> <span class='ocrx_word' id='word_1_1103' title='bbox 1735 1418 1764 1446; x_wconf 74' lang='grc' dir='ltr'>ἂν</span> <span class='ocrx_word' id='word_1_1104' title='bbox 1784 1419 1864 1447; x_wconf 82' lang='grc' dir='ltr'>ἔδόκει</span> <span class='ocrx_word' id='word_1_1105' title='bbox 1884 1419 2017 1457; x_wconf 75' lang='grc' dir='ltr'>ὑπάρχειν,</span> <span class='ocrx_word' id='word_1_1106' title='bbox 2032 1423 2167 1447; x_wconf 89' lang='lat' dir='ltr'>conveniat</span> <span class='ocrx_word' id='word_1_1107' title='bbox 2180 1422 2275 1447; x_wconf 87' lang='lat' dir='ltr'>habere</span> <span class='ocrx_word' id='word_1_1108' title='bbox 2288 1428 2340 1446; x_wconf 88' lang='lat' dir='ltr'>tres</span> <span class='ocrx_word' id='word_1_1109' title='bbox 2354 1423 2465 1454; x_wconf 87' lang='lat' dir='ltr'>angulos</span> 
     </span>
     <span class='ocr_line' id='line_1_114' title="bbox 1401 1456 2465 1490; baseline 0.002 -11"><span class='ocrx_word' id='word_1_1110' title='bbox 1401 1456 1522 1488; x_wconf 87' lang='lat' dir='ltr'>aequales</span> <span class='ocrx_word' id='word_1_1111' title='bbox 1542 1456 1643 1480; x_wconf 87' lang='lat' dir='ltr'>duobus</span> <span class='ocrx_word' id='word_1_1112' title='bbox 1662 1457 1751 1482; x_wconf 88' lang='lat' dir='ltr'>rectis:</span> <span class='ocrx_word' id='word_1_1113' title='bbox 1766 1458 1827 1490; x_wconf 83' lang='lat' dir='ltr'>quia</span> <span class='ocrx_word' id='word_1_1114' title='bbox 1845 1457 1895 1482; x_wconf 89' lang='lat' dir='ltr'>hoc</span> <span class='ocrx_word' id='word_1_1115' title='bbox 1913 1458 2032 1483; x_wconf 88' lang='lat' dir='ltr'>convenit</span> <span class='ocrx_word' id='word_1_1116' title='bbox 2050 1458 2155 1490; x_wconf 89' lang='lat' dir='ltr'>quidem</span> <span class='ocrx_word' id='word_1_1117' title='bbox 2163 1465 2217 1490; x_wconf 84' lang='lat' dir='ltr'>per</span> <span class='ocrx_word' id='word_1_1118' title='bbox 2234 1465 2261 1482; x_wconf 81' lang='lat' dir='ltr'>se</span> <span class='ocrx_word' id='word_1_1119' title='bbox 2280 1462 2305 1482; x_wconf 88' lang='lat' dir='ltr'>et</span> <span class='ocrx_word' id='word_1_1120' title='bbox 2323 1457 2395 1482; x_wconf 83' lang='lat' dir='ltr'>omni</span> <span class='ocrx_word' id='word_1_1121' title='bbox 2412 1458 2465 1482; x_wconf 90' lang='lat' dir='ltr'>iso-</span> 
     </span>
     <span class='ocr_line' id='line_1_115' title="bbox 1402 1491 2465 1525; baseline 0.002 -10"><span class='ocrx_word' id='word_1_1122' title='bbox 1402 1491 1476 1521; x_wconf 89' lang='lat' dir='ltr'>sceli,</span> <span class='ocrx_word' id='word_1_1123' title='bbox 1496 1499 1547 1515; x_wconf 91' lang='lat' dir='ltr'>non</span> <span class='ocrx_word' id='word_1_1124' title='bbox 1566 1497 1652 1516; x_wconf 88' lang='lat' dir='ltr'>autem</span> <span class='ocrx_word' id='word_1_1125' title='bbox 1671 1493 1813 1517; x_wconf 88' lang='lat' dir='ltr'>secundum</span> <span class='ocrx_word' id='word_1_1126' title='bbox 1833 1494 1903 1525; x_wconf 91' lang='lat' dir='ltr'>quod</span> <span class='ocrx_word' id='word_1_1127' title='bbox 1922 1493 2045 1518; x_wconf 90' lang='lat' dir='ltr'>isosceles</span> <span class='ocrx_word' id='word_1_1128' title='bbox 2065 1498 2105 1518; x_wconf 92' lang='lat' dir='ltr'>est</span> <span class='ocrx_word' id='word_1_1129' title='bbox 2123 1501 2169 1517; x_wconf 88' lang='lat' dir='ltr'>seu</span> <span class='ocrx_word' id='word_1_1130' title='bbox 2183 1500 2235 1524; x_wconf 83' lang='lat' dir='ltr'>per</span> <span class='ocrx_word' id='word_1_1131' title='bbox 2252 1499 2280 1517; x_wconf 77' lang='lat' dir='ltr'>se</span> <span class='ocrx_word' id='word_1_1132' title='bbox 2295 1492 2397 1524; x_wconf 80' lang='lat' dir='ltr'>primo,</span> <span class='ocrx_word' id='word_1_1133' title='bbox 2418 1492 2465 1517; x_wconf 88' lang='lat' dir='ltr'>sed</span> 
     </span>
     <span class='ocr_line' id='line_1_116' title="bbox 1402 1526 2465 1561; baseline 0.001 -11"><span class='ocrx_word' id='word_1_1134' title='bbox 1402 1526 1545 1551; x_wconf 89' lang='lat' dir='ltr'>secundum</span> <span class='ocrx_word' id='word_1_1135' title='bbox 1560 1527 1629 1559; x_wconf 91' lang='lat' dir='ltr'>quod</span> <span class='ocrx_word' id='word_1_1136' title='bbox 1649 1532 1689 1551; x_wconf 91' lang='lat' dir='ltr'>est</span> <span class='ocrx_word' id='word_1_1137' title='bbox 1707 1527 1861 1559; x_wconf 84' lang='lat' dir='ltr'>triangulus:</span> <span class='ocrx_word' id='word_1_1138' title='bbox 1885 1536 1979 1561; x_wconf 90' lang='lat' dir='ltr'>nempe</span> <span class='ocrx_word' id='word_1_1139' title='bbox 1993 1528 2101 1552; x_wconf 88' lang='lat' dir='ltr'>laeditur</span> <span class='ocrx_word' id='word_1_1140' title='bbox 2113 1528 2259 1552; x_wconf 84' lang='lat' dir='ltr'>universale</span> <span class='ocrx_word' id='word_1_1141' title='bbox 2277 1527 2425 1552; x_wconf 83' lang='lat' dir='ltr'>immediate</span> <span class='ocrx_word' id='word_1_1142' title='bbox 2439 1527 2465 1552; x_wconf 90' lang='lat' dir='ltr'>in</span> 
     </span>
     <span class='ocr_line' id='line_1_117' title="bbox 1402 1560 2465 1596; baseline 0.002 -11"><span class='ocrx_word' id='word_1_1143' title='bbox 1402 1569 1449 1586; x_wconf 89' lang='lat' dir='ltr'>sua</span> <span class='ocrx_word' id='word_1_1144' title='bbox 1467 1560 1585 1594; x_wconf 87' lang='lat' dir='ltr'>specifica</span> <span class='ocrx_word' id='word_1_1145' title='bbox 1603 1562 1754 1587; x_wconf 84' lang='lat' dir='ltr'>differentia.</span> <span class='ocrx_word' id='word_1_1146' title='bbox 1769 1563 1798 1587; x_wconf 94' lang='lat' dir='ltr'>In</span> <span class='ocrx_word' id='word_1_1147' title='bbox 1812 1563 1886 1588; x_wconf 83' lang='lat' dir='ltr'>tertio</span> <span class='ocrx_word' id='word_1_1148' title='bbox 1900 1564 2019 1596; x_wconf 88' lang='lat' dir='ltr'>exemplo</span> <span class='ocrx_word' id='word_1_1149' title='bbox 2034 1563 2066 1587; x_wconf 92' lang='lat' dir='ltr'>de</span> <span class='ocrx_word' id='word_1_1150' title='bbox 2084 1562 2300 1588; x_wconf 86' lang='lat' dir='ltr'>commutabiliter</span> <span class='ocrx_word' id='word_1_1151' title='bbox 2319 1562 2465 1595; x_wconf 89' lang='lat' dir='ltr'>proportio-</span> 
     </span>
     <span class='ocr_line' id='line_1_118' title="bbox 1401 1596 2466 1631; baseline 0.002 -11"><span class='ocrx_word' id='word_1_1152' title='bbox 1401 1596 1503 1621; x_wconf 88' lang='lat' dir='ltr'>nalibus</span> <span class='ocrx_word' id='word_1_1153' title='bbox 1528 1597 1642 1629; x_wconf 90' lang='lat' dir='ltr'>idipsum</span> <span class='ocrx_word' id='word_1_1154' title='bbox 1660 1598 1833 1628; x_wconf 90' lang='lat' dir='ltr'>concluditur,</span> <span class='ocrx_word' id='word_1_1155' title='bbox 1859 1599 1996 1631; x_wconf 89' lang='lat' dir='ltr'>supposito</span> <span class='ocrx_word' id='word_1_1156' title='bbox 2015 1603 2101 1622; x_wconf 88' lang='lat' dir='ltr'>tamen</span> <span class='ocrx_word' id='word_1_1157' title='bbox 2120 1605 2215 1630; x_wconf 87' lang='lat' dir='ltr'>genere</span> <span class='ocrx_word' id='word_1_1158' title='bbox 2240 1597 2412 1628; x_wconf 86' lang='lat' dir='ltr'>innominato,</span> <span class='ocrx_word' id='word_1_1159' title='bbox 2437 1602 2466 1622; x_wconf 92' lang='lat' dir='ltr'>ut</span> 
     </span>
     <span class='ocr_line' id='line_1_119' title="bbox 1401 1631 2464 1665; baseline 0.001 -9"><span class='ocrx_word' id='word_1_1160' title='bbox 1401 1636 1469 1656; x_wconf 85' lang='lat' dir='ltr'>recte</span> <span class='ocrx_word' id='word_1_1161' title='bbox 1483 1636 1554 1656; x_wconf 82' lang='lat' dir='ltr'>notat</span> <span class='ocrx_word' id='word_1_1162' title='bbox 1567 1639 1589 1657; x_wconf 83' lang='lat' dir='ltr'>s.</span> <span class='ocrx_word' id='word_1_1163' title='bbox 1599 1631 1714 1657; x_wconf 89' lang='lat' dir='ltr'>Thomas</span> <span class='ocrx_word' id='word_1_1164' title='bbox 1730 1641 1754 1657; x_wconf 88' lang='lat' dir='ltr'>n.</span> <span class='ocrx_word' id='word_1_1165' title='bbox 1765 1640 1790 1664; x_wconf 83' lang='lat'>4.</span> <span class='ocrx_word' id='word_1_1166' title='bbox 1801 1634 1837 1658; x_wconf 88' lang='lat' dir='ltr'>Sit</span> <span class='ocrx_word' id='word_1_1167' title='bbox 1849 1633 1911 1658; x_wconf 89' lang='lat' dir='ltr'>haec</span> <span class='ocrx_word' id='word_1_1168' title='bbox 1926 1633 2124 1665; x_wconf 84' lang='lat' dir='ltr'>argumentatio:</span> <span class='ocrx_word' id='word_1_1169' title='bbox 2139 1633 2259 1661; x_wconf 83' lang='lat' dir='ltr'>Numeri,</span> <span class='ocrx_word' id='word_1_1170' title='bbox 2274 1633 2366 1661; x_wconf 81' lang='lat' dir='ltr'>lineae,</span> <span class='ocrx_word' id='word_1_1171' title='bbox 2377 1633 2464 1657; x_wconf 84' lang='lat' dir='ltr'>solida</span> 
     </span>
     <span class='ocr_line' id='line_1_120' title="bbox 1401 1667 2464 1700; baseline 0.001 -9"><span class='ocrx_word' id='word_1_1172' title='bbox 1401 1670 1428 1692; x_wconf 81' lang='lat' dir='ltr'>et</span> <span class='ocrx_word' id='word_1_1173' title='bbox 1446 1670 1567 1698; x_wconf 76' lang='lat' dir='ltr'>tempora</span> <span class='ocrx_word' id='word_1_1174' title='bbox 1584 1671 1646 1692; x_wconf 84' lang='lat' dir='ltr'>sunt</span> <span class='ocrx_word' id='word_1_1175' title='bbox 1659 1668 1876 1700; x_wconf 79' lang='lat' dir='ltr'>proportionalia</span> <span class='ocrx_word' id='word_1_1176' title='bbox 1889 1669 2111 1693; x_wconf 77' lang='lat' dir='ltr'>commutabiliter</span> <span class='ocrx_word' id='word_1_1177' title='bbox 2117 1677 2126 1698; x_wconf 88' lang='lat'>‚·</span> <span class='ocrx_word' id='word_1_1178' title='bbox 2140 1675 2205 1700; x_wconf 84' lang='lat' dir='ltr'>ergo</span> <span class='ocrx_word' id='word_1_1179' title='bbox 2223 1675 2278 1693; x_wconf 84' lang='lat' dir='ltr'>esse</span> <span class='ocrx_word' id='word_1_1180' title='bbox 2291 1667 2464 1692; x_wconf 82' lang='lat' dir='ltr'>commutabi-</span> 
     </span>
     <span class='ocr_line' id='line_1_121' title="bbox 1401 1702 2464 1734; baseline 0.001 -8"><span class='ocrx_word' id='word_1_1181' title='bbox 1401 1702 1463 1727; x_wconf 79' lang='lat' dir='ltr'>liter</span> <span class='ocrx_word' id='word_1_1182' title='bbox 1476 1702 1678 1734; x_wconf 80' lang='lat' dir='ltr'>proportionale</span> <span class='ocrx_word' id='word_1_1183' title='bbox 1696 1704 1817 1728; x_wconf 79' lang='lat' dir='ltr'>convenit</span> <span class='ocrx_word' id='word_1_1184' title='bbox 1836 1704 1965 1733; x_wconf 81' lang='lat' dir='ltr'>numeris,</span> <span class='ocrx_word' id='word_1_1185' title='bbox 1985 1704 2077 1732; x_wconf 86' lang='lat' dir='ltr'>lineis,</span> <span class='ocrx_word' id='word_1_1186' title='bbox 2097 1703 2188 1728; x_wconf 81' lang='lat' dir='ltr'>solidis</span> <span class='ocrx_word' id='word_1_1187' title='bbox 2202 1706 2228 1728; x_wconf 78' lang='lat' dir='ltr'>et</span> <span class='ocrx_word' id='word_1_1188' title='bbox 2246 1703 2406 1734; x_wconf 80' lang='lat' dir='ltr'>temporibus</span> <span class='ocrx_word' id='word_1_1189' title='bbox 2423 1710 2464 1727; x_wconf 82' lang='lat' dir='ltr'>se-</span> 
     </span>
     <span class='ocr_line' id='line_1_122' title="bbox 1400 1737 2464 1770; baseline 0 -8"><span class='ocrx_word' id='word_1_1190' title='bbox 1400 1737 1516 1762; x_wconf 80' lang='lat' dir='ltr'>cundum</span> <span class='ocrx_word' id='word_1_1191' title='bbox 1535 1737 1607 1769; x_wconf 83' lang='lat' dir='ltr'>quod</span> <span class='ocrx_word' id='word_1_1192' title='bbox 1625 1737 1690 1769; x_wconf 79' lang='lat' dir='ltr'>ipsa,</span> <span class='ocrx_word' id='word_1_1193' title='bbox 1709 1745 1754 1763; x_wconf 82' lang='lat' dir='ltr'>seu</span> <span class='ocrx_word' id='word_1_1194' title='bbox 1769 1745 1821 1770; x_wconf 87' lang='lat' dir='ltr'>per</span> <span class='ocrx_word' id='word_1_1195' title='bbox 1838 1746 1865 1763; x_wconf 87' lang='lat' dir='ltr'>se</span> <span class='ocrx_word' id='word_1_1196' title='bbox 1874 1739 1973 1770; x_wconf 84' lang='lat' dir='ltr'>primo.</span> <span class='ocrx_word' id='word_1_1197' title='bbox 1988 1738 2153 1763; x_wconf 80' lang='lat' dir='ltr'>Manifestum</span> <span class='ocrx_word' id='word_1_1198' title='bbox 2171 1742 2211 1762; x_wconf 86' lang='lat' dir='ltr'>est</span> <span class='ocrx_word' id='word_1_1199' title='bbox 2225 1738 2296 1770; x_wconf 92' lang='lat' dir='ltr'>quod</span> <span class='ocrx_word' id='word_1_1200' title='bbox 2310 1738 2464 1762; x_wconf 87' lang='lat' dir='ltr'>antecedens</span> 
     </span>
     <span class='ocr_line' id='line_1_123' title="bbox 1401 1772 2464 1806; baseline 0 -9"><span class='ocrx_word' id='word_1_1201' title='bbox 1401 1772 1476 1797; x_wconf 87' lang='lat' dir='ltr'>huius</span> <span class='ocrx_word' id='word_1_1202' title='bbox 1490 1772 1612 1797; x_wconf 87' lang='lat' dir='ltr'>ratiocinii</span> <span class='ocrx_word' id='word_1_1203' title='bbox 1626 1777 1667 1797; x_wconf 88' lang='lat' dir='ltr'>est</span> <span class='ocrx_word' id='word_1_1204' title='bbox 1680 1773 1713 1798; x_wconf 84' lang='lat' dir='ltr'>de</span> <span class='ocrx_word' id='word_1_1205' title='bbox 1726 1774 1799 1798; x_wconf 83' lang='lat' dir='ltr'>omni</span> <span class='ocrx_word' id='word_1_1206' title='bbox 1805 1781 1814 1796; x_wconf 91' lang='grc'>.·</span> <span class='ocrx_word' id='word_1_1207' title='bbox 1827 1781 1886 1798; x_wconf 88' lang='lat' dir='ltr'>nam</span> <span class='ocrx_word' id='word_1_1208' title='bbox 1900 1781 1959 1798; x_wconf 90' lang='lat' dir='ltr'>esse</span> <span class='ocrx_word' id='word_1_1209' title='bbox 1972 1773 2185 1798; x_wconf 85' lang='lat' dir='ltr'>commutabiliter</span> <span class='ocrx_word' id='word_1_1210' title='bbox 2198 1773 2389 1806; x_wconf 86' lang='lat' dir='ltr'>proportionale</span> <span class='ocrx_word' id='word_1_1211' title='bbox 2403 1780 2464 1797; x_wconf 90' lang='lat' dir='ltr'>con-</span> 
     </span>
     <span class='ocr_line' id='line_1_124' title="bbox 1400 1808 2463 1841; baseline 0.002 -10"><span class='ocrx_word' id='word_1_1212' title='bbox 1400 1808 1470 1832; x_wconf 88' lang='lat' dir='ltr'>venit</span> <span class='ocrx_word' id='word_1_1213' title='bbox 1487 1808 1608 1832; x_wconf 81' lang='lat' dir='ltr'>omnibus</span> <span class='ocrx_word' id='word_1_1214' title='bbox 1626 1808 1742 1833; x_wconf 84' lang='lat' dir='ltr'>numeris</span> <span class='ocrx_word' id='word_1_1215' title='bbox 1756 1813 1813 1839; x_wconf 90' lang='lat' dir='ltr'>etc.;</span> <span class='ocrx_word' id='word_1_1216' title='bbox 1833 1810 1879 1833; x_wconf 88' lang='lat' dir='ltr'>sed</span> <span class='ocrx_word' id='word_1_1217' title='bbox 1893 1817 1945 1833; x_wconf 89' lang='lat' dir='ltr'>non</span> <span class='ocrx_word' id='word_1_1218' title='bbox 1965 1814 2004 1834; x_wconf 88' lang='lat' dir='ltr'>est</span> <span class='ocrx_word' id='word_1_1219' title='bbox 2023 1817 2069 1841; x_wconf 88' lang='lat' dir='ltr'>per</span> <span class='ocrx_word' id='word_1_1220' title='bbox 2087 1816 2116 1833; x_wconf 87' lang='lat' dir='ltr'>se</span> <span class='ocrx_word' id='word_1_1221' title='bbox 2130 1809 2221 1840; x_wconf 83' lang='lat' dir='ltr'>primo</span> <span class='ocrx_word' id='word_1_1222' title='bbox 2240 1815 2286 1833; x_wconf 87' lang='lat' dir='ltr'>seu</span> <span class='ocrx_word' id='word_1_1223' title='bbox 2305 1816 2357 1833; x_wconf 91' lang='lat' dir='ltr'>non</span> <span class='ocrx_word' id='word_1_1224' title='bbox 2372 1813 2412 1833; x_wconf 86' lang='lat' dir='ltr'>est</span> <span class='ocrx_word' id='word_1_1225' title='bbox 2423 1815 2463 1833; x_wconf 83' lang='lat' dir='ltr'>se-</span> 
     </span>
     <span class='ocr_line' id='line_1_125' title="bbox 1401 1841 2465 1877; baseline 0 -9"><span class='ocrx_word' id='word_1_1226' title='bbox 1401 1843 1516 1868; x_wconf 84' lang='lat' dir='ltr'>cundum</span> <span class='ocrx_word' id='word_1_1227' title='bbox 1531 1843 1602 1875; x_wconf 79' lang='lat' dir='ltr'>quod</span> <span class='ocrx_word' id='word_1_1228' title='bbox 1620 1843 1704 1875; x_wconf 81' lang='lat' dir='ltr'>ipsum</span> <span class='ocrx_word' id='word_1_1229' title='bbox 1720 1841 1771 1876; x_wconf 91' lang='lat' dir='ltr'>(Cf.</span> <span class='ocrx_word' id='word_1_1230' title='bbox 1786 1844 1842 1868; x_wconf 87' lang='lat' dir='ltr'>lect.</span> <span class='ocrx_word' id='word_1_1231' title='bbox 1856 1845 1972 1876; x_wconf 85' lang='lat' dir='ltr'>praeced.</span> <span class='ocrx_word' id='word_1_1232' title='bbox 1988 1849 2042 1868; x_wconf 90' lang='lat' dir='ltr'>not.</span> <span class='ocrx_word' id='word_1_1233' title='bbox 2055 1842 2098 1877; x_wconf 86' lang='grc' dir='ltr'>ζ),</span> <span class='ocrx_word' id='word_1_1234' title='bbox 2114 1845 2159 1868; x_wconf 92' lang='lat' dir='ltr'>sed</span> <span class='ocrx_word' id='word_1_1235' title='bbox 2173 1851 2220 1876; x_wconf 91' lang='lat' dir='ltr'>per</span> <span class='ocrx_word' id='word_1_1236' title='bbox 2232 1851 2261 1868; x_wconf 91' lang='lat' dir='ltr'>se</span> <span class='ocrx_word' id='word_1_1237' title='bbox 2275 1843 2360 1876; x_wconf 89' lang='lat' dir='ltr'>primo</span> <span class='ocrx_word' id='word_1_1238' title='bbox 2374 1843 2465 1868; x_wconf 91' lang='lat' dir='ltr'>dicitur</span> 
     </span>
     <span class='ocr_line' id='line_1_126' title="bbox 1402 1878 2466 1911; baseline 0.001 -9"><span class='ocrx_word' id='word_1_1239' title='bbox 1402 1878 1434 1902; x_wconf 90' lang='lat' dir='ltr'>de</span> <span class='ocrx_word' id='word_1_1240' title='bbox 1453 1885 1505 1903; x_wconf 83' lang='lat' dir='ltr'>uno</span> <span class='ocrx_word' id='word_1_1241' title='bbox 1523 1878 1568 1902; x_wconf 89' lang='lat' dir='ltr'>illo</span> <span class='ocrx_word' id='word_1_1242' title='bbox 1587 1878 1759 1908; x_wconf 77' lang='lat' dir='ltr'>innominatu,</span> <span class='ocrx_word' id='word_1_1243' title='bbox 1774 1879 1843 1911; x_wconf 90' lang='lat' dir='ltr'>quod</span> <span class='ocrx_word' id='word_1_1244' title='bbox 1859 1884 1899 1903; x_wconf 91' lang='lat' dir='ltr'>est</span> <span class='ocrx_word' id='word_1_1245' title='bbox 1911 1887 1992 1911; x_wconf 88' lang='lat' dir='ltr'>genus</span> <span class='ocrx_word' id='word_1_1246' title='bbox 2011 1879 2043 1903; x_wconf 91' lang='lat' dir='ltr'>ad</span> <span class='ocrx_word' id='word_1_1247' title='bbox 2058 1879 2113 1908; x_wconf 84' lang='lat' dir='ltr'>illa;</span> <span class='ocrx_word' id='word_1_1248' title='bbox 2128 1879 2194 1903; x_wconf 88' lang='lat' dir='ltr'>sicut</span> <span class='ocrx_word' id='word_1_1249' title='bbox 2207 1879 2358 1903; x_wconf 83' lang='lat' dir='ltr'>sensitivum</span> <span class='ocrx_word' id='word_1_1250' title='bbox 2373 1879 2466 1903; x_wconf 86' lang='lat' dir='ltr'>dicitur</span> 
     </span>
     <span class='ocr_line' id='line_1_127' title="bbox 1396 1914 2463 1946; baseline 0 -8"><span class='ocrx_word' id='word_1_1251' title='bbox 1396 1920 1449 1945; x_wconf 83' lang='lat' dir='ltr'>per</span> <span class='ocrx_word' id='word_1_1252' title='bbox 1466 1921 1494 1938; x_wconf 84' lang='lat' dir='ltr'>se</span> <span class='ocrx_word' id='word_1_1253' title='bbox 1512 1914 1544 1938; x_wconf 90' lang='lat' dir='ltr'>de</span> <span class='ocrx_word' id='word_1_1254' title='bbox 1562 1914 1675 1944; x_wconf 82' lang='lat' dir='ltr'>homine,</span> <span class='ocrx_word' id='word_1_1255' title='bbox 1690 1914 1736 1938; x_wconf 92' lang='lat' dir='ltr'>sed</span> <span class='ocrx_word' id='word_1_1256' title='bbox 1749 1921 1802 1946; x_wconf 86' lang='lat' dir='ltr'>per</span> <span class='ocrx_word' id='word_1_1257' title='bbox 1819 1921 1847 1939; x_wconf 81' lang='lat' dir='ltr'>se</span> <span class='ocrx_word' id='word_1_1258' title='bbox 1859 1915 1951 1946; x_wconf 82' lang='lat' dir='ltr'>primo</span> <span class='ocrx_word' id='word_1_1259' title='bbox 1970 1922 2021 1939; x_wconf 91' lang='lat' dir='ltr'>non</span> <span class='ocrx_word' id='word_1_1260' title='bbox 2041 1915 2073 1939; x_wconf 90' lang='lat' dir='ltr'>de</span> <span class='ocrx_word' id='word_1_1261' title='bbox 2090 1914 2197 1938; x_wconf 90' lang='lat' dir='ltr'>homine</span> <span class='ocrx_word' id='word_1_1262' title='bbox 2219 1919 2270 1944; x_wconf 88' lang='lat' dir='ltr'>est,</span> <span class='ocrx_word' id='word_1_1263' title='bbox 2289 1914 2336 1938; x_wconf 88' lang='lat' dir='ltr'>sed</span> <span class='ocrx_word' id='word_1_1264' title='bbox 2359 1914 2392 1938; x_wconf 88' lang='lat' dir='ltr'>de</span> <span class='ocrx_word' id='word_1_1265' title='bbox 2409 1914 2463 1938; x_wconf 83' lang='lat' dir='ltr'>ani-</span> 
     </span>
     <span class='ocr_line' id='line_1_128' title="bbox 1402 1948 2462 1981; baseline 0.002 -9"><span class='ocrx_word' id='word_1_1266' title='bbox 1402 1948 1462 1972; x_wconf 89' lang='lat' dir='ltr'>mali</span> <span class='ocrx_word' id='word_1_1267' title='bbox 1482 1948 1532 1981; x_wconf 80' lang='lat' dir='ltr'>(Cf.</span> <span class='ocrx_word' id='word_1_1268' title='bbox 1547 1949 1601 1981; x_wconf 89' lang='lat' dir='ltr'>ib.).</span> <span class='ocrx_word' id='word_1_1269' title='bbox 1616 1949 1682 1973; x_wconf 91' lang='lat' dir='ltr'>Cum</span> <span class='ocrx_word' id='word_1_1270' title='bbox 1702 1956 1764 1981; x_wconf 88' lang='lat' dir='ltr'>ergo</span> <span class='ocrx_word' id='word_1_1271' title='bbox 1782 1949 1928 1974; x_wconf 86' lang='lat' dir='ltr'>universale</span> <span class='ocrx_word' id='word_1_1272' title='bbox 1947 1949 1980 1974; x_wconf 90' lang='lat' dir='ltr'>sit</span> <span class='ocrx_word' id='word_1_1273' title='bbox 1998 1950 2023 1974; x_wconf 93' lang='lat' dir='ltr'>id</span> <span class='ocrx_word' id='word_1_1274' title='bbox 2042 1950 2112 1981; x_wconf 91' lang='lat' dir='ltr'>quod</span> <span class='ocrx_word' id='word_1_1275' title='bbox 2132 1949 2222 1973; x_wconf 89' lang='lat' dir='ltr'>dicitur</span> <span class='ocrx_word' id='word_1_1276' title='bbox 2245 1956 2292 1981; x_wconf 91' lang='lat' dir='ltr'>per</span> <span class='ocrx_word' id='word_1_1277' title='bbox 2310 1957 2340 1973; x_wconf 90' lang='lat' dir='ltr'>se</span> <span class='ocrx_word' id='word_1_1278' title='bbox 2354 1949 2462 1981; x_wconf 83' lang='lat' dir='ltr'>primo,</span> 
     </span>
     <span class='ocr_line' id='line_1_129' title="bbox 1402 1981 2463 2017; baseline 0 -9"><span class='ocrx_word' id='word_1_1279' title='bbox 1402 1991 1454 2008; x_wconf 92' lang='lat' dir='ltr'>non</span> <span class='ocrx_word' id='word_1_1280' title='bbox 1481 1989 1550 2009; x_wconf 90' lang='lat' dir='ltr'>recte</span> <span class='ocrx_word' id='word_1_1281' title='bbox 1568 1984 1675 2009; x_wconf 84' lang='lat' dir='ltr'>infertur</span> <span class='ocrx_word' id='word_1_1282' title='bbox 1701 1984 1794 2008; x_wconf 88' lang='lat' dir='ltr'>illatio:</span> <span class='ocrx_word' id='word_1_1283' title='bbox 1817 1991 1882 2017; x_wconf 84' lang='lat' dir='ltr'>ergo</span> <span class='ocrx_word' id='word_1_1284' title='bbox 1901 1991 1955 2010; x_wconf 76' lang='lat' dir='ltr'>esse</span> <span class='ocrx_word' id='word_1_1285' title='bbox 1974 1989 2027 2009; x_wconf 88' lang='lat' dir='ltr'>etc:</span> <span class='ocrx_word' id='word_1_1286' title='bbox 2042 1986 2084 2009; x_wconf 76' lang='grc' dir='ltr'>νῦν</span> <span class='ocrx_word' id='word_1_1287' title='bbox 2103 1981 2130 2008; x_wconf 79' lang='grc' dir='ltr'>δὲ</span> <span class='ocrx_word' id='word_1_1288' title='bbox 2149 1982 2262 2008; x_wconf 76' lang='grc' dir='ltr'>καθόλου</span> <span class='ocrx_word' id='word_1_1289' title='bbox 2285 1982 2419 2009; x_wconf 78' lang='grc' dir='ltr'>δείκνυται.</span> <span class='ocrx_word' id='word_1_1290' title='bbox 2434 1985 2463 2009; x_wconf 90' lang='lat' dir='ltr'>In</span> 
     </span>
     <span class='ocr_line' id='line_1_130' title="bbox 1401 2019 2463 2052; baseline 0 -8"><span class='ocrx_word' id='word_1_1291' title='bbox 1401 2019 1486 2052; x_wconf 88' lang='lat' dir='ltr'>primo</span> <span class='ocrx_word' id='word_1_1292' title='bbox 1505 2020 1624 2052; x_wconf 88' lang='lat' dir='ltr'>exemplo</span> <span class='ocrx_word' id='word_1_1293' title='bbox 1643 2020 1675 2044; x_wconf 90' lang='lat' dir='ltr'>de</span> <span class='ocrx_word' id='word_1_1294' title='bbox 1693 2019 1767 2044; x_wconf 88' lang='lat' dir='ltr'>lineis</span> <span class='ocrx_word' id='word_1_1295' title='bbox 1785 2020 1913 2052; x_wconf 89' lang='lat' dir='ltr'>parallelis</span> <span class='ocrx_word' id='word_1_1296' title='bbox 1932 2020 2092 2044; x_wconf 88' lang='lat' dir='ltr'>concluditur</span> <span class='ocrx_word' id='word_1_1297' title='bbox 2105 2027 2198 2044; x_wconf 84' lang='lat' dir='ltr'>omnes</span> <span class='ocrx_word' id='word_1_1298' title='bbox 2217 2019 2298 2044; x_wconf 87' lang='lat' dir='ltr'>lineas</span> <span class='ocrx_word' id='word_1_1299' title='bbox 2316 2024 2406 2050; x_wconf 84' lang='lat' dir='ltr'>rectas,</span> <span class='ocrx_word' id='word_1_1300' title='bbox 2421 2027 2463 2044; x_wconf 84' lang='lat' dir='ltr'>se-</span> 
     </span>
     <span class='ocr_line' id='line_1_131' title="bbox 1401 2054 2462 2088; baseline 0 -9"><span class='ocrx_word' id='word_1_1301' title='bbox 1401 2055 1516 2079; x_wconf 89' lang='lat' dir='ltr'>cundum</span> <span class='ocrx_word' id='word_1_1302' title='bbox 1535 2055 1605 2088; x_wconf 93' lang='lat' dir='ltr'>quod</span> <span class='ocrx_word' id='word_1_1303' title='bbox 1624 2059 1707 2079; x_wconf 87' lang='lat' dir='ltr'>rectae</span> <span class='ocrx_word' id='word_1_1304' title='bbox 1726 2059 1803 2084; x_wconf 87' lang='lat' dir='ltr'>sunt,</span> <span class='ocrx_word' id='word_1_1305' title='bbox 1824 2062 1883 2079; x_wconf 87' lang='lat' dir='ltr'>esse</span> <span class='ocrx_word' id='word_1_1306' title='bbox 1901 2055 2054 2087; x_wconf 85' lang='lat' dir='ltr'>parallelas,</span> <span class='ocrx_word' id='word_1_1307' title='bbox 2078 2055 2139 2087; x_wconf 86' lang='lat' dir='ltr'>quia</span> <span class='ocrx_word' id='word_1_1308' title='bbox 2157 2055 2190 2078; x_wconf 87' lang='lat' dir='ltr'>de</span> <span class='ocrx_word' id='word_1_1309' title='bbox 2208 2055 2363 2086; x_wconf 87' lang='lat' dir='ltr'>quibusdam</span> <span class='ocrx_word' id='word_1_1310' title='bbox 2389 2054 2462 2079; x_wconf 86' lang='lat' dir='ltr'>lineis</span> 
     </span>
     <span class='ocr_line' id='line_1_132' title="bbox 1401 2082 2463 2123; baseline 0.001 -9"><span class='ocrx_word' id='word_1_1311' title='bbox 1401 2090 1476 2114; x_wconf 89' lang='lat' dir='ltr'>rectis</span> <span class='ocrx_word' id='word_1_1312' title='bbox 1495 2089 1544 2114; x_wconf 87' lang='lat' dir='ltr'>hoc</span> <span class='ocrx_word' id='word_1_1313' title='bbox 1558 2090 1765 2115; x_wconf 88' lang='lat' dir='ltr'>demonstratum</span> <span class='ocrx_word' id='word_1_1314' title='bbox 1779 2094 1826 2120; x_wconf 86' lang='lat' dir='ltr'>est,</span> <span class='ocrx_word' id='word_1_1315' title='bbox 1839 2088 1880 2114; x_wconf 79' lang='grc' dir='ltr'>διὰ</span> <span class='ocrx_word' id='word_1_1316' title='bbox 1900 2087 1931 2115; x_wconf 85' lang='grc' dir='ltr'>τὸ</span> <span class='ocrx_word' id='word_1_1317' title='bbox 1951 2087 1991 2114; x_wconf 68' lang='grc' dir='ltr'>ἐπὶ</span> <span class='ocrx_word' id='word_1_1318' title='bbox 2010 2091 2099 2115; x_wconf 78' lang='grc' dir='ltr'>πασῶν</span> <span class='ocrx_word' id='word_1_1319' title='bbox 2113 2082 2177 2114; x_wconf 81' lang='grc' dir='ltr'>εἷναι</span> <span class='ocrx_word' id='word_1_1320' title='bbox 2192 2091 2241 2114; x_wconf 84' lang='grc' dir='ltr'>τῶν</span> <span class='ocrx_word' id='word_1_1321' title='bbox 2256 2088 2352 2123; x_wconf 71' lang='grc' dir='ltr'><strong>ὀρθῶντ</strong></span> <span class='ocrx_word' id='word_1_1322' title='bbox 2368 2097 2463 2123; x_wconf 89' lang='lat' dir='ltr'>nempe</span> 
     </span>
     <span class='ocr_line' id='line_1_133' title="bbox 1401 2125 2462 2158; baseline 0.001 -9"><span class='ocrx_word' id='word_1_1323' title='bbox 1401 2125 1508 2150; x_wconf 88' lang='lat' dir='ltr'>laeditur</span> <span class='ocrx_word' id='word_1_1324' title='bbox 1521 2125 1667 2150; x_wconf 87' lang='lat' dir='ltr'>universale</span> <span class='ocrx_word' id='word_1_1325' title='bbox 1685 2125 1710 2149; x_wconf 93' lang='lat' dir='ltr'>in</span> <span class='ocrx_word' id='word_1_1326' title='bbox 1729 2133 1760 2150; x_wconf 88' lang='lat' dir='ltr'>eo</span> <span class='ocrx_word' id='word_1_1327' title='bbox 1774 2126 1846 2158; x_wconf 91' lang='lat' dir='ltr'>quod</span> <span class='ocrx_word' id='word_1_1328' title='bbox 1860 2130 1900 2150; x_wconf 89' lang='lat' dir='ltr'>est</span> <span class='ocrx_word' id='word_1_1329' title='bbox 1914 2125 1962 2150; x_wconf 92' lang='lat' dir='ltr'>dici</span> <span class='ocrx_word' id='word_1_1330' title='bbox 1979 2125 2012 2150; x_wconf 85' lang='lat' dir='ltr'>de</span> <span class='ocrx_word' id='word_1_1331' title='bbox 2025 2125 2110 2150; x_wconf 84' lang='lat' dir='ltr'>omni:</span> <span class='ocrx_word' id='word_1_1332' title='bbox 2123 2125 2311 2157; x_wconf 87' lang='lat' dir='ltr'>parallelismus</span> <span class='ocrx_word' id='word_1_1333' title='bbox 2326 2125 2395 2150; x_wconf 90' lang='lat' dir='ltr'>enim</span> <span class='ocrx_word' id='word_1_1334' title='bbox 2409 2133 2462 2150; x_wconf 86' lang='lat' dir='ltr'>non</span> 
     </span>
     <span class='ocr_line' id='line_1_134' title="bbox 1401 2160 2462 2193; baseline 0 -9"><span class='ocrx_word' id='word_1_1335' title='bbox 1401 2160 1491 2184; x_wconf 87' lang='lat' dir='ltr'>dicitur</span> <span class='ocrx_word' id='word_1_1336' title='bbox 1510 2161 1542 2185; x_wconf 93' lang='lat' dir='ltr'>de</span> <span class='ocrx_word' id='word_1_1337' title='bbox 1559 2160 1681 2185; x_wconf 89' lang='lat' dir='ltr'>omnibus</span> <span class='ocrx_word' id='word_1_1338' title='bbox 1700 2160 1773 2184; x_wconf 88' lang='lat' dir='ltr'>lineis</span> <span class='ocrx_word' id='word_1_1339' title='bbox 1787 2161 1871 2190; x_wconf 89' lang='lat' dir='ltr'>rectis,</span> <span class='ocrx_word' id='word_1_1340' title='bbox 1891 2161 1937 2185; x_wconf 93' lang='lat' dir='ltr'>sed</span> <span class='ocrx_word' id='word_1_1341' title='bbox 1956 2160 1988 2185; x_wconf 89' lang='lat' dir='ltr'>de</span> <span class='ocrx_word' id='word_1_1342' title='bbox 2006 2161 2082 2184; x_wconf 89' lang='lat' dir='ltr'>rectis</span> <span class='ocrx_word' id='word_1_1343' title='bbox 2101 2165 2228 2192; x_wconf 88' lang='lat' dir='ltr'>quatenus</span> <span class='ocrx_word' id='word_1_1344' title='bbox 2247 2165 2307 2184; x_wconf 89' lang='lat' dir='ltr'>sunt</span> <span class='ocrx_word' id='word_1_1345' title='bbox 2324 2167 2406 2193; x_wconf 90' lang='lat' dir='ltr'>aeque</span> <span class='ocrx_word' id='word_1_1346' title='bbox 2425 2160 2462 2185; x_wconf 90' lang='lat' dir='ltr'>di-</span> 
     </span>
     <span class='ocr_line' id='line_1_135' title="bbox 1401 2195 2462 2228; baseline 0 -8"><span class='ocrx_word' id='word_1_1347' title='bbox 1401 2201 1510 2226; x_wconf 81' lang='lat' dir='ltr'>stantes;</span> <span class='ocrx_word' id='word_1_1348' title='bbox 1526 2201 1551 2220; x_wconf 88' lang='lat' dir='ltr'>et</span> <span class='ocrx_word' id='word_1_1349' title='bbox 1569 2196 1627 2220; x_wconf 85' lang='lat' dir='ltr'>ideo</span> <span class='ocrx_word' id='word_1_1350' title='bbox 1645 2195 1708 2220; x_wconf 85' lang='lat' dir='ltr'>haec</span> <span class='ocrx_word' id='word_1_1351' title='bbox 1722 2195 1877 2228; x_wconf 90' lang='lat' dir='ltr'>propositio:</span> <span class='ocrx_word' id='word_1_1352' title='bbox 1896 2196 1981 2220; x_wconf 82' lang='lat' dir='ltr'>lineae</span> <span class='ocrx_word' id='word_1_1353' title='bbox 1999 2199 2086 2220; x_wconf 80' lang='lat' dir='ltr'>rectae</span> <span class='ocrx_word' id='word_1_1354' title='bbox 2103 2198 2166 2220; x_wconf 81' lang='lat' dir='ltr'>sunt</span> <span class='ocrx_word' id='word_1_1355' title='bbox 2178 2195 2332 2227; x_wconf 82' lang='lat' dir='ltr'>parallelae,</span> <span class='ocrx_word' id='word_1_1356' title='bbox 2347 2203 2399 2220; x_wconf 91' lang='lat' dir='ltr'>non</span> <span class='ocrx_word' id='word_1_1357' title='bbox 2418 2203 2462 2220; x_wconf 87' lang='lat' dir='ltr'>so-</span> 
     </span>
     <span class='ocr_line' id='line_1_136' title="bbox 1400 2230 2462 2263; baseline -0.001 -8"><span class='ocrx_word' id='word_1_1358' title='bbox 1400 2230 1455 2255; x_wconf 89' lang='lat' dir='ltr'>lum</span> <span class='ocrx_word' id='word_1_1359' title='bbox 1474 2239 1525 2255; x_wconf 89' lang='lat' dir='ltr'>non</span> <span class='ocrx_word' id='word_1_1360' title='bbox 1545 2236 1585 2255; x_wconf 90' lang='lat' dir='ltr'>est</span> <span class='ocrx_word' id='word_1_1361' title='bbox 1601 2231 1745 2255; x_wconf 81' lang='lat' dir='ltr'>secundum</span> <span class='ocrx_word' id='word_1_1362' title='bbox 1763 2230 1835 2263; x_wconf 79' lang='lat' dir='ltr'>quod</span> <span class='ocrx_word' id='word_1_1363' title='bbox 1852 2231 1937 2262; x_wconf 83' lang='lat' dir='ltr'>ipsum</span> <span class='ocrx_word' id='word_1_1364' title='bbox 1957 2238 2004 2255; x_wconf 83' lang='lat' dir='ltr'>seu</span> <span class='ocrx_word' id='word_1_1365' title='bbox 2017 2230 2116 2262; x_wconf 86' lang='lat' dir='ltr'>primo,</span> <span class='ocrx_word' id='word_1_1366' title='bbox 2136 2237 2221 2262; x_wconf 90' lang='lat' dir='ltr'>neque</span> <span class='ocrx_word' id='word_1_1367' title='bbox 2238 2235 2279 2254; x_wconf 86' lang='lat' dir='ltr'>est</span> <span class='ocrx_word' id='word_1_1368' title='bbox 2291 2237 2344 2262; x_wconf 81' lang='lat' dir='ltr'>per</span> <span class='ocrx_word' id='word_1_1369' title='bbox 2360 2237 2395 2260; x_wconf 81' lang='lat' dir='ltr'>se,</span> <span class='ocrx_word' id='word_1_1370' title='bbox 2415 2231 2462 2255; x_wconf 89' lang='lat' dir='ltr'>sed</span> 
     </span>
     <span class='ocr_line' id='line_1_137' title="bbox 1400 2265 2463 2298; baseline 0 -8"><span class='ocrx_word' id='word_1_1371' title='bbox 1400 2273 1447 2290; x_wconf 87' lang='lat' dir='ltr'>nec</span> <span class='ocrx_word' id='word_1_1372' title='bbox 1466 2266 1543 2290; x_wconf 84' lang='lat' dir='ltr'>etiam</span> <span class='ocrx_word' id='word_1_1373' title='bbox 1561 2271 1601 2290; x_wconf 89' lang='lat' dir='ltr'>est</span> <span class='ocrx_word' id='word_1_1374' title='bbox 1619 2266 1652 2290; x_wconf 87' lang='lat' dir='ltr'>de</span> <span class='ocrx_word' id='word_1_1375' title='bbox 1669 2266 1750 2290; x_wconf 85' lang='lat' dir='ltr'>omni.</span> <span class='ocrx_word' id='word_1_1376' title='bbox 1769 2266 1803 2290; x_wconf 86' lang='lat' dir='ltr'>At</span> <span class='ocrx_word' id='word_1_1377' title='bbox 1820 2270 1908 2290; x_wconf 86' lang='lat' dir='ltr'>contra</span> <span class='ocrx_word' id='word_1_1378' title='bbox 1926 2265 1990 2290; x_wconf 91' lang='lat' dir='ltr'>haec</span> <span class='ocrx_word' id='word_1_1379' title='bbox 2003 2265 2161 2298; x_wconf 81' lang='lat' dir='ltr'>propositio:</span> <span class='ocrx_word' id='word_1_1380' title='bbox 2175 2265 2260 2290; x_wconf 79' lang='lat' dir='ltr'>lineae</span> <span class='ocrx_word' id='word_1_1381' title='bbox 2274 2269 2361 2290; x_wconf 79' lang='lat' dir='ltr'>rectae</span> <span class='ocrx_word' id='word_1_1382' title='bbox 2379 2272 2463 2298; x_wconf 80' lang='lat' dir='ltr'>aeque</span> 
     </span>
     <span class='ocr_line' id='line_1_138' title="bbox 1400 2300 2462 2332; baseline -0.001 -6"><span class='ocrx_word' id='word_1_1383' title='bbox 1400 2301 1529 2326; x_wconf 76' lang='lat' dir='ltr'>distantes</span> <span class='ocrx_word' id='word_1_1384' title='bbox 1547 2304 1610 2326; x_wconf 82' lang='lat' dir='ltr'>sunt</span> <span class='ocrx_word' id='word_1_1385' title='bbox 1622 2301 1777 2332; x_wconf 81' lang='lat' dir='ltr'>parallelae,</span> <span class='ocrx_word' id='word_1_1386' title='bbox 1792 2306 1832 2325; x_wconf 91' lang='lat' dir='ltr'>est</span> <span class='ocrx_word' id='word_1_1387' title='bbox 1850 2301 1883 2326; x_wconf 87' lang='lat' dir='ltr'>de</span> <span class='ocrx_word' id='word_1_1388' title='bbox 1900 2301 1980 2331; x_wconf 82' lang='lat' dir='ltr'>omni,</span> <span class='ocrx_word' id='word_1_1389' title='bbox 1990 2308 2043 2332; x_wconf 83' lang='lat' dir='ltr'>per</span> <span class='ocrx_word' id='word_1_1390' title='bbox 2060 2307 2087 2325; x_wconf 82' lang='lat' dir='ltr'>se</span> <span class='ocrx_word' id='word_1_1391' title='bbox 2105 2305 2131 2325; x_wconf 88' lang='lat' dir='ltr'>et</span> <span class='ocrx_word' id='word_1_1392' title='bbox 2145 2300 2243 2332; x_wconf 83' lang='lat' dir='ltr'>primo,</span> <span class='ocrx_word' id='word_1_1393' title='bbox 2258 2307 2305 2325; x_wconf 89' lang='lat' dir='ltr'>seu</span> <span class='ocrx_word' id='word_1_1394' title='bbox 2318 2301 2462 2325; x_wconf 88' lang='lat' dir='ltr'>secundum</span> 
     </span>
     <span class='ocr_line' id='line_1_139' title="bbox 1400 2335 2461 2368; baseline 0 -8"><span class='ocrx_word' id='word_1_1395' title='bbox 1400 2337 1471 2368; x_wconf 92' lang='lat' dir='ltr'>quod</span> <span class='ocrx_word' id='word_1_1396' title='bbox 1491 2336 1573 2361; x_wconf 88' lang='lat' dir='ltr'>lineae</span> <span class='ocrx_word' id='word_1_1397' title='bbox 1591 2341 1674 2360; x_wconf 86' lang='lat' dir='ltr'>rectae</span> <span class='ocrx_word' id='word_1_1398' title='bbox 1693 2341 1753 2360; x_wconf 87' lang='lat' dir='ltr'>sunt</span> <span class='ocrx_word' id='word_1_1399' title='bbox 1771 2343 1854 2368; x_wconf 90' lang='lat' dir='ltr'>aeque</span> <span class='ocrx_word' id='word_1_1400' title='bbox 1872 2336 2004 2360; x_wconf 87' lang='lat' dir='ltr'>distantes.</span> <span class='ocrx_word' id='word_1_1401' title='bbox 2026 2336 2102 2366; x_wconf 91' lang='lat' dir='ltr'>Quod</span> <span class='ocrx_word' id='word_1_1402' title='bbox 2120 2335 2142 2360; x_wconf 90' lang='lat' dir='ltr'>si</span> <span class='ocrx_word' id='word_1_1403' title='bbox 2161 2343 2270 2368; x_wconf 85' lang='lat' dir='ltr'>quaeras</span> <span class='ocrx_word' id='word_1_1404' title='bbox 2289 2343 2335 2360; x_wconf 90' lang='lat' dir='ltr'>cur</span> <span class='ocrx_word' id='word_1_1405' title='bbox 2352 2336 2461 2360; x_wconf 86' lang='lat' dir='ltr'>alterum</span> 
     </span>
     <span class='ocr_line' id='line_1_140' title="bbox 1399 2370 2460 2404; baseline 0 -9"><span class='ocrx_word' id='word_1_1406' title='bbox 1399 2371 1546 2404; x_wconf 85' lang='lat' dir='ltr'>exemplum</span> <span class='ocrx_word' id='word_1_1407' title='bbox 1565 2372 1597 2395; x_wconf 91' lang='lat' dir='ltr'>de</span> <span class='ocrx_word' id='word_1_1408' title='bbox 1615 2379 1667 2396; x_wconf 87' lang='lat' dir='ltr'>una</span> <span class='ocrx_word' id='word_1_1409' title='bbox 1681 2371 1825 2403; x_wconf 89' lang='lat' dir='ltr'>eademque</span> <span class='ocrx_word' id='word_1_1410' title='bbox 1843 2379 1871 2396; x_wconf 92' lang='lat' dir='ltr'>re</span> <span class='ocrx_word' id='word_1_1411' title='bbox 1889 2371 2008 2396; x_wconf 83' lang='lat' dir='ltr'>adiecerit</span> <span class='ocrx_word' id='word_1_1412' title='bbox 2025 2370 2178 2395; x_wconf 88' lang='lat' dir='ltr'>Aristoteles</span> <span class='ocrx_word' id='word_1_1413' title='bbox 2196 2371 2336 2402; x_wconf 88' lang='lat' dir='ltr'>respondet</span> <span class='ocrx_word' id='word_1_1414' title='bbox 2353 2370 2460 2396; x_wconf 84' lang='lat' dir='ltr'>Themi-</span> 
     </span>
     <span class='ocr_line' id='line_1_141' title="bbox 1399 2406 2462 2439; baseline 0 -8"><span class='ocrx_word' id='word_1_1415' title='bbox 1399 2407 1476 2431; x_wconf 81' lang='lat' dir='ltr'>stius:</span> <span class='ocrx_word' id='word_1_1416' title='bbox 1490 2411 1596 2439; x_wconf 91' lang='lat' dir='ltr'>propter</span> <span class='ocrx_word' id='word_1_1417' title='bbox 1605 2414 1687 2438; x_wconf 89' lang='lat' dir='ltr'>genus</span> <span class='ocrx_word' id='word_1_1418' title='bbox 1701 2406 1898 2436; x_wconf 81' lang='lat' dir='ltr'>innominatum,</span> <span class='ocrx_word' id='word_1_1419' title='bbox 1913 2406 1973 2439; x_wconf 87' lang='lat' dir='ltr'>quia</span> <span class='ocrx_word' id='word_1_1420' title='bbox 1982 2406 2008 2430; x_wconf 90' lang='lat' dir='ltr'>in</span> <span class='ocrx_word' id='word_1_1421' title='bbox 2022 2406 2053 2430; x_wconf 90' lang='lat' dir='ltr'>iis</span> <span class='ocrx_word' id='word_1_1422' title='bbox 2067 2406 2093 2430; x_wconf 90' lang='lat' dir='ltr'>in</span> <span class='ocrx_word' id='word_1_1423' title='bbox 2104 2406 2200 2439; x_wconf 87' lang='lat' dir='ltr'>quibus</span> <span class='ocrx_word' id='word_1_1424' title='bbox 2214 2406 2375 2430; x_wconf 90' lang='lat' dir='ltr'>nominatum</span> <span class='ocrx_word' id='word_1_1425' title='bbox 2389 2414 2462 2431; x_wconf 90' lang='lat' dir='ltr'>com-</span> 
     </span>
     <span class='ocr_line' id='line_1_142' title="bbox 1400 2440 2461 2474; baseline -0.001 -8"><span class='ocrx_word' id='word_1_1426' title='bbox 1400 2449 1478 2466; x_wconf 92' lang='lat' dir='ltr'>mune</span> <span class='ocrx_word' id='word_1_1427' title='bbox 1497 2442 1604 2466; x_wconf 85' lang='lat' dir='ltr'>habetur</span> <span class='ocrx_word' id='word_1_1428' title='bbox 1623 2441 1663 2474; x_wconf 90' lang='lat' dir='ltr'>(ut</span> <span class='ocrx_word' id='word_1_1429' title='bbox 1675 2441 1817 2473; x_wconf 78' lang='lat' dir='ltr'>triangulus</span> <span class='ocrx_word' id='word_1_1430' title='bbox 1831 2442 1858 2466; x_wconf 91' lang='lat' dir='ltr'>in</span> <span class='ocrx_word' id='word_1_1431' title='bbox 1871 2442 1992 2474; x_wconf 91' lang='lat' dir='ltr'>exemplo</span> <span class='ocrx_word' id='word_1_1432' title='bbox 2005 2442 2038 2466; x_wconf 90' lang='lat' dir='ltr'>de</span> <span class='ocrx_word' id='word_1_1433' title='bbox 2055 2440 2175 2474; x_wconf 86' lang='lat' dir='ltr'>isoscele)</span> <span class='ocrx_word' id='word_1_1434' title='bbox 2188 2440 2241 2465; x_wconf 83' lang='lat' dir='ltr'>falli</span> <span class='ocrx_word' id='word_1_1435' title='bbox 2255 2448 2308 2465; x_wconf 92' lang='lat' dir='ltr'>non</span> <span class='ocrx_word' id='word_1_1436' title='bbox 2320 2441 2394 2466; x_wconf 82' lang='lat' dir='ltr'>facile</span> <span class='ocrx_word' id='word_1_1437' title='bbox 2407 2446 2461 2473; x_wconf 83' lang='lat' dir='ltr'>est;</span> 
     </span>
     <span class='ocr_line' id='line_1_143' title="bbox 1399 2474 2460 2509; baseline -0.001 -8"><span class='ocrx_word' id='word_1_1438' title='bbox 1399 2477 1424 2501; x_wconf 88' lang='lat' dir='ltr'>in</span> <span class='ocrx_word' id='word_1_1439' title='bbox 1443 2477 1539 2509; x_wconf 83' lang='lat' dir='ltr'>quibus</span> <span class='ocrx_word' id='word_1_1440' title='bbox 1557 2484 1620 2501; x_wconf 84' lang='lat' dir='ltr'>vero</span> <span class='ocrx_word' id='word_1_1441' title='bbox 1638 2484 1690 2501; x_wconf 93' lang='lat' dir='ltr'>non</span> <span class='ocrx_word' id='word_1_1442' title='bbox 1708 2476 1816 2501; x_wconf 88' lang='lat' dir='ltr'>habetur</span> <span class='ocrx_word' id='word_1_1443' title='bbox 1834 2475 1874 2509; x_wconf 87' lang='lat' dir='ltr'>(ut</span> <span class='ocrx_word' id='word_1_1444' title='bbox 1892 2476 1918 2500; x_wconf 91' lang='lat' dir='ltr'>in</span> <span class='ocrx_word' id='word_1_1445' title='bbox 1936 2476 2060 2506; x_wconf 89' lang='lat' dir='ltr'>numeris,</span> <span class='ocrx_word' id='word_1_1446' title='bbox 2080 2476 2164 2509; x_wconf 85' lang='lat' dir='ltr'>lineis)</span> <span class='ocrx_word' id='word_1_1447' title='bbox 2182 2475 2255 2501; x_wconf 86' lang='lat' dir='ltr'>facile</span> <span class='ocrx_word' id='word_1_1448' title='bbox 2270 2474 2307 2508; x_wconf 87' lang='lat' dir='ltr'>(in</span> <span class='ocrx_word' id='word_1_1449' title='bbox 2326 2476 2460 2506; x_wconf 79' lang='lat' dir='ltr'>11²oster.,</span> 
     </span>
     <span class='ocr_line' id='line_1_144' title="bbox 1399 2511 2461 2545; baseline -0.001 -9"><span class='ocrx_word' id='word_1_1450' title='bbox 1399 2519 1454 2545; x_wconf 87' lang='lat' dir='ltr'>cap.</span> <span class='ocrx_word' id='word_1_1451' title='bbox 1468 2520 1526 2543; x_wconf 79' lang='lat' dir='ltr'>xm,</span> <span class='ocrx_word' id='word_1_1452' title='bbox 1545 2519 1604 2544; x_wconf 87' lang='lat' dir='ltr'>pag.</span> <span class='ocrx_word' id='word_1_1453' title='bbox 1621 2511 1671 2545; x_wconf 88' lang='grc' dir='ltr'>ιο).</span> <span class='ocrx_word' id='word_1_1454' title='bbox 1691 2511 1764 2542; x_wconf 91' lang='lat' dir='ltr'>Quae</span> <span class='ocrx_word' id='word_1_1455' title='bbox 1783 2512 1870 2536; x_wconf 89' lang='lat' dir='ltr'>omnia</span> <span class='ocrx_word' id='word_1_1456' title='bbox 1887 2516 1917 2536; x_wconf 92' lang='lat' dir='ltr'>ut</span> <span class='ocrx_word' id='word_1_1457' title='bbox 1934 2511 2022 2544; x_wconf 85' lang='lat' dir='ltr'>paucis</span> <span class='ocrx_word' id='word_1_1458' title='bbox 2041 2512 2244 2544; x_wconf 86' lang='lat' dir='ltr'>complectamur</span> <span class='ocrx_word' id='word_1_1459' title='bbox 2262 2511 2370 2536; x_wconf 84' lang='lat' dir='ltr'>dicimus</span> <span class='ocrx_word' id='word_1_1460' title='bbox 2389 2512 2461 2544; x_wconf 92' lang='lat' dir='ltr'>quod</span> 
     </span>
     <span class='ocr_line' id='line_1_145' title="bbox 1399 2546 2462 2580; baseline 0 -9"><span class='ocrx_word' id='word_1_1461' title='bbox 1399 2547 1483 2580; x_wconf 87' lang='lat' dir='ltr'>primo</span> <span class='ocrx_word' id='word_1_1462' title='bbox 1502 2548 1581 2572; x_wconf 90' lang='lat' dir='ltr'>modo</span> <span class='ocrx_word' id='word_1_1463' title='bbox 1597 2551 1696 2571; x_wconf 85' lang='lat' dir='ltr'>erratur</span> <span class='ocrx_word' id='word_1_1464' title='bbox 1708 2547 1773 2571; x_wconf 87' lang='lat' dir='ltr'>circa</span> <span class='ocrx_word' id='word_1_1465' title='bbox 1786 2546 1940 2577; x_wconf 85' lang='lat' dir='ltr'>universale,</span> <span class='ocrx_word' id='word_1_1466' title='bbox 1953 2546 2096 2572; x_wconf 83' lang='lat' dir='ltr'>secundum</span> <span class='ocrx_word' id='word_1_1467' title='bbox 2115 2546 2187 2579; x_wconf 81' lang='lat' dir='ltr'>quod</span> <span class='ocrx_word' id='word_1_1468' title='bbox 2205 2546 2298 2578; x_wconf 80' lang='lat' dir='ltr'>ipsum,</span> <span class='ocrx_word' id='word_1_1469' title='bbox 2314 2554 2361 2571; x_wconf 92' lang='lat' dir='ltr'>seu</span> <span class='ocrx_word' id='word_1_1470' title='bbox 2379 2551 2408 2571; x_wconf 90' lang='lat' dir='ltr'>ut</span> <span class='ocrx_word' id='word_1_1471' title='bbox 2422 2553 2462 2571; x_wconf 88' lang='lat' dir='ltr'>est</span> 
     </span>
     <span class='ocr_line' id='line_1_146' title="bbox 1393 2581 2460 2615; baseline -0.001 -8"><span class='ocrx_word' id='word_1_1472' title='bbox 1393 2589 1446 2615; x_wconf 86' lang='lat' dir='ltr'>per</span> <span class='ocrx_word' id='word_1_1473' title='bbox 1463 2590 1491 2607; x_wconf 82' lang='lat' dir='ltr'>se</span> <span class='ocrx_word' id='word_1_1474' title='bbox 1503 2582 1603 2614; x_wconf 85' lang='lat' dir='ltr'>primo,</span> <span class='ocrx_word' id='word_1_1475' title='bbox 1618 2582 1723 2615; x_wconf 89' lang='lat' dir='ltr'>quando</span> <span class='ocrx_word' id='word_1_1476' title='bbox 1741 2589 1822 2614; x_wconf 85' lang='lat' dir='ltr'>genus</span> <span class='ocrx_word' id='word_1_1477' title='bbox 1841 2586 1882 2607; x_wconf 87' lang='lat' dir='ltr'>est</span> <span class='ocrx_word' id='word_1_1478' title='bbox 1898 2582 2074 2612; x_wconf 86' lang='lat' dir='ltr'>nominatum;</span> <span class='ocrx_word' id='word_1_1479' title='bbox 2093 2586 2119 2606; x_wconf 90' lang='lat' dir='ltr'>et</span> <span class='ocrx_word' id='word_1_1480' title='bbox 2137 2582 2169 2606; x_wconf 87' lang='lat' dir='ltr'>ad</span> <span class='ocrx_word' id='word_1_1481' title='bbox 2187 2581 2236 2606; x_wconf 90' lang='lat' dir='ltr'>hoc</span> <span class='ocrx_word' id='word_1_1482' title='bbox 2254 2581 2358 2614; x_wconf 87' lang='lat' dir='ltr'>ponitur</span> <span class='ocrx_word' id='word_1_1483' title='bbox 2373 2589 2460 2606; x_wconf 87' lang='lat' dir='ltr'>exem-</span> 
     </span>
     <span class='ocr_line' id='line_1_147' title="bbox 1398 2617 2460 2650; baseline -0.001 -8"><span class='ocrx_word' id='word_1_1484' title='bbox 1398 2618 1472 2650; x_wconf 87' lang='lat' dir='ltr'>plum</span> <span class='ocrx_word' id='word_1_1485' title='bbox 1491 2618 1610 2650; x_wconf 85' lang='lat' dir='ltr'>trianguli</span> <span class='ocrx_word' id='word_1_1486' title='bbox 1628 2617 1754 2647; x_wconf 75' lang='lat' dir='ltr'>isosceli5‚</span> <span class='ocrx_word' id='word_1_1487' title='bbox 1768 2617 1794 2641; x_wconf 92' lang='lat' dir='ltr'>in</span> <span class='ocrx_word' id='word_1_1488' title='bbox 1809 2624 1862 2649; x_wconf 88' lang='lat' dir='ltr'>quo</span> <span class='ocrx_word' id='word_1_1489' title='bbox 1880 2625 1970 2642; x_wconf 88' lang='lat' dir='ltr'>revera</span> <span class='ocrx_word' id='word_1_1490' title='bbox 1983 2625 2066 2650; x_wconf 86' lang='lat' dir='ltr'>genus</span> <span class='ocrx_word' id='word_1_1491' title='bbox 2080 2622 2121 2641; x_wconf 90' lang='lat' dir='ltr'>est</span> <span class='ocrx_word' id='word_1_1492' title='bbox 2133 2617 2302 2641; x_wconf 86' lang='lat' dir='ltr'>nominatum.</span> <span class='ocrx_word' id='word_1_1493' title='bbox 2311 2631 2331 2636; x_wconf 91' lang='lat'><em>-</em></span> <span class='ocrx_word' id='word_1_1494' title='bbox 2340 2617 2460 2642; x_wconf 87' lang='lat' dir='ltr'>Secundo</span> 
     </span>
     <span class='ocr_line' id='line_1_148' title="bbox 1398 2652 2460 2684; baseline -0.001 -7"><span class='ocrx_word' id='word_1_1495' title='bbox 1398 2653 1478 2677; x_wconf 88' lang='lat' dir='ltr'>modo</span> <span class='ocrx_word' id='word_1_1496' title='bbox 1492 2658 1590 2678; x_wconf 86' lang='lat' dir='ltr'>erratur</span> <span class='ocrx_word' id='word_1_1497' title='bbox 1603 2652 1668 2677; x_wconf 83' lang='lat' dir='ltr'>circa</span> <span class='ocrx_word' id='word_1_1498' title='bbox 1680 2652 1834 2683; x_wconf 83' lang='lat' dir='ltr'>universale,</span> <span class='ocrx_word' id='word_1_1499' title='bbox 1847 2657 1876 2677; x_wconf 90' lang='lat' dir='ltr'>ut</span> <span class='ocrx_word' id='word_1_1500' title='bbox 1889 2652 1982 2684; x_wconf 88' lang='lat' dir='ltr'>pariter</span> <span class='ocrx_word' id='word_1_1501' title='bbox 1996 2657 2036 2677; x_wconf 86' lang='lat' dir='ltr'>est</span> <span class='ocrx_word' id='word_1_1502' title='bbox 2044 2659 2096 2684; x_wconf 80' lang='lat' dir='ltr'>per</span> <span class='ocrx_word' id='word_1_1503' title='bbox 2108 2659 2136 2677; x_wconf 80' lang='lat' dir='ltr'>se</span> <span class='ocrx_word' id='word_1_1504' title='bbox 2145 2652 2243 2684; x_wconf 82' lang='lat' dir='ltr'>primo,</span> <span class='ocrx_word' id='word_1_1505' title='bbox 2259 2652 2363 2684; x_wconf 89' lang='lat' dir='ltr'>quando</span> <span class='ocrx_word' id='word_1_1506' title='bbox 2377 2659 2460 2684; x_wconf 87' lang='lat' dir='ltr'>genus</span> 
     </span>
     <span class='ocr_line' id='line_1_149' title="bbox 1397 2687 2460 2720; baseline -0.001 -8"><span class='ocrx_word' id='word_1_1507' title='bbox 1397 2693 1438 2712; x_wconf 87' lang='lat' dir='ltr'>est</span> <span class='ocrx_word' id='word_1_1508' title='bbox 1452 2688 1652 2713; x_wconf 86' lang='lat' dir='ltr'>innominatum:</span> <span class='ocrx_word' id='word_1_1509' title='bbox 1671 2692 1697 2712; x_wconf 89' lang='lat' dir='ltr'>et</span> <span class='ocrx_word' id='word_1_1510' title='bbox 1710 2688 1743 2712; x_wconf 89' lang='lat' dir='ltr'>ad</span> <span class='ocrx_word' id='word_1_1511' title='bbox 1761 2687 1810 2712; x_wconf 88' lang='lat' dir='ltr'>hoc</span> <span class='ocrx_word' id='word_1_1512' title='bbox 1823 2688 1933 2720; x_wconf 87' lang='lat' dir='ltr'>pertinet</span> <span class='ocrx_word' id='word_1_1513' title='bbox 1946 2688 2094 2720; x_wconf 89' lang='lat' dir='ltr'>exemplum</span> <span class='ocrx_word' id='word_1_1514' title='bbox 2108 2688 2140 2712; x_wconf 94' lang='lat' dir='ltr'>de</span> <span class='ocrx_word' id='word_1_1515' title='bbox 2154 2687 2268 2712; x_wconf 88' lang='lat' dir='ltr'>numeris</span> <span class='ocrx_word' id='word_1_1516' title='bbox 2283 2692 2339 2717; x_wconf 69' lang='lat' dir='ltr'>etc„</span> <span class='ocrx_word' id='word_1_1517' title='bbox 2350 2695 2460 2720; x_wconf 81' lang='lat' dir='ltr'>propor-</span> 
     </span>
     <span class='ocr_line' id='line_1_150' title="bbox 1397 2722 2461 2753; baseline -0.002 -5"><span class='ocrx_word' id='word_1_1518' title='bbox 1397 2723 1534 2748; x_wconf 84' lang='lat' dir='ltr'>tionalibus</span> <span class='ocrx_word' id='word_1_1519' title='bbox 1553 2723 1774 2748; x_wconf 85' lang='lat' dir='ltr'>commutabiliter.</span> <span class='ocrx_word' id='word_1_1520' title='bbox 1783 2722 1900 2747; x_wconf 86' lang='lat' dir='ltr'>-Tertio</span> <span class='ocrx_word' id='word_1_1521' title='bbox 1918 2723 1998 2747; x_wconf 90' lang='lat' dir='ltr'>modo</span> <span class='ocrx_word' id='word_1_1522' title='bbox 2010 2727 2108 2747; x_wconf 87' lang='lat' dir='ltr'>erratur</span> <span class='ocrx_word' id='word_1_1523' title='bbox 2122 2723 2187 2747; x_wconf 81' lang='lat' dir='ltr'>circa</span> <span class='ocrx_word' id='word_1_1524' title='bbox 2204 2722 2360 2753; x_wconf 85' lang='lat' dir='ltr'>universale,</span> <span class='ocrx_word' id='word_1_1525' title='bbox 2375 2727 2403 2746; x_wconf 91' lang='lat' dir='ltr'>ut</span> <span class='ocrx_word' id='word_1_1526' title='bbox 2421 2727 2461 2747; x_wconf 87' lang='lat' dir='ltr'>est</span> 
     </span>
     <span class='ocr_line' id='line_1_151' title="bbox 1398 2757 2387 2790; baseline -0.001 -7"><span class='ocrx_word' id='word_1_1527' title='bbox 1398 2758 1431 2783; x_wconf 86' lang='lat' dir='ltr'>de</span> <span class='ocrx_word' id='word_1_1528' title='bbox 1448 2758 1522 2783; x_wconf 83' lang='lat' dir='ltr'>omni</span> <span class='ocrx_word' id='word_1_1529' title='bbox 1526 2765 1536 2787; x_wconf 89' lang='lat'>,·</span> <span class='ocrx_word' id='word_1_1530' title='bbox 1554 2763 1580 2783; x_wconf 89' lang='lat' dir='ltr'>et</span> <span class='ocrx_word' id='word_1_1531' title='bbox 1597 2758 1629 2782; x_wconf 90' lang='lat' dir='ltr'>ad</span> <span class='ocrx_word' id='word_1_1532' title='bbox 1647 2758 1698 2782; x_wconf 90' lang='lat' dir='ltr'>hoc</span> <span class='ocrx_word' id='word_1_1533' title='bbox 1715 2758 1843 2783; x_wconf 83' lang='lat' dir='ltr'>inducitur</span> <span class='ocrx_word' id='word_1_1534' title='bbox 1854 2758 2001 2790; x_wconf 85' lang='lat' dir='ltr'>exemplum</span> <span class='ocrx_word' id='word_1_1535' title='bbox 2020 2758 2052 2782; x_wconf 89' lang='lat' dir='ltr'>de</span> <span class='ocrx_word' id='word_1_1536' title='bbox 2069 2757 2143 2782; x_wconf 89' lang='lat' dir='ltr'>lineis</span> <span class='ocrx_word' id='word_1_1537' title='bbox 2162 2757 2237 2782; x_wconf 84' lang='lat' dir='ltr'>rectis</span> <span class='ocrx_word' id='word_1_1538' title='bbox 2251 2758 2387 2789; x_wconf 87' lang='lat' dir='ltr'>parallelis.</span> 
     </span>
    </p>

    <p class='ocr_par' dir='ltr' id='par_1_29' title="bbox 1392 2792 2459 3421">
     <span class='ocr_line' id='line_1_152' title="bbox 1451 2792 2459 2825; baseline -0.002 -7"><span class='ocrx_word' id='word_1_1539' title='bbox 1451 2794 1549 2818; x_wconf 88' lang='lat' dir='ltr'>Deinde</span> <span class='ocrx_word' id='word_1_1540' title='bbox 1567 2798 1669 2818; x_wconf 86' lang='lat' dir='ltr'>constat</span> <span class='ocrx_word' id='word_1_1541' title='bbox 1686 2793 1712 2818; x_wconf 90' lang='lat' dir='ltr'>in</span> <span class='ocrx_word' id='word_1_1542' title='bbox 1726 2793 1773 2818; x_wconf 90' lang='lat' dir='ltr'>hac</span> <span class='ocrx_word' id='word_1_1543' title='bbox 1792 2793 1901 2818; x_wconf 90' lang='lat' dir='ltr'>lectione</span> <span class='ocrx_word' id='word_1_1544' title='bbox 1919 2800 2067 2818; x_wconf 89' lang='lat' dir='ltr'>sermonem</span> <span class='ocrx_word' id='word_1_1545' title='bbox 2086 2800 2145 2817; x_wconf 88' lang='lat' dir='ltr'>esse</span> <span class='ocrx_word' id='word_1_1546' title='bbox 2163 2793 2195 2817; x_wconf 89' lang='lat' dir='ltr'>de</span> <span class='ocrx_word' id='word_1_1547' title='bbox 2214 2792 2368 2821; x_wconf 81' lang='lat' dir='ltr'>universali,</span> <span class='ocrx_word' id='word_1_1548' title='bbox 2388 2792 2459 2825; x_wconf 93' lang='lat' dir='ltr'>quod</span> 
     </span>
     <span class='ocr_line' id='line_1_153' title="bbox 1398 2825 2458 2861; baseline -0.002 -8"><span class='ocrx_word' id='word_1_1549' title='bbox 1398 2834 1438 2854; x_wconf 83' lang='lat' dir='ltr'>est</span> <span class='ocrx_word' id='word_1_1550' title='bbox 1451 2837 1533 2853; x_wconf 90' lang='lat' dir='ltr'>unum</span> <span class='ocrx_word' id='word_1_1551' title='bbox 1547 2836 1578 2853; x_wconf 93' lang='lat' dir='ltr'>ex</span> <span class='ocrx_word' id='word_1_1552' title='bbox 1591 2828 1840 2861; x_wconf 84' lang='lat' dir='ltr'>praecognoscendis</span> <span class='ocrx_word' id='word_1_1553' title='bbox 1855 2829 1887 2853; x_wconf 89' lang='lat' dir='ltr'>ad</span> <span class='ocrx_word' id='word_1_1554' title='bbox 1901 2833 1970 2853; x_wconf 84' lang='lat' dir='ltr'>recte</span> <span class='ocrx_word' id='word_1_1555' title='bbox 1984 2827 2212 2852; x_wconf 87' lang='lat' dir='ltr'>demonstrandum</span> <span class='ocrx_word' id='word_1_1556' title='bbox 2225 2825 2273 2860; x_wconf 86' lang='lat' dir='ltr'>(Cf.</span> <span class='ocrx_word' id='word_1_1557' title='bbox 2284 2828 2341 2852; x_wconf 87' lang='lat' dir='ltr'>lect.</span> <span class='ocrx_word' id='word_1_1558' title='bbox 2350 2835 2383 2857; x_wconf 89' lang='lat' dir='ltr'>1x,</span> <span class='ocrx_word' id='word_1_1559' title='bbox 2394 2835 2420 2852; x_wconf 92' lang='lat' dir='ltr'>n.</span> <span class='ocrx_word' id='word_1_1560' title='bbox 2432 2827 2458 2859; x_wconf 85' lang='lat'>3)</span> 
     </span>
     <span class='ocr_line' id='line_1_154' title="bbox 1398 2862 2459 2897; baseline -0.003 -8"><span class='ocrx_word' id='word_1_1561' title='bbox 1398 2868 1423 2889; x_wconf 89' lang='lat' dir='ltr'>et</span> <span class='ocrx_word' id='word_1_1562' title='bbox 1442 2865 1474 2889; x_wconf 89' lang='lat' dir='ltr'>de</span> <span class='ocrx_word' id='word_1_1563' title='bbox 1488 2871 1542 2896; x_wconf 91' lang='lat' dir='ltr'>quo</span> <span class='ocrx_word' id='word_1_1564' title='bbox 1559 2863 1692 2897; x_wconf 85' lang='lat' dir='ltr'>speciatim</span> <span class='ocrx_word' id='word_1_1565' title='bbox 1707 2863 1759 2895; x_wconf 91' lang='lat' dir='ltr'>egit</span> <span class='ocrx_word' id='word_1_1566' title='bbox 1776 2864 1802 2888; x_wconf 90' lang='lat' dir='ltr'>in</span> <span class='ocrx_word' id='word_1_1567' title='bbox 1822 2863 1930 2888; x_wconf 89' lang='lat' dir='ltr'>lectione</span> <span class='ocrx_word' id='word_1_1568' title='bbox 1949 2863 2117 2896; x_wconf 86' lang='lat' dir='ltr'>praecedenti.</span> <span class='ocrx_word' id='word_1_1569' title='bbox 2135 2862 2213 2895; x_wconf 92' lang='lat' dir='ltr'>Atqui</span> <span class='ocrx_word' id='word_1_1570' title='bbox 2227 2863 2295 2887; x_wconf 85' lang='lat' dir='ltr'>istud</span> <span class='ocrx_word' id='word_1_1571' title='bbox 2314 2862 2459 2887; x_wconf 82' lang='lat' dir='ltr'>universale</span> 
     </span>
     <span class='ocr_line' id='line_1_155' title="bbox 1398 2897 2458 2931; baseline -0.003 -7"><span class='ocrx_word' id='word_1_1572' title='bbox 1398 2907 1450 2924; x_wconf 90' lang='lat' dir='ltr'>non</span> <span class='ocrx_word' id='word_1_1573' title='bbox 1469 2899 1560 2924; x_wconf 83' lang='lat' dir='ltr'>dicitur</span> <span class='ocrx_word' id='word_1_1574' title='bbox 1577 2906 1624 2931; x_wconf 90' lang='lat' dir='ltr'>per</span> <span class='ocrx_word' id='word_1_1575' title='bbox 1637 2899 1828 2931; x_wconf 86' lang='lat' dir='ltr'>oppositionem</span> <span class='ocrx_word' id='word_1_1576' title='bbox 1842 2899 1874 2923; x_wconf 90' lang='lat' dir='ltr'>ad</span> <span class='ocrx_word' id='word_1_1577' title='bbox 1889 2898 2034 2930; x_wconf 86' lang='lat' dir='ltr'>singularia,</span> <span class='ocrx_word' id='word_1_1578' title='bbox 2049 2898 2075 2922; x_wconf 91' lang='lat' dir='ltr'>in</span> <span class='ocrx_word' id='word_1_1579' title='bbox 2093 2898 2188 2930; x_wconf 87' lang='lat' dir='ltr'>quibus</span> <span class='ocrx_word' id='word_1_1580' title='bbox 2207 2903 2254 2927; x_wconf 86' lang='lat' dir='ltr'>est,</span> <span class='ocrx_word' id='word_1_1581' title='bbox 2269 2902 2298 2922; x_wconf 91' lang='lat' dir='ltr'>ut</span> <span class='ocrx_word' id='word_1_1582' title='bbox 2315 2897 2355 2922; x_wconf 90' lang='lat' dir='ltr'>hic</span> <span class='ocrx_word' id='word_1_1583' title='bbox 2373 2897 2458 2922; x_wconf 71' lang='lat' dir='ltr'>Waitz</span> 
     </span>
     <span class='ocr_line' id='line_1_156' title="bbox 1396 2932 2456 2966; baseline -0.003 -7"><span class='ocrx_word' id='word_1_1584' title='bbox 1396 2934 1497 2959; x_wconf 76' lang='lat' dir='ltr'>videtur</span> <span class='ocrx_word' id='word_1_1585' title='bbox 1521 2934 1616 2959; x_wconf 88' lang='lat' dir='ltr'>sentire</span> <span class='ocrx_word' id='word_1_1586' title='bbox 1640 2941 1670 2958; x_wconf 89' lang='lat' dir='ltr'>ex</span> <span class='ocrx_word' id='word_1_1587' title='bbox 1689 2942 1736 2958; x_wconf 89' lang='lat' dir='ltr'>sua</span> <span class='ocrx_word' id='word_1_1588' title='bbox 1754 2933 1976 2966; x_wconf 87' lang='lat' dir='ltr'>interpretatione,</span> <span class='ocrx_word' id='word_1_1589' title='bbox 1996 2933 2042 2957; x_wconf 87' lang='lat' dir='ltr'>sed</span> <span class='ocrx_word' id='word_1_1590' title='bbox 2061 2938 2188 2965; x_wconf 88' lang='lat' dir='ltr'>quatenus</span> <span class='ocrx_word' id='word_1_1591' title='bbox 2212 2937 2252 2957; x_wconf 84' lang='lat' dir='ltr'>est</span> <span class='ocrx_word' id='word_1_1592' title='bbox 2268 2932 2456 2964; x_wconf 76' lang='lat' dir='ltr'>praedicatum</span> 
     </span>
     <span class='ocr_line' id='line_1_157' title="bbox 1397 2967 2458 3002; baseline -0.003 -8"><span class='ocrx_word' id='word_1_1593' title='bbox 1397 2970 1467 3002; x_wconf 91' lang='lat' dir='ltr'>quod</span> <span class='ocrx_word' id='word_1_1594' title='bbox 1481 2970 1641 3002; x_wconf 83' lang='lat' dir='ltr'>adaequatur</span> <span class='ocrx_word' id='word_1_1595' title='bbox 1654 2969 1778 2999; x_wconf 85' lang='lat' dir='ltr'>subiecto,</span> <span class='ocrx_word' id='word_1_1596' title='bbox 1791 2974 1821 2993; x_wconf 89' lang='lat' dir='ltr'>ut</span> <span class='ocrx_word' id='word_1_1597' title='bbox 1838 2973 1907 2994; x_wconf 89' lang='lat' dir='ltr'>recte</span> <span class='ocrx_word' id='word_1_1598' title='bbox 1925 2969 2029 2993; x_wconf 88' lang='lat' dir='ltr'>adnotat</span> <span class='ocrx_word' id='word_1_1599' title='bbox 2042 2968 2083 2992; x_wconf 84' lang='lat' dir='ltr'>vel</span> <span class='ocrx_word' id='word_1_1600' title='bbox 2098 2968 2154 3000; x_wconf 92' lang='lat' dir='ltr'>ipse</span> <span class='ocrx_word' id='word_1_1601' title='bbox 2167 2967 2252 2992; x_wconf 84' lang='lat' dir='ltr'>Waitz</span> <span class='ocrx_word' id='word_1_1602' title='bbox 2267 2975 2347 3000; x_wconf 86' lang='lat' dir='ltr'>super</span> <span class='ocrx_word' id='word_1_1603' title='bbox 2360 2975 2416 3000; x_wconf 90' lang='lat' dir='ltr'>cap.</span> <span class='ocrx_word' id='word_1_1604' title='bbox 2431 2975 2458 2992; x_wconf 85' lang='lat' dir='ltr'>tv</span> 
     </span>
     <span class='ocr_line' id='line_1_158' title="bbox 1397 3002 2457 3038; baseline -0.003 -9"><span class='ocrx_word' id='word_1_1605' title='bbox 1397 3003 1497 3038; x_wconf 86' lang='lat' dir='ltr'>(Schol.</span> <span class='ocrx_word' id='word_1_1606' title='bbox 1511 3012 1570 3037; x_wconf 87' lang='lat' dir='ltr'>pag.</span> <span class='ocrx_word' id='word_1_1607' title='bbox 1591 3003 1661 3038; x_wconf 85' lang='lat'>315),</span> <span class='ocrx_word' id='word_1_1608' title='bbox 1676 3004 1710 3028; x_wconf 89' lang='lat' dir='ltr'>ita</span> <span class='ocrx_word' id='word_1_1609' title='bbox 1728 3009 1757 3028; x_wconf 94' lang='lat' dir='ltr'>ut</span> <span class='ocrx_word' id='word_1_1610' title='bbox 1778 3011 1863 3036; x_wconf 84' lang='lat' dir='ltr'>neque</span> <span class='ocrx_word' id='word_1_1611' title='bbox 1881 3004 2054 3036; x_wconf 87' lang='lat' dir='ltr'>praedicatum</span> <span class='ocrx_word' id='word_1_1612' title='bbox 2072 3002 2199 3027; x_wconf 86' lang='lat' dir='ltr'>invenitur</span> <span class='ocrx_word' id='word_1_1613' title='bbox 2217 3007 2286 3027; x_wconf 79' lang='lat' dir='ltr'>extra</span> <span class='ocrx_word' id='word_1_1614' title='bbox 2305 3002 2457 3033; x_wconf 80' lang='lat' dir='ltr'>subiectum,</span> 
     </span>
     <span class='ocr_line' id='line_1_159' title="bbox 1397 3036 2459 3072; baseline -0.003 -8"><span class='ocrx_word' id='word_1_1615' title='bbox 1397 3047 1482 3072; x_wconf 89' lang='lat' dir='ltr'>neque</span> <span class='ocrx_word' id='word_1_1616' title='bbox 1500 3039 1644 3064; x_wconf 90' lang='lat' dir='ltr'>subiectum</span> <span class='ocrx_word' id='word_1_1617' title='bbox 1659 3039 1714 3063; x_wconf 91' lang='lat' dir='ltr'>sine</span> <span class='ocrx_word' id='word_1_1618' title='bbox 1726 3039 1872 3072; x_wconf 86' lang='lat' dir='ltr'>praedicato</span> <span class='ocrx_word' id='word_1_1619' title='bbox 1886 3038 1935 3072; x_wconf 86' lang='lat' dir='ltr'>(Cf.</span> <span class='ocrx_word' id='word_1_1620' title='bbox 1950 3039 2007 3063; x_wconf 87' lang='lat' dir='ltr'>lect.</span> <span class='ocrx_word' id='word_1_1621' title='bbox 2020 3038 2145 3071; x_wconf 62' lang='lat' dir='ltr'>praeced„</span> <span class='ocrx_word' id='word_1_1622' title='bbox 2160 3046 2185 3061; x_wconf 90' lang='lat' dir='ltr'>n.</span> <span class='ocrx_word' id='word_1_1623' title='bbox 2202 3036 2242 3070; x_wconf 83' lang='lat'>2);</span> <span class='ocrx_word' id='word_1_1624' title='bbox 2257 3043 2282 3062; x_wconf 92' lang='lat' dir='ltr'>et</span> <span class='ocrx_word' id='word_1_1625' title='bbox 2295 3037 2353 3062; x_wconf 88' lang='lat' dir='ltr'>ideo</span> <span class='ocrx_word' id='word_1_1626' title='bbox 2367 3037 2459 3062; x_wconf 88' lang='lat' dir='ltr'>dicitur</span> 
     </span>
     <span class='ocr_line' id='line_1_160' title="bbox 1397 3073 2457 3107; baseline -0.003 -8"><span class='ocrx_word' id='word_1_1627' title='bbox 1397 3075 1429 3099; x_wconf 89' lang='lat' dir='ltr'>de</span> <span class='ocrx_word' id='word_1_1628' title='bbox 1442 3075 1522 3105; x_wconf 89' lang='lat' dir='ltr'>omni,</span> <span class='ocrx_word' id='word_1_1629' title='bbox 1537 3082 1584 3107; x_wconf 88' lang='lat' dir='ltr'>per</span> <span class='ocrx_word' id='word_1_1630' title='bbox 1597 3082 1626 3099; x_wconf 89' lang='lat' dir='ltr'>se</span> <span class='ocrx_word' id='word_1_1631' title='bbox 1640 3079 1666 3099; x_wconf 91' lang='lat' dir='ltr'>et</span> <span class='ocrx_word' id='word_1_1632' title='bbox 1679 3074 1763 3106; x_wconf 90' lang='lat' dir='ltr'>primo</span> <span class='ocrx_word' id='word_1_1633' title='bbox 1777 3075 1809 3099; x_wconf 88' lang='lat' dir='ltr'>de</span> <span class='ocrx_word' id='word_1_1634' title='bbox 1823 3074 1939 3098; x_wconf 84' lang='lat' dir='ltr'>subiecto</span> <span class='ocrx_word' id='word_1_1635' title='bbox 1958 3073 2016 3106; x_wconf 92' lang='lat' dir='ltr'>ipso</span> <span class='ocrx_word' id='word_1_1636' title='bbox 2029 3073 2070 3098; x_wconf 91' lang='lat' dir='ltr'>cui</span> <span class='ocrx_word' id='word_1_1637' title='bbox 2085 3073 2230 3098; x_wconf 86' lang='lat' dir='ltr'>tribuitur.-</span> <span class='ocrx_word' id='word_1_1638' title='bbox 2239 3073 2312 3103; x_wconf 87' lang='lat' dir='ltr'>l-linc,</span> <span class='ocrx_word' id='word_1_1639' title='bbox 2322 3077 2351 3096; x_wconf 92' lang='lat' dir='ltr'>ut</span> <span class='ocrx_word' id='word_1_1640' title='bbox 2361 3073 2457 3097; x_wconf 90' lang='lat' dir='ltr'>dictum</span> 
     </span>
     <span class='ocr_line' id='line_1_161' title="bbox 1396 3107 2458 3142; baseline -0.002 -8"><span class='ocrx_word' id='word_1_1641' title='bbox 1396 3115 1449 3140; x_wconf 83' lang='lat' dir='ltr'>est,</span> <span class='ocrx_word' id='word_1_1642' title='bbox 1467 3110 1552 3142; x_wconf 85' lang='lat' dir='ltr'>primo</span> <span class='ocrx_word' id='word_1_1643' title='bbox 1571 3109 1650 3134; x_wconf 87' lang='lat' dir='ltr'>modo</span> <span class='ocrx_word' id='word_1_1644' title='bbox 1669 3113 1757 3142; x_wconf 81' lang='lat' dir='ltr'>peccat</span> <span class='ocrx_word' id='word_1_1645' title='bbox 1774 3114 1862 3134; x_wconf 90' lang='lat' dir='ltr'>contra</span> <span class='ocrx_word' id='word_1_1646' title='bbox 1876 3114 1992 3134; x_wconf 85' lang='lat' dir='ltr'>naturam</span> <span class='ocrx_word' id='word_1_1647' title='bbox 2010 3108 2088 3133; x_wconf 79' lang='lat' dir='ltr'>huius</span> <span class='ocrx_word' id='word_1_1648' title='bbox 2106 3108 2270 3137; x_wconf 76' lang='lat' dir='ltr'>universalis,</span> <span class='ocrx_word' id='word_1_1649' title='bbox 2285 3108 2307 3132; x_wconf 90' lang='lat' dir='ltr'>si</span> <span class='ocrx_word' id='word_1_1650' title='bbox 2325 3107 2384 3140; x_wconf 86' lang='lat' dir='ltr'>quis</span> <span class='ocrx_word' id='word_1_1651' title='bbox 2401 3108 2458 3132; x_wconf 86' lang='lat' dir='ltr'>sive</span> 
     </span>
     <span class='ocr_line' id='line_1_162' title="bbox 1397 3142 2459 3176; baseline -0.002 -7"><span class='ocrx_word' id='word_1_1652' title='bbox 1397 3144 1518 3176; x_wconf 85' lang='lat' dir='ltr'>singulari</span> <span class='ocrx_word' id='word_1_1653' title='bbox 1530 3145 1572 3169; x_wconf 82' lang='lat' dir='ltr'>vel</span> <span class='ocrx_word' id='word_1_1654' title='bbox 1586 3144 1760 3176; x_wconf 86' lang='lat' dir='ltr'>singularibus</span> <span class='ocrx_word' id='word_1_1655' title='bbox 1774 3144 1890 3169; x_wconf 86' lang='lat' dir='ltr'>eiusdem</span> <span class='ocrx_word' id='word_1_1656' title='bbox 1904 3144 2006 3176; x_wconf 88' lang='lat' dir='ltr'>speciei,</span> <span class='ocrx_word' id='word_1_1657' title='bbox 2021 3144 2076 3168; x_wconf 83' lang='lat' dir='ltr'>sive</span> <span class='ocrx_word' id='word_1_1658' title='bbox 2088 3143 2169 3168; x_wconf 83' lang='lat' dir='ltr'>alicui</span> <span class='ocrx_word' id='word_1_1659' title='bbox 2181 3143 2282 3174; x_wconf 72' lang='lat' dir='ltr'>speciei,</span> <span class='ocrx_word' id='word_1_1660' title='bbox 2297 3142 2352 3167; x_wconf 85' lang='lat' dir='ltr'>sive</span> <span class='ocrx_word' id='word_1_1661' title='bbox 2365 3143 2459 3175; x_wconf 77' lang='lat' dir='ltr'>generi</span> 
     </span>
     <span class='ocr_line' id='line_1_163' title="bbox 1395 3178 2456 3211; baseline -0.002 -7"><span class='ocrx_word' id='word_1_1662' title='bbox 1395 3180 1547 3204; x_wconf 76' lang='lat' dir='ltr'>subalterno</span> <span class='ocrx_word' id='word_1_1663' title='bbox 1561 3179 1734 3211; x_wconf 84' lang='lat' dir='ltr'>praedicatum</span> <span class='ocrx_word' id='word_1_1664' title='bbox 1747 3179 1894 3204; x_wconf 85' lang='lat' dir='ltr'>universale</span> <span class='ocrx_word' id='word_1_1665' title='bbox 1907 3179 2030 3204; x_wconf 88' lang='lat' dir='ltr'>tribueret</span> <span class='ocrx_word' id='word_1_1666' title='bbox 2042 3184 2164 3210; x_wconf 83' lang='lat' dir='ltr'>tanquam</span> <span class='ocrx_word' id='word_1_1667' title='bbox 2177 3185 2230 3210; x_wconf 75' lang='lat' dir='ltr'>per</span> <span class='ocrx_word' id='word_1_1668' title='bbox 2242 3185 2270 3203; x_wconf 83' lang='lat' dir='ltr'>se</span> <span class='ocrx_word' id='word_1_1669' title='bbox 2285 3178 2382 3209; x_wconf 87' lang='lat' dir='ltr'>primo,</span> <span class='ocrx_word' id='word_1_1670' title='bbox 2397 3185 2456 3202; x_wconf 87' lang='lat' dir='ltr'>curn</span> 
     </span>
     <span class='ocr_line' id='line_1_164' title="bbox 1392 3213 2456 3246; baseline -0.001 -8"><span class='ocrx_word' id='word_1_1671' title='bbox 1392 3221 1443 3246; x_wconf 84' lang='lat' dir='ltr'>per</span> <span class='ocrx_word' id='word_1_1672' title='bbox 1461 3221 1489 3238; x_wconf 86' lang='lat' dir='ltr'>se</span> <span class='ocrx_word' id='word_1_1673' title='bbox 1501 3214 1592 3246; x_wconf 83' lang='lat' dir='ltr'>primo</span> <span class='ocrx_word' id='word_1_1674' title='bbox 1607 3214 1670 3246; x_wconf 89' lang='lat' dir='ltr'>ipsis</span> <span class='ocrx_word' id='word_1_1675' title='bbox 1689 3214 1765 3238; x_wconf 91' lang='lat' dir='ltr'>tribui</span> <span class='ocrx_word' id='word_1_1676' title='bbox 1783 3221 1835 3238; x_wconf 90' lang='lat' dir='ltr'>non</span> <span class='ocrx_word' id='word_1_1677' title='bbox 1849 3214 1949 3238; x_wconf 85' lang='lat' dir='ltr'>debeat.</span> <span class='ocrx_word' id='word_1_1678' title='bbox 1967 3214 2025 3238; x_wconf 85' lang='lat' dir='ltr'>Hoc</span> <span class='ocrx_word' id='word_1_1679' title='bbox 2038 3214 2107 3238; x_wconf 90' lang='lat' dir='ltr'>enim</span> <span class='ocrx_word' id='word_1_1680' title='bbox 2122 3214 2146 3238; x_wconf 93' lang='lat' dir='ltr'>in</span> <span class='ocrx_word' id='word_1_1681' title='bbox 2162 3221 2236 3244; x_wconf 83' lang='lat' dir='ltr'>casu,</span> <span class='ocrx_word' id='word_1_1682' title='bbox 2251 3213 2351 3240; x_wconf 87' lang='lat' dir='ltr'>etiamsi</span> <span class='ocrx_word' id='word_1_1683' title='bbox 2364 3220 2456 3237; x_wconf 81' lang='lat' dir='ltr'>verum</span> 
     </span>
     <span class='ocr_line' id='line_1_165' title="bbox 1396 3248 2456 3281; baseline -0.001 -8"><span class='ocrx_word' id='word_1_1684' title='bbox 1396 3249 1429 3274; x_wconf 84' lang='lat' dir='ltr'>sit</span> <span class='ocrx_word' id='word_1_1685' title='bbox 1447 3249 1518 3281; x_wconf 89' lang='lat' dir='ltr'>quod</span> <span class='ocrx_word' id='word_1_1686' title='bbox 1540 3249 1714 3281; x_wconf 79' lang='lat' dir='ltr'>praedicatum</span> <span class='ocrx_word' id='word_1_1687' title='bbox 1732 3249 1782 3273; x_wconf 90' lang='lat' dir='ltr'>illis</span> <span class='ocrx_word' id='word_1_1688' title='bbox 1801 3249 1922 3274; x_wconf 88' lang='lat' dir='ltr'>subiectis</span> <span class='ocrx_word' id='word_1_1689' title='bbox 1941 3249 2088 3279; x_wconf 87' lang='lat' dir='ltr'>conveniat,</span> <span class='ocrx_word' id='word_1_1690' title='bbox 2106 3248 2200 3272; x_wconf 80' lang='lat' dir='ltr'>falsum</span> <span class='ocrx_word' id='word_1_1691' title='bbox 2218 3253 2305 3272; x_wconf 87' lang='lat' dir='ltr'>tamen</span> <span class='ocrx_word' id='word_1_1692' title='bbox 2323 3252 2363 3272; x_wconf 92' lang='lat' dir='ltr'>est</span> <span class='ocrx_word' id='word_1_1693' title='bbox 2386 3249 2456 3280; x_wconf 91' lang='lat' dir='ltr'>quod</span> 
     </span>
     <span class='ocr_line' id='line_1_166' title="bbox 1396 3283 2456 3316; baseline -0.001 -8"><span class='ocrx_word' id='word_1_1694' title='bbox 1396 3284 1459 3316; x_wconf 88' lang='lat' dir='ltr'>ipsis</span> <span class='ocrx_word' id='word_1_1695' title='bbox 1482 3283 1617 3308; x_wconf 84' lang='lat' dir='ltr'>conveniat</span> <span class='ocrx_word' id='word_1_1696' title='bbox 1634 3290 1687 3315; x_wconf 85' lang='lat' dir='ltr'>per</span> <span class='ocrx_word' id='word_1_1697' title='bbox 1703 3291 1731 3308; x_wconf 86' lang='lat' dir='ltr'>se</span> <span class='ocrx_word' id='word_1_1698' title='bbox 1744 3283 1843 3316; x_wconf 82' lang='lat' dir='ltr'>primo.</span> <span class='ocrx_word' id='word_1_1699' title='bbox 1856 3297 1877 3302; x_wconf 91' lang='lat'><em>-</em></span> <span class='ocrx_word' id='word_1_1700' title='bbox 1889 3284 1936 3308; x_wconf 86' lang='lat' dir='ltr'>Vis</span> <span class='ocrx_word' id='word_1_1701' title='bbox 1955 3291 2017 3316; x_wconf 90' lang='lat' dir='ltr'>ergo</span> <span class='ocrx_word' id='word_1_1702' title='bbox 2035 3283 2175 3308; x_wconf 85' lang='lat' dir='ltr'>sententiae</span> <span class='ocrx_word' id='word_1_1703' title='bbox 2192 3283 2337 3307; x_wconf 87' lang='lat' dir='ltr'>Aristotelis</span> <span class='ocrx_word' id='word_1_1704' title='bbox 2356 3287 2410 3307; x_wconf 69' lang='lat' dir='ltr'>eet:</span> <span class='ocrx_word' id='word_1_1705' title='bbox 2425 3290 2456 3308; x_wconf 86' lang='lat' dir='ltr'>ex</span> 
     </span>
     <span class='ocr_line' id='line_1_167' title="bbox 1396 3318 2456 3351; baseline -0.001 -8"><span class='ocrx_word' id='word_1_1706' title='bbox 1396 3326 1427 3343; x_wconf 88' lang='lat' dir='ltr'>eo</span> <span class='ocrx_word' id='word_1_1707' title='bbox 1446 3319 1516 3351; x_wconf 91' lang='lat' dir='ltr'>quod</span> <span class='ocrx_word' id='word_1_1708' title='bbox 1534 3318 1640 3350; x_wconf 82' lang='lat' dir='ltr'>aliquod</span> <span class='ocrx_word' id='word_1_1709' title='bbox 1658 3319 1833 3351; x_wconf 79' lang='lat' dir='ltr'>praedicatum</span> <span class='ocrx_word' id='word_1_1710' title='bbox 1851 3318 1986 3343; x_wconf 84' lang='lat' dir='ltr'>conveniat</span> <span class='ocrx_word' id='word_1_1711' title='bbox 2003 3319 2076 3343; x_wconf 85' lang='lat' dir='ltr'>alicui</span> <span class='ocrx_word' id='word_1_1712' title='bbox 2095 3318 2224 3350; x_wconf 86' lang='lat' dir='ltr'>singulari,</span> <span class='ocrx_word' id='word_1_1713' title='bbox 2244 3318 2285 3342; x_wconf 80' lang='lat' dir='ltr'>vel</span> <span class='ocrx_word' id='word_1_1714' title='bbox 2304 3318 2456 3342; x_wconf 86' lang='lat' dir='ltr'>determina-</span> 
     </span>
     <span class='ocr_line' id='line_1_168' title="bbox 1395 3353 2455 3386; baseline 0 -8"><span class='ocrx_word' id='word_1_1715' title='bbox 1395 3358 1435 3378; x_wconf 84' lang='lat' dir='ltr'>tae</span> <span class='ocrx_word' id='word_1_1716' title='bbox 1449 3353 1556 3386; x_wconf 88' lang='lat' dir='ltr'>speciei,</span> <span class='ocrx_word' id='word_1_1717' title='bbox 1571 3361 1679 3378; x_wconf 85' lang='lat' dir='ltr'>erronee</span> <span class='ocrx_word' id='word_1_1718' title='bbox 1692 3353 1799 3378; x_wconf 83' lang='lat' dir='ltr'>infertur</span> <span class='ocrx_word' id='word_1_1719' title='bbox 1812 3353 1853 3385; x_wconf 88' lang='lat' dir='ltr'>(et</span> <span class='ocrx_word' id='word_1_1720' title='bbox 1867 3358 1907 3378; x_wconf 86' lang='lat' dir='ltr'>est</span> <span class='ocrx_word' id='word_1_1721' title='bbox 1920 3354 2020 3386; x_wconf 89' lang='lat' dir='ltr'>primus</span> <span class='ocrx_word' id='word_1_1722' title='bbox 2038 3354 2147 3385; x_wconf 88' lang='lat' dir='ltr'>modus)</span> <span class='ocrx_word' id='word_1_1723' title='bbox 2167 3353 2237 3385; x_wconf 90' lang='lat' dir='ltr'>quod</span> <span class='ocrx_word' id='word_1_1724' title='bbox 2251 3360 2304 3385; x_wconf 84' lang='lat' dir='ltr'>per</span> <span class='ocrx_word' id='word_1_1725' title='bbox 2321 3359 2351 3378; x_wconf 83' lang='lat' dir='ltr'>se</span> <span class='ocrx_word' id='word_1_1726' title='bbox 2363 3353 2455 3385; x_wconf 80' lang='lat' dir='ltr'>primo</span> 
     </span>
     <span class='ocr_line' id='line_1_169' title="bbox 1396 3388 2302 3421; baseline -0.001 -8"><span class='ocrx_word' id='word_1_1727' title='bbox 1396 3388 1541 3419; x_wconf 85' lang='lat' dir='ltr'>conveniat,</span> <span class='ocrx_word' id='word_1_1728' title='bbox 1561 3396 1621 3412; x_wconf 88' lang='lat' dir='ltr'>cum</span> <span class='ocrx_word' id='word_1_1729' title='bbox 1634 3395 1687 3420; x_wconf 85' lang='lat' dir='ltr'>per</span> <span class='ocrx_word' id='word_1_1730' title='bbox 1704 3395 1732 3413; x_wconf 84' lang='lat' dir='ltr'>se</span> <span class='ocrx_word' id='word_1_1731' title='bbox 1744 3388 1836 3420; x_wconf 84' lang='lat' dir='ltr'>primo</span> <span class='ocrx_word' id='word_1_1732' title='bbox 1854 3388 1988 3413; x_wconf 89' lang='lat' dir='ltr'>conveniat</span> <span class='ocrx_word' id='word_1_1733' title='bbox 2009 3388 2148 3413; x_wconf 83' lang='lat' dir='ltr'>universali</span> <span class='ocrx_word' id='word_1_1734' title='bbox 2167 3388 2302 3421; x_wconf 88' lang='lat' dir='ltr'>superiori.</span> 
     </span>
    </p>

    <p class='ocr_par' dir='ltr' id='par_1_30' title="bbox 1395 3423 2456 3632">
     <span class='ocr_line' id='line_1_170' title="bbox 1449 3423 2456 3456; baseline 0.001 -9"><span class='ocrx_word' id='word_1_1735' title='bbox 1449 3424 1540 3456; x_wconf 86' lang='lat' dir='ltr'>Neque</span> <span class='ocrx_word' id='word_1_1736' title='bbox 1553 3431 1602 3448; x_wconf 90' lang='lat' dir='ltr'>nos</span> <span class='ocrx_word' id='word_1_1737' title='bbox 1616 3428 1718 3447; x_wconf 84' lang='lat' dir='ltr'>moveat</span> <span class='ocrx_word' id='word_1_1738' title='bbox 1731 3423 1802 3455; x_wconf 91' lang='lat' dir='ltr'>quod</span> <span class='ocrx_word' id='word_1_1739' title='bbox 1815 3423 1968 3448; x_wconf 84' lang='lat' dir='ltr'>Aristoteles</span> <span class='ocrx_word' id='word_1_1740' title='bbox 1982 3423 2148 3453; x_wconf 86' lang='lat' dir='ltr'>mentionem,</span> <span class='ocrx_word' id='word_1_1741' title='bbox 2161 3423 2186 3447; x_wconf 93' lang='lat' dir='ltr'>in</span> <span class='ocrx_word' id='word_1_1742' title='bbox 2201 3423 2352 3456; x_wconf 86' lang='lat' dir='ltr'>explicando</span> <span class='ocrx_word' id='word_1_1743' title='bbox 2370 3423 2456 3456; x_wconf 87' lang='lat' dir='ltr'>primo</span> 
     </span>
     <span class='ocr_line' id='line_1_171' title="bbox 1396 3458 2456 3492; baseline 0.001 -10"><span class='ocrx_word' id='word_1_1744' title='bbox 1396 3459 1482 3490; x_wconf 88' lang='lat' dir='ltr'>modo,</span> <span class='ocrx_word' id='word_1_1745' title='bbox 1498 3459 1530 3483; x_wconf 90' lang='lat' dir='ltr'>de</span> <span class='ocrx_word' id='word_1_1746' title='bbox 1548 3458 1719 3492; x_wconf 81' lang='lat' dir='ltr'>singularibus</span> <span class='ocrx_word' id='word_1_1747' title='bbox 1738 3458 1838 3483; x_wconf 89' lang='lat' dir='ltr'>fecerit:</span> <span class='ocrx_word' id='word_1_1748' title='bbox 1853 3458 1915 3483; x_wconf 86' lang='lat' dir='ltr'>nihil</span> <span class='ocrx_word' id='word_1_1749' title='bbox 1930 3458 1998 3483; x_wconf 89' lang='lat' dir='ltr'>enim</span> <span class='ocrx_word' id='word_1_1750' title='bbox 2013 3458 2142 3491; x_wconf 88' lang='lat' dir='ltr'>prohibet,</span> <span class='ocrx_word' id='word_1_1751' title='bbox 2161 3463 2191 3483; x_wconf 90' lang='lat' dir='ltr'>ut</span> <span class='ocrx_word' id='word_1_1752' title='bbox 2208 3459 2330 3483; x_wconf 89' lang='lat' dir='ltr'>admonet</span> <span class='ocrx_word' id='word_1_1753' title='bbox 2348 3466 2370 3483; x_wconf 82' lang='lat' dir='ltr'>s.</span> <span class='ocrx_word' id='word_1_1754' title='bbox 2384 3458 2456 3483; x_wconf 87' lang='lat' dir='ltr'>Tho-</span> 
     </span>
     <span class='ocr_line' id='line_1_172' title="bbox 1395 3492 2456 3526; baseline 0.002 -9"><span class='ocrx_word' id='word_1_1755' title='bbox 1395 3501 1460 3524; x_wconf 86' lang='lat' dir='ltr'>mas,</span> <span class='ocrx_word' id='word_1_1756' title='bbox 1475 3493 1507 3517; x_wconf 89' lang='lat' dir='ltr'>ab</span> <span class='ocrx_word' id='word_1_1757' title='bbox 1526 3493 1663 3518; x_wconf 80' lang='lat' dir='ltr'>Aristotele</span> <span class='ocrx_word' id='word_1_1758' title='bbox 1676 3492 1725 3517; x_wconf 91' lang='lat' dir='ltr'>hoc</span> <span class='ocrx_word' id='word_1_1759' title='bbox 1739 3493 1765 3517; x_wconf 91' lang='lat' dir='ltr'>in</span> <span class='ocrx_word' id='word_1_1760' title='bbox 1783 3493 1841 3518; x_wconf 91' lang='lat' dir='ltr'>loco</span> <span class='ocrx_word' id='word_1_1761' title='bbox 1854 3493 1972 3526; x_wconf 90' lang='lat' dir='ltr'>usurpari</span> <span class='ocrx_word' id='word_1_1762' title='bbox 1991 3493 2129 3525; x_wconf 86' lang='lat' dir='ltr'>singulare,</span> <span class='ocrx_word' id='word_1_1763' title='bbox 2144 3493 2170 3517; x_wconf 92' lang='lat' dir='ltr'>in</span> <span class='ocrx_word' id='word_1_1764' title='bbox 2184 3500 2264 3518; x_wconf 87' lang='lat' dir='ltr'>sensu</span> <span class='ocrx_word' id='word_1_1765' title='bbox 2275 3493 2390 3524; x_wconf 74' lang='lat' dir='ltr'>relativo,</span> <span class='ocrx_word' id='word_1_1766' title='bbox 2405 3493 2456 3520; x_wconf 91' lang='lat' dir='ltr'>hoc</span> 
     </span>
     <span class='ocr_line' id='line_1_173' title="bbox 1395 3528 2455 3561; baseline 0.002 -9"><span class='ocrx_word' id='word_1_1767' title='bbox 1395 3533 1436 3553; x_wconf 80' lang='lat' dir='ltr'>est</span> <span class='ocrx_word' id='word_1_1768' title='bbox 1453 3536 1501 3560; x_wconf 92' lang='lat' dir='ltr'>pro</span> <span class='ocrx_word' id='word_1_1769' title='bbox 1520 3528 1606 3561; x_wconf 88' lang='lat' dir='ltr'>specie</span> <span class='ocrx_word' id='word_1_1770' title='bbox 1623 3528 1650 3552; x_wconf 92' lang='lat' dir='ltr'>in</span> <span class='ocrx_word' id='word_1_1771' title='bbox 1667 3528 1756 3553; x_wconf 87' lang='lat' dir='ltr'>ordine</span> <span class='ocrx_word' id='word_1_1772' title='bbox 1774 3529 1806 3552; x_wconf 86' lang='lat' dir='ltr'>ad</span> <span class='ocrx_word' id='word_1_1773' title='bbox 1825 3535 1927 3560; x_wconf 85' lang='lat' dir='ltr'>genera,</span> <span class='ocrx_word' id='word_1_1774' title='bbox 1944 3536 1991 3553; x_wconf 89' lang='lat' dir='ltr'>seu</span> <span class='ocrx_word' id='word_1_1775' title='bbox 2009 3536 2058 3560; x_wconf 91' lang='lat' dir='ltr'>pro</span> <span class='ocrx_word' id='word_1_1776' title='bbox 2076 3528 2162 3553; x_wconf 88' lang='lat' dir='ltr'>minus</span> <span class='ocrx_word' id='word_1_1777' title='bbox 2180 3528 2317 3553; x_wconf 80' lang='lat' dir='ltr'>universali</span> <span class='ocrx_word' id='word_1_1778' title='bbox 2335 3534 2455 3561; x_wconf 85' lang='lat' dir='ltr'>respectu</span> 
     </span>
     <span class='ocr_line' id='line_1_174' title="bbox 1395 3563 2455 3597; baseline 0.002 -10"><span class='ocrx_word' id='word_1_1779' title='bbox 1395 3563 1499 3588; x_wconf 85' lang='lat' dir='ltr'>maioris</span> <span class='ocrx_word' id='word_1_1780' title='bbox 1509 3563 1673 3595; x_wconf 83' lang='lat' dir='ltr'>universalis;</span> <span class='ocrx_word' id='word_1_1781' title='bbox 1688 3568 1714 3588; x_wconf 88' lang='lat' dir='ltr'>et</span> <span class='ocrx_word' id='word_1_1782' title='bbox 1726 3570 1815 3588; x_wconf 85' lang='lat' dir='ltr'>revera</span> <span class='ocrx_word' id='word_1_1783' title='bbox 1828 3563 1892 3588; x_wconf 83' lang='lat' dir='ltr'>ratio</span> <span class='ocrx_word' id='word_1_1784' title='bbox 1906 3563 2058 3594; x_wconf 81' lang='lat' dir='ltr'>Aristotelis,</span> <span class='ocrx_word' id='word_1_1785' title='bbox 2072 3569 2101 3588; x_wconf 89' lang='lat' dir='ltr'>ut</span> <span class='ocrx_word' id='word_1_1786' title='bbox 2114 3568 2184 3596; x_wconf 89' lang='lat' dir='ltr'>patet</span> <span class='ocrx_word' id='word_1_1787' title='bbox 2196 3571 2227 3588; x_wconf 86' lang='lat' dir='ltr'>ex</span> <span class='ocrx_word' id='word_1_1788' title='bbox 2240 3563 2281 3588; x_wconf 82' lang='lat' dir='ltr'>his</span> <span class='ocrx_word' id='word_1_1789' title='bbox 2294 3571 2362 3596; x_wconf 90' lang='lat' dir='ltr'>quae</span> <span class='ocrx_word' id='word_1_1790' title='bbox 2376 3572 2455 3597; x_wconf 80' lang='lat' dir='ltr'>supra</span> 
     </span>
     <span class='ocr_line' id='line_1_175' title="bbox 1396 3598 2454 3632; baseline 0.001 -9"><span class='ocrx_word' id='word_1_1791' title='bbox 1396 3598 1514 3628; x_wconf 86' lang='lat' dir='ltr'>diximus,</span> <span class='ocrx_word' id='word_1_1792' title='bbox 1524 3599 1592 3623; x_wconf 87' lang='lat' dir='ltr'>valet</span> <span class='ocrx_word' id='word_1_1793' title='bbox 1603 3603 1659 3623; x_wconf 91' lang='lat' dir='ltr'>tum</span> <span class='ocrx_word' id='word_1_1794' title='bbox 1673 3606 1720 3631; x_wconf 92' lang='lat' dir='ltr'>pro</span> <span class='ocrx_word' id='word_1_1795' title='bbox 1733 3606 1787 3623; x_wconf 89' lang='lat' dir='ltr'>uno</span> <span class='ocrx_word' id='word_1_1796' title='bbox 1801 3598 1931 3623; x_wconf 86' lang='lat' dir='ltr'>individuo</span> <span class='ocrx_word' id='word_1_1797' title='bbox 1945 3599 2048 3632; x_wconf 87' lang='lat' dir='ltr'>speciei,</span> <span class='ocrx_word' id='word_1_1798' title='bbox 2058 3604 2113 3624; x_wconf 89' lang='lat' dir='ltr'>tum</span> <span class='ocrx_word' id='word_1_1799' title='bbox 2123 3606 2171 3632; x_wconf 88' lang='lat' dir='ltr'>pro</span> <span class='ocrx_word' id='word_1_1800' title='bbox 2185 3607 2236 3624; x_wconf 87' lang='lat' dir='ltr'>una</span> <span class='ocrx_word' id='word_1_1801' title='bbox 2249 3599 2335 3632; x_wconf 86' lang='lat' dir='ltr'>specie</span> <span class='ocrx_word' id='word_1_1802' title='bbox 2348 3599 2454 3625; x_wconf 83' lang='lat' dir='ltr'>alicuius</span> 
     </span>
    </p>
   </div>
   <div class='ocr_carea' id='block_1_24' title="bbox 2491 417 2706 705">
    <p class='ocr_par' dir='ltr' id='par_1_31' title="bbox 2491 417 2706 675">
     <span class='ocr_line' id='line_1_176' title="bbox 2493 417 2703 443; baseline 0.005 -4"><span class='ocrx_word' id='word_1_1803' title='bbox 2493 417 2583 439; x_wconf 87' lang='lat' dir='ltr'>&#39;Codd.</span> <span class='ocrx_word' id='word_1_1804' title='bbox 2593 419 2649 443; x_wconf 80' lang='lat' dir='ltr'>(exc.</span> <span class='ocrx_word' id='word_1_1805' title='bbox 2661 419 2703 443; x_wconf 70' lang='lat' dir='ltr'>imi</span> 
     </span>
     <span class='ocr_line' id='line_1_177' title="bbox 2492 444 2705 471; baseline 0.009 -7"><span class='ocrx_word' id='word_1_1806' title='bbox 2492 450 2530 464; x_wconf 70' lang='lat' dir='ltr'>—rz</span> <span class='ocrx_word' id='word_1_1807' title='bbox 2539 444 2602 471; x_wconf 78' lang='lat' dir='ltr'>quod</span> <span class='ocrx_word' id='word_1_1808' title='bbox 2607 451 2653 466; x_wconf 86' lang='lat' dir='ltr'>non</span> <span class='ocrx_word' id='word_1_1809' title='bbox 2665 445 2705 466; x_wconf 82' lang='lat' dir='ltr'>de-</span> 
     </span>
     <span class='ocr_line' id='line_1_178' title="bbox 2492 472 2703 495; baseline 0.009 -5"><span class='ocrx_word' id='word_1_1810' title='bbox 2492 472 2592 495; x_wconf 73' lang='lat' dir='ltr'>monst.‚·</span> <span class='ocrx_word' id='word_1_1811' title='bbox 2610 477 2637 492; x_wconf 71' lang='lat' dir='ltr'>u:</span> <span class='ocrx_word' id='word_1_1812' title='bbox 2652 477 2703 492; x_wconf 86' lang='lat' dir='ltr'>cum</span> 
     </span>
     <span class='ocr_line' id='line_1_179' title="bbox 2493 496 2706 522; baseline 0.009 -6"><span class='ocrx_word' id='word_1_1813' title='bbox 2493 501 2539 517; x_wconf 85' lang='lat' dir='ltr'>non</span> <span class='ocrx_word' id='word_1_1814' title='bbox 2571 496 2686 518; x_wconf 73' lang='lat' dir='ltr'>demensi.</span> <span class='ocrx_word' id='word_1_1815' title='bbox 2696 505 2706 522; x_wconf 88' lang='lat'><em>;</em></span> 
     </span>
     <span class='ocr_line' id='line_1_180' title="bbox 2491 522 2704 549; baseline 0.009 -7"><span class='ocrx_word' id='word_1_1816' title='bbox 2491 527 2520 543; x_wconf 73' lang='lat' dir='ltr'>u:</span> <span class='ocrx_word' id='word_1_1817' title='bbox 2531 522 2704 549; x_wconf 75' lang='lat' dir='ltr'>demonstrari,</span> 
     </span>
     <span class='ocr_line' id='line_1_181' title="bbox 2491 549 2703 570; baseline 0.014 -2"><span class='ocrx_word' id='word_1_1818' title='bbox 2491 549 2516 568; x_wconf 84' lang='lat' dir='ltr'>et</span> <span class='ocrx_word' id='word_1_1819' title='bbox 2546 554 2600 570; x_wconf 76' lang='lat' dir='ltr'>vere</span> <span class='ocrx_word' id='word_1_1820' title='bbox 2626 550 2703 570; x_wconf 81' lang='lat' dir='ltr'>autem</span> 
     </span>
     <span class='ocr_line' id='line_1_182' title="bbox 2491 575 2666 596; baseline 0.011 -2"><span class='ocrx_word' id='word_1_1821' title='bbox 2491 579 2537 595; x_wconf 85' lang='lat' dir='ltr'>non</span> <span class='ocrx_word' id='word_1_1822' title='bbox 2552 575 2666 596; x_wconf 77' lang='lat' dir='ltr'>demonst.</span> 
     </span>
     <span class='ocr_line' id='line_1_183' title="bbox 2495 601 2704 627; baseline 0.005 -6"><span class='ocrx_word' id='word_1_1823' title='bbox 2495 602 2503 609; x_wconf 92' lang='grc'>·</span> <span class='ocrx_word' id='word_1_1824' title='bbox 2517 601 2583 627; x_wconf 74' lang='lat' dir='ltr'>Ipsos</span> <span class='ocrx_word' id='word_1_1825' title='bbox 2602 607 2651 622; x_wconf 89' lang='lat' dir='ltr'>om.</span> <span class='ocrx_word' id='word_1_1826' title='bbox 2660 607 2704 626; x_wconf 76' lang='lat' dir='ltr'>uo,-</span> 
     </span>
     <span class='ocr_line' id='line_1_184' title="bbox 2492 627 2596 648; baseline 0.01 -1"><span class='ocrx_word' id='word_1_1827' title='bbox 2492 632 2518 647; x_wconf 70' lang='lat' dir='ltr'>c:</span> <span class='ocrx_word' id='word_1_1828' title='bbox 2528 627 2596 648; x_wconf 73' lang='lat' dir='ltr'>istm.</span> 
     </span>
     <span class='ocr_line' id='line_1_185' title="bbox 2492 654 2669 675; baseline 0.011 -2"><span class='ocrx_word' id='word_1_1829' title='bbox 2492 654 2500 662; x_wconf 86' lang='grc'><em>·</em></span> <span class='ocrx_word' id='word_1_1830' title='bbox 2517 659 2561 674; x_wconf 72' lang='lat' dir='ltr'>no:</span> <span class='ocrx_word' id='word_1_1831' title='bbox 2576 659 2669 675; x_wconf 86' lang='lat' dir='ltr'>errare.</span> 
     </span>
    </p>

    <p class='ocr_par' dir='ltr' id='par_1_32' title="bbox 2589 689 2606 705">
     <span class='ocr_line' id='line_1_186' title="bbox 2589 689 2606 705; baseline 0 0"><span class='ocrx_word' id='word_1_1832' title='bbox 2589 689 2606 705; x_wconf 85' lang='grc' dir='ltr'><strong><em>α</em></strong></span> 
     </span>
    </p>
   </div>
  </div>
 </body>
</html>
