2548 4192
190 271 369 296 ccxxxvm

194 352 210 368 »
226 339 330 370 >Aliud
346 346 392 371 est
407 340 468 377 hic,
481 339 567 370 aliud
584 346 630 370 est
643 339 734 370 huic:
749 339 835 370 aliud
851 340 962 380 utique
977 339 1034 370 erit
1048 348 1119 379 egO,
1132 345 1163 369 et
1177 338 1263 369 aliud

194 385 402 415 ’''mihi'essa
419 385 461 415 Et
477 387 706 425 consequenter
720 384 851 424 quidem
868 390 913 414 est
930 382 1127 423 compositus
1143 382 1263 413 intelle-

193 438 211 456 »·
232 435 312 459 ctus
317 435 364 459 ex
370 428 511 469 potentia
529 436 560 459 et
575 435 656 459 actu.
677 428 756 458 Mihi
774 435 881 458 autem
897 437 963 458 esse
980 437 1016 457 ex
1031 437 1070 457 eo
1087 427 1176 467 quod
1191 434 1263 457 actu

194 481 216 500 2>
225 475 296 504 est
295 474 378 514 quia
390 473 489 503 etiam
506 484 542 504 ea
556 482 638 514 quae
652 472 789 502 meditor
803 479 834 502 et
848 481 929 512 quae
944 471 1058 509 scribo,
1075 471 1180 501 scribit
1194 471 1263 511 qui-

193 530 208 545 »
233 510 306 548 dem
321 517 498 548 intellectus
523 516 720 557 compositus
749 526 785 546 ex
814 515 955 556 potentia
985 522 1016 546 et
1043 522 1126 546 actu.
1151 515 1264 546 Scribit

194 574 209 589 ι)
231 569 349 600 autem,
366 571 432 592 non
447 572 510 602 qua
530 561 682 601 potentia,
703 560 758 590 sed
777 570 841 600 qua
856 566 944 590 actu:
961 559 1084 599 operari
1101 559 1188 590 enim
1204 559 1263 589 sibi

196 619 211 634 >›
234 607 307 637 inde
324 606 490 636 derivatur.
504 606 548 636 Et
556 610 632 645 post
641 614 750 644 pauca
767 604 873 634 adhuc
891 603 1095 642 manifestius
1120 605 1185 634 sic:
1204 603 1263 643 lgi-

195 663 211 678 »
233 657 285 682 tur
308 657 354 681 est
370 650 466 687 aliud,
483 656 529 680 est
548 649 681 686 animal;
702 655 733 678 et
755 648 842 678 aliud
867 648 996 678 animali
1020 658 1097 678 esse.
1123 648 1264 678 Animali

194 707 209 722 a>
233 705 298 725 esse
314 701 360 725 est
375 695 413 724 ab
430 693 536 723 anima
555 692 708 723 animalis.
726 692 776 723 Sic
796 699 826 723 et
845 692 942 731 aliud,
962 692 1018 733 qui
1035 700 1109 732 ego:
1130 699 1160 722 et
1179 692 1265 722 aliud

195 752 210 767 >›
233 748 299 769 esse
314 738 403 768 mihi.
421 738 498 768 Esse
529 743 636 767 autem
664 737 743 767 mihi
768 743 814 767 est
842 737 881 767 ab
910 736 1031 767 anima:
1062 743 1092 767 et
1120 736 1263 775 habetur,

195 796 210 811 »
232 793 299 813 non
323 782 422 813 omni.
438 782 513 812 Non
537 781 623 812 enim
639 781 797 819 sensitiva,
815 781 943 812 materia
960 781 1046 811 enim
1070 787 1135 811 erat
1162 781 1262 821 phan-

195 840 209 855 >›
232 827 336 857 tasiae.
361 827 473 867 Neque
490 836 616 856 rursum
640 835 658 855 a
676 825 851 866 phantasia,
871 825 1001 856 materia
1020 825 1106 855 enim
1123 831 1188 855 erat
1206 835 1264 865 po-

194 884 208 899 »
232 871 327 901 tentia
347 870 533 901 intellectus.
551 871 664 911 Neque
678 870 768 911 quod
792 870 934 910 potentia
955 869 1142 908 intellectus,
1165 876 1263 900 mate-

193 928 208 943 »
230 915 275 945 ria
298 915 384 945 enim
408 921 472 945 erat
491 914 596 945 factivi
621 913 846 957 (intellectus).
871 917 900 945 A
929 915 999 945 solo
1024 914 1119 954 igitur
1147 914 1263 945 factivo

192 972 207 988 ι»
231 966 277 990 est
299 959 378 989 mihi
402 969 478 990 esse.
508 959 552 990 Et
568 965 645 1000 post
669 969 780 1000 pauca
799 959 921 990 subdit:
937 959 1023 990 Cum
1051 959 1265 999 respondisset

193 1017 207 1032 »
231 1003 346 1034 scilicet
371 1003 571 1034 Aristoteles:
588 1004 622 1034 in
643 1003 733 1034 omni
759 1010 867 1034 autern
890 1011 1021 1040 natura,
1046 1003 1108 1034 hoc
1132 1003 1264 1044 quidem

191 1061 207 1076 7>
230 1055 266 1079 ut
288 1048 453 1078 materiam
477 1058 555 1086 esse,
572 1048 634 1079 hoc
653 1055 761 1079 autem
784 1049 874 1089 quod
894 1048 1059 1079 materiam
1082 1054 1191 1078 movet
1210 1054 1264 1078 aut

192 1106 207 1120 »
230 1091 366 1133 perficit3
386 1103 512 1123 necesse
532 1093 574 1123 ait
593 1099 624 1123 et
651 1093 682 1123 in
713 1093 818 1123 anima
838 1093 966 1123 existere
990 1093 1046 1123 has
1076 1092 1263 1123 differentias

191 1150 206 1165 »
230 1138 260 1168 et'
283 1147 350 1167 esse
378 1136 478 1168 hunc
487 1137 628 1178 aliquem
651 1137 747 1168 talem
766 1137 962 1168 intellectum
984 1138 1018 1168 in
1041 1137 1147 1167 anima
1177 1136 1262 1175 fieri,

191 1195 207 1210 ³>
230 1188 260 1212 et
283 1181 368 1213 hunc
387 1182 483 1212 talem
511 1181 544 1212 in
574 1182 679 1212 anima
703 1181 813 1212 facere.
838 1182 879 1212 Et
902 1192 1004 1223 usque
1026 1182 1066 1212 ad
1085 1182 1166 1212 hanc
1189 1191 1263 1222 pro-

191 1239 206 1254 »
228 1236 333 1266 gressa
350 1232 461 1257 natura
477 1226 616 1257 cessavit.
627 1249 634 1257 .
646 1249 653 1256 .
669 1227 737 1256 Nos
751 1226 858 1267 itaque
874 1237 986 1257 sumus
1002 1226 1122 1257 activus
1143 1226 1263 1257 intelle-

190 1284 206 1299 »
229 1277 307 1301 ctus.
333 1271 374 1301 Et
389 1277 500 1311 postea
527 1271 699 1311 reprobans
715 1271 931 1311 quorumdam
960 1271 1148 1311 opinionem
1173 1270 1262 1301 dicit:

191 1328 206 1343 »
229 1315 262 1345 in
278 1315 384 1345 anima
403 1325 470 1345 esse
486 1315 581 1346 talem
597 1315 794 1346 intellectum
813 1322 844 1346 et
859 1315 983 1346 animae
1002 1315 1161 1346 humanae
1177 1315 1265 1346 velut

192 1373 206 1387 »
229 1360 405 1400 quamdam
428 1366 550 1400 partem
568 1359 858 1390 honoratissimam.
877 1360 921 1390 Et
936 1365 1014 1400 post
1030 1369 1141 1400 pauca
1171 1359 1265 1390 dicit.-

190 1417 205 1432 »
228 1405 276 1434 Ex
300 1404 411 1434 eadem
434 1404 535 1434 littera
557 1404 620 1435 hoc
643 1403 792 1434 convenit
817 1403 1022 1442 confirmare,
1042 1404 1131 1444 quod
1154 1410 1262 1444 putat,

190 1461 206 1476 »
229 1448 346 1479 scilicet
375 1448 577 1479 Aristoteles:
611 1455 666 1479 aut
696 1448 795 1479 nostri
819 1448 940 1489 aliquid
964 1458 1030 1478 esse
1054 1448 1192 1478 activum
1215 1448 1263 1478 in—

190 1506 205 1521 »
228 1493 390 1524 tellectum
426 1499 481 1523 aut
519 1503 589 1524 nos.
617 1493 710 1524 Patet
739 1493 842 1534 igitur
873 1502 915 1523 ex
936 1493 1128 1533 praemissis
1160 1492 1264 1523 verbis

924 258 1384 296 DISSERTATIONES
1415 260 1663 297 CRITICAE

1317 348 1369 368 ma
1386 336 1481 381 (libro
1497 340 1549 378 111,
1566 350 1633 380 cap.
1650 350 1734 370 xxxn
1743 340 1831 371 iuxta

1317 382 1389 413 edit.
1398 382 1521 426 Barb.):
1542 384 1623 414 Cum
1635 385 1719 415 enim
1734 394 1830 425 quae—

1315 427 1408 457 sisset
1431 428 1471 458 de
1502 429 1664 459 intellectu
1692 434 1825 470 agente,

1317 476 1425 501 utrum
1449 473 1490 502 sit
1514 482 1613 510 unus,
1638 483 1681 503 an
1698 473 1826 513 plures,

1315 515 1482 557 subiungit
1504 517 1640 548 solvens.
1669 519 1736 547 Aut
1765 517 1828 557 pri-

1317 569 1389 589 mus
1417 560 1577 591 illustrans
1600 568 1646 592 est
1670 571 1771 600 unus,
1795 561 1831 592 il-

1316 603 1438 634 lustrati
1471 611 1501 635 et
1532 605 1722 636 illustrantes
1757 613 1831 637 sunt

1317 647 1433 687 plures.
1450 648 1506 679 Sol
1523 649 1655 690 quidem
1669 660 1754 680 unus
1771 656 1831 681 est:

1317 691 1427 722 lumen
1464 699 1573 723 autem
1608 693 1692 724 dices
1726 694 1833 734 partiri

1318 735 1427 776 aliquo
1444 737 1545 767 modo
1569 738 1729 768 adversus.
1754 738 1832 768 Pro-

1317 786 1387 820 pter
1418 780 1481 811 hoc
1514 781 1600 811 enim
1632 792 1701 812 non
1731 782 1834 812 solem

1318 824 1427 864 posuit
1436 825 1469 855 in
1481 826 1767 865 comparationem,
1777 826 1834 857 sci-

1317 868 1390 899 licet
1407 869 1612 900 Aristoteles:
1637 870 1693 900 sed
1713 870 1834 901 lumen.

1317 913 1407 944 Plato
1431 920 1538 944 autem
1562 914 1674 945 solem.
1689 926 1704 942 2

1875 341 1915 372 ba
1931 341 2093 372 Themistii
2103 343 2136 372 in
2152 341 2337 374 Commento
2344 344 2396 375 De

1876 387 1996 416 anima.
2016 386 2097 416 Cum
2121 387 2204 417 enim
2221 389 2397 428 quaesisset

1872 430 1912 460 de
1922 431 2084 461 intellectu
2094 436 2223 472 agente,
2234 437 2343 462 utrum
2354 433 2397 463 sit

1874 484 1960 505 unus
1968 474 2019 505 vel
2021 476 2147 515 plures,
2156 476 2323 517 subiungit
2332 476 2394 507 sol-

1875 528 1962 549 vens.
1978 521 2029 549 An
2044 519 2186 559 primum
2200 521 2332 561 quidem
2347 520 2395 550 in—

1877 562 2039 593 tellectum
2054 563 2291 596 illuminantem
2310 565 2393 595 credi

1877 616 1981 637 unum
2020 614 2170 648 oportet;
2198 609 2394 640 illuminatos

1878 660 1954 681 vero
1985 658 2016 682 et
2046 652 2181 683 subinde
2210 653 2394 684 illuminan-

1879 701 1925 725 tes
1946 694 2084 726 multos?
2108 697 2394 734 Quemadmodum

1879 749 2078 780 quamquam
2117 741 2166 771 sol
2205 749 2252 773 est
2288 749 2392 773 unus:

1879 789 1987 814 tamen
2005 784 2070 822 lux,
2087 795 2169 825 quae
2185 786 2225 816 de
2239 787 2306 817 sole
2320 796 2394 826 pro-

1881 827 1927 857 dit
1950 834 1981 858 et
2003 827 2149 868 mittitur,
2169 830 2260 870 quasi
2284 830 2394 861 abiun-

1881 871 1965 911 gitur
1983 872 2022 902 ab
2046 882 2085 902 eo
2108 879 2140 903 et
2159 874 2334 913 divellitur;
2350 881 2394 905 at-

1880 925 1944 955 que
1976 915 2019 945 ita
2046 915 2080 946 in
2112 917 2233 948 multos
2264 919 2396 949 obtutus

1881 959 2064 990 distrahitur
2124 961 2394 1004 distribuiturque.

1881 1003 2103 1041 Quamobrem
2130 1005 2315 1037 Aristoteles
2346 1007 2395 1037 in-

1879 1048 2042 1079 tellectum
2065 1059 2132 1079 non
2156 1050 2232 1089 soli,
2267 1051 2323 1081 sed
2345 1050 2394 1081 lu-

1878 1092 1958 1123 mini
1987 1094 2191 1133 comparavit.
2223 1095 2314 1126 Plato
2338 1105 2393 1126 au-

1878 1143 1944 1167 tem
1967 1137 2038 1168 soli.
2051 1150 2066 1165 x»

1385 1224 1617 1256 Commentarii
1641 1235 1696 1255 seu
1717 1225 1944 1265 paraphraseos
1963 1225 2133 1257 Themistii
2147 1227 2260 1258 latinas
2274 1228 2392 1259 versio-

190 1551 205 1565 »
233 1538 396 1568 Themis-tii
411 1550 426 1565 »
454 1544 512 1568 etc.

235 1683 250 1698 α
266 1670 310 1700 Et
340 1670 549 1710 Theophrasti
570 1670 696 1711 quidem

187 1715 285 1745 libros
301 1724 364 1745 non
380 1714 462 1745 vidi:
475 1714 532 1745 sed
544 1715 613 1745 eius
629 1725 699 1746 ver-

185 1759 225 1789 ba
249 1759 423 1790 introducit
450 1759 640 1790 Themistius
663 1760 695 1790 in

191 1803 387 1841 Commento,
411 1801 479 1846 (lib.
497 1803 550 1842 111,
566 1814 592 1834 c.
608 1813 700 1834 xxxrx

186 1848 272 1878 iuxta
295 1847 367 1878 edit.
390 1846 497 1891 Barb.)
517 1858 601 1889 quae
622 1853 699 1879 sunt

185 1893 276 1930 talia,
296 1892 343 1923 sic
365 1892 495 1923 dicens:
517 1892 633 1923 Melius
652 1899 699 1923 est

185 1944 293 1968 autem
331 1936 543 1977 Theophrasti
577 1947 696 1978 propo-

184 1992 258 2012 nere
269 1981 351 2012 dicta
361 1981 399 2012 de
409 1981 570 2012 intellectu
585 1988 697 2022 poten-

184 2026 227 2057 tia
251 2033 280 2057 et
304 2026 343 2056 de
360 2036 398 2056 eo
415 2026 471 2067 qui
487 2033 570 2057 actu.
590 2026 638 2057 De
658 2036 696 2057 eo

186 2070 359 2111 igitur,qui
383 2070 525 2111 potentia
548 2070 624 2101 haec
641 2070 696 2102 ait:

185 2115 365 2145 Intellectus
390 2121 498 2145 autem
522 2114 656 2156 qualiter
679 2125 698 2145 a

185 2159 262 2190 foris
300 2159 434 2189 existens
467 2166 497 2190 et
532 2166 699 2200 tamquam

185 2203 416 2244 superpositus;
427 2210 457 2234 et
467 2210 573 2234 tamen
582 2213 698 2235 conna-

184 2245 310 2287 turalis?
326 2248 367 2278 Et
380 2245 456 2289 qui'a
469 2255 582 2279 natura
595 2248 696 2289 ipsius

184 2291 280 2331 habet
295 2292 427 2333 quidem
445 2292 628 2324 naturaliter
651 2302 697 2324 es-

183 2347 228 2375 se,
252 2336 369 2367 scilicet
385 2343 491 2367 actum
511 2343 542 2368 et
556 2337 699 2377 potentia

183 2381 303 2421 omnia,
313 2381 393 2411 bene
409 2380 478 2412 finit
494 2388 524 2412 et
539 2381 694 2422 superius.

183 2426 259 2456 Non
292 2425 378 2456 enim
402 2425 445 2456 sic
476 2425 697 2466 accipiendum

184 2476 247 2508 est,
276 2476 312 2500 ut
335 2480 439 2511 neque
463 2470 503 2500 sit
533 2470 610 2510 ipse:
635 2470 697 2501 hoc

182 2513 359 2554 litigiosum
379 2521 425 2545 est
441 2514 538 2552 enim,
555 2515 611 2545 sed
626 2521 694 2546 ut...

182 2558 358 2599 quamdam
388 2559 585 2599 potentiam,
614 2559 696 2590 sicut

182 2603 278 2633 etiam
294 2602 327 2633 in
342 2603 564 2634 materialibus.
585 2603 658 2634 Hoc
677 2613 696 2633 a

181 2647 272 2685 foris,
292 2657 359 2678 non
383 2654 419 2678 ut
442 2647 616 2687 obiectum,
640 2647 696 2678 sed

182 2698 219 2722 ut
237 2691 341 2732 ipsam
357 2691 630 2743 comprehendens
643 2701 695 2732 ge-

182 2735 381 2767 nerationem
414 2736 548 2768 omnino
572 2746 695 2778 ponen-

182 2781 271 2811 dum.
291 2793 307 2809 ι

229 3587 244 3602 ι
254 3576 406 3607 Ponenda
415 3583 491 3608 sunt
501 3578 597 3609 verba
612 3579 689 3609 Uie-

181 3619 280 3649 mistii
295 3621 326 3650 in
346 3620 531 3652 Commento
553 3623 604 3652 De
619 3623 690 3653 ani-

790 1625 903 1657 Paullo
926 1625 1008 1656 infra
1034 1625 1067 1655 in
1092 1626 1216 1656 eodem.

780 1670 808 1711 9.
824 1684 839 1699 ι
849 1670 892 1701 Et
911 1670 1120 1711 Theophrasti
1135 1670 1261 1711 quidem

746 1715 845 1746 libros
881 1725 944 1746 non
983 1714 1070 1746 vidi:
1101 1715 1158 1746 sed
1194 1716 1263 1746 eius

743 1759 840 1791 verba
871 1759 1046 1790 introducit
1073 1760 1263 1790 Themistius

746 1805 779 1835 in
791 1804 987 1842 Commento,
996 1809 1160 1845 quaesunt
1170 1804 1260 1842 talia,

744 1849 791 1879 sic
820 1848 946 1880 dicens:
976 1848 1072 1879 Plane
1103 1848 1262 1879 facturum

744 1893 807 1924 hoc
830 1892 904 1924 loco
923 1903 976 1924 me
992 1903 1107 1933 operae
1124 1893 1262 1933 pretium

742 1937 889 1976 arbitror,
913 1937 939 1968 si
962 1938 1057 1968 verba
1075 1937 1262 1978 Theophra-

744 1981 782 2013 sti
806 1982 845 2012 de
864 1981 1024 2013 intellectu
1043 1982 1208 2022 potestatis
1232 1988 1263 2013 et

743 2033 854 2067 agente
876 2033 1091 2067 praetexuero.
1107 2027 1156 2057 De
1171 2026 1262 2057 intel-

744 2071 827 2102 lectu
856 2071 963 2112 itaque
992 2071 1156 2112 potestatis
1185 2071 1262 2102 haec

744 2115 828 2146 dicit:
845 2115 931 2146 Cum
946 2115 1133 2155 intellectus,
1144 2115 1259 2157 inquit,

744 2159 869 2190 homini
893 2160 1084 2191 extrinsecus
1105 2161 1261 2199 acccedat3

746 2214 884 2245 cumque
901 2211 1067 2246 tamquam
1083 2205 1261 2245 appositus,

741 2248 948 2290 invectusque
987 2249 1027 2280 sit
1043 2257 1050 2280 :
1075 2249 1237 2290 quaeritur
1253 2272 1261 2288 ,

744 2293 1021 2334 quemadmodum
1074 2294 1262 2334 congenitus

744 2337 838 2368 nobis
862 2338 993 2376 dicatur,
1018 2338 1150 2369 demum
1166 2348 1262 2379 quae-

742 2392 817 2413 nam
827 2381 1027 2413 confirmatio
1036 2389 1186 2414 naturave
1194 2383 1262 2414 eius

743 2424 795 2457 sit?
806 2426 899 2458 Certe
909 2426 941 2457 id
949 2427 1038 2468 quod
1049 2427 1173 2466 dicitur,
1182 2427 1262 2458 nihil

744 2478 815 2502 actu
849 2481 915 2502 esse
946 2471 1142 2502 intellectum
1158 2494 1167 2510 ,
1205 2472 1261 2502 sed

742 2522 899 2556 potestate
931 2516 1055 2555 omnia,
1090 2523 1172 2547 recte
1204 2516 1260 2547 ha-

742 2566 851 2590 ctenus
882 2559 1011 2598 dicitur,
1041 2566 1198 2601 quatenus
1230 2567 1261 2592 et

741 2603 774 2634 in
798 2611 908 2634 sensu:
933 2613 999 2634 non
1022 2610 1129 2635 tamen
1158 2614 1260 2646 usque

742 2657 781 2678 eo
811 2648 852 2678 ad
882 2658 986 2678 unum
1016 2649 1183 2679 resecanda
1210 2659 1259 2680 res

742 2699 808 2731 est,
842 2702 946 2733 neque
978 2699 1044 2723 tarn
1076 2693 1155 2723 nihil
1187 2700 1258 2724 actu

742 2737 926 2777 probandus
945 2743 982 2767 ut
1000 2747 1103 2778 neque
1123 2737 1258 2777 ipsemet

743 2781 791 2811 sit.
825 2780 996 2812 Calumnia
1018 2781 1096 2812 haec
1119 2788 1201 2812 esset
1229 2788 1259 2812 et

743 2824 845 2856 oratio
865 2825 1061 2856 contentioni
1081 2825 1259 2867 cavilloque

744 2869 905 2910 proxima:
930 2870 985 2900 sed
1017 2870 1060 2900 ita
1082 2869 1258 2910 intelligen-

744 2914 834 2952 dum,
854 2921 891 2945 ut
904 2913 936 2944 in
951 2914 1059 2945 animo
1077 2914 1146 2945 talis
1163 2924 1258 2955 quae-

743 2958 818 2989 dam
841 2958 890 2989 sui
913 2958 1035 2999 generis
1058 2958 1201 2999 potentia
1220 2959 1260 2990 sit

743 3012 802 3044 pro
838 3002 981 3034 subiecto
1013 3002 1191 3034 formarum
1223 3013 1258 3034 ac

742 3047 882 3087 gremio,
906 3047 1008 3088 qualis
1024 3047 1057 3078 in
1073 3047 1167 3078 rebus
1190 3058 1256 3078 rna—

740 3091 901 3122 terialibus
934 3091 1065 3123 facultas
1101 3091 1155 3123 illa
1187 3099 1234 3123 est
1248 3115 1257 3131 ,

739 3146 822 3177 quae
848 3136 1067 3167 constitutioni
1095 3146 1205 3167 earum
1228 3143 1259 3168 et

742 3180 936 3212 concretioni
952 3180 1169 3212 substernitur.
1180 3181 1256 3212 Por-

741 3234 778 3255 ro
815 3225 905 3266 quod
942 3225 1055 3256 dicitur
1070 3248 1079 3264 ,
1116 3232 1257 3256 mentem

742 3268 932 3300 extrinsecus
955 3270 1112 3308 accedere;
1127 3280 1194 3301 non
1213 3270 1256 3301 ita

741 3313 946 3344 statuendum
969 3321 1016 3345 est
1038 3321 1075 3345 ut
1106 3314 1162 3356 qui
1185 3324 1257 3345 vere

742 3358 926 3398 appositus,
963 3358 1170 3400 invectusque
1202 3358 1256 3389 ha-

740 3403 861 3433 beatur:
886 3403 941 3433 sed
957 3409 994 3434 ut
1016 3403 1071 3444 qui
1087 3403 1192 3434 statim
1216 3404 1254 3434 ab

742 3453 815 3477 ortu
859 3447 950 3488 quasi
989 3447 1257 3488 comprehendere

742 3501 813 3530 nos,
838 3491 1072 3533 complectique
1095 3492 1205 3523 soleat.
1222 3505 1238 3520 ›

779 3580 884 3620 Prope
911 3580 1068 3620 Opusculi
1092 3580 1209 3612 finem:

739 3636 754 3651 ι
763 3624 916 3655 Ponenda
929 3629 1006 3655 sunt
1020 3625 1106 3656 circa
1116 3625 1177 3656 hoc
1185 3635 1254 3657 ver-

1317 1278 1372 1299 nes
1387 1276 1545 1300 memorat
1568 1270 1614 1300 10.
1626 1269 1775 1300 Albertus
1792 1270 1965 1309 Fabricius,
1980 1280 2060 1311 quas
2075 1271 2238 1302 confecere
2254 1273 2391 1303 Hermo-

1316 1313 1385 1343 laus
1408 1313 1579 1353 Barbarus,
1603 1314 1787 1345 Ludovicus
1810 1314 1972 1355 Nogarola
1987 1321 2017 1345 et
2035 1315 2211 1346 Fridericus
2224 1316 2393 1348 Bonaven-

1316 1364 1401 1388 tura:
1426 1358 1625 1399 antiquioris,
1641 1369 1723 1400 quae
1742 1359 1775 1389 in
1792 1359 1955 1390 codicibus
1974 1365 2140 1400 prostaret,
2151 1370 2219 1391 non
2234 1361 2392 1392 meminit.

1316 1404 1368 1432 An
1393 1402 1498 1443 aliqua
1521 1413 1600 1433 aevo
1624 1403 1772 1434 Thomae
1796 1403 2059 1443 circumferretur,
2084 1414 2124 1434 an
2147 1415 2223 1436 vero
2247 1405 2393 1437 Thomas

1316 1456 1375 1496 pro
1400 1447 1472 1477 data
1495 1447 1662 1478 occasione
1685 1447 1757 1478 loca
1779 1448 1938 1489 quaedam
1960 1448 2057 1479 latine
2079 1450 2230 1480 vertenda
2253 1457 2391 1490 curaret,

1315 1490 1553 1531 incompertum
1568 1491 1657 1522 mihi.
1676 1491 1919 1532 Opusculorum
1933 1492 2107 1523 editionem
2121 1493 2259 1534 primam
2273 1495 2394 1526 curavit

1316 1535 1435 1565 Paulus
1465 1534 1619 1566 Soncinas
1646 1536 1828 1567 Mediolani
1857 1547 1944 1567 anno
1976 1536 2068 1574 1488
2097 1538 2186 1578 apud
2217 1540 2394 1580 magistros

1316 1579 1501 1620 Benignum
1531 1585 1562 1610 et
1584 1579 1632 1611 Io.
1651 1580 1827 1611 Antonium
1851 1581 1892 1611 de
1913 1581 2057 1612 Honate.
2087 1581 2230 1622 Operam
2259 1593 2392 1625 quoque

1317 1633 1409 1654 suam
1427 1630 1604 1664 praestante
1623 1624 1767 1655 Antonio
1782 1624 1955 1655 Pizamano
1976 1625 2112 1656 Patricio
2130 1633 2264 1666 veneto,
2279 1628 2392 1659 eadem

1317 1667 1483 1708 Opuscula
1511 1669 1649 1700 Venetiis
1671 1679 1759 1700 anno
1777 1674 1862 1711 1490
1878 1674 1909 1700 et
1926 1668 2018 1711 1498
2029 1670 2216 1710 prodierunt
2238 1672 2392 1703 mandato

1317 1717 1347 1743 et
1370 1714 1519 1753 expensis
1543 1712 1716 1744 Octaviani
1733 1714 1830 1745 Scoti.
1854 1714 1947 1744 Hanc
1962 1713 2124 1745 Pizamani
2143 1715 2317 1746 editionem
2331 1716 2394 1747 alia

1323 1757 1439 1788 Veneta
1469 1757 1615 1798 exprimit
1642 1768 1730 1789 anno
1763 1756 1852 1789 1508
1881 1759 2035 1789 mandato
2067 1764 2098 1790 et
2127 1761 2277 1800 expensis
2303 1761 2394 1792 Pem·

1316 1801 1562 1840 Liechtenstein‚
1589 1812 1669 1833 cura
1693 1808 1725 1833 et
1748 1804 1880 1844 ingenio
1903 1803 2014 1834 Iacobi
2031 1803 2148 1834 Pencio
2171 1804 2212 1835 de
2228 1805 2347 1836 Leuca.

1384 1846 1465 1884 Quis
1488 1856 1564 1877 vero
1589 1847 1760 1886 editorum,
1780 1857 1821 1878 an
1844 1847 2010 1886 Soncinas,
2035 1858 2075 1878 an
2098 1848 2299 1888 Pizamanus,
2322 1849 2394 1881 lati·

1316 1900 1392 1921 nam
1414 1891 1595 1922 versionem
1613 1891 1783 1922 Themistii
1806 1902 1825 1922 a
1847 1892 1987 1923 Barbaro
2004 1892 2182 1923 confectam
2196 1893 2230 1923 in
2244 1893 2393 1934 Opuscu-

1315 1935 1386 1965 lum
1408 1935 1506 1966 sancti
1530 1936 1678 1966 Thomae
1698 1934 1868 1967 invexerit?
1888 1936 2076 1967 Versionem
2098 1947 2190 1967 suam
2212 1944 2268 1969 aut
2282 1938 2392 1978 potius

1315 1979 1496 2011 liberiorem
1514 1980 1732 2021 paraphrasim
1747 1991 1833 2011 anno
1854 1981 1937 2021 1480
1953 1981 2097 2021 primum
2114 1981 2297 2022 vulgaverat
2314 1982 2390 2013 Bar-

1315 2024 1419 2055 barus.
1450 2025 1520 2056 Hac
1543 2025 1589 2056 uti
1613 2025 1767 2056 Soncinas
1790 2032 1929 2066 poterat:
1950 2032 1982 2056 at
2005 2025 2248 2066 Opusculorum
2275 2026 2390 2058 editio-

1315 2078 1401 2107 nem,
1425 2078 1525 2110 quam
1547 2069 1615 2110 ipse
1639 2069 1769 2108 curavit,
1793 2070 1898 2100 videre
1913 2080 1949 2101 ac
1963 2070 2095 2101 lustrare
2109 2070 2188 2101 mihi
2207 2080 2275 2102 non
2288 2071 2387 2102 licuit.

1316 2113 1351 2143 ln
1383 2113 1576 2144 editionibus
1608 2120 1690 2144 certe
1713 2124 1731 2144 a
1754 2114 1927 2145 Pizamano
1956 2114 2070 2145 curatis
2101 2114 2234 2146 latinam
2260 2115 2389 2146 Barbari

1315 2157 1496 2189 versionem
1528 2165 1664 2198 praestat
1697 2158 1795 2189 sancti
1825 2158 1973 2189 Thomae
1997 2158 2220 2199 Opusculum,
2253 2169 2320 2201 quo
2353 2159 2393 2190 de

1315 2202 1456 2242 agimus:
1472 2203 1684 2244 eamdemque
1698 2203 1876 2243 superiores
1893 2203 2060 2242 editiones,
2071 2203 2291 2235 admonitione
2305 2203 2394 2235 nulla

1315 2247 1498 2287 praemissa,
1523 2254 1751 2288 expresserunt.

1383 2292 1422 2322 11.
1441 2291 1613 2332 Duplicem
1628 2291 1834 2333 Peripatetica
1848 2291 2054 2332 philosophia
2069 2291 2267 2323 intellectum
2280 2292 2392 2324 distin·

1315 2336 1446 2376 guebat:
1470 2342 1620 2378 agentem
1645 2346 1764 2375 unum,
1782 2338 1950 2377 passivum
1975 2343 2031 2367 aut
2061 2336 2235 2377 patientem
2258 2336 2393 2368 alterum

1316 2389 1372 2411 seu
1395 2380 1593 2412 intellectum
1616 2387 1781 2432 potestate.
1806 2381 1926 2412 Munus
1946 2380 2152 2412 collustrandi
2171 2381 2393 2422 phantasmata

1315 2424 1472 2456 tribuebat
1500 2425 1546 2456 illi
1570 2435 1605 2456 ac
1624 2425 1675 2456 isti
1699 2435 1818 2456 munus
1847 2425 2063 2466 intelligendi,
2087 2432 2261 2467 postquam
2290 2426 2391 2467 phan-

1314 2475 1448 2500 tasmata
1473 2470 1665 2511 collustrata,
1690 2480 1746 2501 seu
1763 2469 1883 2511 species
1898 2469 2109 2510 intelligibiles
2133 2469 2207 2501 inde
2231 2470 2392 2512 exculptae

1314 2514 1490 2554 recepisset,
1515 2514 1715 2546 Intellectum
1737 2520 1887 2556 agentem
1912 2515 2068 2546 statuebat
2090 2517 2246 2545 Averroes
2269 2515 2309 2546 ab
2331 2515 2391 2546 ho-

1314 2558 1400 2589 mine
1424 2566 1624 2600 separatum,
1654 2569 1758 2590 unum
1788 2558 1883 2590 etiam
1906 2558 2157 2600 hominibusque
2181 2569 2391 2590 communem

1314 2602 1480 2634 omnibus:
1505 2613 1587 2644 quae
1617 2603 1733 2644 pariter
1755 2603 1825 2634 aliis
1847 2603 1966 2643 graecis
1989 2603 2202 2644 Peripateticis
2230 2603 2388 2635 insederat

1314 2647 1437 2687 opinio,
1461 2647 1527 2678 sive
1550 2647 1683 2678 demum
1706 2657 1810 2689 agens
1832 2647 1890 2678 iste
1913 2647 2090 2678 intellectus
2111 2657 2178 2678 non
2201 2647 2283 2678 alius
2305 2647 2389 2678 foret

1314 2691 1352 2721 ab
1381 2691 1587 2731 intelligentia
1617 2692 1757 2732 quadam
1780 2691 1908 2722 orbium
1936 2691 2119 2722 caelestium
2147 2691 2299 2730 metrice,
2323 2691 2389 2722 sive

1314 2735 1410 2766 etiam
1432 2735 1500 2775 ipse
1523 2735 1611 2766 Deus
1635 2742 1726 2766 esset.
1750 2735 1885 2766 Homini
1907 2745 1984 2766 vero
2015 2741 2081 2766 aut·
2101 2735 2170 2766 eius
2193 2735 2317 2766 animae
2339 2735 2388 2766 in-

1314 2779 1475 2810 tellectum
1492 2780 1669 2820 patientem
1694 2779 1807 2817 inesse,
1831 2786 1997 2820 tamquam
2021 2778 2204 2810 facultatem
2228 2779 2296 2810 eius
2314 2789 2389 2820 pro-

1314 2823 1427 2864 priam,
1443 2823 1625 2854 communis
1645 2830 1710 2855 erat
1724 2823 2006 2864 Peripateticorum
2026 2823 2185 2854 doctrina:
2210 2834 2275 2865 qua
2293 2833 2387 2865 repu-

1314 2867 1414 2906 diata,
1438 2874 1525 2899 totus
1556 2874 1621 2899 erat
1643 2870 1819 2906 Averroes,
1849 2874 1886 2899 ut
1909 2868 2088 2899 ostenderet
2112 2867 2199 2899 hunc
2223 2868 2318 2906 etiam
2340 2868 2388 2899 in—

1313 2912 1475 2943 tellectum
1503 2922 1540 2943 ex
1564 2912 1679 2943 eodem
1709 2912 1821 2943 ordine
1845 2922 1912 2943 esse
1935 2922 1972 2943 ac
1995 2918 2162 2953 agentem,
2188 2919 2386 2953 separatum,

1312 2956 1569 2995 ingenerabilem,
1586 2957 1877 2997 incorruptibilem:
1898 2966 2003 2987 unum
2026 2963 2058 2988 et
2076 2957 2228 2987 omnibus
2246 2956 2388 2988 homini-

1313 3001 1373 3032 bus
1394 3008 1618 3032 communem:
1638 3011 1737 3042 quem
1760 3008 1919 3042 praeterea
1938 3002 2138 3032 materialem
2158 3001 2315 3040 vocabat
2326 3001 2390 3033 hoc

1313 3052 1369 3084 est,
1386 3045 1483 3076 instar
1498 3045 1646 3076 materiae
1663 3045 1836 3086 passivum.
1861 3045 1909 3076 De
1928 3052 2034 3076 mente
2049 3046 2239 3084 Aristotelis,
2254 3045 2388 3087 eiusque

1312 3097 1515 3128 sectatorum,
1539 3090 1709 3121 Alexandri
1722 3089 1944 3131 Aphrodisad,
1960 3090 2186 3130 Theophrasti,
2205 3068 2388 3130 T'he‘mistii,

1312 3134 1477 3175 Simplicii,
1501 3134 1685 3175 Philoponi,
1699 3134 1840 3175 itemque
1855 3135 1998 3165 Arabum
2012 3135 2204 3174 Avicennae,
2219 3134 2387 3175 Algazelis,

1311 3179 1506 3220 Alpharabii,
1530 3178 1720 3219 Avempacis
1739 3179 1862 3210 disserit
1879 3179 1990 3210 Petrus
2005 3178 2211 3210 Gassendus'
2203 3188 2237 3209 m
2252 3178 2387 3220 Physica

1311 3230 1401 3254 tomo
1431 3224 1474 3262 11,
1503 3223 1585 3254 libro
1610 3224 1669 3262 IX,
1702 3223 1803 3264 capite
1826 3234 1847 3254 1.
1873 3223 2107 3255 Commentum
2133 3223 2384 3254 Averroisticum

1311 3268 1420 3308 paullo
1451 3268 1540 3299 aliter
1562 3275 1637 3308 post
1667 3267 1819 3305 Coelium
1841 3267 2063 3308 Rhodiginum
2091 3267 2222 3308 exponit
2251 3267 2386 3298 Iacobus

1310 3312 1487 3343 Bruckerus
1509 3312 1543 3343 in
1566 3312 1707 3343 Historia
1731 3312 1835 3343 critica
1859 3312 2082 3353 philosophiae
2101 3319 2192 3343 tomo
2207 3312 2262 3351 111,
2281 3310 2385 3352 perio-

1311 3357 1354 3388 do
1368 3367 1401 3395 n,
1426 3363 1512 3397 parte
1528 3357 1551 3395 l,
1566 3356 1647 3388 libro
1664 3357 1717 3395 111,
1734 3356 1836 3398 capite
1854 3367 1876 3396 1,
1891 3356 1919 3398 9.
1939 3357 1991 3388 25.

1377 3401 1592 3432 Adnotaverat
1615 3411 1640 3432 s.
1659 3401 1804 3432 Thomas
1827 3401 1861 3432 in
1891 3401 2078 3442 quaestione
2100 3400 2149 3432 De
2172 3399 2279 3431 anima
2301 3398 2384 3429 inter

1311 3446 1484 3487 disputatas
1508 3453 1563 3477 art.
1581 3453 1616 3476 ν.
1645 3446 1740 3484 Quod
1763 3446 1957 3477 intellectum
1971 3450 2123 3487 agentem
2142 3453 2211 3476 esse
2233 3452 2333 3474 unum
2351 3448 2384 3473 et

1309 3496 1495 3531 separatum
1518 3491 1597 3531 plus
1621 3490 1748 3522 videtur
1775 3491 1912 3522 rationis
1934 3490 2067 3528 habere,
2092 3498 2188 3530 quam
2211 3488 2240 3519 si
2261 3487 2321 3518 hoc
2342 3487 2383 3518 de

1311 3535 1472 3566 intellectu
1491 3534 1638 3575 possibili
1654 3540 1810 3576 ponatur.
1843 3534 1965 3566 Eadem
1989 3534 2056 3565 eius
2079 3539 2127 3564 est
2148 3530 2379 3563 animadversio

1310 3579 1343 3610 in
1367 3579 1555 3620 Opusculo,
1580 3588 1647 3620 quo
1670 3580 1710 3610 de
1733 3579 1873 3620 agimus,
1892 3579 1922 3620 9.
1937 3578 2003 3609 His
2025 3578 2129 3619 igitur
2150 3575 2381 3613 consideratis,

1311 3630 1442 3664 nempe.
1459 3624 1557 3655 Forte
1572 3624 1656 3654 enim
1675 3623 1715 3654 de
1728 3628 1848 3664 agente
1861 3623 1922 3654 hoc
1935 3622 2053 3660 dicere,
2064 3621 2206 3662 aliquam
2223 3621 2381 3651 rationem
