2788 4204
73 342 85 352 ¹⁸
106 347 131 362 F:
152 341 231 362 totum.
247 350 258 356 -
274 346 288 360 L

75 373 123 389 om.
139 373 188 393 seq.
202 366 287 395 signif.

173 403 191 429 μ

76 500 84 509 ·
100 498 160 520 Εεεθ
174 504 222 520 om.
233 504 276 524 co.

174 557 186 572 ν

77 710 86 719 “
101 716 126 731 A:
142 711 185 731 est.

81 871 92 881 ⁸
105 876 151 891 ΛΝο
173 873 194 890 et
215 875 239 896 p.
262 875 294 890 m.

82 903 114 922 Q:
130 896 193 924 quid.

86 1190 96 1201 ''
110 1189 155 1210 Est
173 1195 220 1210 om.
237 1193 296 1210 Anco

83 1222 168 1237 xunsr.

86 1297 94 1304 ·
109 1300 161 1320 rio:
177 1293 298 1321 deficiat...

84 1323 213 1348 augeatur.

83 1349 94 1359 ’
113 1355 141 1370 Au
157 1354 203 1368 non
225 1347 297 1369 bene:

85 1377 122 1400 e1,·
137 1381 153 1400 Q
169 1381 218 1395 om.

85 1407 91 1414 ¹
105 1405 189 1436 Codd.,
201 1411 250 1426 exc.
261 1411 298 1431 BE,

84 1439 132 1454 om.
147 1438 177 1453 ει.

87 1512 97 1522 “
111 1517 145 1532 n:
161 1509 302 1535 nom-muel

88 1544 143 1564 nox,
155 1538 189 1558 sic
198 1539 235 1558 est
243 1543 282 1564 qu.

89 1830 100 1841 ⁴
114 1828 184 1850 Num.
201 1834 234 1850 ιο.

316 249 391 286 328

316 337 372 366 ter
391 329 411 349 ’¹‘
433 340 514 365 esse
543 328 723 375 hominis,
745 328 811 364 sed
840 327 1026 374 significat
1053 325 1179 373 ipsum
1211 335 1291 360 esse
1322 323 1386 359 ali—

317 382 426 430 quid3
449 389 485 418 et
512 381 599 419 ideo
630 394 718 418 cum
746 381 866 417 homo
895 380 938 416 fit
966 380 1073 415 albus
1092 384 1122 425 μ,
1144 389 1222 414 non
1252 376 1388 413 dicitur

317 434 488 483 generari
512 434 748 483 simpliciter,
772 434 839 470 sed
858 431 1028 480 generari
1049 431 1261 468 secundum
1283 430 1386 478 quid.

319 489 395 525 Sed
411 500 499 524 cum
515 488 660 534 dicitur,
676 489 788 523 homo
808 491 870 531 est,
884 485 1116 532 significatur
1133 485 1260 533 ipsum
1276 492 1358 519 esse
1369 483 1389 503 *

319 542 555 591 simpliciter;
572 548 607 577 et
627 553 715 576 cum
734 540 854 576 homo
876 539 918 575 fit
938 551 1004 575 ens
1020 543 1042 584 ⁹,
1065 538 1200 574 dicitur
1218 535 1389 584 generari

320 595 550 644 simpliciter.
573 595 673 630 Cum
690 604 779 640 ergo
809 591 960 639 cognito
981 591 1069 640 quia
1085 596 1147 636 est,
1169 590 1390 638 quaerimus

314 654 472 697 propter
503 647 592 696 quid
624 652 690 691 est,
721 652 786 682 aut
819 644 968 692 cognito
1006 645 1039 681 si
1071 650 1139 690 est,
1171 643 1391 692 quaerimus

321 702 411 750 quid
432 707 503 746 est,
529 708 618 736 tunc
642 698 861 747 quaerimus
891 697 982 746 quid
1007 697 1053 734 sit
1077 698 1098 718 '¹‘
1123 697 1309 734 medium.
1342 697 1391 733 Et

321 756 395 792 hoc
416 753 585 790 similiter
613 760 669 788 est
688 751 955 800 accipiendum
976 763 1055 787 non
1075 751 1289 787 secundum
1317 750 1391 786 for-

322 820 427 844 mam
447 806 691 854 quaestionis,
712 806 779 842 sed
803 804 1015 842 secundum
1042 803 1391 840 concomitantiam.

322 862 414 897 Non
443 859 546 896 enim
567 859 630 907 qui
647 859 793 907 quaerit
813 871 968 895 causam
982 865 1138 907 propter
1157 869 1275 906 quam
1296 857 1316 878 ²⁸
1337 857 1394 894 sol

323 913 522 962 eclipsatur
538 942 547 960 ,
587 912 733 961 quaerit
770 912 892 961 ipsam
930 920 971 949 ut
1017 911 1190 948 medium
1234 911 1394 948 demon-

323 974 441 1004 strans
469 963 503 1013 ξ,
525 965 592 1002 sed
621 965 768 1014 quaerit
795 966 834 1002 id
863 966 968 1014 quod
998 973 1052 1002 est
1085 964 1274 1002 medium:
1305 964 1395 1012 quia

324 1031 562 1067 consequens
585 1027 640 1055 est
653 1026 705 1065 ut,
726 1019 800 1055 hoc
820 1019 962 1066 habito,
979 1018 1099 1068 possit
1121 1018 1393 1055 demonstrare.

323 1074 372 1110 Et
400 1073 536 1109 eadem
566 1072 660 1109 ratio
690 1079 745 1109 est
774 1072 821 1109 de
850 1072 1072 1121 quaestione
1102 1072 1192 1121 quid
1218 1077 1280 1109 est.

377 1139 413 1175 7.
435 1126 584 1163 Deinde
615 1138 703 1162 cum
736 1126 842 1163 dicit:
866 1126 964 1163 Dico
992 1131 1117 1162 autem
1146 1125 1234 1174 quia
1269 1130 1337 1161 aut
1365 1124 1400 1160 si

324 1186 378 1216 θεῖ
395 1187 477 1226 etc.,
494 1179 709 1216 manifestat
728 1180 833 1228 quod
852 1179 1007 1227 dixerat,
1024 1179 1129 1228 quod
1149 1179 1237 1228 quia
1258 1178 1345 1215 est*
1362 1184 1398 1214 et

323 1234 357 1270 si
382 1239 437 1270 θεῖ
453 1233 634 1270 differunt
658 1233 753 1269 sicut
782 1233 820 1270 in
848 1240 953 1282 parte
975 1241 1010 1269 et
1035 1232 1265 1281 simpliciter.
1295 1232 1396 1268 Cum

326 1287 429 1323 enim
458 1286 677 1335 quaerimus
696 1293 825 1323 utrum
861 1286 987 1323 deficit
1014 1287 1033 1307 '¹‘
1062 1287 1151 1323 luna
1175 1292 1239 1322 aut
1266 1293 1395 1322 utrum

327 1348 495 1388 augetur,
513 1348 569 1377 est
587 1340 759 1390 quaestio
775 1340 814 1376 in
834 1347 951 1388 parte:
968 1340 1006 1376 in
1022 1339 1042 1360 *
1057 1338 1277 1376 huiusmodi
1295 1338 1397 1375 enim

327 1394 549 1442 quaestione
569 1393 789 1442 quaerimus
810 1393 839 1429 si
860 1394 950 1430 luna
966 1400 1021 1429 est
1041 1390 1198 1440 aliquid3
1219 1399 1311 1441 puta
1331 1391 1360 1427 si
1377 1391 1397 1412 *

329 1447 522 1494 deficiens,
546 1448 609 1484 vel
638 1453 767 1493 aucta,
799 1453 863 1482 aut
891 1458 982 1483 non.
1015 1446 1091 1482 Sed
1130 1458 1218 1482 cum
1251 1444 1399 1493 quaeri-

328 1513 414 1537 mus
434 1513 482 1537 an
502 1501 593 1537 luna
612 1500 669 1547 sit,
695 1499 776 1536 sive
797 1512 844 1536 an
865 1511 941 1536 nox
962 1499 982 1520 *
1003 1499 1061 1546 sit,
1083 1506 1139 1535 est
1157 1498 1330 1547 quaestio
1351 1497 1398 1534 de

329 1567 410 1591 esse
441 1553 670 1602 simpliciter.

384 1609 418 1644 8.
440 1607 589 1644 Deinde
619 1618 707 1642 cum
728 1605 834 1642 dicit:
860 1605 1055 1655 Contingit
1080 1605 1205 1654 itaque
1224 1605 1260 1641 in
1282 1604 1402 1641 omni-

330 1662 398 1698 bus
413 1668 495 1706 ete.‚
507 1660 644 1708 probat
653 1659 907 1708 propositum,
920 1658 1061 1696 scilicet
1071 1658 1176 1708 quod
1186 1658 1402 1707 praedictae

331 1713 572 1762 quaestiones
588 1713 801 1762 pertineant
819 1713 867 1750 ad
887 1712 1072 1750 medium.
1092 1713 1141 1749 Et
1154 1712 1294 1761 primo,
1315 1724 1403 1761 pro-

331 1768 395 1804 bat
408 1779 477 1815 per
492 1767 697 1812 rationem;
715 1766 895 1813 secundo,
911 1766 1050 1815 probat
1063 1778 1133 1814 per
1147 1765 1314 1814 signum;
1331 1764 1402 1801 ibi:

336 1821 446 1863 Quod
462 1826 587 1857 autem
612 1820 660 1856 sit
676 1820 791 1856 medii
807 1819 827 1840 *
847 1827 916 1856 etc.
939 1819 1143 1857 Concludit
1169 1831 1257 1867 ergo
1277 1818 1404 1868 primo

333 1887 378 1911 ex
414 1873 626 1922 praemissa
663 1873 967 1910 manifestatione
1003 1872 1107 1921 quod
1146 1872 1185 1909 in
1223 1872 1404 1909 omnibus

332 1927 533 1977 praedictis
561 1927 859 1975 quaestionibus,
879 1927 942 1964 vel
966 1926 1159 1975 quaeritur
1184 1938 1232 1963 an
1261 1925 1307 1962 sit
1325 1938 1405 1962 me-

334 1981 453 2028 dium,
466 1980 607 2018 scilicet
625 1981 663 2017 in
684 1980 906 2029 quaestione
927 1981 1016 2029 quia
1031 1985 1044 2001 ⁰
1064 1987 1100 2016 et
1119 1979 1158 2016 in
1181 1978 1406 2029 quaestione

333 2034 367 2071 si
384 2039 453 2079 est;
475 2034 537 2071 vel
567 2034 759 2083 quaeritur
787 2034 879 2082 quid
909 2042 964 2071 est
993 2033 1178 2080 medium,
1200 2033 1340 2070 scilicet
1367 2032 1406 2069 in

335 2088 557 2136 quaestione
581 2093 739 2136 propter
775 2088 866 2136 quid
907 2095 943 2124 et
979 2087 1018 2124 in
1057 2086 1280 2136 quaestione
1318 2087 1410 2135 quid

334 2147 397 2178 est.
429 2142 478 2178 Et
501 2142 639 2190 probat
662 2140 766 2190 quod
795 2140 968 2190 quaestio
991 2146 1150 2189 propter
1177 2140 1268 2189 quid
1291 2151 1406 2188 quae—

389 2329 416 2363 μ)
438 2329 474 2353 Et
488 2328 546 2353 ideo
556 2335 615 2352 cum
631 2327 708 2352 homo
719 2331 795 2351 etc.--
804 2327 886 2351 Codd.
897 2326 1022 2351 CLMNS:
1037 2333 1096 2351 cum
1112 2327 1190 2352 homo
1196 2326 1234 2359 sit
1245 2326 1321 2351 albus
1336 2330 1409 2351 etc.—

335 2365 430 2389 Codd.:
446 2371 497 2388 non
518 2363 618 2388 dicitur
631 2362 758 2396 generari
776 2361 820 2395 (0,
835 2369 896 2395 gen.
912 2361 1009 2396 ipsum)
1029 2362 1192 2394 simpliciter,
1212 2362 1260 2386 sed
1281 2362 1409 2395 generari

335 2401 374 2434 (L
393 2408 446 2425 om.
462 2399 569 2432 gener.)
588 2399 732 2424 secundum
752 2398 824 2430 quid.
844 2399 878 2422 B:
902 2405 953 2422 non
978 2398 1079 2423 dicitur
1101 2397 1229 2432 generari
1251 2397 1408 2430 simpliciter

335 2436 394 2468 (cet.
409 2435 483 2467 om.).
505 2436 569 2460 Cum
585 2442 649 2467 ergo
664 2439 711 2458 etc.
727 2434 814 2458 Lectio
834 2439 921 2458 autem
933 2434 1068 2467 generari,
1089 2442 1168 2467 quam
1183 2434 1343 2458 concorditer
1362 2433 1408 2459 ha-

335 2472 398 2496 bent
416 2471 500 2500 codd..
519 2469 706 2503 praesupponit
724 2469 922 2501 praecedentem
947 2469 1085 2495 lectionem
1105 2470 1180 2494 codd.
1199 2469 1324 2501 CLMNS‚
1347 2477 1407 2495 cum

336 2508 414 2532 homo
422 2507 465 2540 fit.
474 2520 493 2525 -
503 2506 661 2538 Principium
674 2505 919 2530 communissimum
934 2512 1012 2538 saepe
1026 2513 1040 2530 a
1055 2514 1077 2531 s.
1087 2505 1191 2531 Thoma
1208 2505 1346 2537 repetitum
1359 2510 1408 2536 est,

337 2550 392 2568 esse
412 2547 437 2566 et
448 2542 513 2575 fieri
533 2541 726 2574 proportionata
745 2547 804 2566 esse
823 2541 855 2565 ad
874 2541 992 2571 invicem,
1013 2541 1046 2565 ita
1065 2542 1162 2567 scilicet
1180 2546 1208 2565 ut
1227 2541 1263 2565 rei
1281 2548 1313 2565 eo
1328 2541 1408 2566 modo

338 2582 468 2610 competat
479 2576 534 2601 fieri
548 2584 601 2609 quo
616 2577 736 2601 convenit
749 2584 815 2606 esse,
827 2581 852 2601 et
861 2577 1001 2601 viceversa.
1016 2576 1091 2602 Ratio
1106 2582 1146 2602 est
1160 2577 1220 2609 quia
1233 2583 1293 2600 esse
1307 2581 1347 2600 est
1356 2581 1408 2601 ter-

337 2614 423 2639 minus
438 2614 486 2638 τοῦ
497 2612 576 2645 fieri,
595 2617 620 2637 et
638 2611 693 2637 fieri
712 2619 752 2638 est
765 2612 807 2637 via
821 2613 853 2636 ad
872 2608 902 2637 τὸ
917 2619 980 2636 θεεθ.
999 2612 1172 2637 Praetulimus
1191 2612 1318 2644 integram
1332 2612 1408 2637 codd.

337 2650 484 2674 lectionem.
498 2648 556 2678 PQ:
572 2655 631 2673 cum
646 2648 724 2673 homo
733 2649 796 2674 sit...
806 2655 862 2673 esse
872 2645 921 2681 (Q,
936 2654 992 2672 esse
1003 2647 1104 2682 ipsum)
1119 2647 1282 2680 simpliciter,
1294 2647 1342 2672 sed
1353 2654 1408 2673 esse

337 2684 481 2710 secundum
501 2684 573 2716 quid.
587 2683 653 2708 Infra
671 2689 759 2709 tamen
773 2684 792 2708 P
812 2683 873 2715 legit
888 2690 947 2708 cum
965 2683 1092 2708 ACMNS:
1111 2691 1170 2709 cum
1190 2683 1268 2707 homo
1279 2683 1318 2716 fit
1335 2690 1390 2708 ens.

391 2720 416 2754 ν)
437 2720 473 2745 Et
491 2727 550 2745 cum
570 2719 648 2744 homo
659 2720 697 2752 fit
713 2719 898 2749 ens.·-·Codd.,
919 2725 973 2743 exc.
993 2719 1050 2743 BF:
1076 2719 1151 2744 Unde
1169 2721 1195 2743 et
1212 2725 1272 2743 cum
1292 2723 1354 2749 etc.;
1373 2718 1408 2743 F:

343 2756 418 2781 Unde
431 2755 490 2780 ideo
505 2758 531 2780 et
544 2762 603 2780 cum
615 2760 663 2779 etc.
671 2769 690 2773 -
701 2755 793 2786 Quoad
803 2755 823 2779 B
837 2754 869 2779 cf.
883 2759 936 2779 not.
947 2754 1064 2786 praeced.
1075 2769 1093 2773 -
1103 2754 1169 2779 Infra
1183 2752 1262 2786 (Cum
1273 2760 1338 2787 ergo
1349 2754 1407 2786 etc.)

338 2792 424 2816 AGN:
440 2794 503 2816 tunc
521 2791 688 2823 quaerimus,·
710 2791 735 2822 Q
753 2798 806 2815 om.
821 2790 975 2823 quaerimus
987 2808 994 2815 .
1006 2807 1012 2815 .
1023 2807 1030 2815 .
1049 2789 1073 2815 si
1091 2793 1145 2819 est,·
1160 2789 1206 2814 sed
1226 2793 1266 2814 est
1284 2790 1409 2814 mendum

338 2827 372 2852 ob
392 2826 571 2859 repetitionem
591 2827 639 2850 τοῦ
657 2827 818 2858 quaerimus.

393 2861 417 2896 ξ)
442 2863 475 2887 Ut
489 2862 603 2887 medium
619 2861 990 2887 demonstrans.—·BGHMO:
1006 2861 1121 2886 medium
1136 2860 1380 2886 demonstrationis.
1391 2873 1410 2879 —-

340 2898 501 2931 Compendia
520 2897 685 2930 sequentium
703 2898 856 2928 verborum,
876 2897 924 2922 sed
948 2897 1066 2929 quaerit,
1087 2903 1246 2929 consequens
1266 2900 1291 2920 et
1309 2896 1408 2926 habito,

340 2934 364 2958 in
384 2934 468 2963 codd.y
483 2941 536 2958 exc.
556 2933 635 2964 BEO,
649 2933 683 2958 ita
697 2934 791 2966 scripta
808 2933 850 2958 vel
870 2933 955 2957 soluta
973 2937 1043 2963 sunt,
1059 2937 1088 2957 ut
1106 2933 1164 2965 plus
1184 2932 1304 2956 minusve
1323 2932 1410 2965 legant

341 2970 390 2994 sic:
405 2977 450 2994 sen
467 2976 595 2994 oum-run
609 2968 765 3000 (secuuntur
781 2968 870 3001 ausu)
885 2968 914 2993 id
928 2968 1000 3000 quod
1012 2971 1051 2993 est
1066 2968 1180 2993 medium
1195 2967 1258 3000 quia
1271 2975 1350 2992 omns
1369 2971 1410 2993 est

341 3008 370 3030 ut
389 3005 437 3030 hoc
451 3012 504 3029 msc
520 3002 596 3038 (sz)
607 3004 694 3036 possit
707 3004 893 3029 demonstrare
906 3004 942 3034 (-
951 3003 1001 3035 ri).
1017 3003 1114 3036 Singuli
1129 3003 1230 3028 codices
1243 3003 1342 3028 varinnt
1360 3002 1410 3028 hoc

341 3041 429 3065 modo.
444 3040 481 3064 A:
494 3039 638 3065 secundum
653 3047 733 3072 quam
748 3040 777 3065 id
795 3039 867 3072 quod
885 3042 925 3064 est
937 3039 1052 3065 medium
1067 3039 1130 3072 quia
1149 3038 1234 3064 omnis
1249 3041 1288 3064 est
1302 3042 1331 3064 ut
1345 3039 1410 3064 haec

340 3076 408 3101 hanc
423 3076 509 3107 possit
529 3075 726 3105 demonstrare:
740 3075 835 3108 quibus
855 3075 989 3107 expunctis
1008 3082 1055 3108 per
1070 3077 1159 3103 vacas,
1175 3082 1257 3107 marg.
1275 3074 1348 3099 add.:
1362 3075 1411 3100 sed

342 3111 404 3144 quia
423 3111 452 3136 id
470 3111 542 3144 quod
558 3113 599 3136 est
620 3117 702 3136 causa
715 3114 766 3136 ·est
785 3111 909 3140 medium,
929 3117 1091 3143 consequens
1113 3113 1153 3135 est
1175 3110 1247 3143 quod
1270 3110 1411 3143 quaeritur

342 3146 406 3179 quid
423 3147 459 3172 sit
478 3147 592 3171 medium
612 3154 664 3179 quo
678 3146 765 3178 possit
784 3146 972 3171 demonstrari.
987 3147 1021 3171 B:
1036 3146 1126 3171 habito
1145 3145 1208 3174 hoc,·
1223 3150 1271 3170 cet.
1286 3151 1314 3171 ut
1333 3146 1361 3171 P.
1376 3146 1409 3171 C:

343 3183 404 3214 (raS.
420 3182 445 3206 in
465 3189 516 3215 qua
536 3181 584 3207 sed
601 3182 719 3214 quaerit‚·
732 3190 822 3214 marg„
837 3182 872 3207 ai.
886 3181 1030 3207 secundum
1050 3181 1086 3206 id.
1100 3181 1141 3206 uel
1163 3181 1263 3207 scilicet
1280 3185 1409 3214 quantum

342 3218 394 3250 ad)
415 3218 443 3242 id
462 3217 533 3250 quod
551 3221 591 3242 est
610 3217 725 3242 medium
745 3218 807 3251 quia
827 3218 863 3250 (in
882 3225 942 3247 ras„
957 3224 1116 3250 consequens
1128 3220 1168 3242 est
1187 3219 1217 3242 ut
1235 3216 1284 3242 hoc
1302 3217 1393 3243 habito
1400 3224 1409 3247 ,-

343 3261 423 3285 marg.
443 3253 535 3283 interl..
555 3253 596 3278 vel
615 3253 700 3278 omnis
724 3256 765 3278 est
784 3256 813 3278 ut
831 3253 880 3278 hoc
902 3253 968 3286 hnc)
984 3253 1071 3285 possit
1095 3252 1288 3278 demonstrare.
1307 3252 1342 3278 D:
1364 3253 1411 3279 sed

343 3292 471 3321 quantum
491 3289 637 3321 (quantum
656 3289 709 3314 vid.
730 3288 853 3322 expungi;
874 3296 955 3321 marg.
975 3288 1059 3313 interl.
1077 3288 1132 3320 ad)
1158 3287 1187 3314 id
1205 3288 1277 3321 quod
1299 3291 1339 3314 est
1357 3296 1411 3314 me-

343 3324 415 3348 dium
431 3324 493 3356 quia
507 3324 592 3349 omnis
612 3322 743 3357 (expung.
757 3325 842 3349 omnis
850 3331 858 3353 ,⁴
871 3332 954 3356 marg.
967 3324 1026 3349 add.
1041 3324 1161 3356 quaesito
1178 3323 1359 3358 consequens)
1372 3327 1413 3350 est

345 3363 373 3384 ut
391 3360 440 3384 hoc
458 3359 548 3384 habito
562 3359 668 3390 (habito
687 3364 727 3384 est
741 3360 865 3385 correctio
879 3368 909 3385 ex
928 3360 994 3391 hnc)
1004 3359 1092 3392 possit
1111 3359 1304 3385 demonstrare.
1319 3359 1355 3385 E:
1370 3359 1413 3386 hic

344 3395 448 3424 habito;
463 3399 510 3420 cet.
525 3400 554 3419 ut
568 3395 596 3420 Ρ.
610 3395 643 3420 F:
658 3395 801 3420 secundum
814 3395 886 3428 quod
899 3395 928 3420 id
940 3395 1012 3428 quod
1025 3398 1065 3420 est
1077 3395 1192 3420 medium
1208 3398 1238 3420 ut
1251 3395 1314 3428 quia
1326 3395 1412 3421 omnis

344 3433 383 3455 est
403 3433 432 3455 ut
450 3430 499 3455 hoc
516 3430 614 3455 habent
633 3431 815 3456 demonstrari
829 3434 950 3463 possunt.
967 3431 1002 3456 G:
1023 3430 1072 3456 sed
1090 3434 1218 3463 quantum
1238 3430 1267 3455 id
1284 3431 1356 3464 quod
1373 3434 1414 3457 est

346 3466 460 3490 medium
479 3466 542 3499 quia
557 3469 596 3490 θεῖ
615 3469 645 3491 ut
662 3466 686 3491 si
704 3466 772 3492 hanc
781 3467 869 3499 possit
883 3466 1076 3491 demonstrare.
1091 3467 1128 3491 H:
1143 3466 1190 3491 sed
1208 3473 1287 3499 quam
1302 3466 1330 3492 id
1342 3467 1414 3499 quod

345 3503 385 3525 est
399 3501 513 3525 medium
527 3501 589 3533 quia
603 3501 689 3526 omnis
703 3505 743 3527 est
756 3505 784 3526 ut
794 3502 881 3534 possit
895 3501 943 3527 hoc
957 3501 1027 3527 hunc
1037 3502 1230 3527 demonstrare.
1244 3502 1268 3526 1:
1282 3501 1330 3527 sed
1342 3502 1414 3535 quod

347 3536 375 3560 id
393 3536 463 3568 quod
480 3539 520 3561 θεῖ
534 3537 658 3562 medium.
674 3537 744 3569 quia.
759 3537 844 3562 omnis
858 3540 898 3562 θεῖ
913 3541 942 3562 ut
955 3537 1004 3562 hoc
1017 3537 1114 3562 habent
1127 3537 1215 3570 possit
1234 3537 1415 3563 demonstrari

347 3571 407 3595 KL:
421 3571 468 3595 sed
481 3575 608 3603 quantum
629 3572 656 3597 id
671 3573 742 3604 quod
760 3575 799 3597 θεῖ
818 3573 932 3597 medium
953 3573 1016 3605 quia
1030 3572 1116 3597 omnis
1129 3575 1169 3597 est
1188 3575 1217 3597 ut
1231 3572 1247 3597 h
1262 3573 1312 3598 hnc
1326 3572 1414 3605 possit

347 3606 539 3631 demonstrare.
549 3607 587 3631 M:
601 3607 648 3631 sed
658 3611 786 3640 quantum
802 3607 899 3640 (marg.
910 3608 967 3632 add.
978 3606 1030 3642 ad)
1046 3607 1074 3632 id
1087 3608 1159 3640 quod
1171 3611 1210 3633 est
1223 3608 1338 3633 medium
1352 3608 1415 3641 quia

899 244 1286 284 POSTERIORUM
1313 242 1746 280 ANALYTICORUM
1773 243 1868 279 LIB.
1899 243 1932 278 ΙΙ

1442 329 1499 359 rat
1526 322 1618 371 quid
1646 323 1693 360 sit
1711 321 1897 359 medium.
1919 320 2166 358 Manifestum
2196 327 2252 357 est
2280 320 2384 357 enim
2413 318 2520 369 quod

1444 388 1557 413 causa
1586 383 1642 413 est
1669 376 1842 413 medium
1871 375 1910 412 in
1940 374 2277 422 demonstratione,
2303 386 2402 422 quae
2431 374 2520 410 facit

1444 429 1539 466 scire
1554 435 1585 476 τ“;
1602 429 1691 478 quia
1706 430 1801 466 scire
1818 435 1873 465 est
1888 440 2044 465 causam
2061 428 2114 464 rei
2131 438 2375 475 cognoscere.
2393 427 2519 464 Causa
2645 437 2664 454 π

1445 491 1573 519 autem
1603 490 1659 519 est
1686 483 1791 532 quod
1820 482 2014 530 quaeritur
2041 481 2080 518 in
2109 480 2290 518 omnibus
2317 480 2519 528 praedictis

1445 536 1744 584 quaestionibus.
1767 535 1884 582 Quod
1905 535 1924 556 ³
1944 535 2070 583 primo
2090 534 2308 571 manifestat
2334 533 2375 569 in
2403 545 2519 582 quae·
2551 541 2763 570 'rmmEtprimo-

1446 590 1568 626 stione
1597 589 1698 638 quia.
1721 589 1822 625 Cum
1843 588 1946 625 enim
1963 588 1983 609 ²¹⁸
1998 588 2191 636 quaeritur
2204 595 2334 624 utrum
2350 586 2441 623 luna
2457 587 2520 624 de·
2548 595 2560 607 ³
2573 595 2642 616 Enim
2652 601 2701 617 om·
2714 602 2737 617 A·

1446 643 1565 691 ficiat,
1587 642 1781 692 quaeritur
1800 642 2012 679 secundum
2037 641 2200 678 modum
2227 652 2343 689 supra
2362 639 2383 660 *
2405 652 2520 690 expo·
2549 653 2558 662 ·
2574 652 2647 674 Num.
2663 652 2686 674 ⁶.

1447 696 1575 743 situm,
1601 704 1731 733 utrum
1760 695 1902 744 aliquid
1931 694 1978 731 sit
2003 707 2117 731 causa
2137 694 2306 732 defectus
2325 695 2439 731 lunae
2458 693 2521 732 vel

1448 762 1527 786 non
1556 750 1588 786 *.
1613 750 1663 786 Et
1687 755 1967 796 consequenter
1995 748 2071 784 hoc
2098 747 2315 784 manifestat
2337 749 2377 785 in
2405 760 2521 796 quae·
2551 753 2765 779 ‘Codduessfflw

2549 786 2592 802 μοι
2612 786 2659 801 non
2682 782 2733 806 est‚·
2750 786 2767 801 n

1449 803 1572 839 stione
1581 807 1740 850 propter
1754 801 1854 850 quid.
1868 801 1968 837 Cum
1985 801 2090 837 enim
2106 801 2248 844 scimus
2263 801 2352 849 quia
2368 807 2448 837 est?
2458 801 2522 837 ali·
2551 813 2600 828 ⁰¹¹¹·
2616 806 2654 828 νεῖ
2666 813 2721 829 ²⁸⁰¹·-

1450 856 1542 905 quid
1558 868 1673 892 causa
1687 855 1856 892 defectus
1870 855 1997 900 lunae,
2010 854 2203 903 quaeritur
2217 854 2308 902 quid
2325 854 2371 891 sit
2391 866 2522 901 causa;
2650 843 2664 868 Ρ

1451 918 1487 946 et
1513 910 1588 946 hoc
1609 916 1665 946 est
1691 920 1876 957 quaerere
1889 913 2049 956 propter
2066 907 2166 956 quid.
2189 908 2238 944 Et
2262 907 2398 944 eadem
2427 906 2522 944 ratio

1451 970 1507 1000 est
1534 963 1573 999 in
1602 962 1683 999 aliis
1704 962 1853 999 duabus
1881 960 2181 1010 quaestionibus,
2202 967 2245 997 ut
2262 973 2338 1010 per·
2361 972 2524 1010 sequen-

1450 1017 1501 1053 tia
1529 1016 1756 1053 manifestat.
1778 1015 1880 1052 Dicit
1908 1014 2012 1051 enim
2032 1014 2148 1063 quod,
2179 1014 2260 1051 sive
2290 1013 2525 1063 accipiamus

1452 1071 1619 1119 aliquam
1658 1081 1741 1106 rem
1770 1080 1854 1105 esse
1882 1080 1962 1104 non
1990 1068 2065 1105 hoc
2103 1075 2167 1104 aut
2195 1068 2271 1104 hoc
2300 1070 2406 1116 (puta
2437 1079 2526 1104 cum

1452 1124 1538 1161 dico
1558 1125 1670 1160 homo
1700 1128 1754 1159 θεῖ
1771 1122 1889 1168 albus,
1917 1128 1982 1158 aut
2008 1121 2312 1172 grammaticus),
2342 1121 2410 1158 sed
2429 1127 2443 1141 ‘⁸
2464 1133 2524 1157 ac-
2653 1128 2670 1145 ⁰

1453 1177 1640 1226 cipiamus
1659 1177 1784 1225 ipsam
1804 1174 2054 1212 substantiam
2076 1187 2159 1212 esse
2184 1174 2422 1224 simpliciter3
2444 1174 2525 1211 sive

1454 1231 1568 1268 etiam
1598 1242 1677 1267 non
1705 1229 1939 1278 accipiamus
1969 1240 2051 1265 rem
2081 1227 2248 1277 aliquam
2278 1240 2359 1265 esse
2385 1227 2534 1276 simpli-.

1454 1285 1545 1321 citer
1572 1284 1610 1332 ³³,
1640 1283 1708 1321 sed
1737 1295 1819 1319 rem
1849 1282 2017 1331 aliquam
2047 1294 2129 1319 esse
2158 1281 2313 1330 aliquid,
2343 1281 2527 1330 ponendo
2554 1282 2775 1338 'efflffssgssem

1453 1339 1493 1375 in
1509 1349 1714 1375 numerum
1726 1336 1758 1384 *,
1777 1335 1872 1383 (sive
1888 1335 1980 1373 illud
1995 1335 2138 1384 aliquid
2153 1335 2201 1372 sit
2216 1335 2263 1372 de
2279 1346 2443 1372 numero
2464 1346 2528 1371 eo·
2554 1346 2565 1358 ⁶
2580 1345 2699 1374 essum
2711 1352 2736 1368 n.
2749 1351 2774 1374 3.

1455 1403 1540 1428 rum
1567 1403 1665 1439 quae
1685 1389 1952 1439 praedicantur
1970 1401 2039 1438 per
2067 1401 2107 1425 se
2126 1395 2152 1436 τ,
2175 1388 2256 1426 sive
2286 1389 2334 1426 de
2363 1399 2528 1425 numero
2655 1404 2671 1422 τ

1456 1456 1592 1481 eorum
1611 1455 1709 1492 quae
1725 1442 1994 1491 praedicantur
2007 1454 2077 1491 per
2096 1442 2274 1479 accidens
2284 1443 2331 1489 *),
2352 1442 2434 1479 sive
2454 1441 2529 1478 hoc
2560 1456 2569 1465 ·
2585 1454 2624 1477 cr.
2637 1454 2679 1477 nb.
2689 1455 2708 1483 1,
2718 1455 2773 1477 nect.

1455 1498 1575 1535 modo
1604 1497 1686 1534 sive
1714 1496 1778 1533 illo
1807 1495 2041 1545 accipiamus
2070 1507 2152 1533 rem
2181 1508 2282 1544 esse,
2305 1508 2420 1533 causa
2448 1494 2530 1532 eius
2558 1492 2587 1514 ’²'
2604 1482 2695 1517 ¹³⁰¹·9·

1457 1558 1513 1588 est
1540 1550 1712 1587 medium
1741 1549 1790 1587 ad
1819 1548 2164 1586 demonstrandum
2193 1549 2330 1598 ipsam.
2515 1575 2518 1577 Α

1510 1603 1679 1653 Exponit
1698 1610 1827 1640 autem
1848 1609 2126 1651 consequenter
2153 1602 2260 1651 quod
2287 1601 2379 1639 dixit
2397 1606 2422 1649 ⁰,
2441 1601 2530 1639 sim·
2657 1620 2672 1637 u

1451 1658 1600 1707 pliciter
1617 1657 1864 1694 substantiam
1884 1667 1973 1702 esse,
1995 1668 2084 1693 cum
2105 1655 2326 1705 quaerimus
2355 1654 2403 1692 de
2427 1655 2530 1703 luna,

1458 1719 1523 1748 aut
1550 1711 1597 1749 de
1625 1718 1745 1759 terra,
1775 1717 1840 1747 aut
1868 1709 1915 1747 de
1944 1708 2152 1758 triangulo,
2183 1717 2248 1746 aut
2276 1709 2323 1746 de
2361 1707 2534 1757 quolibet

1459 1765 1630 1803 subiecto
1659 1776 1709 1801 an
1737 1764 1800 1810 sit,
1823 1771 1859 1800 et
1887 1763 1936 1800 ad
1963 1763 2039 1799 hoc
2067 1762 2414 1801 demonstrandum
2434 1761 2532 1798 acci·

1459 1818 1560 1868 pitur
1588 1817 1744 1866 aliquod
1773 1816 1957 1855 medium.
1978 1816 2076 1853 Dico
2098 1825 2228 1854 autern
2254 1828 2337 1853 rem
2362 1827 2445 1859 ‚esse
2462 1814 2531 1852 ali-

1460 1872 1566 1922 quid,
1601 1884 1690 1908 cum
1718 1870 1939 1921 quaerimus
1968 1869 2140 1919 eclipsim
2169 1871 2216 1908 de
2245 1870 2347 1917 luna,
2378 1875 2444 1906 aut
2470 1879 2533 1905 ae·

1461 1925 1682 1975 qualitatem
1701 1929 1728 1971 ⁵²,
1750 1932 1814 1961 aut
1836 1923 2145 1972 inaequalitatem
2170 1924 2217 1961 de
2243 1923 2447 1971 triangulo,
2469 1928 2535 1959 aut
2655 1935 2674 1961 φ
2704 1944 2712 1950 -

1461 1980 1509 2017 de
1537 1986 1636 2016 terra
1654 1985 1784 2015 utrum
1804 1977 1851 2014 sit
1878 1977 1918 2014 in
1946 1976 2077 2015 medio
2110 1976 2245 2015 mundi
2274 1977 2336 2014 vel
2370 1988 2462 2014 non.
2483 1975 2534 2012 Et

1461 2032 1627 2070 ostendit
1644 2036 1662 2059 χ
1681 2031 1787 2080 quod
1810 2042 1890 2068 non
1919 2030 2044 2068 differt
2072 2038 2258 2079 quantum
2283 2031 2332 2067 ad
2358 2028 2533 2080 proposi·
2656 2044 2677 2070 χ

1461 2094 1543 2123 tum
1581 2085 1759 2122 utrolibet
1796 2084 1916 2121 modo
1951 2083 2157 2133 accipiatur
2193 2096 2276 2120 rem
2310 2096 2414 2130 esse;
2444 2081 2535 2132 quia

1462 2140 1501 2177 in
1530 2139 1711 2176 omnibus
1739 2137 1942 2188 praedictis
1970 2137 2075 2175 idem
2104 2144 2159 2175 est
2182 2137 2273 2187 quid
2299 2142 2355 2174 est
2385 2140 2421 2174 et
2441 2147 2536 2185 pro-

1463 2325 1550 2350 omnis
1564 2325 1654 2358 (supra
1667 2325 1752 2350 omnis
1767 2325 1825 2350 add.
1839 2324 2043 2358 demonstratio)
2060 2327 2099 2350 est
2113 2327 2143 2350 ut
2155 2323 2206 2350 hoc
2219 2323 2317 2349 habens
2326 2323 2415 2356 possit
2428 2322 2536 2348 demon-

1462 2363 1559 2386 strare.
1574 2361 1610 2386 N:
1625 2361 1769 2387 secundum
1792 2368 1872 2393 quam
1893 2359 2095 2394 (expunguntur
2114 2365 2140 2385 et
2164 2367 2244 2393 supra
2262 2359 2321 2384 add.
2339 2359 2388 2384 sed
2409 2357 2536 2392 quaerit)

1464 2397 1492 2422 id
1505 2397 1577 2429 quod
1590 2400 1630 2422 est
1644 2397 1759 2422 medium
1779 2397 1842 2429 quia
1855 2397 1942 2421 omnis
1958 2396 2080 2429 (expung.
2090 2396 2154 2429 quia
2177 2395 2273 2427 omnis)
2283 2397 2323 2420 θεῖ
2335 2397 2366 2419 ut
2383 2394 2433 2419 hoe
2446 2393 2537 2420 habito

1459 2433 1547 2465 possit
1565 2433 1758 2458 demonstrare.
1774 2433 1813 2458 O:
1832 2432 1932 2458 scilicet
1949 2432 2056 2465 quaerit
2074 2432 2116 2462 id,·
2130 2436 2180 2457 cet.
2198 2436 2227 2456 ut
2244 2431 2273 2456 P.
2293 2430 2332 2461 Q:
2351 2430 2400 2455 sed
2419 2429 2448 2455 id
2465 2429 2538 2462 quod

1463 2471 1503 2493 est
1521 2469 1636 2494 medium
1644 2476 1653 2498 ;
1667 2472 1715 2493 cet.
1730 2476 1785 2493 om.
1799 2468 1830 2493 S:
1844 2468 1988 2493 secundum
2002 2470 2131 2500 quantum
2145 2467 2175 2492 id
2187 2466 2260 2499 quod
2278 2469 2318 2491 est
2342 2465 2459 2491 medium
2473 2465 2538 2498 quia

1464 2504 1550 2529 omnis
1569 2507 1608 2529 est
1627 2507 1657 2529 ut
1675 2503 1724 2529 hoc
1746 2504 1816 2529 hunc
1837 2503 1924 2536 possit
1949 2504 2143 2529 demonstrare.
2165 2502 2204 2528 T:
2223 2502 2419 2531 demonstrans,
2438 2501 2540 2527 scilieet

1463 2543 1592 2572 quantum
1617 2539 1655 2564 ad
1682 2539 1711 2564 id
1737 2539 1809 2572 quod
1833 2543 1873 2564 θεῖ
1896 2539 2012 2564 medium
2038 2539 2086 2564 sed
2104 2539 2168 2572 quia
2189 2544 2350 2570 consequens
2374 2540 2415 2563 est
2437 2539 2468 2562 ut
2488 2536 2539 2562 hoc

1463 2575 1561 2601 habeat
1585 2575 1656 2600 unde
1675 2575 1763 2607 possit
1781 2575 1976 2600 demonstrare.

1518 2610 1544 2645 ο)
1565 2611 1595 2636 In
1615 2611 1769 2643 quaestione
1787 2610 1850 2643 quia
1869 2615 1916 2635 etc.
1925 2622 1944 2629 ›-
1954 2610 1991 2641 Q:
2007 2610 2070 2643 quia
2084 2613 2132 2635 est.
2141 2610 2207 2635 -1-1:
2221 2609 2264 2634 vel
2275 2607 2437 2641 quaestione.
2450 2607 2537 2632 Etiam

1464 2646 1732 2677 ACDEGIKLNQST
1751 2653 1805 2670 om.
1820 2646 1961 2671 in.—1nfru
1979 2645 2091 2678 (scilicet
2107 2646 2147 2678 in)
2163 2645 2226 2670 Ao:
2249 2644 2319 2669 sicut
2339 2643 2381 2672 in,·
2395 2643 2405 2668 1
2421 2648 2447 2668 et
2458 2651 2485 2676 p.
2499 2651 2536 2668 m.

1464 2682 1500 2707 D:
1512 2682 1537 2707 si
1551 2682 1595 2710 in,·
1608 2690 1634 2714 p.
1648 2689 1684 2706 m.
1698 2681 1743 2706 FK
1757 2689 1810 2706 om.
1825 2681 1937 2711 scilicet‚·
1952 2689 1974 2706 s.
1989 2689 2024 2706 m.
2039 2681 2076 2706 K:
2091 2683 2122 2705 ut
2135 2681 2176 2711 in,·
2190 2680 2230 2705 M:
2244 2679 2270 2704 si
2281 2679 2318 2704 sit
2330 2679 2374 2708 in,·
2389 2678 2428 2709 Q:
2443 2679 2486 2704 vel
2498 2679 2537 2705 in.

1518 2716 1548 2751 π)
1570 2717 1645 2747 Quae
1661 2717 1735 2750 sacit
1752 2717 1890 2742 scire-F
1909 2722 1935 2742 et
1953 2724 1978 2749 p.
1998 2724 2034 2741 m.
2055 2717 2064 2741 1
2083 2724 2136 2741 orn.
2157 2715 2221 2741 haee
2244 2715 2324 2740 verba
2343 2719 2369 2740 et
2387 2714 2537 2741 immediate

1464 2753 1606 2786 sequentia,
1621 2760 1706 2785 usque
1725 2752 1757 2776 ad
1779 2752 1867 2777 Causa
1884 2755 1973 2777 autem
1993 2755 2032 2777 est
2050 2751 2184 2777 inclusive.

1519 2787 1544 2822 ρ)
1569 2788 1639 2818 Quia
1657 2791 1697 2813 est
1721 2787 1853 2813 etc.—-F1:
1873 2788 1971 2813 scimus
1989 2795 2049 2813 cum
2068 2787 2172 2820 aliquid
2194 2787 2230 2812 sit
2253 2793 2336 2811 causa
2359 2791 2422 2817 etc.;
2442 2786 2464 2811 L
2482 2794 2538 2811 om.

1465 2824 1582 2856 aliquid;
1595 2823 1633 2848 0:
1648 2823 1749 2856 aliqua.
1762 2837 1781 2842 ·-
1793 2823 1819 2848 Si
1838 2823 1861 2847 A
1875 2828 1915 2847 est
1934 2831 2011 2848 causa
2030 2823 2146 2848 defectus
2165 2823 2250 2852 lunae,
2273 2827 2298 2847 et
2322 2822 2455 2855 quaeritur
2472 2821 2540 2855 quid

1465 2861 1498 2885 sit
1511 2860 1553 2885 illa
1572 2867 1658 2890 causa,
1672 2866 1766 2891 nempe
1785 2858 1848 2891 quid
1867 2858 1901 2883 sit
1919 2859 1950 2889 A,
1965 2859 2096 2892 quaeritur
2111 2861 2226 2891 propter
2238 2858 2304 2891 quid
2318 2857 2433 2883 desecms
2451 2858 2538 2883 lunae.

1519 2894 1546 2930 σ)
1568 2895 1622 2920 Sed
1644 2894 1815 2926 accipiamus.
1828 2907 1847 2913 ·—
1859 2894 1927 2919 EFI:
1946 2894 1970 2920 si
1987 2894 2166 2927 accipiamust
2187 2901 2255 2927 quse
2280 2894 2356 2918 lectio
2375 2901 2427 2918 non
2446 2897 2487 2918 est
2505 2894 2538 2919 sd

1465 2936 1579 2956 mentem
1599 2938 1620 2955 s.
1635 2930 1762 2960 Thomae,
1776 2934 1806 2954 ut
1824 2934 1957 2954 contextus
1977 2930 2076 2963 probat,
2090 2937 2176 2963 neque
2195 2930 2227 2955 ad
2246 2933 2362 2954 mentem
2381 2928 2539 2962 Aristotelis,

1466 2962 1527 2991 ἀλλ’
1550 2962 1646 2996 ἅπλῶς.
1660 2980 1679 2984 -
1692 2966 1742 2990 Alii
1762 2965 1837 2990 codd.
1857 2965 1952 2990 habent
1970 2966 2107 2991 lectionem
2127 2966 2242 2991 Pimam.

1518 3000 1544 3036 τ)
1564 3001 1761 3027 Praedicantur
1775 3008 1828 3033 per
1845 3008 1873 3026 se
1892 3001 2132 3027 etc.—-EFH1KMT
2151 3006 2177 3027 et
2195 3009 2220 3034 p.
2239 3009 2275 3026 m.
2289 3001 2325 3026 D:
2339 2999 2540 3033 praedicantur

1460 3044 1513 3070 per
1530 3037 1661 3067 accidens,
1676 3045 1729 3062 om.
1745 3037 1911 3062 intermediis.
1927 3038 1978 3063 Sed
1994 3042 2035 3063 est
2053 3037 2186 3068 mendum,
2201 3042 2230 3062 ut
2244 3041 2314 3070 patet
2332 3043 2363 3061 ex
2381 3035 2439 3069 ipss
2452 3035 2538 3061 torma

1465 3073 1602 3106 loquendi:
1622 3073 1687 3098 adde
1712 3073 1783 3106 quod
1802 3071 1843 3097 hic
1861 3071 1915 3098 fere
1935 3073 1966 3098 ud
1985 3073 2086 3098 literam
2110 3072 2249 3098 recitantur
2268 3079 2283 3097 a
2301 3079 2323 3097 s.
2335 3071 2440 3096 Thomu
2457 3070 2539 3096 verba

1465 3108 1611 3134 Aristotelis
1626 3108 1733 3134 dicentis
1753 3106 1810 3132 καθ’
1831 3104 1896 3132 αὐτὸ
1916 3105 1931 3141 ἦ
1951 3106 2018 3134 κατὰ
2039 3106 2266 3144 συμβιβηκός.-Ι)
2280 3115 2302 3133 ε.
2316 3115 2366 3133 m.:
2375 3106 2540 3140 praedican-

1465 3147 1511 3170 tur
1525 3151 1578 3177 per
1595 3151 1623 3170 se
1640 3144 1697 3169 sive
1711 3150 1763 3176 per
1781 3143 1918 3169 accidens.-
1938 3145 2074 3177 corrigitur
2091 3151 2187 3177 nempe
2201 3151 2273 3169 error
2291 3143 2374 3177 magis
2393 3142 2539 3168 secundum

1464 3180 1544 3206 verba
1562 3179 1717 3210 Aristotelis,
1737 3186 1816 3212 quam
1836 3180 1981 3205 secundum
2000 3185 2097 3205 textum
2117 3187 2138 3205 s.
2152 3178 2280 3205 Thomae.

1519 3214 1545 3251 υ)
1567 3215 1647 3246 Quod
1665 3214 1747 3240 dixit.
1764 3228 1785 3234 —
1802 3215 1998 3247 ABLMNOQT
2012 3220 2037 3241 et
2055 3223 2078 3241 s.
2092 3223 2129 3241 m.
2143 3214 2205 3240 DK:
2223 3214 2295 3248 quod
2313 3213 2440 3246 dix-erm,-
2454 3213 2496 3239 1-:s
2513 3216 2541 3238 et

1466 3260 1492 3285 p.
1507 3259 1543 3277 m.
1557 3251 1617 3277 DK:
1632 3250 1850 3276 dixerit.—1nira
1864 3251 1883 3276 F
1886 3252 1895 3276 1
1908 3248 1961 3277 om.
1975 3254 2024 3277 aut
2038 3251 2071 3277 de
2085 3251 2224 3284 triangulo
2239 3250 2282 3283 (cf.
2297 3249 2381 3283 infra),
2394 3254 2419 3274 et
2433 3249 2467 3275 de
2479 3253 2540 3275 ante

1466 3287 1594 3320 quolibet,·
1609 3286 1692 3317 codd.⁷
1707 3294 1761 3312 exc.
1777 3287 1835 3312 KL:
1848 3287 1881 3312 de
1900 3294 2069 3320 quocunque;
2083 3287 2104 3312 L
2123 3294 2177 3312 om.
2195 3293 2230 3311 an
2250 3286 2295 3312 sit.

1521 3321 1550 3357 φ)
1569 3323 1625 3348 Aut
1642 3322 1839 3356 aequaIitatem.
1854 3337 1873 3342 -
1889 3323 1998 3348 Codices
2017 3330 2126 3354 omnes,
2150 3321 2175 3347 Τ
2194 3326 2316 3355 excepto,
2334 3321 2458 3346 omittunt
2474 3318 2540 3345 haec

1466 3358 1557 3389 verbs;
1573 3358 1627 3383 imo
1641 3358 1667 3382 Μ
1685 3358 1780 3383 omittit
1799 3358 1876 3384 etiam
1896 3366 1963 3392 quae
1978 3363 2131 3391 sequuntur,
2146 3365 2231 3391 usque
2251 3357 2283 3382 sd
2296 3357 2336 3382 vet
2355 3356 2396 3390 (P,
2410 3355 2469 3389 aut)
2484 3361 2538 3380 non

1467 3394 1606 3425 inclusive;
1625 3393 1649 3418 T
1668 3401 1722 3419 orn.
1736 3397 1785 3419 aut
1803 3394 2030 3427 inaequalitatem.
2045 3393 2146 3419 Censeo
2165 3401 2196 3418 ex
2209 3392 2359 3426 praemissis
2378 3391 2539 3417 retinendum

1467 3437 1526 3455 esse
1538 3429 1643 3454 Pianam
1658 3429 1805 3455 lectionem.
1819 3429 1858 3455 De
1872 3431 1931 3455 luna
1945 3430 2022 3462 enim¹
2041 3429 2073 3454 de
2091 3434 2159 3454 terra
2172 3433 2197 3454 et
2212 3429 2245 3454 de
2256 3427 2384 3462 triangulo
2396 3425 2540 3460 praemissa

1468 3470 1528 3490 sunt
1547 3465 1672 3498 exempla,
1685 3465 1711 3490 in
1730 3465 1825 3498 quibus
1845 3465 1972 3498 ponendis
1991 3465 2066 3490 codd.
2081 3472 2141 3490 cum
2154 3464 2174 3489 P
2189 3464 2358 3495 concordant;
2378 3461 2539 3496 proindeque

1468 3502 1500 3526 de
1519 3501 1607 3533 eclipsi
1626 3501 1710 3531 lunae,
1730 3501 1763 3526 de
1782 3501 1935 3534 aequalitate
1953 3501 1995 3526 vel
2014 3501 2195 3534 inaequalitate
2213 3498 2409 3532 triangulorum,
2430 3497 2462 3522 de
2485 3496 2538 3522 situ

1466 3542 1549 3562 terrae
1569 3536 1750 3561 convenienter
1768 3536 1939 3562 subsumitur.
1954 3536 2031 3568 Quod
2051 3540 2091 3561 est
2109 3536 2178 3561 iuxta
2199 3534 2346 3560 Aristotelis
2364 3538 2470 3558 textum.

1521 3571 1551 3606 χ)
1573 3571 1608 3596 Et
1626 3571 1743 3597 ostendit
1761 3576 1809 3597 etc.
1820 3584 1838 3591 ·-
1852 3571 1967 3605 Excepto
1986 3571 2017 3603 N,
2037 3571 2112 3597 codd.
2125 3578 2179 3596 om.
2197 3569 2326 3600 ostendit,
2346 3573 2372 3594 et
2389 3575 2483 3593 omues
2502 3567 2539 3592 le-

1469 3612 1546 3640 gunt,
1566 3606 1638 3639 quod
1655 3614 1707 3632 non
1728 3606 1844 3640 differat.
