2548 4192
901 285 956 321 IN
986 285 1025 321 S.
1046 284 1288 321 THOMAM
1316 286 1640 332 AQUINATEM

567 363 766 400 CAPUT
800 363 847 400 V.

171 461 264 486 Adami
282 458 478 489 Tribbechovii,
501 458 650 484 heterodoxi
669 459 869 490 Saxo-Gothani‚
890 459 986 484 deliria.
1005 458 1107 483 Inficeta
1126 459 1242 484 eiusdem

135 492 139 497 ’
243 503 351 521 censura
366 494 392 519 in
406 502 450 520 eas
466 502 544 518 voces
555 495 661 527 Seraph,
672 495 807 528 Seraphim
822 501 847 520 et
861 494 995 528 Seraphin,
1006 494 1120 527 itemque
1130 494 1242 525 Cherub,

243 530 383 555 Cherubim
402 535 427 554 et
445 529 585 554 Cherubin.

170 627 195 658 1.
217 619 386 701 Deliria
413 633 444 658 et
467 634 668 666 commenta,
700 638 782 668 quae
805 638 823 658 a
846 628 940 658 Petro
967 628 1085 658 Zornio
1118 628 1241 658 hetero-

300 671 384 702 doxo
414 681 489 702 cusa
520 678 551 702 et
579 672 707 711 vulgata
738 672 945 703 refutavimus
982 673 1093 712 plura,
1123 673 1241 712 passim

172 716 267 747 etiam
290 722 462 746 occurrunt
484 716 570 756 apud
593 716 725 747 huiusce
753 716 883 747 furfuris
907 717 1064 754 homines,
1087 727 1145 757 pro
1170 718 1241 747 data

171 760 312 802 qualibet
334 760 502 791 occasione
524 760 622 791 bilem
645 760 840 791 effundentes
860 761 893 791 in
923 761 1111 791 clarissimos
1134 761 1239 799 viros,

171 815 255 846 quos
277 804 424 835 doctores
446 805 652 836 scholasticos
674 812 799 836 vocant.
825 805 951 836 Centies
973 805 1169 836 inconcussis
1193 816 1240 835 ar-

170 848 330 890 gumentis
354 848 478 879 tametsi
503 849 634 889 protrita
658 849 774 880 fuerint
797 860 814 880 a
833 849 1035 888 nostratibus,
1060 850 1175 880 centies
1194 849 1240 880 ni-

170 893 346 924 hilominus
363 894 401 923 ab
425 893 486 923 illis
502 893 696 932 refricantur,
719 894 886 935 auritoque
907 894 993 934 gregi
1016 901 1242 934 proponuntur

170 938 269 969 veluti
284 937 430 968 indubia:
449 948 484 968 ac
504 938 662 968 veteribus
685 938 786 968 immo
812 938 1000 969 commentis
1017 949 1101 968 nova
1117 948 1242 978 semper

127 981 130 985 ’
170 982 371 1013 adiiciuntur.
395 982 440 1012 Ita
459 992 492 1012 se
507 989 668 1022 gerentem
682 982 775 1012 video
790 983 949 1013 Adamum
971 983 1240 1020 Tribbechovium,

171 1027 227 1067 qui
251 1027 420 1067 theologus
436 1028 619 1066 primarius
646 1028 678 1057 in
708 1027 827 1057 ducatu
851 1026 1105 1057 Saxo-Gothano
1129 1027 1242 1057 dicitur

170 1071 204 1102 in
237 1071 335 1102 Libro
366 1071 551 1111 singulari,
576 1081 674 1111 quem
698 1070 814 1109 edidit,
837 1071 889 1101 De
918 1071 1100 1102 doctoribus
1117 1071 1241 1101 schola-

169 1117 259 1147 sticis
281 1122 339 1145 etc.
366 1115 511 1145 Secunda
534 1122 608 1145 utor
631 1114 790 1153 editione,
815 1125 896 1155 quae
921 1115 1012 1145 lenae
1044 1125 1129 1145 anno
1159 1125 1240 1156 1719

171 1167 278 1191 curata
309 1165 365 1189 est.

237 1203 290 1234 Ad
321 1202 556 1232 sanctissimum
586 1202 780 1243 Aquinatem
809 1202 984 1243 pertinent,
1015 1213 1098 1243 quae
1129 1203 1243 1243 scripta

169 1247 320 1289 leguntur
345 1246 445 1287 capite
466 1254 500 1277 v:
525 1260 539 1275 ‹
559 1246 662 1277 Simul
691 1257 727 1277 ac
756 1257 832 1277 vero
857 1257 874 1277 e
897 1247 1005 1277 medio
1028 1247 1174 1278 Thomas
1191 1257 1242 1277 ex-

173 1305 189 1320 »
212 1291 362 1323 cessit...
382 1297 494 1322 vocata
523 1291 556 1321 in
586 1301 717 1321 examen
747 1291 815 1321 eius
846 1290 980 1331 scripta3
1009 1302 1067 1322 nec
1098 1292 1243 1322 obstante

173 1349 189 1366 ι
210 1335 391 1375 Pontifici&
405 1333 457 1377 (ut
483 1333 612 1378 vocant)
637 1335 888 1373 canonizatione,
917 1335 1020 1366 multa
1047 1346 1084 1366 ex
1109 1335 1147 1366 iis
1169 1336 1242 1366 hae-

146 1389 158 1392 ·
173 1377 316 1412 {fiscos
347 1379 526 1420 postulata,
559 1379 798 1420 proscriptaque
829 1379 967 1410 fuerunt.
994 1380 1102 1411 videri
1131 1381 1170 1411 de
1194 1380 1242 1411 his

172 1438 190 1455 ι
211 1425 327 1466 poterit
358 1424 515 1455 Henricus
552 1424 592 1454 de
622 1424 820 1464 Erphordia,
851 1424 907 1465 qui
940 1431 971 1455 et
1001 1425 1143 1465 diploma
1176 1425 1242 1456 Ste-

172 1482 189 1498 ›
210 1469 307 1511 phani
331 1468 512 1500 Parisiensis
537 1468 690 1509 Episcopi
714 1468 754 1498 de
778 1479 863 1499 anno
893 1470 976 1508 1324
1000 1476 1148 1508 recenset,
1169 1480 1242 1510 pro-

172 1526 188 1542 »
209 1513 335 1545 vocanti
366 1513 406 1543 ad
443 1514 525 1543 1300
555 1512 700 1553 suffragia
732 1519 763 1543 et
794 1513 1074 1553 praedecessorum
1108 1524 1242 1545 suorum

173 1571 187 1586 ι
210 1558 448 1599 Episcoporum
477 1557 707 1596 auctoritatem,
734 1557 881 1588 Thomae
910 1558 1087 1588 doctrinam
1117 1559 1241 1590 convel-

173 1615 189 1631 ›
211 1602 357 1634 lentium.
387 1602 496 1632 Exstat
526 1608 685 1642 praeterea
714 1602 874 1642 catalogus
903 1613 1047 1633 errorum
1075 1603 1242 1642 Thomae,

173 1659 189 1676 ι
211 1654 248 1678 ut
276 1653 307 1678 et
330 1646 514 1684 Lombardi,
531 1657 549 1676 a
572 1646 798 1676 Parisiensibus
814 1647 1112 1685 condemnatorum,
1130 1648 1242 1678 adiun-

173 1703 189 1719 »
212 1698 280 1722 ctus
310 1691 442 1721 editioni
467 1690 651 1728 Lombardi‚
669 1700 768 1731 quam
785 1691 917 1722 Iacobus
942 1691 1110 1722 Almainus
1130 1692 1243 1723 doctor

173 1748 189 1764 ι
211 1734 392 1766 Parisiensis
407 1734 471 1766 luci
487 1734 648 1766 commisit
665 1748 692 1766 s.
710 1735 776 1766 Tot
791 1735 908 1766 scilicet
923 1736 1123 1776 putidissima
1138 1736 1242 1777 sphal-

171 1787 268 1819 mata,
297 1786 380 1820 quot
407 1779 511 1810 verba.

244 1835 270 1856 1.
295 1823 434 1862 Vocata,
463 1823 589 1864 inquis,
619 1825 651 1854 in
676 1834 811 1855 examen
840 1826 960 1865 scripta
988 1825 1177 1865 Aquinatis,
1207 1836 1242 1856 ac

171 1869 274 1900 multa
303 1878 346 1899 ex
372 1869 413 1899 iis
439 1868 609 1898 haereseos
641 1869 808 1908 postulata
839 1870 1086 1910 proscriptaque
1121 1870 1240 1912 fuisse.

169 1912 335 1944 Mendacia
357 1912 416 1943 tria
438 1911 548 1952 paucis
568 1911 654 1942 hisce
683 1912 855 1943 efferuntur
883 1913 1002 1944 verbis:
1031 1924 1135 1955 neque
1156 1915 1242 1945 enim

169 1957 361 1998 scriptorum
376 1956 523 1988 Thomae
546 1956 702 1997 peculiare
726 1967 858 1988 examen
881 1957 1062 1988 institutum
1085 1969 1243 2000 umquam

170 2001 250 2033 fuit:
274 2011 378 2042 neque
408 2010 444 2031 ex
473 2001 511 2031 iis
538 2001 703 2031 haereseos
732 2002 892 2041 postulata
925 2002 990 2032 sive
1027 2003 1148 2042 multa,
1177 2004 1242 2034 sive

170 2053 288 2087 pauca:
320 2055 424 2086 neque
458 2045 588 2076 tandem
619 2046 807 2076 eorumdem
830 2046 893 2077 lata
924 2047 1124 2087 proscriptio.

239 2100 268 2121 2.
293 2090 381 2121 Haec
404 2096 543 2120 attamen
566 2090 717 2121 intentata
740 2099 856 2129 narras,
882 2101 944 2121 non
969 2091 1112 2122 obstante
1134 2093 1242 2123 Ponti-

159 2134 256 2177 ficia‚
281 2139 317 2165 ut
341 2139 465 2172 vocant,
482 2135 735 2176 canonizatione,
760 2135 800 2165 de
819 2145 906 2166 anno
925 2135 1023 2173 1324.
1041 2137 1145 2167 Immo
1169 2145 1242 2177 post

170 2188 291 2210 sacram
314 2178 482 2219 Aquinatis
505 2178 718 2219 apotheosim,
738 2190 837 2220 quarn
861 2180 994 2210 Ioannes
1013 2181 1100 2211 XXII
1125 2181 1174 2212 die
1204 2182 1240 2212 18

170 2223 239 2254 iulii
261 2233 346 2253 anno
371 2223 451 2254 1323
477 2223 632 2261 decrevit,
659 2223 826 2264 integritati
851 2224 1011 2255 doctrinae
1035 2225 1102 2256 eius
1127 2236 1241 2257 consu-

169 2267 238 2298 lens
254 2267 455 2308 sthephanus
479 2267 518 2297 de
540 2267 708 2298 Bourretto
725 2268 904 2309 Episcopus
923 2269 1114 2308 Parisiensis,
1134 2270 1242 2301 litteris

171 2311 336 2343 Gentiliaci
352 2311 431 2342 datis
447 2322 534 2342 anno
550 2312 633 2349 1324
651 2310 753 2354 (stylo
770 2323 856 2343 novo
878 2312 979 2356 1325)
1003 2315 1055 2344 die
1073 2316 1153 2345 iovis
1168 2321 1243 2346 ante

169 2366 282 2388 sacros
300 2356 444 2395 Cineres,
467 2356 548 2386 idest
571 2356 620 2386 die
641 2366 679 2396 14
695 2356 852 2396 februarii,
872 2368 930 2398 pro
950 2364 1110 2399 comperto
1133 2359 1241 2390 habet:

169 2401 288 2432 dictum
308 2400 532 2442 Consessorem
556 2401 682 2431 beatum
703 2407 733 2432 et
747 2402 918 2432 Ductorem
939 2404 1108 2444 egregium
1133 2402 1243 2446 (Tho-

170 2443 277 2488 mam)
293 2445 373 2475 nihil
385 2446 532 2482 sensisse,
550 2445 706 2482 docuisse,
724 2455 780 2476 seu
796 2447 971 2487 scripsisse,
992 2448 1078 2487 quod
1090 2449 1243 2479 scientiae

159 2489 256 2531 fidei,
275 2489 325 2520 vel
347 2489 437 2520 bonis
460 2489 602 2520 moribus
624 2490 836 2521 adversetur:
858 2501 894 2521 ac
910 2498 1068 2531 praeterea
1088 2502 1242 2532 quorum-

171 2533 247 2564 dam
275 2534 488 2564 articulorum
513 2533 807 2565 condemnationem
842 2540 872 2565 et
904 2538 1243 2568 excommunicationis

168 2579 360 2609 sententiam
384 2575 421 2620 (a
444 2578 605 2618 Stephano
625 2578 776 2619 Tempier
799 2580 1037 2619 praedecessore
1053 2591 1138 2611 anno
1160 2591 1242 2623 1277

169 2620 262 2664 latas)
287 2623 319 2652 in
343 2627 499 2663 quantum
517 2627 668 2663 tangunt,
687 2623 737 2653 vel
755 2628 893 2664 tangere
912 2630 1107 2655 asseruntur
1128 2635 1242 2656 sanam

168 2666 350 2698 doctrinam
373 2668 479 2698 sancti
502 2667 651 2705 nomae,
677 2677 719 2698 ex
742 2673 830 2698 certa
853 2669 987 2699 scientia
1016 2670 1159 2700 totaliter
1186 2681 1244 2701 an-

171 2711 287 2742 nullat.

241 2756 270 2786 3.
298 2755 382 2786 Hinc
414 2761 500 2796 patet
532 2755 653 2786 inscitia
685 2755 909 2787 Tribbechovii
925 2780 933 2796 ,
967 2757 1024 2798 qui
1055 2757 1243 2789 Parisienses

170 2798 350 2840 Episcopos
378 2800 479 2838 duos,
511 2810 547 2830 ac
575 2799 691 2830 litteras
716 2810 829 2831 eorum
862 2801 998 2832 diversas
1031 2812 1067 2833 ac
1099 2802 1245 2833 distincta

170 2849 317 2884 tempora
338 2843 570 2884 imperitissime
594 2844 770 2876 confundit.
790 2846 903 2887 Neque
927 2853 1035 2876 tamen
1058 2854 1161 2887 putes,
1185 2847 1243 2877 Pa-

171 2887 334 2918 risiensem
357 2887 530 2918 Ecclesiam
558 2896 684 2929 regente
714 2889 876 2929 Stephano
900 2891 1070 2931 Tempier,
1097 2891 1244 2922 Thomae

138 2960 142 2964 ,
174 2930 289 2971 scripta
301 2931 466 2962 haereseos
481 2933 642 2972 postulata
660 2933 766 2972 fuisse,
778 2934 954 2975 eademque
967 2935 1151 2975 proscripta.
1168 2936 1245 2966 Pro-

174 2974 307 3015 scriptos
345 2975 495 3016 equidem
523 2977 746 3008 novemdecim
775 2988 871 3018 supra
907 2979 1061 3010 ducentos
1097 2979 1246 3010 articulos

175 3018 432 3059 complectuntur
463 3020 606 3051 eiusdem
629 3021 784 3052 Antistitis
814 3022 982 3063 epistolae:
1008 3023 1168 3064 simulque
1201 3034 1246 3054 er-

174 3070 277 3094 rantes
300 3070 444 3094 auctores
467 3064 624 3103 indicant‚
649 3065 764 3096 sciolos
789 3076 825 3097 ac
852 3066 1054 3107 impudentes
1087 3068 1247 3108 quosdam

175 3107 335 3138 studentes
357 3106 391 3137 in
414 3107 542 3146 artibus,
553 3111 710 3149 propriae
719 3109 896 3150 facultatis
911 3112 1027 3142 limites
1046 3113 1245 3150 excedentes,

175 3161 258 3192 quos
273 3151 354 3182 inter
367 3151 560 3192 Aquinatem
574 3163 739 3184 numerare
762 3154 884 3185 insania
902 3155 992 3196 foret.
1007 3156 1149 3187 Consule
1165 3167 1247 3197 quae

175 3195 276 3236 capite
299 3205 311 3225 1
335 3202 444 3226 contra
466 3196 621 3227 Zornium
644 3197 858 3229 disseruimus.

243 3249 274 3279 4.
296 3239 378 3269 Inter
401 3249 456 3270 eos
480 3240 646 3271 damnatos
670 3242 818 3272 articulos
842 3243 971 3283 plurimi
995 3251 1078 3282 sunt,
1095 3252 1150 3275 aut
1166 3252 1246 3275 certe

175 3284 248 3314 vani
272 3290 302 3314 et
325 3283 436 3322 insani,
453 3291 508 3314 aut
531 3285 716 3315 execrabiles
735 3293 766 3316 et
784 3287 916 3325 erronei,
936 3298 972 3318 ac
990 3287 1145 3319 haeretici:
1164 3299 1246 3328 quos

176 3328 286 3359 docuit
309 3337 489 3368 numquam
512 3338 536 3358 S.
553 3328 708 3367 Thomas,
732 3329 834 3361 immo
858 3331 923 3361 suis
946 3331 979 3361 in
993 3331 1151 3371 Operibus
1175 3333 1247 3362 data

178 3383 275 3413 opera
298 3371 483 3412 profligavit.
509 3372 590 3403 Sunt
621 3373 716 3403 etiam
748 3374 850 3404 theses
880 3375 1004 3416 aliquae
1027 3376 1245 3415 paucissimae,

177 3423 214 3447 ut
237 3426 402 3447 summum
426 3423 564 3456 quatuor
586 3417 636 3446 vel
659 3417 812 3458 quinque,
837 3429 916 3458 quas
938 3419 1109 3449 verborum
1133 3420 1246 3450 cortice

177 3467 270 3492 tenus
301 3461 335 3491 in
358 3460 517 3500 Operibus
540 3460 687 3491 Thomae
719 3469 878 3501 prostare,
903 3470 995 3502 negat
1026 3471 1141 3493 nemo:
1175 3463 1246 3503 ipso

178 3505 274 3536 etiam
298 3515 403 3543 sensu,
427 3505 548 3534 nedum
570 3505 682 3543 verbis,
707 3513 820 3545 putant
843 3506 950 3546 aliqui.
967 3509 1010 3537 At
1033 3507 1104 3537 satis
1128 3508 1247 3547 absque

178 3549 278 3579 dubio
302 3549 443 3589 utrisque
468 3548 586 3579 factum
602 3549 666 3579 suis
682 3549 715 3579 in
729 3549 837 3580 litteris
861 3560 879 3580 a
902 3550 1063 3590 Stephano
1087 3551 1126 3581 de
1145 3551 1246 3581 Bour-

177 3600 269 3631 retto,
289 3593 344 3634 qui
360 3593 566 3624 articulorum
582 3594 880 3624 condemnationem
903 3594 1038 3633 irritam,
1062 3595 1247 3635 nullamque

177 3636 308 3677 habuit,
341 3639 530 3679 inquantum
560 3639 667 3679 tangit
699 3639 750 3670 vel
781 3644 918 3680 tangere
949 3640 1107 3670 asseritur
1132 3649 1246 3670 sanam

2263 300 2368 327 CCCXI

1299 363 1477 395 doctrinam
1494 367 1598 396 sancti
1617 366 1764 397 Thomae.
1782 366 1872 396 Adeo
1890 376 2005 406 nempe
2021 366 2186 406 Aquinatis
2206 367 2365 407 dogmata,

1299 408 1362 438 sive
1391 409 1612 449 philosophica
1644 410 1707 440 sive
1731 411 1771 440 ad
1794 410 1988 449 theologiam
2011 410 2216 450 pertinentia,
2249 411 2368 451 integra

1298 454 1549 492 pronunciantur
1571 462 1602 485 et
1624 455 1662 484 ab
1687 465 1790 485 errore
1805 454 1915 493 aliena,
1932 462 1967 485 ut
1990 454 2015 484 si
2039 454 2095 495 qui
2117 454 2197 485 inter
2219 455 2367 486 articulos

1297 507 1316 526 a
1339 497 1499 537 Stephano
1533 499 1684 539 Tempier
1715 499 1901 536 damnatos,
1930 498 2158 538 reperirentur,
2183 509 2265 539 quos
2298 499 2365 539 ipse

1297 540 1440 572 Thomas
1473 542 1737 583 propugnaverit,
1762 553 1827 573 non
1851 542 1912 583 ipsi
1944 543 2056 573 erroris
2089 542 2260 573 damnandi
2284 543 2364 581 sint,

1297 585 1352 615 sed
1375 585 1437 616 lata
1460 596 1591 616 censura
1614 587 1762 617 tollenda.
1789 588 1858 617 Hac
1882 587 1920 617 de
1944 597 1976 617 re
2000 597 2059 617 nos
2083 586 2210 617 uberius
2243 587 2366 627 egimus

1295 629 1328 658 in
1352 630 1466 660 nostris
1490 631 1766 661 Dissertationibus
1782 632 1871 662 XXV
1891 638 1921 662 et
1943 631 2057 662 XXVI.

1366 675 1393 704 5.
1419 674 1560 705 Iamvero
1584 675 1732 705 insanum
1763 675 1843 705 illud
1876 675 2057 706 exsufflatur
2085 681 2306 705 commentum
2328 675 2368 705 de

1296 717 1456 757 Stephano
1479 720 1656 749 Parisiensi
1673 719 1840 759 Episcopo,
1872 719 1928 760 qui
1950 720 1990 750 de
2012 729 2099 749 anno
2129 720 2209 756 1324
2239 718 2365 761 (1325)

1291 764 1517 801 provocaverit
1532 763 1576 793 ad
1590 763 1673 793 1300
1697 763 1860 804 suffragia
1882 769 1912 794 et
1930 764 2215 803 praedecessorum
2231 773 2365 794 suorum

1295 806 1526 846 Episcoporum
1551 808 1785 844 auctoritatem,
1820 809 1959 838 Thomae
1983 808 2162 838 doctrinam
2186 808 2365 838 convellen-

1295 851 1386 880 tium.
1402 851 1576 881 Ecclesiam
1598 851 1804 881 Parisiensem
1827 862 1911 881 anno
1942 853 2024 890 1324
2044 852 2169 891 regebat
2188 852 2366 892 Stephanus

1296 894 1335 924 de
1350 895 1530 932 Bourretto‚
1550 895 1606 935 qui
1621 895 1767 925 Thomae
1783 895 1960 926 doctrinam
1975 895 2106 926 minime
2121 895 2294 932 convulsit;
2311 896 2367 926 sed

1295 937 1403 978 ipsum
1426 939 1506 969 nihil
1520 940 1666 975 sensisse,
1684 939 1847 976 docuisse,
1873 940 1923 970 vel
1944 941 2108 979 scripsisse
2124 950 2231 970 coram
2246 940 2365 980 palam-

1296 992 1359 1022 que
1392 982 1622 1022 pronunciavit,
1647 983 1731 1023 quod
1753 984 1903 1013 scientiae
1921 984 2016 1024 fidei,
2044 985 2094 1014 vel
2117 984 2206 1014 bonis
2226 985 2368 1014 moribus

1295 1026 1534 1057 adversaretur.
1560 1026 1702 1063 Quinam
1725 1034 1799 1057 sunt
1830 1027 1875 1057 illi
1902 1028 2167 1067 praedecessores
2196 1028 2365 1068 Episcopi,

1297 1070 1352 1109 qui
1381 1071 1520 1100 Thomae
1542 1070 1720 1101 doctrinam
1741 1072 1935 1101 convulsisse
1954 1070 2118 1102 dicuntur?
2140 1072 2278 1102 Ubinam
2292 1083 2365 1112 pro-

1297 1121 1388 1151 stant,
1400 1121 1455 1144 aut
1471 1114 1563 1152 edita,
1579 1121 1633 1144 aut
1648 1124 1745 1144 manu
1764 1122 1895 1152 exarata,
1911 1115 1964 1145 illa
1984 1117 2065 1146 1300
2080 1115 2242 1156 suffragia
2260 1123 2368 1147 contra

1296 1157 1500 1197 Aquinatem,
1525 1159 1565 1188 ad
1588 1167 1670 1198 quae
1688 1160 1913 1197 provocaverit
1937 1160 2115 1190 Parisiensis
2132 1158 2288 1190 Antistes?
2308 1161 2366 1191 So-

1296 1201 1384 1231 mnia
1407 1212 1464 1232 sua
1491 1202 1630 1232 venditat
1654 1202 1915 1233 Tn'bbechovius.

1365 1246 1395 1276 6.
1420 1247 1551 1277 Testem
1575 1247 1708 1277 advocat
1730 1247 1909 1277 Henricum
1934 1247 1973 1277 de
1995 1247 2187 1287 Erphordia.
2218 1250 2261 1278 At
2284 1258 2367 1278 unus

1297 1296 1353 1328 est,
1366 1290 1423 1330 qui
1445 1290 1508 1321 hoc
1527 1301 1604 1321 aevo
1624 1290 1775 1328 floruerit,
1795 1291 1957 1322 Henricus
1976 1292 2015 1322 de
2030 1292 2230 1329 Hervordia,
2249 1291 2368 1322 civitate

1296 1334 1451 1374 imperiali
1474 1334 1655 1365 dioeceseos
1676 1335 1848 1366 Mindensis
1869 1335 1902 1365 in
1919 1332 2069 1366 comitatu
2087 1335 2367 1376 Ravensburgensi.

1297 1378 1511 1409 Trithemium
1527 1387 1701 1420 sequutus,
1726 1379 1782 1420 qui
1804 1387 1897 1410 vocat
1924 1379 2031 1419 ipsum
2047 1380 2225 1410 Henricum
2249 1381 2288 1410 de
2308 1381 2369 1410 Er-

1288 1422 1415 1464 fordia,
1431 1423 1602 1464 Turingiae
1620 1423 1751 1461 civitate,
1773 1423 1805 1453 in
1822 1434 1960 1454 errorem
1976 1424 2225 1454 Tribbechovius
2249 1424 2368 1463 incidit,

1297 1467 1363 1497 aliis
1387 1467 1482 1498 etiam
1501 1468 1790 1498 nomenclatoribus
1817 1478 2035 1498 communem.
2059 1468 2187 1499 Ordinis
2210 1468 2370 1498 Praedica-

1297 1518 1405 1542 torum
1428 1512 1577 1542 alumnus
1610 1512 1684 1550 fuit,
1709 1512 1765 1552 qui
1799 1512 1976 1543 Chronicon
2002 1512 2196 1543 elucubravit
2225 1513 2265 1543 ab
2296 1513 2370 1543 orbe

1297 1556 1421 1586 condito
1445 1556 1488 1587 ad
1511 1567 1632 1587 annum
1658 1557 1790 1587 Domini
1814 1557 1911 1587 1355.
1929 1557 2006 1587 Eius
2037 1557 2159 1587 calamo
2185 1557 2295 1596 putida
2318 1567 2370 1588 ex-

1297 1599 1407 1630 cidisse
1436 1607 1636 1639 com'menta,
1661 1611 1742 1641 quae
1775 1601 1894 1641 profert
1921 1601 2133 1632 heterodoxus
2157 1601 2277 1640 homo,
2307 1611 2371 1632 cre—

1298 1644 1351 1675 dat
1374 1654 1480 1675 nemo.

1363 1699 1394 1730 7.
1418 1689 1488 1719 Pari
1513 1689 1645 1719 demum
1666 1689 1789 1719 inscitia
1812 1696 1842 1720 et
1865 1689 1995 1720 audacia
2019 1690 2203 1730 catalogum
2228 1697 2368 1721 recenset

1296 1742 1445 1763 errorum
1475 1734 1613 1764 Ihomae
1636 1739 1672 1764 ut
1695 1739 1726 1764 et
1748 1734 1931 1771 Lombardi,
1956 1745 1976 1764 a
1996 1735 2230 1765 Parisiensibus
2253 1735 2367 1765 conde-

1297 1782 1492 1815 mnatorum,
1517 1778 1703 1808 adiunctum
1729 1779 1859 1808 editioni
1882 1779 2021 1809 eiusdem
2042 1779 2225 1809 Lombardi.
2246 1779 2370 1810 Prostat

1296 1821 1449 1852 nimirum
1469 1822 1629 1862 catalogus
1654 1823 1881 1853 nonnullarum
1900 1823 2048 1860 thesium,
2073 1833 2152 1864 quas
2176 1834 2193 1853 a
2217 1823 2366 1863 Magistro

1296 1866 1530 1897 Sententiarum
1546 1867 1682 1897 adsertas
1700 1867 1880 1897 communis
1900 1868 2069 1898 doctorum
2085 1878 2195 1898 sensus
2211 1869 2367 1908 reprobat:

1296 1911 1538 1951 quamplurium
1561 1911 1785 1949 articulorum,
1810 1922 1892 1952 quos
1919 1911 2100 1942 Parisiensis
2124 1919 2154 1942 et
2177 1912 2368 1943 Oxoniensis

1296 1955 1458 1986 facultates
1482 1956 1683 1993 damnarunt,
1709 1956 1841 1995 catalogi
1865 1963 2023 1996 prostant:
2054 1966 2197 1986 errorum
2220 1957 2314 1986 index
2336 1956 2371 1986 in

1296 2010 1378 2041 quos
1398 1999 1541 2030 inciderit
1559 2000 1714 2038 Thomas,
1734 2010 1856 2041 quosve
1875 2000 2051 2041 praedictae
2070 2011 2174 2031 sacrae
2193 2001 2369 2031 Facultates

1297 2044 1547 2085 proscripserint,
1568 2045 1676 2075 nullus
1696 2051 1786 2075 extat.

1364 2089 1394 2120 8.
1412 2089 1580 2120 Praeterire
1597 2099 1663 2119 non
1679 2089 1752 2119 licet
1768 2089 1910 2119 eiusdem
1925 2089 2147 2120 Tribbechovii
2163 2090 2268 2126 verba,
2286 2100 2367 2130 quae

1296 2133 1410 2164 eodem
1438 2133 1552 2175 quinto
1573 2133 1673 2174 capite
1692 2133 1847 2164 habentur
1862 2134 2057 2164 Franciscus
2072 2134 2111 2164 de
2130 2135 2247 2164 Marra
2265 2134 2369 2164 Fran-

1296 2179 1464 2215 ciscanus,
1496 2179 1688 2208 Parisiensis
1724 2178 1859 2215 doctor,
1894 2178 1992 2208 edidit
2022 2179 2137 2208 librum
2169 2188 2255 2208 anno
2287 2177 2372 2208 1288

1295 2233 1388 2263 quem
1399 2223 1687 2263 Reprehensorium
1704 2223 1842 2252 Thomae
1856 2223 2026 2262 inscripsit.
2043 2222 2184 2262 Egregie.
2198 2222 2369 2252 GuiIlelmo

1297 2267 1336 2297 de
1364 2267 1393 2297 la
1424 2268 1510 2297 Mare
1539 2277 1596 2306 pro
1625 2277 1682 2296 sua
1710 2267 1894 2297 auctoritate
1927 2276 2045 2296 nornen
2076 2267 2155 2297 indit
2183 2267 2370 2297 Francisci:

1295 2311 1437 2352 itemque
1455 2311 1674 2351 professorem
1700 2316 1729 2341 et
1751 2310 1910 2341 doctorem
1932 2310 2145 2341 Oxoniensem
2171 2318 2252 2341 creat
2275 2311 2366 2341 Pari-

1295 2357 1430 2386 siensem
1454 2355 1614 2386 doctorem
1621 2363 1634 2392 ;
1653 2365 1688 2385 ac
1711 2365 1805 2395 opus,
1829 2355 1918 2395 quod
1942 2362 2052 2385 auctor
2070 2355 2268 2395 inscripserat
2290 2355 2368 2385 Cor-

1296 2401 1470 2430 rectorium
1482 2399 1608 2439 fratris
1628 2400 1776 2436 Thomae,
1802 2399 1990 2439 inscriptum
2009 2399 2128 2440 profert
2151 2400 2368 2439 Reprehenso-

1296 2445 1395 2474 rium:
1410 2451 1504 2484 atque
1521 2443 1652 2474 demum
1668 2443 1789 2474 nobiles
1799 2443 1938 2474 vindices
1954 2444 2071 2484 plures,
2088 2444 2143 2485 qui
2159 2444 2369 2474 Lamaraeum

1297 2488 1497 2529 castigarunt,
1522 2487 1646 2518 silentio
1671 2487 1816 2528 praeterit
1844 2498 1966 2518 omneS.

1365 2533 1402 2563 II.
1427 2532 1531 2563 Ironia
1550 2532 1702 2573 sequitur,
1722 2543 1786 2573 qua
1805 2532 1920 2562 eodem
1939 2532 1971 2562 in
1997 2532 2097 2572 capite
2117 2539 2238 2563 textum
2257 2543 2368 2573 quem-

1298 2577 1372 2607 dam
1387 2577 1554 2618 Aquinatis
1569 2577 1683 2617 excipit
1698 2587 1732 2607 ac
1749 2576 1888 2616 sugillat:
1908 2589 1922 2604 α
1936 2577 2044 2614 Quam
2061 2577 2192 2616 egregie,
2209 2578 2365 2617 inquiens,

1301 2634 1315 2648 »
1339 2628 1369 2652 et
1391 2628 1481 2652 acute
1504 2621 1648 2652 Thomas
1673 2621 1935 2651 scholasticorum
1959 2621 2181 2659 antesignanus
2205 2621 2369 2660 distinguit

1301 2678 1315 2693 »
1340 2666 1365 2695 11
1390 2666 1488 2704 Sent.,
1513 2665 1583 2696 dist.
1608 2676 1651 2703 1x,
1676 2676 1765 2696 num.
1790 2675 1812 2705 4
1834 2665 1915 2696 inter
1941 2665 2122 2702 Cherubim,
2155 2665 2314 2695 Cherubin
2340 2671 2370 2696 et

1300 2722 1315 2736 ιν
1341 2710 1478 2740 Cherub.
1497 2722 1511 2736 »
1544 2710 1721 2740 Indicatum
1743 2709 1911 2751 Aquinatis
1935 2710 2044 2740 locum
2076 2709 2170 2740 affero
2200 2720 2236 2740 ex
2263 2720 2317 2750 qu.
2342 2721 2368 2748 1,

1299 2761 1354 2785 art.
1379 2765 1410 2784 1v
1434 2755 1475 2784 ad
1498 2762 1533 2796 7:
1562 2768 1576 2782 ι(
1595 2755 1774 2785 Dicendum
1797 2754 1886 2795 quod
1910 2754 2040 2784 nomina
2063 2754 2121 2784 ista
2146 2754 2317 2784 desinentia
2335 2754 2369 2784 in

1301 2811 1315 2825 »
1339 2800 1384 2836 in,
1410 2806 1446 2830 ut
1470 2799 1643 2836 Cherubin,
1669 2799 1838 2839 Seraphin,
1865 2805 1938 2828 sunt
1962 2798 2063 2828 neutri
2086 2798 2217 2838 generis,
2238 2798 2367 2838 pluralis

1302 2856 1316 2871 »
1340 2843 1480 2882 numeri,
1512 2850 1542 2874 et
1570 2851 1735 2884 ponuntur
1764 2853 1822 2883 pro
1853 2850 1921 2873 toto
1951 2842 2085 2881 collegio
2115 2842 2208 2872 unius
2238 2842 2366 2872 ordinis.

1302 2900 1316 2915 »
1339 2888 1521 2918 Desinentia
1540 2895 1646 2918 autem
1666 2888 1698 2918 in
1718 2889 1759 2917 im
1785 2886 1985 2928 (Cherubim,
2007 2886 2189 2928 Seraphim)
2210 2893 2283 2917 sunt
2302 2897 2367 2916 ma-

1303 2945 1318 2960 »
1341 2932 1454 2962 sculini
1477 2933 1598 2972 generis
1617 2939 1647 2963 et
1670 2932 1799 2972 pluralis
1823 2931 1963 2968 numeri,
1988 2938 2019 2961 et
2037 2938 2201 2970 ponuntur
2219 2940 2277 2970 pro
2297 2931 2368 2970 plu-

1303 2989 1317 3003 »
1341 2976 1426 3007 ribus
1446 2977 1589 3017 personis
1609 2977 1703 3007 unius
1727 2975 1855 3006 ordinis.
1876 2975 1937 3005 Sed
1959 2975 2085 3005 Cherub
2104 2982 2134 3005 et
2153 2975 2274 3014 Seraph
2296 2981 2370 3005 sunt

1304 3034 1318 3048 »
1342 3021 1508 3051 masculini
1540 3021 1661 3060 generis
1693 3027 1723 3050 et
1755 3019 1919 3059 singularis
1956 3019 2102 3056 numeri,
2132 3026 2162 3049 et
2195 3018 2370 3058 significant

1304 3078 1319 3093 »
1342 3075 1440 3095 unam
1463 3075 1633 3105 personam
1656 3065 1739 3095 illius
1763 3064 1891 3094 ordinis.
1910 3076 1924 3091 »
1951 3063 2276 3093 Animadvertendum
2307 3070 2368 3101 est,

1302 3120 1369 3140 rem
1388 3110 1476 3140 aliter
1494 3109 1554 3148 legi
1574 3109 1607 3139 in
1627 3108 1867 3139 Commentario
1886 3108 1919 3138 in
1943 3114 2037 3147 caput
2055 3118 2087 3137 νι
2107 3107 2213 3145 Isaiae,
2238 3117 2316 3137 vers.
2340 3114 2368 3137 2:

1306 3167 1320 3182 e<
1343 3154 1422 3184 Item
1445 3160 1583 3191 notatur,
1608 3153 1697 3194 quod
1720 3153 1885 3192 Seraphim
1915 3152 2066 3191 scriptum
2090 3162 2146 3191 per
2168 3162 2210 3188 m,
2240 3151 2370 3192 pluralis

1305 3211 1319 3225 »
1343 3205 1389 3228 est
1417 3204 1447 3228 et
1476 3197 1578 3227 neutri
1602 3197 1738 3237 generis;
1770 3203 1800 3226 et
1829 3195 1982 3236 significat
2009 3203 2114 3226 totum
2144 3206 2258 3235 agmen
2287 3196 2370 3225 illius

1304 3254 1319 3268 ν
1342 3242 1470 3272 ordinis.
1496 3242 1558 3272 Sed
1576 3242 1733 3281 Seraphin
1754 3241 1918 3280 singularis
1942 3240 2066 3270 numeri
2085 3247 2131 3270 est
2154 3247 2184 3270 et
2203 3239 2369 3269 masculini

1305 3299 1319 3313 >›
1342 3285 1482 3325 generis:
1517 3292 1547 3315 et
1577 3285 1730 3325 significat
1760 3295 1863 3315 unum
1894 3291 2019 3315 tantum
2049 3284 2087 3314 de
2118 3284 2227 3314 ordine
2260 3284 2324 3313 illo.
2350 3296 2364 3310 »

1303 3331 1428 3360 Locum
1446 3329 1544 3359 istum
1563 3336 1749 3369 corruptum
1767 3336 1858 3369 puto,
1879 3328 2163 3368 corrigendumque
2182 3328 2267 3358 iuxta
2285 3327 2369 3367 prio-

1302 3383 1378 3403 rem.
1404 3373 1574 3412 Vulgatam
1593 3383 1670 3403 aevo
1694 3373 1749 3402 illo
1773 3373 1854 3402 hanc
1875 3372 1970 3402 fuisse
1988 3373 2129 3411 regulam
2152 3371 2368 3411 grammatica-

1300 3418 1365 3447 lem
1385 3417 1458 3447 satis
1477 3417 1593 3447 indicat
1611 3417 1757 3447 Albertus
1777 3417 1928 3456 Magnus,
1949 3416 2004 3456 qui
2024 3417 2134 3446 eadem
2157 3425 2242 3445 nona
2261 3415 2368 3446 distin-

1303 3461 1406 3492 ctione
1429 3461 1499 3490 libri
1523 3461 1549 3490 II
1579 3461 1681 3498 Sent.,
1711 3467 1757 3490 art
1779 3470 1799 3489 v
1822 3460 1861 3490 ad
1892 3461 1907 3490 5
1939 3460 1982 3490 sic
2006 3460 2118 3490 habet:
2152 3473 2166 3488 α
2189 3460 2369 3490 Dicendum

1305 3518 1319 3533 »
1342 3505 1430 3545 quod
1454 3505 1486 3534 in
1509 3505 1539 3534 N
1567 3504 1731 3534 terminata
1758 3504 1811 3534 illa
1841 3502 2032 3544 (Seraphin,
2060 3504 2237 3546 Cherubin)
2267 3504 2369 3534 neutri

1305 3562 1319 3576 s
1342 3548 1463 3588 generis
1482 3554 1556 3578 sunt
1574 3555 1605 3578 et
1623 3548 1798 3588 significant
1815 3548 1973 3587 integrum
1992 3558 2105 3588 agmen
2124 3547 2219 3578 unius
2238 3547 2368 3578 ordinis:

1305 3606 1320 3620 »
1343 3600 1374 3623 et
1391 3592 1464 3622 ideo
1483 3592 1612 3632 pluralis
1631 3599 1705 3623 sunt
1728 3592 1862 3622 numeri.
1883 3593 1918 3622 In
1937 3593 1970 3622 M
1990 3599 2096 3622 autem
2115 3592 2279 3622 terminata
2295 3598 2371 3622 sunt

1305 3650 1320 3665 »
1343 3637 1471 3678 pluralis
1495 3637 1619 3667 numeri
1642 3644 1673 3667 et
1695 3637 1883 3667 masculina:
1916 3643 1946 3666 et
1969 3636 2144 3676 significant
2167 3637 2272 3677 plures
2300 3646 2370 3677 per-
