2788 4204
55 754 229 850 75⁰²&

1171 275 1283 312 CAP.
1315 276 1381 323 1v,
1413 276 1562 313 LECT.
1594 277 1628 312 x

2422 278 2490 326 175

1024 491 1367 546 LECTIO
1414 494 1774 548 DECIMA

642 633 727 672 DE
759 632 1007 672 ALTERO
1042 633 1338 673 PRINCIPIO
1375 633 1548 685 QUOD
1583 634 1713 683 EST,
1746 635 1884 675 DICI
1907 636 2034 675 PER
2066 636 2147 676 SE

301 764 385 797 Καθ’
414 764 509 796 αὑτοὶ
525 759 553 795 δ’
577 762 641 795 ὅσα
670 762 816 808 ὑπάρχει
834 775 872 796 τε
899 763 932 795 ἑν
950 764 997 804 τῷ
1021 767 1054 796 τί
1080 764 1184 805 ἐστιν,
1208 765 1276 795 οἷον
1302 775 1370 806 τρι-

368 808 460 855 γώνῳ
485 808 625 855 γραμμή
650 810 708 839 καὶ
733 809 873 854 γραμμῇ
892 808 1020 852 στιγμή
1046 810 1082 852 (ἡ
1106 809 1171 855 γάρ
1193 809 1292 840 οὐσία
1311 809 1369 841 αὑ-

370 854 436 886 τῶν
454 855 490 886 ἐκ
511 852 643 886 τούτων
670 853 757 894 ἐστί,
775 855 832 884 καὶ
859 853 892 884 ἐν
918 856 966 894 τῷ
991 853 1081 900 λόγῳ
1100 855 1147 895 τῷ
1171 853 1310 898 λέγοντι
1335 856 1369 886 τί

370 899 462 930 ἐστιν
487 897 683 943 ἐνυπάρχει)

300 944 359 975 καὶ
375 941 462 980 ὅσοις
478 943 544 975 τῶν
559 941 820 986 ἐνυπαρχόντων
843 941 961 978 αὑτοῖς
978 942 1073 975 αὐτοὶ
1085 943 1118 974 ἑν
1137 943 1184 982 τῷ
1198 941 1286 987 λόγῳ
1302 942 1369 974 ἐνυ-

370 986 538 1032 πάρχουσι
555 988 603 1028 τῷ
626 988 658 1019 τί
677 987 751 1018 ἐστι
775 981 950 1026 δηλοῦντι,
970 987 1038 1018 οἷον
1057 986 1097 1019 τὸ
1123 986 1201 1018 εὐθὺ
1224 985 1368 1031 ὑπάρχει

392 1032 508 1075 ραμμῇ
529 1033 588 1062 καὶ
609 1031 650 1063 τὸ
672 1030 854 1073 περιφερές,
871 1031 930 1061 καὶ
944 1030 986 1062 τό
1004 1030 1165 1074 περιττὸν
1179 1033 1236 1062 καὶ
1253 1030 1368 1073 ἄρτιον

371 1075 510 1120 ἀριθμῷ,
528 1077 586 1106 καὶ
612 1075 652 1108 τὸ
671 1075 803 1117 πρῶτον
824 1076 883 1105 καὶ
903 1073 1063 1106 σύνθετον
1088 1076 1147 1106 καὶ
1171 1074 1368 1117 ἰσόπλευρον

367 1121 426 1151 καὶ
452 1119 666 1163 ἑτερόμηκες·
697 1120 756 1150 καὶ
781 1119 865 1151 πᾶσι
890 1117 1027 1157 τούτοις
1059 1118 1302 1162 ἐνυπάρχουσιν
1335 1119 1368 1150 ἐν

369 1165 416 1204 τῷ
432 1163 474 1195 λό
499 1175 526 1203 ῳ
540 1165 587 1204 τῷ
603 1165 636 1196 τί
652 1163 724 1196 ἐστι
743 1162 882 1209 λέγοντι
901 1161 981 1194 ἔνθα
998 1163 1057 1207 μὲν
1078 1162 1218 1208 γραμμή
1237 1161 1316 1194 ἔνθα
1337 1158 1365 1194 δ’

369 1206 516 1252 ἀριθμος.
541 1209 680 1251 Ὁμοίως
704 1202 743 1239 ’δέ
767 1210 825 1239 καὶ
852 1208 908 1239 ἐπὶ
933 1208 999 1238 τῶν
1027 1206 1136 1239 ἄλλων
1162 1207 1210 1239 τοὶ
1234 1206 1366 1238 τοιαῦθ’

368 1251 525 1290 ἑκάστοις
541 1251 617 1284 καθ’
641 1253 735 1285 αὑτοὶ
749 1251 852 1297 λέγω,
873 1250 936 1282 ὅσα
949 1247 987 1283 δὲ
1001 1246 1191 1293 μηδετέρως
1210 1250 1367 1296 ὑπάρχει,

366 1297 631 1339 συμβεβηκότα,
660 1297 727 1328 οἱον
746 1296 787 1329 τὸ
812 1296 970 1340 μουσικὸν
993 1294 1014 1332 ἧ
1038 1295 1155 1327 λευκὸν
1181 1297 1228 1336 τῷ
1254 1296 1337 1338 ζῳῳ.

291 1339 370 1373 Ἔτι
396 1342 412 1373 ὃ
462 1341 484 1379 ’ἢ
502 1340 582 1380 ,καθ’
612 1340 833 1385 ὑποκειμένου
858 1339 896 1372 λε’
923 1352 1000 1373 εται
1027 1340 1130 1372 ἄλλου
1157 1339 1266 1381 τινός,
1302 1341 1369 1373 οἷον

367 1385 428 1418 ἰ’-δ”
455 1380 573 1428 ἇὸίζον
599 1384 713 1429 ἕτερόν
739 1397 774 1418 τι
800 1384 835 1418 ὂν
852 1385 899 1426 βα
924 1386 993 1428 ίζον
1020 1385 1092 1417 ἐστὶ
1117 1386 1177 1416 καὶ
1195 1384 1328 1426 λευκόν,
1349 1387 1369 1422 ἡ

365 1424 395 1461 δ’
425 1430 542 1470 οὐσία,
568 1431 627 1461 καὶ
654 1429 718 1462 ὅσα
743 1426 823 1463 τόδε
850 1442 884 1462 τι
910 1433 1079 1474 σημαίνει,
1107 1430 1171 1474 οὐχ
1196 1428 1309 1474 ἕτερόν
1336 1442 1370 1462 τι

367 1473 452 1507 ὄντα
484 1475 576 1506 ἐστὶν
605 1473 686 1518 ὅπερ
721 1476 824 1507 ἐστίν.
858 1477 910 1509 Tea
939 1476 997 1519 μὲν
1023 1470 1065 1511 δή
1099 1475 1147 1517 μή
1175 1473 1250 1506 καθ’
1288 1475 1371 1506 ὑπο-

363 1518 518 1563 κειμένου
541 1519 619 1551 καθ’
650 1520 746 1552 αὐτοὶ
768 1520 880 1566 λέγω,
908 1520 956 1554 τά
979 1515 1017 1551 δὲ
1040 1518 1116 1551 καθ’
1147 1519 1369 1562 ὑποκειμένου

365 1563 621 1605 συμβεβηκότα.

289 1605 369 1640 Ἔτι
393 1603 422 1639 δ’
453 1609 556 1641 ἄλλον
581 1608 709 1652 τρόπον
736 1610 777 1642 τὸ
802 1610 861 1649 μὲν
878 1606 922 1642 δι’
946 1609 1034 1642 αὑτὸ
1060 1608 1213 1653 ὑπάρχον
1236 1608 1369 1649 ἑκάστῳ

362 1651 439 1684 καθ’
470 1652 572 1693 αὑτό,
600 1655 641 1686 τό
665 1649 703 1686 δὲ
728 1655 775 1699 μή
801 1651 844 1687 δι’
875 1655 964 1687 αὑτὸ
989 1652 1219 1696 συμβεβηκός,
1249 1653 1316 1685 οἷον
1342 1654 1371 1685 εὶ

364 1691 566 1773 ἒαδίζοντος
592 1698 758 1743 ἦστραψε,
785 1699 1008 1745 συμβεβηκός·
1028 1699 1066 1731 οὗ
1084 1697 1149 1744 γάρ
1167 1692 1224 1730 διὰ
1250 1697 1290 1730 το“
1310 1697 1371 1736 βα-

386 1742 466 1784 ίζειν
491 1741 677 1787 ἤστραψεν,
707 1745 797 1777 ἀλλά
821 1744 956 1786 συνέβη,
983 1742 1106 1787 φαμέν,
1134 1743 1253 1775 τοῦτο.
1278 1742 1316 1773 Ei.
1333 1741 1371 1775 δὲ

363 1781 407 1818 δι’
429 1785 530 1828 αὑτό,
554 1787 632 1820 καθ’
655 1788 758 1830 αὑτό,
778 1791 847 1822 οἷον
865 1791 894 1821 εἴ
911 1802 945 1822 τι
961 1787 1198 1831 σφαττόμενον
1219 1785 1369 1819 ἀπέθανε

359 1832 418 1862 καὶ
441 1832 538 1864 καταῖ
562 1833 627 1869 τήν
653 1833 801 1879 σφαγήν,
830 1833 884 1867 ὅτι
907 1829 967 1867 Stoi
983 1832 1024 1866 τὸ
1042 1830 1269 1877 σφάττεσθαι,
1291 1831 1366 1864 ἀλλ’

363 1875 402 1906 οὑ
419 1875 540 1916 συνέβη
567 1877 803 1922 σφαττόμενον
832 1878 1032 1912 ἀποθανεῖν.

267 2003 269 2005 ¹
295 1961 349 1994 ‘1⁸⁶2
374 1962 440 2018 ἄρα
463 1964 635 2010 λεγόμενα
662 1967 716 1999 ἐπὶ
743 1968 810 1999 τῶν
837 1969 950 2006 ἀπλῶς
970 1966 1162 2002 ἐπιστητῶν
1180 1965 1252 1998 ’καθ’
1277 1966 1372 1999 αὑτοὶ

364 2019 470 2046 ουτως
495 2012 537 2047 ὥς
557 2010 756 2056 ἐνυπάρχειν
773 2016 844 2051 τοῖς
861 2009 1169 2056 κατηγορουμένοις
1188 2009 1209 2047 ἦ
1229 2010 1372 2052 ἐνυπάρ-

362 2051 483 2097 χεσθαι
507 2049 549 2086 δι’
587 2055 682 2089 αὑτά
702 2050 747 2089 ’τέ
772 2058 846 2090 ἐστι
873 2060 932 2089 καὶ
964 2057 999 2098 ἐξ
1033 2053 1194 2099 ἀνάγκης·
1228 2055 1274 2087 Οὗ
1305 2056 1369 2101 γάρ

365 2092 544 2142 ἐνδέχεται
569 2100 616 2144 μή
644 2100 808 2146 ὑπάρχειν
834 2100 856 2139 ’ἢ
884 2102 998 2140 άπλῶς
1025 2100 1045 2137 ἦ
1071 2101 1119 2133 τά
1139 2101 1368 2144 ἀντικείμενα,

364 2141 600 2188 οἷον’γραμμῇ
627 2145 668 2178 τὸ
693 2146 771 2179 εὖθὺ
789 2145 810 2183 ἧ
828 2147 870 2180 τὸ
894 2145 1074 2190 καμπύλον
1099 2146 1158 2177 καὶ
1180 2143 1306 2189 ἀριθμῷ
1328 2145 1369 2177 τὸ

364 2188 526 2231 περιττόν
545 2188 566 2225 ἢ
584 2190 625 2223 τὸ
653 2189 780 2235 ἄρτιον.
801 2191 900 2224 Ἔστι
924 2191 989 2238 γάρ
1016 2190 1056 2223 τό
1075 2190 1230 2222 ἐναντίον
1249 2189 1269 2226 ἦ
1293 2189 1372 2222 στέ-

364 2242 454 2274 ρησις
468 2231 489 2268 ἦ
506 2233 682 2277 ἀντίφασις
701 2236 733 2268 ἐν
748 2238 795 2277 τῷ
812 2237 905 2277 αὐτῷ
922 2236 1024 2282 γένει,
1044 2236 1112 2267 οἷον
1133 2234 1248 2278 ἄρτιον
1263 2234 1304 2267 τό
1323 2234 1369 2277 μή

365 2277 526 2319 περιττὸν
545 2279 578 2311 ὲν
598 2279 745 2324 ἀριθμοῖς
766 2281 787 2324 ᾗ
803 2281 938 2314 ἕπεται.
951 2280 1047 2313 ’Ὦστ’
1070 2281 1098 2313 εὶ
1118 2278 1248 2324 ἀνάγκη
1266 2279 1369 2323 φάναι

365 2318 386 2357 ἦ
414 2321 602 2365 ἀποφάναι,
631 2324 761 2371 ἀνάγκη
779 2328 838 2358 καὶ
859 2326 907 2358 τοὶ
922 2325 996 2358 καθ’
1020 2325 1116 2358 αὑτοὶ
1133 2324 1310 2367 ὑπάρχειν.

296 2364 344 2398 Td
369 2365 428 2410 μὲν
454 2365 511 2399 οὖν
535 2369 632 2402 κατὰ
657 2371 786 2409 παντὸς
810 2372 869 2403 καὶ
892 2370 968 2402 καθ’
999 2370 1087 2403 αὑτό
1116 2364 1277 2414 διωρίσθω
1308 2368 1367 2401 τόν

365 2410 491 2455 τρόπον
517 2415 654 2447 τοῦτον.

358 2506 507 2534 SYNOPSIS.
521 2522 555 2526 —
573 2516 595 2534 1.
617 2507 831 2543 Argumentum
857 2512 886 2534 et
910 2506 1013 2533 divisio
1040 2511 1142 2533 textus.
1158 2522 1177 2527 -
1192 2513 1219 2533 2.
1242 2507 1368 2540 Praepo-

295 2545 363 2573 sitio
381 2555 439 2583 per
459 2545 589 2582 designat
610 2547 787 2582 quandoque
802 2546 902 2579 situm,
925 2546 1102 2582 quandoque
1117 2554 1249 2578 causam‚·
1270 2551 1298 2572 et
1313 2545 1369 2572 hoc

296 2585 452 2622 tripliciter,
468 2595 572 2621 nempe
586 2586 630 2613 vel
648 2594 764 2613 causam
779 2586 960 2624 formalem,
976 2585 1020 2613 vel
1035 2585 1226 2618 materialem,
1241 2584 1286 2612 vel
1301 2593 1368 2612 cau-

297 2634 359 2654 sam
375 2625 570 2653 extrinsecam
586 2630 614 2653 et
624 2625 784 2663 praecipue
806 2625 1018 2663 efficientem-
1029 2625 1103 2652 Hinc
1125 2625 1148 2652 si
1162 2624 1258 2660 ipsum
1273 2624 1368 2652 subie-

296 2671 377 2693 ctum
390 2664 436 2693 vel
456 2664 565 2701 aliquid
586 2664 647 2692 eius
669 2665 704 2692 sit
725 2673 813 2692 causa
834 2665 879 2693 vel
899 2665 973 2692 ratio
995 2664 1069 2692 illius
1091 2665 1172 2700 quod
1192 2664 1247 2700 ipsi
1267 2663 1368 2691 tribui-

297 2711 359 2740 tur,
381 2704 485 2732 dicitur
505 2701 702 2741 praedicatum
719 2714 778 2742 per
798 2713 829 2732 se
851 2704 1004 2732 convenire
1031 2704 1201 2732 subiecto.—
1217 2704 1242 2732 3.
1258 2703 1369 2731 Diversi

297 2749 394 2772 autem
409 2750 476 2772 sunt
489 2744 580 2779 modi,
595 2744 700 2781 quibus
721 2744 831 2780 aliquid
839 2754 899 2782 per
913 2753 943 2772 se
958 2743 1061 2771 dicitur
1075 2745 1111 2771 de
1125 2743 1233 2780 aliquo.
1251 2744 1369 2771 Primus

298 2783 402 2812 modus
422 2790 464 2811 est
491 2784 610 2820 quando
639 2783 836 2820 praedicatum
858 2790 900 2812 est
922 2784 957 2811 de
979 2783 1147 2811 definitione
1171 2783 1304 2818 subiecti,
1327 2783 1368 2811 vi-

298 2822 401 2851 delicet
421 2824 539 2859 quando
561 2824 597 2851 de
617 2823 747 2852 subiecto
769 2823 950 2860 praedicatur
971 2823 1032 2851 eius
1054 2823 1203 2851 essentiale
1229 2823 1367 2851 constitu-

298 2862 399 2897 tivum,
409 2871 515 2899 nempe
529 2863 658 2901 definitio
667 2863 712 2891 vel
727 2862 835 2900 aliquid
850 2863 880 2890 in
894 2863 1062 2891 definitione
1077 2863 1230 2891 inclusum.
1240 2880 1259 2884 —
1268 2872 1296 2897 4.
1309 2864 1368 2891 Per

299 2911 331 2929 se
351 2901 454 2930 dicitur
474 2903 565 2930 altero
587 2903 672 2931 modo
693 2904 811 2939 quando
833 2903 991 2930 subiectum
1012 2903 1131 2939 ponitur
1149 2903 1179 2930 in
1200 2902 1368 2930 definitione

298 2941 468 2977 praedicati,
499 2951 560 2970 non
588 2941 670 2978 quasi
697 2942 782 2970 huius
811 2942 1028 2970 constitutivum
1057 2942 1206 2970 essentiale
1222 2964 1229 2977 ,
1258 2943 1308 2970 sed
1336 2949 1369 2970 ut

300 2989 387 3008 causa
413 2981 566 3009 materialis
587 2988 615 3009 et
635 2982 787 3018 proprium
815 2982 976 3009 subiectum
1005 2982 1147 3018 eiusdem3
1172 2982 1303 3010 videlicet
1324 2991 1367 3010 se-

505 3089 517 3100 *
533 3080 553 3097 ε
569 3081 747 3121 ostquam
782 3073 1047 3110 determinavit
1065 3080 1082 3095 ‘²‘
1111 3074 1367 3122 Philosophus

460 3155 484 3172 s
557 3125 617 3162 de
646 3127 721 3164 dici
746 3127 792 3163 de
815 3127 938 3172 omni,
973 3126 1034 3163 hic
1062 3127 1287 3164 determinat
1319 3127 1366 3163 de

508 3179 519 3224 f
545 3191 635 3226 -per
661 3191 701 3215 se
719 3177 747 3216 β.
778 3180 827 3215 Et
846 3179 943 3216 circa
961 3180 1037 3216 hoc
1065 3179 1142 3216 duo
1168 3180 1272 3216 facit:
1292 3179 1366 3228 pri-

430 3226 444 3237 ”’
539 3227 656 3279 ¹mo,
682 3232 844 3269 ostendit
871 3240 964 3281 quot
986 3233 1114 3275 modis
1137 3232 1271 3269 dicitur
1303 3232 1366 3268 ali-·

354 3362 380 3398 α)
401 3364 544 3395 Postquam
565 3363 752 3387 determinavit
766 3367 814 3387 etc.
833 3363 898 3387 Cod.
913 3363 935 3387 D
951 3363 976 3387 in
991 3371 1045 3395 quo
1063 3363 1185 3387 lectiones
1201 3367 1369 3386 numerantur

300 3399 350 3424 hoc
369 3399 460 3423 modo:
481 3398 616 3423 distinctio
630 3398 731 3430 prima,
751 3398 887 3423 distinctio
905 3398 1021 3423 secunda
1035 3403 1083 3422 etc.
1102 3398 1151 3421 sub
1167 3398 1257 3422 eadem
1273 3397 1367 3422 distin-

300 3435 387 3460 ctione
405 3434 511 3467 praebet
524 3433 590 3458 hanc
605 3433 742 3458 lectionem
757 3441 816 3457 cum
830 3433 1005 3465 praecedenti;
1021 3437 1174 3464 sequentem
1187 3437 1273 3456 autem
1292 3437 1367 3456 vocat

301 3470 496 3495 distinctionem
516 3469 653 3494 decimam.
673 3468 782 3493 Codices
802 3468 878 3492 etiam
898 3468 964 3492 CKL
984 3468 1093 3492 litteram
1117 3467 1294 3497 maiusculam,
1315 3475 1367 3499 qua

300 3505 388 3537 incipit
404 3505 467 3529 haec
487 3505 561 3529 lectio
580 3504 687 3532 decima,
707 3511 759 3528 non
774 3503 889 3527 scribunt
907 3503 994 3534 minio,
1015 3507 1043 3526 ut
1061 3503 1176 3527 assolent
1194 3502 1278 3526 facere
1301 3510 1365 3534 quo-

300 3540 349 3565 ties
368 3548 435 3564 nova
453 3540 541 3572 incipit
559 3539 641 3564 lectio.
663 3539 737 3563 Unde
757 3538 858 3563 videtur
880 3546 928 3562 nec
946 3538 972 3562 in
991 3538 1046 3562 istis
1065 3537 1195 3562 codicibus
1214 3537 1277 3562 haec
1292 3537 1367 3561 lectio

301 3583 316 3600 a
335 3575 496 3608 praecedenti
516 3574 645 3606 distingui.
659 3587 678 3593 ·-
697 3574 748 3598 Sed
767 3574 888 3598 standum
907 3578 947 3597 est
966 3573 1083 3597 divisioni
1103 3572 1209 3603 Pianae,
1229 3579 1297 3604 quae
1316 3580 1364 3604 pro

301 3618 331 3635 se
348 3610 426 3635 habet
444 3610 540 3635 nedum
554 3610 666 3634 Venetas
684 3617 777 3634 omnes
790 3609 923 3640 editiones,
939 3608 985 3633 sed
1004 3608 1081 3632 etiam
1100 3608 1164 3632 alios
1182 3607 1257 3632 codd.
1277 3607 1310 3632 Et
1324 3615 1363 3632 re-

1423 765 1440 784 *
1455 766 1514 796 Per
1537 776 1570 796 se
1602 774 1709 797 autem
1737 774 1812 797 sunt
1842 778 2051 809 quaecunque
2081 776 2154 799 sunt
2176 770 2209 799 in
2233 780 2272 800 eo
2296 771 2385 811 quod
2412 771 2491 811 quid

1486 817 1550 849 est,
1575 818 1610 841 ut
1633 812 1790 850 triangulo
1822 812 1902 842 inest
1924 812 2007 842 linea
2030 820 2060 843 et
2083 813 2183 843 lineae
2213 821 2369 853 punctum
2395 813 2489 857 (sub-

1490 855 1603 885 stantia
1622 855 1707 884 enim
1725 855 1870 895 ipsorum
1890 866 1927 885 ex
1945 856 1993 886 his
2022 864 2083 895 est,
2103 864 2133 887 et
2152 868 2233 898 quae
2251 858 2360 889 insunt
2387 859 2420 889 in
2443 870 2490 889 ra-

1490 898 1577 928 tione
1601 899 1722 929 dicente
1746 899 1824 939 quid
1847 898 1925 941 est),

1423 948 1453 972 et
1476 943 1721 982 quibuscunque
1741 953 1852 972 eorum
1871 953 1952 983 quae
1976 943 2084 974 insunt
2107 945 2198 984 ipsis,
2223 945 2290 985 ipsa
2314 945 2346 975 in
2370 946 2490 977 ratione

1490 987 1599 1016 insunt
1622 987 1700 1026 quid
1723 993 1769 1016 est
1792 987 2046 1025 demonstrante,
2072 995 2107 1018 ut
2137 996 2258 1019 rectum
2287 990 2367 1020 inest
2390 991 2490 1021 lineae

1490 1037 1521 1060 et
1535 1030 1694 1068 circulare,
1707 1037 1738 1060 et
1755 1031 1858 1070 impar
1875 1038 1905 1061 et
1920 1042 1975 1071 par
1993 1042 2138 1070 numero,
2156 1040 2187 1062 et
2205 1033 2345 1072 primum
2358 1041 2388 1064 et
2403 1045 2490 1064 com-

1490 1075 1643 1114 positum,
1661 1082 1691 1105 et
1713 1075 1908 1114 isopleuros,
1932 1076 2020 1115 quod
2044 1083 2089 1106 est
2113 1077 2350 1116 aequilaterum,
2371 1085 2402 1108 et
2425 1089 2490 1108 sca-

1490 1119 1598 1156 lenon,
1618 1119 1698 1148 idest
1721 1119 1816 1148 altera
1838 1126 1924 1159 parte
1947 1120 2092 1159 longius;
2112 1130 2192 1160 quae
2216 1121 2249 1150 in
2273 1122 2421 1152 omnibus
2442 1122 2491 1152 his

1491 1162 1599 1192 insunt
1622 1163 1655 1192 in
1678 1163 1798 1193 ratione
1822 1164 1899 1203 quid
1923 1170 1968 1193 est
1992 1165 2123 1202 dicente,
2147 1164 2221 1195 huic
2245 1165 2374 1205 quidem
2397 1166 2490 1204 linea,

1491 1207 1565 1237 huic
1584 1217 1658 1237 vero
1678 1217 1840 1237 numerus.
1858 1208 2006 1238 Similiter
2022 1215 2052 1238 et
2067 1209 2099 1238 in
2118 1209 2185 1238 aliis
2204 1209 2400 1247 huiusmodi,
2421 1210 2492 1240 uni-

1491 1251 1606 1292 cuique
1630 1261 1685 1291 per
1708 1262 1739 1282 se
1764 1262 1830 1282 esse
1854 1252 1941 1290 dico;
1973 1263 2181 1293 quaecunque
2208 1263 2283 1283 vero
2314 1254 2493 1284 neutraliter

1491 1296 1609 1334 insunt,
1634 1296 1805 1326 accidentia
1826 1303 1910 1334 sunt,
1934 1303 1970 1327 ut
1989 1297 2148 1327 musicum
2172 1304 2226 1327 aut
2241 1298 2348 1327 album
2364 1298 2490 1328 animal.

1424 1341 1573 1380 Amplius
1597 1341 1686 1381 quod
1716 1351 1782 1370 non
1814 1342 1852 1371 de
1876 1341 2017 1371 subiecto
2043 1342 2156 1372 dicitur
2184 1341 2246 1372 alio
2271 1343 2431 1382 quodam,
2457 1349 2492 1372 ut

1492 1385 1674 1415 ambulans:
1695 1395 1770 1415 cum
1793 1385 1926 1415 alterum
1950 1386 2114 1426 quoddam
2138 1386 2176 1416 sit
2199 1386 2375 1424 ambulans,
2396 1393 2426 1416 et
2448 1387 2492 1416 al-

1490 1430 1580 1460 bum.
1611 1429 1791 1460 Substantia
1817 1437 1923 1460 autem
1940 1437 1970 1460 et
1991 1440 2199 1471 quaecunque
2216 1430 2278 1460 hoc
2310 1431 2428 1471 aliquid
2452 1431 2491 1460 si-

1491 1473 1654 1513 gnificant,
1683 1484 1749 1504 non
1773 1474 1907 1504 alterum
1935 1474 2054 1514 aliquid
2083 1481 2156 1505 sunt
2185 1475 2274 1515 quod
2306 1485 2378 1505 vere
2408 1481 2490 1505 sunt.

1491 1520 1582 1555 Quae
1598 1519 1730 1559 quidem
1757 1518 1852 1557 igitur
1868 1529 1934 1548 non
1951 1519 1989 1548 de
2013 1519 2154 1550 subiecto
2178 1526 2262 1558 sunt,
2278 1529 2333 1559 per
2350 1529 2382 1549 se
2401 1519 2490 1558 dico;

1491 1573 1572 1603 quae
1596 1573 1671 1593 vero
1696 1563 1734 1593 de
1758 1563 1910 1601 subiecto,
1928 1563 2107 1594 accidentia.

1425 1608 1515 1644 Item,
1532 1607 1594 1637 alio
1617 1608 1717 1638 modo
1741 1608 1831 1648 quod
1854 1608 1984 1648 quidem
1999 1615 2128 1648 propter
2143 1608 2251 1648 ipsum
2266 1608 2347 1638 inest
2370 1608 2491 1639 unicui-

1491 1662 1571 1692 que,
1596 1662 1652 1692 per
1675 1660 1722 1691 se;
1742 1653 1831 1693 quod
1853 1662 1928 1682 vero
1953 1662 2018 1682 non
2042 1659 2170 1692 propter
2197 1653 2323 1693 ipsum,
2350 1653 2492 1683 accidens

1492 1703 1547 1726 est.
1565 1697 1608 1727 Ut
1623 1696 1649 1726 si
1666 1697 1846 1727 ambulante
1866 1697 2050 1734 coruscavit,
2067 1697 2210 1727 accidens
2234 1704 2293 1727 est:
2318 1707 2384 1727 non
2407 1697 2492 1727 enim

1491 1748 1621 1781 propter
1643 1741 1676 1770 id
1691 1742 1780 1782 quod
1805 1742 1945 1772 ambulat
1961 1742 2152 1779 coruscavit;
2172 1742 2227 1772 sed
2245 1742 2334 1782 quod
2350 1742 2492 1772 accidens

1492 1792 1548 1823 est,
1565 1785 1698 1816 dicimus
1722 1786 1793 1816 hoc.
1812 1786 1844 1816 Si
1867 1796 1942 1816 vero
1966 1793 2095 1826 propter
2113 1786 2230 1826 ipsum,
2248 1796 2303 1825 per
2326 1796 2358 1816 se
2382 1793 2438 1823 est,
2457 1792 2492 1816 ut

1492 1830 1516 1859 si
1541 1830 1671 1870 aliquod
1695 1830 1894 1860 interfectum
1917 1831 2065 1861 interierit
2096 1831 2273 1860 'secundum
2302 1830 2491 1860 interfectio-

1491 1884 1576 1912 nem,
1593 1875 1747 1915 quoniam
1763 1882 1892 1914 propter
1907 1875 1939 1905 id
1963 1875 2051 1915 quod
2067 1875 2266 1905 interfectum
2282 1882 2338 1914 est,
2355 1875 2409 1904 sed
2426 1885 2491 1906 non

1491 1919 1580 1959 quod
1604 1919 1722 1950 accidat
1748 1919 1948 1950 interfectum
1971 1920 2105 1950 interire.
2143 1948 2153 1955 ,

1424 1964 1441 1982 *
1458 1964 1548 2001 Quae
1571 1974 1645 2003 ergo
1670 1964 1818 1994 dicuntur
1846 1964 1879 1994 in
1906 1964 2089 2004 simpliciter
2105 1965 2282 2003 scibilibus,
2309 1976 2365 2005 per
2391 1977 2423 1996 se
2447 1967 2491 1997 sic

1491 2015 1575 2046 sunt,
1591 2008 1672 2038 sicut
1686 2008 1787 2039 inesse
1803 2009 2064 2048 praedicantibus,
2082 2016 2136 2040 aut
2154 2009 2255 2040 inesse
2270 2018 2398 2050 propter
2412 2011 2491 2050 ipsa,

1491 2063 1572 2093 quae
1596 2059 1671 2082 sunt
1702 2063 1738 2083 ex
1762 2053 1953 2084 necessitate.
1979 2054 2054 2084 Non
2087 2054 2172 2084 enim
2205 2055 2393 2094 contingunt
2425 2066 2491 2086 non

1491 2098 1603 2134 inesse,
1621 2104 1676 2127 aut
1691 2097 1872 2137 simpliciter
1888 2105 1942 2128 aut
1958 2098 2115 2138 opposita,
2133 2106 2168 2129 ut
2184 2099 2283 2129 lineae
2300 2107 2354 2130 aut
2370 2107 2491 2130 rectum

1492 2149 1546 2172 aut
1563 2142 1742 2182 obliquum,
1760 2149 1791 2172 et
1806 2153 1939 2172 numero
1961 2153 2017 2183 par
2037 2150 2091 2173 aut
2106 2143 2217 2183 impar.
2240 2144 2296 2174 Est
2315 2144 2400 2174 enim
2416 2155 2490 2174 con-

1491 2187 1632 2224 trarium,
1650 2193 1704 2216 aut
1719 2187 1852 2226 privatio
1879 2193 1933 2217 aut
1955 2188 2159 2218 contradictio
2183 2188 2216 2218 in
2233 2188 2346 2218 eodem
2362 2197 2489 2228 genere;

1490 2238 1526 2261 ut
1542 2242 1598 2271 par
1620 2231 1670 2261 vel
1686 2231 1788 2270 impar
1811 2231 1844 2261 in
1861 2231 2010 2269 numeris,
2029 2232 2205 2262 secundum
2228 2233 2317 2272 quod
2336 2233 2488 2273 sequitur.

1491 2276 1596 2312 Quare
1620 2276 1645 2305 si
1669 2285 1794 2305 necesse
1818 2282 1864 2306 est
1887 2275 2040 2306 affirmare
2064 2283 2118 2306 aut
2141 2286 2271 2316 negare,
2295 2287 2420 2307 necesse
2444 2284 2491 2308 est

1490 2327 1521 2350 et
1543 2330 1625 2363 quae
1649 2326 1723 2350 sunt
1741 2330 1796 2359 per
1819 2329 1852 2349 se
1867 2320 1978 2350 inesse.

1422 2366 1470 2395 De
1493 2364 1582 2394 omni
1613 2364 1743 2404 quidem
1774 2364 1869 2403 igitur
1896 2370 1927 2394 et
1949 2374 2005 2404 per
2028 2375 2061 2395 se
2095 2365 2338 2395 determinatum
2367 2365 2406 2396 sit
2428 2365 2490 2396 hoc

1488 2409 1598 2439 modo.

1423 2505 1535 2532 cundus
1551 2505 1656 2532 modus
1678 2504 1792 2532 dicendi
1810 2513 1867 2541 per
1888 2513 1918 2531 se
1933 2509 1975 2531 est
1996 2504 2114 2540 quando
2129 2503 2279 2540 proprium
2300 2503 2432 2531 accidens
2453 2505 2489 2532 de

1423 2544 1541 2580 proprio
1563 2544 1692 2572 subiecto
1713 2544 1970 2580 praedicatur.-5.
1993 2544 2075 2577 Quae
2095 2553 2164 2571 vero
2186 2552 2281 2579 neque
2302 2550 2368 2571 sunt
2389 2544 2424 2571 de
2439 2544 2488 2571 de-

1423 2584 1554 2613 finitione
1576 2584 1696 2612 subiecti
1717 2585 1763 2619 (n.
1781 2584 1830 2619 3),
1853 2592 1947 2619 neque
1969 2583 2129 2611 subiectum
2151 2583 2181 2610 in
2202 2583 2368 2610 definitione
2386 2592 2488 2610 eorum

1422 2624 1540 2660 ponitur
1550 2625 1589 2659 (m
1605 2625 1758 2660 praeced),
1773 2633 1825 2660 per
1845 2623 1978 2651 accidens
1998 2623 2210 2659 praedicantur.
2222 2640 2241 2643 —
2251 2624 2278 2650 6.
2293 2622 2407 2650 Tertius
2424 2632 2488 2650 mo-

1423 2664 1477 2691 dus
1491 2664 1605 2691 dicendi
1622 2673 1681 2701 per
1701 2673 1741 2697 se,
1763 2672 1825 2691 non
1846 2669 1888 2690 est
1903 2663 2008 2690 modus
2027 2662 2221 2698 praedicandi,
2237 2663 2287 2690 sed
2302 2663 2403 2690 modus
2424 2663 2488 2690 exi-

1423 2704 1525 2737 stendi,
1541 2710 1568 2731 et
1582 2710 1625 2731 est
1646 2704 1764 2739 quando
1785 2712 1877 2730 unum
1897 2702 1936 2730 ita
1950 2709 1992 2730 est
2006 2702 2036 2729 in
2050 2711 2090 2737 se,
2104 2708 2136 2729 ut
2150 2711 2210 2729 non
2225 2701 2316 2738 possit
2330 2702 2487 2738 praedicari

1422 2744 1458 2771 de
1472 2743 1570 2780 aliquo
1591 2750 1624 2771 ut
1645 2744 1680 2770 de
1701 2742 1830 2770 subiecto
1852 2742 1882 2769 in
1897 2752 1956 2779 quo
1971 2742 2014 2770 sit.
2026 2759 2045 2763 -
2057 2751 2083 2778 7.
2100 2743 2225 2775 Quartus
2247 2743 2351 2769 modus
2373 2741 2486 2769 dicendi

1418 2793 1476 2821 per
1497 2792 1527 2811 se
1543 2790 1586 2811 est
1606 2783 1725 2819 quando
1747 2782 1907 2810 subiectum
1922 2782 1966 2809 vel
1980 2781 2088 2817 aliquid
2109 2781 2169 2808 eius
2191 2790 2221 2808 se
2242 2782 2328 2808 habet
2348 2787 2380 2808 ut
2400 2790 2487 2809 causa

1423 2820 1551 2851 efficiens
1566 2822 1730 2858 praedicati,
1747 2823 1827 2858 quod
1842 2821 1970 2849 subiecto
1986 2821 2040 2857 ipsi
2054 2820 2195 2848 tribuitur.
2207 2838 2226 2841 —
2238 2821 2264 2847 8.
2281 2820 2356 2854 Quia
2370 2820 2485 2856 proprie

1422 2862 1530 2890 scibilia
1551 2862 1685 2890 dicuntur
1701 2861 1901 2890 conclusiones
1916 2859 2184 2894 demonstrationis,
2207 2860 2236 2887 in
2258 2859 2362 2896 quibus
2376 2859 2486 2895 passio-

1423 2911 1474 2930 nes
1495 2902 1697 2938 praedicantur
1718 2902 1753 2929 de
1775 2900 1898 2937 propriis
1915 2900 2062 2934 subiectis,
2084 2899 2284 2927 conclusiones
2305 2899 2485 2941 demonstra-

1422 2942 1536 2969 tionum
1552 2942 1702 2969 includunt
1716 2940 1858 2977 duplicem
1874 2941 1996 2968 modurn
2015 2939 2128 2967 dicendi
2138 2948 2196 2976 per
2209 2948 2249 2973 se,
2265 2938 2370 2966 scilicet
2384 2941 2485 2966 secu‘n-

1423 2983 1494 3009 dum
1515 2988 1543 3009 et
1563 2987 1708 3017 quartum.

1422 3073 1512 3122 quid
1526 3074 1547 3094 *
1564 3085 1633 3122 per
1652 3085 1710 3118 se;
1732 3072 1911 3118 secundo,
1929 3071 2090 3111 ostendit
2108 3070 2265 3118 qualiter
2284 3069 2340 3106 his
2360 3069 2486 3106 modis

1422 3127 1700 3163 demonstrator
1714 3133 1855 3171 utatur;
1872 3125 1939 3161 ibi:
1961 3125 2065 3166 Quae
2079 3135 2171 3173 ergo
2187 3124 2360 3159 dicuntur
2376 3123 2395 3143 *
2414 3130 2483 3159 etc.

1476 3190 1511 3215 2.
1529 3179 1639 3215 Circa
1651 3178 1819 3227 primum
1835 3177 2031 3214 sciendum
2044 3184 2099 3213 est
2113 3177 2133 3197 ’¹‘
2152 3176 2254 3224 quod
2269 3177 2363 3212 haec
2378 3187 2485 3223 prae-

1420 3231 1558 3279 positio
1577 3243 1651 3278 per
1676 3231 1844 3278 designat
1863 3230 2123 3267 habitudinem
2144 3241 2296 3274 causae3
2318 3228 2486 3276 designat

1422 3370 1484 3386 vera
1498 3367 1651 3386 consuetum
1666 3366 1706 3386 est
1720 3370 1742 3386 s.
1752 3361 1870 3386 Thomae
1885 3361 2006 3385 lectiones
2021 3361 2129 3385 exordiri
2144 3360 2215 3385 hisce
2224 3360 2324 3385 verbis:
2340 3364 2482 3392 postquam

1418 3397 1606 3428 philosophum
1624 3397 1658 3421 ita
1681 3401 1710 3420 ut
1735 3397 1835 3428 quoties
1860 3396 1923 3420 haec
1947 3396 2025 3420 verba
2052 3401 2203 3424 occurrunt,
2228 3396 2260 3420 de
2284 3403 2350 3420 nova
2374 3396 2483 3420 lectione

1422 3433 1512 3464 procul
1532 3432 1609 3456 dubio
1629 3437 1729 3463 agatur:
1749 3436 1805 3456 esto
1825 3431 1962 3464 aliquando
1975 3436 2091 3455 occurrat
2109 3438 2156 3463 per
2174 3431 2222 3455 alia
2240 3431 2318 3455 verba
2331 3432 2483 3455 nonnullam

1422 3467 1534 3499 incipere
1553 3466 1698 3491 lectionem.

1475 3501 1499 3535 β)
1521 3502 1690 3526 Determr'nat
1709 3502 1741 3526 de
1754 3509 1807 3533 per
1823 3508 1860 3526 se.
1879 3501 1915 3525 lta
1929 3501 1949 3525 P
1968 3505 1994 3525 et
2012 3501 2207 3525 codd.—BGH:
2227 3501 2388 3526 determinat
2406 3501 2439 3525 de
2452 3501 2484 3534 (B

1420 3537 1515 3561 omittit
1534 3535 1575 3570 de)
1595 3537 1648 3561 dici
1656 3544 1708 3568 per
1721 3543 1764 3565 se;
1778 3537 1823 3569 Dl:
1839 3536 1998 3561 determinat
2008 3543 2060 3567 per
2073 3543 2108 3560 se.
2123 3536 2210 3560 Lectio
2225 3536 2300 3560 codd.
2314 3536 2385 3560 BGH
2399 3541 2486 3568 potest

1420 3572 1539 3596 sustineri
1559 3579 1589 3596 ex
1607 3572 1647 3596 his
1667 3580 1734 3604 quae
1753 3571 1811 3596 dicit
1830 3580 1851 3596 s.
1861 3571 1977 3595 Thomas
1997 3571 2053 3595 lect.
2068 3571 2185 3604 praeced.
2200 3579 2225 3596 n.
2239 3578 2264 3602 4.
2475 3578 2482 3590 -’

1472 3607 1513 3631 Ad
1531 3607 1684 3631 evidentiam
1703 3607 1842 3631 modorum
1862 3606 1960 3631 dicendi
1974 3613 2027 3638 per
2044 3613 2080 3636 se,
2100 3606 2132 3630 de
2150 3606 2245 3638 quibus
2265 3614 2324 3631 cum
2343 3606 2483 3631 Aristotele

2518 774 2527 784 ⁸
2543 773 2596 801 Seq.
2612 780 2663 802 cap.
2674 781 2707 796 iv.

2517 800 2585 821 Text.
2598 807 2621 828 9.

2519 1974 2527 1982 ·
2536 1973 2603 1994 Text.
2618 1979 2651 1994 10.

2514 3087 2522 3095 ·
2532 3087 2572 3108 Ah·
2587 3104 2593 3109 .
2608 3094 2656 3109 orn.
2666 3094 2726 3109 Aaou

2512 3119 2542 3135 ιιῑ
2549 3120 2561 3134 a
2580 3114 2602 3135 d.
2612 3120 2683 3141 marg.
2691 3121 2724 3135 cs.

2512 3144 2524 3154 '⁶
2538 3144 2608 3165 Num.
2624 3144 2647 3166 8.

2513 3192 2522 3200 '¹
2532 3191 2576 3213 Est
2589 3199 2617 3213 ex
2631 3193 2700 3214 codd.
