2548 4192
175 277 247 302 XXX

180 340 408 393 sitatibus
449 334 687 388 divinitus
727 327 918 382 traditis
958 324 1083 376 mira
1122 317 1422 383 consensio,
1462 311 1724 380 integritas
1749 319 1882 359 vltae
1925 325 2041 356 cum
2082 303 2366 372 splendore

179 412 419 463 virtutum
459 405 802 458 maximarum.
1269 460 1277 468 -
1375 458 1383 466 ι
1705 451 1713 459 ·
2328 446 2336 454 .

286 479 537 532 Doctrina
566 473 774 542 quidem
802 480 877 520 est
906 476 1055 531 tanta,
1087 474 1141 514 ut
1169 470 1470 528 sapientiam
1497 476 1526 507 a
1556 451 1819 505 veteribus
1851 448 2185 514 defluentem,
2213 467 2367 498 maris

181 553 335 604 instar
390 566 594 600 omnem
636 537 1052 609 comprehendat.
1095 529 1371 602 Quidquid
1422 538 1498 578 est
1545 544 1666 603 vere
1716 521 1910 599 dictum
1957 530 2045 570 aut
2083 518 2369 598 prudenter

182 593 491 690 disputatum
530 637 558 668 a
591 609 912 683 philosophis
944 605 1280 669 ethnicorum,
1303 600 1368 652 ab
1399 597 1667 650 Ecclefflae
1689 591 1930 671 Patrlbus
1953 601 2003 669 et
2023 590 2368 669 Doctor1bus,

181 714 211 744 a
249 690 456 743 summis
486 686 603 738 viris
635 683 719 750 qui
750 692 864 732 ante
896 679 1063 746 ipsum
1094 675 1392 734 floruerunt,
1424 689 1527 720 non
1560 664 1721 743 modo
1754 663 1835 714 llle
1870 673 2077 731 penitus
2113 662 2369 731 dignovst,

181 763 273 814 sed
312 760 447 812 auxit
492 754 717 825 perfecit,
749 749 962 819 digessit
991 759 1092 799 tam
1123 744 1379 796 luculenta
1408 738 1775 814 perspicultate
1810 733 2110 802 formarum,
2142 745 2369 814 tam-ac.-

182 843 351 885 curata
390 802 672 880 disserendi
713 823 922 888 ratione,
955 830 1003 870 et
1032 827 1168 868 tanta
1197 812 1511 882 proprietate
1538 827 1810 886 sermoni-S,
1841 817 1896 858 ut
1934 805 2226 885 facultatem
2259 826 2367 858 1m1-

180 902 316 955 tandi
355 898 573 968 posteris
614 894 892 962 reliquisse,
932 886 1208 958 superandi
1249 893 1557 953 potestatem
1597 878 2147 957 ademlssevvldeatur.
2181 878 2367 946 Atque

180 972 300 1025 illud
335 982 410 1022 est
438 986 793 1038 permagnum,
825 961 967 1030 quod
999 960 1106 1011 eius
1138 956 1385 1022 doctrina,
1422 973 1537 1005 cum
1570 951 1815 1002 instructa
1843 961 1905 1001 Slt
1934 960 2090 1017 atque
2119 960 2370 1029 apparata

179 1041 438 1112 principiis
477 1038 714 1091 latissime
755 1032 1075 1104 patentibuS,
1117 1049 1219 1081 non
1259 1027 1325 1079 ad
1365 1025 1514 1077 unius
1555 1023 1845 1090 dumtaxat,
1886 1021 1981 1073 sed
2025 1021 2092 1073 ad
2134 1041 2367 1100 omnium

180 1126 469 1181 temporum
500 1108 825 1161 necessitates
855 1115 930 1156 est
967 1114 1106 1171 apta,
1139 1111 1188 1151 et
1225 1099 1291 1150 ad
1322 1094 1708 1166 pervincendos
1738 1114 1941 1146 errores
1970 1104 2225 1162 perpetua
2254 1113 2368 1145 vlce

180 1194 503 1236 renascentes
543 1179 759 1232 maxime
799 1173 1147 1228 accomodata.
1192 1169 1394 1221 Eadem
1435 1187 1585 1235 verO,
1622 1187 1715 1218 sua
1749 1186 1804 1218 se
1845 1165 1894 1217 vi
1927 1177 1976 1217 et
2006 1165 2204 1218 ratione
2245 1185 2368 1217 con-

182 1256 403 1321 firmans,
435 1252 619 1304 invicta
649 1247 889 1314 consistit,
920 1257 1072 1313 atque
1112 1240 1436 1295 adversarios
1476 1250 1632 1290 terret
1670 1238 2022 1290 vehementer.

285 1326 471 1392 Neque
503 1320 711 1374 minoris
740 1316 1070 1383 aestimanda,
1102 1313 1492 1366 christianorum
1523 1310 1828 1380 praesertim
1855 1309 2126 1361 hominum
2157 1307 2368 1377 iudicio,

105 1422 108 1424 ·
181 1395 385 1448 rationis
417 1406 466 1446 et
503 1393 622 1445 fidei
661 1390 886 1460 perfecta
925 1385 1293 1439 convenientia.
1311 1382 1601 1434 Evidenter
1631 1381 1768 1434 enim
1800 1393 2008 1433 sanctus
2038 1381 2248 1445 Doctor
2278 1379 2368 1432 de-

181 1476 449 1533 monstrat,
490 1484 620 1532 quae
661 1483 722 1514 ex
761 1481 928 1512 rerum
976 1478 1167 1527 genere
1208 1455 1511 1507 naturalium
1560 1474 1685 1506 vera
1732 1465 1874 1521 sunt,
1906 1453 1972 1505 ab
2014 1452 2072 1505 iis
2113 1452 2369 1505 dissidere

181 1559 283 1589 non
323 1557 499 1605 posse,
540 1555 694 1602 quae,
734 1533 854 1583 Deo
894 1541 1127 1596 auctore,
1168 1527 1472 1593 creduntur,
1513 1525 1861 1594 quamobrem
1907 1525 2055 1593 sequi
2097 1536 2148 1576 et
2196 1524 2370 1576 colere

181 1609 337 1660 fidem
377 1606 710 1671 christianam,
743 1623 845 1654 non
886 1622 997 1653 esse
1036 1600 1279 1652 humilem
1321 1610 1370 1650 et
1408 1597 1618 1650 minime
1658 1617 1972 1667 generosam
2013 1596 2223 1648 rationis
2262 1616 2368 1648 ser-

180 1679 412 1746 vitutem,
443 1677 535 1729 sed
575 1675 746 1727 nobile
787 1673 1121 1741 obsequium,
1153 1691 1258 1739 quo
1290 1690 1437 1722 mens
1477 1670 1590 1739 ipsa
1629 1669 1832 1721 iuvatur
1871 1680 1922 1721 et
1959 1668 2026 1721 ad
2066 1667 2371 1720 sublimiora

180 1750 426 1816 eruditur,
467 1747 689 1814 denique
739 1744 1119 1813 intelligentiam
1168 1754 1217 1794 et
1262 1742 1422 1794 fidem
1471 1762 1501 1794 a
1539 1742 1663 1793 Deo
1712 1741 1895 1793 ambas
1944 1739 2222 1810 proficisci,
2263 1760 2370 1793 non

177 1820 482 1872 simultatum
517 1839 692 1870 secum
724 1816 1124 1868 exercendarum
1156 1834 1352 1882 caussa,
1384 1813 1479 1866 sed
1510 1824 1565 1865 ut
1594 1834 1710 1865 sese
1741 1812 1993 1865 amicitiae
2024 1812 2233 1864 vinculo
2266 1811 2370 1864 col-

176 1892 357 1959 ligatae
388 1890 572 1942 mutuis
603 1889 782 1940 officiis
812 1898 1056 1940 tueantur.
1074 1921 1142 1924 —
1160 1886 1326 1939 Cuius
1351 1885 1745 1937 convenientiae
1771 1884 2124 1952 mirabilisque
2152 1904 2369 1936 concor-

180 1963 292 2014 diae
324 1962 515 2013 cunctis
550 1961 684 2012 beati
714 1960 952 2011 Thomae
988 1958 1186 2027 scriptis
1218 1978 1465 2026 expressa
1495 1957 1669 2026 imago
1706 1956 2029 2026 perspicitur.
2056 1956 2112 2008 In
2144 1955 2203 2008 iis
2233 1955 2371 2008 enim

180 2033 376 2085 excellit
412 2044 564 2100 atque
605 2032 793 2083 eminet
826 2030 984 2082 modo
1025 2029 1371 2098 intelligentia,
1404 2049 1539 2097 quae
1579 2028 1726 2097 quod
1766 2028 1890 2096 vult,
1932 2027 2037 2080 fide
2068 2039 2370 2097 praeeunte,

181 2104 509 2171 consequitur
548 2103 595 2154 in
631 2102 1062 2171 pervestigatione
1103 2113 1334 2169 naturae,
1365 2100 1528 2153 modo
1561 2100 1717 2169 fides,
1754 2120 1888 2168 quae
1921 2099 2131 2152 rationis
2172 2120 2275 2169 ope
2316 2099 2371 2152 il-

178 2175 413 2226 lustratur
450 2195 508 2226 ac
549 2173 862 2242 defenditur,
902 2173 973 2225 sic
1012 2184 1205 2241 tamen,
1246 2184 1301 2225 ut
1345 2193 1492 2225 suam
1542 2192 1784 2240 quaeque
1826 2172 2069 2224 inviolate
2110 2182 2284 2224 teneat
2322 2181 2374 2224 et

180 2246 281 2297 vim
322 2257 370 2297 et
409 2245 731 2314 dignitatem,
768 2256 944 2313 atque,
976 2245 1063 2296 ubi
1104 2265 1184 2297 res
1224 2245 1471 2314 postulat,
1502 2244 1689 2296 ambae
1730 2244 1876 2312 quasi
1907 2243 2122 2295 foedere
2162 2243 2264 2295 icto
2304 2242 2373 2295 ad

179 2317 439 2384 utriusque
480 2317 709 2368 inimicos
749 2316 1090 2368 debellandos
1139 2317 1536 2386 coniunguntur.
1577 2316 1666 2368 Ac
1707 2315 1747 2367 si
1797 2335 2121 2384 magnopere
2161 2334 2375 2384 semper

180 2388 419 2455 interfuit,
459 2387 655 2439 firmam
695 2388 900 2439 rationis
941 2399 989 2440 et
1028 2388 1149 2440 fidei
1189 2409 1399 2440 manere
1441 2387 1803 2455 concordiam,
1844 2387 2007 2439 multo
2047 2387 2213 2456 magis
2253 2396 2375 2456 post

182 2458 440 2510 saeculum
470 2459 600 2509 XVI
632 2459 875 2511 interesse
907 2459 1300 2512 existimandum
1332 2471 1433 2527 est,
1465 2459 1712 2528 quoniam
1748 2479 1843 2528 per
1873 2459 1925 2511 id
1956 2470 2163 2527 tempus
2197 2457 2374 2527 spargi

183 2529 377 2580 semina
415 2541 696 2598 coeperunt
725 2530 959 2582 finemet
987 2531 1202 2583 modum
1233 2532 1541 2584 transeuntis
1571 2531 1836 2599 libertatis,
1868 2551 2002 2599 quae
2032 2530 2150 2582 facit
2188 2541 2243 2582 ut
2281 2530 2374 2582 hu-

184 2620 333 2651 mana
371 2600 495 2652 ratio
535 2600 758 2652 divinam
798 2602 1147 2655 auctoritatem
1178 2615 1354 2672 aperte
1386 2603 1641 2673 repudiet,
1672 2603 1934 2671 armisque
1974 2623 2004 2654 a
2040 2601 2375 2671 philosophia

185 2671 423 2738 quaesitis
463 2671 724 2740 religiosas
763 2673 999 2725 veritates
1037 2675 1285 2743 pervellat
1323 2686 1478 2743 atque
1519 2686 1805 2744 oppugnet.

288 2742 611 2794 Postremum
650 2743 940 2812 Angelicus
979 2745 1183 2798 Doctor
1222 2767 1325 2798 non
1367 2758 1444 2799 est
1482 2747 1649 2815 magis
1689 2745 1941 2813 doctrina,
1982 2765 2139 2813 quam
2186 2745 2373 2798 virtute

184 2824 233 2864 et
270 2813 530 2865 sanctitate
570 2834 799 2882 magnus.
829 2815 925 2867 Est
962 2828 1131 2869 autem
1170 2818 1328 2870 virtus
1367 2818 1434 2871 ad
1475 2818 1840 2887 periclitandas
1871 2817 2062 2886 ingenii
2095 2817 2231 2869 vires
2266 2816 2374 2869 adi-

182 2883 585 2952 piscendamque
617 2885 901 2938 doctrinam
932 2889 1253 2957 praeparatio
1285 2890 1506 2959 optima,
1537 2911 1693 2959 quam
1726 2889 1812 2958 qui
1842 2889 2131 2958 negligunt,
2156 2888 2378 2941 solidam

182 2954 595 3023 fructuosamque
626 2957 925 3025 sapientiam
954 2958 1079 3011 falso
1110 2981 1165 3012 se
1197 2973 1570 3014 consecuturos
1601 2972 1807 3031 putant,
1838 2972 2122 3030 propterea
2147 2960 2293 3029 quod
2322 2961 2379 3013 in

187 3026 486 3106 malevqlam
515 3028 743 3079 animam
772 3049 871 3080 non
903 3031 1132 3082 intrm'bz‘t
1156 3034 1437 3101 sapientia,
1460 3054 1550 3086 nec
1578 3033 1840 3086 habitabit
1866 3033 1920 3084 in
1946 3041 2150 3100 corpore
2167 3032 2375 3085 subdito

174 3104 397 3175 peccatqs
429 3097 579 3177 (Sap.
611 3098 646 3165 I,
683 3103 766 3168 4.).
803 3100 902 3152 Ista
940 3122 1064 3153 vero
1105 3105 1422 3172 comparatio
1457 3105 1635 3173 animi,
1673 3125 1807 3173 quae
1851 3104 1919 3156 ab
1960 3104 2135 3156 indole
2175 3103 2374 3156 virtutis

186 3167 536 3247 proficismtur,
554 3189 602 3220 in
623 3170 833 3222 Thoma
853 3171 1118 3239 Aquinate
1142 3175 1299 3227 extitit
1324 3197 1426 3228 non
1450 3177 1613 3229 modo
1632 3176 1891 3229 excellens
1912 3187 2067 3244 atque
2086 3186 2372 3245 praestans,

185 3237 278 3288 sed
301 3238 449 3316 plane
480 3239 650 3307 digna,
673 3262 803 3321 quae
832 3244 1129 3311 aspectabili
1152 3245 1301 3314 signo
1324 3247 1566 3300 divinitus
1589 3248 1995 3317 consignaretur.
2017 3247 2226 3300 Etenim
2254 3267 2373 3299 cum

186 3327 454 3387 mammam
476 3310 750 3389 voluptatis
779 3313 1071 3367 lllecebram
1102 3316 1266 3369 victor
1296 3319 1565 3388 evasisset,
1597 3320 1698 3372 hoc
1730 3319 1886 3372 veluti
1915 3319 2204 3389 praemium
2235 3318 2374 3371 forti-

187 3379 372 3431 tud1n1s
411 3381 519 3432 tul1t
553 3402 583 3433 a
615 3382 741 3462 ‘De-o
772 3385 1135 3452 pudicissimus
1178 3388 1507 3460 adolescens,
1553 3403 1607 3444 ut
1649 3391 1858 3444 lumbos
1899 3391 1996 3443 sibi
2037 3411 2282 3444 arcanum
2323 3389 2373 3441 in

189 3450 400 3528 modum
440 3464 740 3531 constringl,
775 3467 928 3523 atque
969 3478 1081 3513 una,
1106 3459 1330 3512 libidinis
1360 3461 1496 3514 faces
1528 3463 1755 3532 extingui
1787 3463 2010 3515 sentiret.
2052 3462 2182 3532 Quo
2221 3461 2374 3529 facto,

191 3521 404 3600 perinde
442 3535 590 3602 vixi-t,
618 3545 684 3603 ’ac
724 3538 859 3578 esset
885 3528 951 3579 ab
982 3530 1121 3581 omni
1162 3533 1396 3599 corporis
1437 3535 1749 3603 contagione
1789 3535 2072 3602 seiunctuS,
2105 3553 2222 3586 cum
2250 3532 2374 3601 ipsis

194 3591 434 3657 angelicls
473 3595 730 3661 sp1r1t1bus
770 3617 872 3649 non
912 3599 1078 3651 minus
1118 3601 1430 3672 innocentia,
1471 3626 1627 3672 quam
1668 3606 1878 3674 ingenio
1920 3604 2319 3675 comparandus.
