2788 4204
161 438 176 467 ζ

62 472 72 484 “
88 471 149 492 Lect.
166 476 250 498 praec„

63 504 86 519 n.
102 504 123 524 7,
139 503 187 524 seq.

161 552 176 574 η

61 930 71 941 '⁶
86 936 112 950 H:
126 929 270 956 proximum,

61 960 83 977 et
103 962 154 976 cum
174 962 204 976 ax
223 961 269 975 om.

61 989 109 1010 seq.
120 982 159 1007 in:
168 988 186 1006 Q
196 982 218 1002 h.
229 982 270 1002 lac.

158 1026 170 1051 0

59 1142 70 1152 ⁸¹
84 1147 124 1162 HL:
138 1141 161 1162 in
172 1145 255 1167 praes.

58 1195 68 1205 ”
75 1193 160 1216 Codd.·
167 1199 204 1214 rx:
216 1198 269 1213 con-

57 1220 169 1268 fgigdimus
178 1227 188 1246 ,·
210 1225 228 1244 ο,
247 1219 270 1240 h.

60 1302 67 1310 ‘
82 1301 157 1323 Codd.
173 1312 182 1316 -
198 1305 272 1321 roso:

54 1327 167 1356 perficit.;
178 1333 192 1347 a
200 1334 205 1347 z
213 1332 268 1353 per-

54 1354 151 1383 fecerit:
164 1359 181 1378 Q
194 1353 217 1374 h.
228 1353 270 1373 lac.

60 1383 77 1391 ··
90 1380 165 1402 Codd.
174 1391 184 1396 -
194 1386 217 1400 a:
230 1384 270 1400 sa-

58 1413 111 1428 nus.

56 1435 67 1445 ⁴
96 1433 197 1454 Necesse
224 1433 260 1453 est

58 1467 107 1482 om.
116 1466 160 1486 rire
171 1465 199 1480 nc
209 1464 256 1480 om.

57 1489 101 1509 est.

56 1625 67 1636 ‘
76 1623 150 1645 Codd.
162 1635 171 1639 -
179 1629 199 1644 r:
210 1627 269 1649 ergo

57 1652 93 1676 et‚·
107 1656 134 1671 aa
149 1650 169 1671 h.
186 1650 228 1670 lac.

56 1730 68 1741 ⁴¹
90 1728 162 1751 Codd.
178 1739 187 1744 -
210 1733 265 1748 pso:

53 1755 154 1794 perficit.

83 1788 120 1803 ai..
129 1793 139 1798 -
151 1788 175 1803 p:
191 1781 232 1805 sit,·
242 1786 267 1805 Q:

54 1809 123 1856 ρζῖιιε
134 1808 200 1835 fiunt
209 1806 268 1836 sue-

57 1841 79 1856 ri
92 1851 97 1856 .

55 1889 67 1899 ⁴
76 1888 172 1915 Semper
181 1893 228 1908 orn.
240 1892 267 1907 t.-

58 1921 83 1936 κ.
98 1921 146 1936 om.
156 1915 224 1941 puta.

55 1994 67 2004 *
89 1999 122 2018 Q:
145 1991 232 2017 aliud;
252 1998 267 2012 x

57 2026 105 2041 om.

57 2100 66 2108 '
79 2104 144 2120 runt:
157 2099 247 2125 posset.

56 2157 66 2166 ⁶
81 2162 115 2177 Gt:
134 2156 224 2181 deven.,·
238 2162 267 2176 u:

54 2189 148 2210 perven.
175 2188 198 2203 r:
227 2181 267 2203 de-

55 2210 208 2230 monstratur.

54 2408 65 2418 ’
79 2406 149 2428 Num.
164 2412 184 2428 2.

53 2519 62 2527 ·
70 2517 151 2539 Codd.:
158 2518 263 2545 quamvis

52 2544 145 2571 infinita
157 2544 210 2565 sint.

160 2581 168 2596 ι

310 258 384 304 370

888 248 1272 288 POSTERloRUM
1300 246 1732 283 ANALYTICORUM
1761 246 1856 282 LIB.
1888 247 1919 282 ΙΙ

303 333 490 383 posterius
515 334 655 369 factum
675 332 721 368 sit
745 332 787 377 C,
809 338 845 367 et
876 330 979 379 prius
1007 331 1052 365 A.
1083 329 1179 364 Puta
1211 326 1242 363 si
1271 326 1370 363 dica·
1427 339 1540 372 nunc,
1561 333 1744 374 tanquam
1764 337 1786 361 a
1805 324 1948 374 primo:
1970 324 2113 362 dictum
2130 332 2186 362 est
2211 325 2314 362 enim
2343 326 2448 375 quod
2464 327 2501 365 id

303 400 410 424 mus:
445 387 510 423 iste
542 391 695 422 sanatus
729 390 798 428 est‚·
825 395 918 432 ergo
953 382 1043 418 bibit
1074 380 1317 417 medicinam:
1346 391 1369 414 a

302 441 418 490 priori
434 439 536 476 enim
552 451 628 475 non
645 444 866 485 sequeretur
880 435 895 462 ζ
909 434 1157 483 syllogismus,
1170 440 1211 469 ut
1222 444 1336 481 supra
1348 432 1367 452 '¹‘

303 493 445 530 dictum
467 500 538 538 est;
565 491 631 528 sed
652 491 776 539 ipsum
798 490 827 525 C
848 487 1029 536 accipitur
1056 494 1097 523 ut
1123 485 1364 534 principium,

303 546 478 595 quamvis
511 545 556 581 sit
582 543 769 592 posterius
802 542 840 578 in
868 541 961 587 fieri,
982 548 1139 588 propter
1156 544 1170 561 ’¹
1199 538 1235 575 id
1260 538 1365 586 quod

303 607 357 635 est
376 599 494 646 magis
513 596 730 646 proximum
750 595 819 643 ipsi
839 606 939 630 nunc
957 592 1146 642 praesenti
1174 603 1292 640 quam
1316 593 1362 628 A.

301 653 484 688 Praesens
516 657 643 687 autem
677 660 778 684 nunc
808 655 862 684 est
897 646 1126 695 principium
1158 644 1362 693 temporis,

301 705 389 754 quia
417 703 627 740 secundum
656 701 781 749 ipsum
810 699 1046 748 distinguitur
1063 698 1307 748 praeteritum
1329 705 1364 734 et

299 756 477 802 futurum,
500 764 535 792 et
554 755 605 792 sic
625 761 775 803 oportet
792 765 972 802 praesens
1001 765 1104 789 nunc
1131 751 1302 799 accipere
1322 759 1364 788 ut

298 810 522 859 principium
547 807 766 844 notificandi
786 806 967 856 temporis
996 805 1289 842 successionem.
1321 806 1363 841 In

298 862 504 911 praeteritis
525 861 626 898 enim
642 868 745 897 tanto
766 860 907 908 aliquid
929 867 983 896 est
1001 858 1188 908 posterius
1208 858 1246 894 in
1266 857 1361 905 fieri,

299 923 439 964 quanto
469 922 525 951 est
551 913 761 963 proximius
781 913 801 934 ²⁸
828 913 866 950 in
893 912 1082 962 praesenti
1110 924 1227 958 nunc;
1249 911 1287 948 in
1307 912 1361 948 fu-

298 968 386 1005 turis
420 976 548 1005 autem
584 975 639 1004 est
673 979 692 1002 e
723 978 922 1003 converso.
959 966 1064 1003 Sicut
1098 965 1207 1013 igitur
1242 965 1273 1001 C
1302 978 1362 1002 ac-

299 1022 430 1071 cipitur
448 1019 461 1042 ⁰
488 1029 530 1058 ut
556 1019 783 1070 principium
813 1019 1075 1068 syllogizandi,
1107 1031 1152 1055 eo
1182 1018 1286 1067 quod
1307 1026 1363 1055 est

297 1074 483 1124 posterius
517 1074 555 1111 in
589 1073 672 1110 fieri
704 1085 821 1122 quam
850 1075 900 1120 A,
923 1081 958 1110 et
976 1072 1227 1121 propinquius
1254 1084 1362 1120 prae-

298 1128 391 1165 senti
421 1129 441 1149 *
473 1139 592 1173 nunc;
629 1127 679 1163 ita
712 1135 749 1164 et
782 1126 1014 1176 accipiamus
1043 1127 1077 1163 D
1111 1125 1362 1175 propinquius

297 1181 484 1230 praesenti
512 1193 614 1217 nunc
642 1192 759 1228 quam
782 1180 825 1226 C,
853 1188 888 1216 et
916 1179 1189 1216 concludamus
1209 1181 1227 1198 ⁴*
1257 1178 1361 1226 quod

298 1235 328 1271 si
355 1235 496 1272 factum
525 1241 581 1270 est
604 1235 652 1280 D,
673 1234 777 1281 quod
806 1233 909 1282 prius
939 1233 1079 1270 factum
1109 1240 1164 1269 est
1193 1233 1240 1278 C3
1270 1240 1362 1281 puta

298 1288 328 1324 si
356 1287 511 1337 perfecit
531 1288 551 1308 ’ὅ
580 1299 678 1335 opus
702 1286 782 1323 sani
810 1286 988 1332 hominis,
1013 1286 1116 1335 prius
1145 1293 1298 1322 sanatus
1319 1286 1362 1306 *³¹³

299 1349 363 1378 est.
403 1342 612 1377 Possumus
651 1352 739 1388 ergo
769 1340 994 1377 concludere
1027 1339 1132 1388 quod
1161 1339 1191 1375 si
1220 1339 1360 1375 factum

299 1402 353 1431 est
372 1395 420 1441 D,
441 1405 596 1431 necesse
626 1393 720 1429 est*
749 1393 853 1441 quod
874 1393 976 1441 prius
1004 1393 1146 1429 factum
1174 1391 1222 1428 sit
1249 1394 1295 1428 A:
1326 1399 1362 1427 et

298 1447 477 1496 accipitur
504 1459 574 1496 pro
604 1458 716 1483 causa
744 1446 781 1483 id
810 1446 914 1494 quod
943 1453 1022 1482 erat
1049 1445 1087 1481 in
1115 1443 1360 1491 medio,·sci-

298 1500 382 1537 licet
410 1501 452 1537 C.
483 1501 599 1537 Facto
635 1499 735 1536 enim
764 1500 818 1545 D,
852 1511 1007 1535 necesse
1042 1505 1096 1534 est
1123 1498 1228 1546 quod
1257 1497 1361 1546 prius

297 1554 437 1590 factum
475 1552 584 1589 fuerit
612 1553 663 1597 C;
694 1559 730 1588 et
762 1552 859 1588 facto
896 1553 943 1598 C,
978 1563 1134 1588 necesse
1167 1559 1223 1587 est
1254 1551 1359 1599 quod

296 1606 399 1656 prius
428 1607 568 1642 factum
597 1605 706 1642 suerit
734 1607 786 1651 A;
818 1617 905 1653 ergo
943 1605 963 1626 *
990 1605 1089 1641 facto
1122 1605 1170 1651 D,
1205 1616 1359 1641 necesse

298 1667 352 1695 est
379 1659 484 1708 quod
512 1658 614 1707 prius
634 1659 775 1695 factum
796 1658 905 1695 fuerit
924 1660 969 1694 A.
991 1659 1087 1694 Puta
1110 1657 1140 1694 si
1164 1657 1224 1694 hic
1239 1658 1360 1694 homo

296 1712 371 1749 iam
390 1712 583 1761 perfecit*
610 1724 707 1761 opus
741 1711 822 1748 sani
849 1711 1027 1758 hominis,
1057 1710 1227 1759 sequitur
1255 1710 1359 1759 quod

295 1766 398 1814 prius
426 1765 535 1802 fuerit
555 1766 575 1786 ‘¹‘
603 1773 770 1810 sanatus;
801 1773 837 1801 et
873 1765 904 1801 si
933 1772 989 1801 est
1016 1772 1180 1811 sanatus,
1205 1776 1361 1801 necesse

297 1827 351 1855 est
378 1819 481 1867 quod
510 1819 613 1867 prius
633 1818 769 1855 biberit
788 1818 1030 1856 medicinam.
1053 1817 1116 1854 Sic
1135 1818 1244 1866 igitur
1262 1830 1361 1854 sem-

295 1884 363 1921 per
383 1873 403 1894 *
432 1872 652 1920 accipiendo
682 1871 870 1918 medium,
899 1879 991 1920 puta
1019 1870 1160 1919 aliquid
1185 1870 1287 1908 aliud
1308 1871 1362 1908 in-

295 1934 351 1962 ter
371 1926 400 1962 C
422 1933 457 1962 et
482 1927 527 1970 A,
550 1925 644 1962 sicut
661 1925 699 1969 ,C
720 1933 919 1973 acceptum
941 1932 996 1961 est
1019 1924 1190 1961 medium
1209 1924 1306 1960 inter
1325 1925 1359 1961 D

297 1986 332 2015 et
359 1982 405 2025 A,
435 1979 591 2015 stabitur
618 1978 753 2015 alicubi
781 1979 829 2016 ad
858 1978 1011 2026 aliquod
1033 1979 1052 1999 *
1081 1977 1360 2015 immediatum.

353 2033 385 2069 5.
406 2031 554 2069 Deinde
575 2044 662 2068 cum
683 2031 787 2069 dicit:
807 2032 887 2069 Aut
901 2043 1050 2080 semper
1068 2031 1261 2068 intercidet
1268 2043 1358 2080 pro-

290 2091 382 2133 pter¹
403 2093 492 2130 etc.,
513 2085 619 2134 ponit
647 2085 856 2133 quamdam
885 2084 1157 2122 obviationem.
1183 2086 1313 2122 Potest
1341 2086 1362 2107 *

296 2138 396 2175 enim
422 2138 554 2186 aliquis
574 2138 698 2175 dicere
724 2138 829 2187 quod
850 2150 1047 2186 nunquam
1067 2138 1242 2175 veniatur
1262 2139 1282 2159 *
1312 2139 1361 2176 ad

295 2191 577 2237 immediatum,
607 2191 674 2229 sed
709 2204 862 2240 semper
901 2191 969 2228 erit
997 2191 1170 2240 accipere
1206 2191 1360 2240 aliquod

294 2245 463 2282 medium
492 2245 586 2281 inter
614 2245 692 2282 duo
712 2245 808 2282 facta
838 2257 935 2290 esse,
965 2252 1121 2294 propter
1149 2245 1224 2281 hoc
1252 2246 1358 2294 quod

293 2298 331 2334 in
364 2298 445 2347 ipso
481 2298 562 2335 fieri
600 2306 686 2335 sunt
719 2298 863 2335 infinita
900 2298 997 2335 facta
1032 2310 1135 2345 esse,
1172 2310 1219 2334 eo
1255 2299 1360 2347 quod

293 2351 433 2388 factum
462 2363 543 2388 esse
573 2363 650 2388 non
680 2359 955 2400 consequenter
979 2364 1020 2388 se
1045 2352 1161 2388 habet
1188 2351 1237 2389 ad
1258 2352 1358 2390 aliud

293 2405 433 2441 factum
463 2417 556 2450 esse,
587 2412 627 2441 ut
655 2405 795 2442 dictum
826 2413 881 2442 est
910 2405 942 2441 ²³.

347 2458 422 2495 Sed
438 2459 534 2495 hanc
550 2458 808 2495 obviationem
829 2457 991 2495 excludit
1005 2457 1097 2507 ipse,
1115 2458 1205 2506 quia
1223 2470 1359 2507 quam-

293 2511 348 2547 vis
370 2511 441 2548 sint
455 2511 598 2548 infinita
612 2512 632 2532 *
646 2512 742 2548 facta
762 2524 843 2549 esse
865 2511 904 2548 in
924 2523 1003 2548 uno
1024 2511 1118 2557 fieri,
1139 2519 1269 2549 tamen
1293 2524 1358 2549 ne-

293 2576 395 2601 cesse
413 2573 467 2601 est
484 2564 667 2614 incipere¹
682 2565 730 2602 ab
751 2565 876 2614 aliquo
894 2564 1036 2611 medio,
1054 2564 1193 2602 scilicet
1211 2566 1260 2602 ab
1275 2565 1358 2614 ipso

291 2688 372 2712 Porro
382 2687 534 2712 immediata
545 2695 603 2712 cum
614 2687 686 2712 ΕΜΤ
696 2691 721 2712 et
730 2695 752 2712 s.
762 2695 798 2711 m.
809 2687 831 2711 D
842 2686 961 2712 videntur
974 2686 1070 2712 habere
1084 2687 1168 2718 codd„
1181 2687 1226 2720 qui
1241 2693 1360 2721 corrupte

291 2728 389 2755 ponunt
400 2723 426 2747 in
437 2723 529 2752 medio,
542 2723 567 2747 in
584 2723 678 2751 media,
690 2722 716 2747 in
727 2722 850 2747 materia.
865 2722 1054 2755 Adoptavimus
1070 2723 1206 2748 lectionem
1220 2731 1288 2756 quae
1305 2724 1361 2749 sint

291 2758 451 2787 immediata,
467 2765 533 2790 quae
552 2763 578 2783 et
596 2758 744 2783 auctoritate
759 2758 833 2782 codd.
849 2757 998 2788 sustinetur,
1014 2763 1039 2783 et
1053 2765 1068 2783 a
1081 2763 1151 2783 textu
1166 2766 1259 2791 graeco
1273 2759 1360 2792 requi-

290 2793 361 2818 ritur.
376 2794 408 2818 P:
423 2793 536 2818 medium
550 2797 577 2818 et
591 2794 709 2825 primum
723 2793 794 2826 quod
812 2793 848 2818 sit
865 2793 922 2818 sine
941 2793 1037 2818 medio.

343 2828 368 2861 ζ)
383 2830 405 2853 Α
417 2829 507 2861 priori
521 2829 589 2854 enim
604 2836 656 2854 non
671 2831 826 2861 sequeretur
837 2834 885 2854 etc.
895 2843 914 2847 —
930 2829 973 2853 PD
988 2829 1111 2853 omittunt
1123 2828 1278 2861 particulam
1294 2837 1360 2860 non,·

291 2864 336 2889 sed
355 2864 462 2889 omissio
481 2869 521 2889 est
539 2872 623 2889 error:
644 2872 702 2889 sese
722 2864 790 2889 enim
804 2872 825 2889 s.
836 2864 954 2889 Thomas
969 2864 1075 2889 remittit
1088 2865 1120 2889 ad
1134 2864 1271 2889 lectionem
1286 2872 1360 2897 prae-

291 2900 437 2929 cedentem,
456 2899 482 2924 in
502 2907 553 2932 qua
571 2900 694 2932 probatur
710 2907 770 2924 ⁴non
795 2907 874 2932 posse
893 2899 918 2924 in
937 2899 1087 2924 huiusmodi
1107 2899 1186 2924 rebus
1206 2900 1323 2924 concludi
1343 2908 1360 2925 a

287 2935 388 2967 priori,
408 2940 433 2959 et
451 2935 518 2960 idem
539 2935 667 2967 profertur
686 2935 833 2967 exemplum
858 2935 890 2960 de
915 2935 1042 2960 medicina
1062 2940 1087 2960 et
1106 2935 1223 2960 sanitate.
1249 2935 1314 2960 Hinc
1333 2935 1359 2960 in

292 2971 347 2995 cod.
366 2971 388 2995 D
402 2978 453 2995 sec.
468 2978 545 2995 manu
565 2967 595 2995 τὸ
611 2971 702 3002 priori
720 2970 855 3003 corrigitur
867 2970 892 2995 in
908 2970 1063 3002 posteriori.
1083 2971 1176 2995 Nullus
1191 2978 1264 2995 error
1282 2976 1322 2996 est
1334 2971 1359 2996 in

291 3005 337 3030 hac
357 3006 478 3035 lectione;
505 3011 616 3030 attamen
642 3014 695 3030 non
713 3013 730 3030 a
746 3005 904 3038 posteriori,
932 3006 978 3030 sed
1000 3013 1017 3030 a
1036 3006 1127 3038 priori
1145 3011 1185 3031 est
1204 3006 1359 3038 legendum:

292 3041 385 3073 quippe
410 3042 480 3074 quod
505 3047 611 3074 negatur
636 3042 661 3066 in
687 3041 801 3066 subiecta
825 3041 931 3066 materia
950 3040 1005 3066 fieri
1025 3042 1209 3074 syllogismum
1227 3049 1245 3066 a
1260 3042 1357 3074 priori,

292 3082 317 3100 et
335 3076 383 3101 hoc
397 3084 442 3108 per
454 3077 644 3109 oppositionem
659 3076 691 3101 ad
706 3076 731 3101 id
746 3077 818 3109 quod
833 3076 981 3101 immediate
994 3077 1132 3109 praecedit,
1146 3077 1265 3102 videlicet
1279 3085 1359 3110 posse

292 3111 402 3142 legitime
416 3111 468 3136 fieri
484 3112 701 3136 ratiocinationem
712 3119 729 3136 a
740 3111 894 3144 posteriori.
903 3126 923 3130 -
932 3112 1040 3136 Videtur
1050 3118 1136 3137 autem
1151 3112 1302 3145 particulam
1314 3121 1358 3138 ne-

292 3151 392 3178 gantem
408 3147 531 3172 omissam
541 3147 622 3172 fuisse
631 3147 656 3171 in
671 3147 690 3171 P
702 3154 731 3172 ex
745 3147 839 3172 incuria
850 3147 1057 3180 typothetarum:
1074 3148 1199 3172 editiones
1214 3148 1282 3173 enim
1292 3155 1310 3173 a
1320 3149 1335 3174 ὁ
1344 3155 1359 3174 c

292 3187 317 3206 et
335 3183 412 3207 altera
430 3187 522 3207 veneta
545 3182 671 3207 Omnium
691 3182 761 3215 Opp.
780 3181 858 3216 1595,
883 3183 936 3207 imo
955 3183 997 3208 ed.
1021 3181 1100 3214 1526,
1124 3183 1155 3208 ad
1175 3191 1254 3216 quam
1281 3183 1358 3209 Piana

293 3222 377 3242 exacta
396 3222 447 3248 est,
466 3218 574 3242 habent:
589 3225 640 3242 non
662 3221 875 3250 consequeretur.
890 3218 955 3242 Edd.
970 3219 1038 3251 Opp.
1059 3226 1082 3244 s.
1096 3218 1146 3243 Th.
1160 3219 1357 3251 Antuerpiensis

293 3257 318 3276 et
337 3253 415 3277 Paris.
429 3260 542 3278 errorem
560 3253 578 3277 Ρ
592 3253 801 3285 reproducunt.-
811 3253 867 3278 PA:
882 3257 1101 3286 consequentum·
1117 3254 1206 3284 GMQ:
1223 3255 1344 3287 sequitur
1349 3261 1359 3284 ‚‘

293 3295 352 3312 cum
371 3287 425 3312 aliis
444 3289 517 3313 codd.
537 3288 648 3320 legimus
666 3291 827 3321 sequeretur.

344 3323 371 3354 η)
391 3323 566 3355 Principium,
591 3324 712 3356 quamvis
737 3324 774 3349 sit
794 3324 929 3356 posterius
955 3324 981 3349 in
1000 3324 1080 3358 fieri,
1102 3328 1225 3357 propter.
1245 3338 1264 3346 -
1287 3326 1358 3350 Haec

293 3358 371 3383 verba
389 3358 564 3383 desiderantur
578 3360 602 3383 in
616 3359 635 3384 P
655 3364 680 3384 et
694 3360 751 3384 edd.
765 3359 858 3390 Venn.,
877 3367 960 3392 eaque
975 3360 1093 3385 addimus
1109 3368 1138 3385 ex
1154 3360 1267 3385 unanimi
1282 3361 1358 3386 codd.

294 3400 420 3418 consensu
440 3394 489 3425 (Qz
505 3395 665 3425 primum...
675 3395 854 3427 posterioris),
869 3400 894 3420 et
909 3395 1026 3420 addenda
1041 3401 1109 3420 sunt.
1130 3396 1232 3421 Etenim
1246 3401 1275 3421 ut
1289 3402 1359 3429 patet

295 3434 324 3451 ex
343 3434 468 3460 contextu,
487 3437 533 3461 per
551 3430 629 3454 verba
649 3433 762 3462 propter
781 3435 829 3455 etc.
849 3430 994 3459 assignatur
1013 3431 1077 3456 ratio
1096 3439 1142 3456 cur
1161 3432 1181 3456 C
1196 3431 1317 3464 accipitur
1330 3437 1359 3457 ut

295 3463 453 3495 principium.
472 3465 546 3489 Unde
564 3465 628 3490 infra
647 3465 749 3490 dicitur:
770 3466 845 3491 Sicut
864 3466 948 3499 igitur
970 3467 993 3491 C
1007 3466 1139 3498 accipitur
1153 3470 1183 3491 ut
1192 3467 1357 3499 principium

295 3499 479 3531 syllogizandi,
499 3507 529 3524 eo
548 3500 618 3533 quod
637 3504 675 3525 est
690 3501 824 3532 posterius
844 3501 870 3526 in
878 3501 946 3534 fleri
959 3506 1008 3526 etc.
1023 3502 1097 3526 Adde
1112 3502 1182 3535 quod
1197 3502 1237 3527 hic
1251 3510 1274 3527 s.
1286 3503 1358 3528 Tho-

296 3540 352 3557 mas
371 3534 471 3565 exponit
492 3535 664 3566 Aristotelem,
679 3536 825 3568 accipiendo
838 3537 916 3561 verbs
933 3536 1015 3569 ipsius
1033 3542 1132 3562 textus:
1152 3532 1219 3571 ἀρχὴ
1238 3535 1265 3562 δὲ
1284 3534 1315 3563 τὸ
1334 3536 1356 3564 Γ

296 3565 337 3591 διὰ
357 3564 386 3593 τὸ
407 3566 537 3602 ἐγγύτερον
557 3571 603 3594 τοῦ
622 3572 664 3595 νῦν
687 3563 761 3602 εἶναι,
784 3568 798 3595 ὅ
824 3569 890 3596 ἐστιν
913 3566 980 3606 ἁρχὴ
1002 3573 1050 3596 τοῦ
1068 3571 1175 3606 χρόνου.
1195 3573 1261 3598 Hinc
1280 3573 1355 3598 etiam

296 3603 462 3636 intelligimus
480 3605 657 3636 principium,
682 3600 758 3640 ‘²39ka
782 3614 840 3631 esse
861 3607 1040 3638 retinendum,
1064 3615 1116 3632 non
1135 3613 1221 3633 autem
1236 3609 1356 3640 primum

520 3730 536 3747 ⁴⁴

1426 379 1531 427 quod
1565 386 1621 415 est
1652 377 1861 427 posterius,
1892 385 1947 414 est
1974 378 2205 427 principium
2234 380 2500 428 syllogizandi3

1426 439 1599 481 respectu
1613 440 1742 468 autem
1759 431 1934 468 omnium
1950 431 1988 468 in
2002 432 2205 480 praeterito
2222 430 2420 479 factorum,
2431 446 2501 482 po-

1424 493 1609 522 stremum
1639 492 1696 521 est
1722 484 1850 533 ipsum
1873 497 2056 533 praesens
2081 498 2198 531 nunc;
2221 485 2322 522 unde
2342 498 2499 523 necesse

1424 546 1479 575 est
1506 538 1632 587 ipsum
1661 549 1843 586 praesens
1871 550 1974 574 nunc
2002 538 2175 587 accipere
2207 546 2246 575 ut
2263 539 2434 587 primum
2464 547 2501 576 et

1423 591 1688 628 immediatum
1707 590 1949 639 principium.
1967 591 2176 638 Quodlibet
2190 599 2319 628 autem
2336 592 2499 630 aliorum

1422 646 1608 681 factorum
1638 643 1819 693 accipitur
1843 651 1885 680 ut
1911 643 2139 693 principium
2169 645 2393 683 mediatum.

1476 699 1511 735 6.
1542 697 1692 734 Deinde
1722 709 1811 733 cum
1840 696 1946 733 dicit:
1976 698 2155 734 Similiter
2182 704 2309 735 autem
2338 705 2393 736 est
2411 706 2495 746 etc.,

1421 751 1636 787 manifestat
1664 750 1765 788 idem
1787 751 1808 771 ’¹‘
1826 749 1865 786 in
1893 750 2046 796 futuris;
2077 759 2113 787 et
2137 749 2226 788 dicit
2253 752 2371 799 quod,
2401 752 2498 789 sicut

1420 816 1460 841 se
1489 805 1604 841 habet
1631 804 1670 841 in
1699 815 1745 840 eo
1775 803 1880 851 quod
1910 804 2051 840 factum
2091 812 2157 850 est,
2174 804 2343 842 similiter
2370 818 2412 842 se
2431 807 2497 842 ha-

1420 858 1484 894 bet
1512 865 1549 894 et
1566 858 1586 879 *
1614 857 1652 894 in
1682 869 1728 893 eo
1758 856 1863 905 quod
1892 856 2035 894 factum
2069 857 2154 903 erit;
2185 858 2274 906 quia
2302 858 2332 895 si
2356 871 2495 896 verum

1421 919 1476 948 est
1501 911 1609 960 quod
1639 910 1707 947 erit
1734 911 1783 957 D,
1813 921 1970 946 necesse
1999 918 2056 947 est
2075 911 2182 959 quod
2197 911 2302 960 prius
2321 911 2495 949 verifice-

1421 972 1480 1001 tur
1498 965 1603 1013 quod
1624 964 1669 1001 sit
1687 965 1740 1009 A;
1763 971 1799 1000 et
1817 962 2038 1001 huiusmodi
2059 975 2172 1001 causa
2192 964 2398 1014 accipietur
2415 966 2434 987 *
2449 967 2494 1013 C,

1420 1018 1524 1066 quod
1539 1019 1559 1040 *
1579 1018 1678 1055 cadit
1696 1016 1869 1054 medium
1890 1016 1986 1053 inter
2004 1018 2039 1054 D
2062 1024 2098 1053 et
2115 1019 2162 1054 A.
2180 1018 2282 1065 Quia
2301 1018 2332 1055 si
2362 1018 2431 1055 erit
2444 1020 2493 1066 D,

1420 1083 1576 1109 necesse
1606 1078 1662 1108 est
1689 1070 1796 1119 quod
1827 1069 1932 1119 prius
1962 1070 2031 1107 erit
2060 1070 2110 1116 C;
2141 1078 2178 1108 et
2205 1071 2235 1108 si
2265 1071 2334 1108 erit
2360 1072 2404 1119 C,
2429 1084 2495 1109 ne-

1421 1138 1525 1162 cesse
1551 1133 1607 1162 est
1631 1124 1736 1173 quod
1755 1123 1859 1172 prius
1889 1123 1935 1160 sit
1959 1123 2128 1160 futurum
2144 1126 2190 1161 A.
2219 1143 2223 1150 κ

1474 1180 1523 1215 Et
1551 1178 1720 1215 similiter
1753 1177 1866 1214 etiarn
1895 1177 1933 1213 in
1961 1177 2020 1214 his
2047 1185 2174 1226 potest
2209 1177 2294 1214 fieri
2328 1178 2493 1216 obiectio

1420 1232 1468 1269 de
1495 1231 1642 1269 infinita
1670 1231 1856 1268 divisione
1886 1230 1998 1267 futuri
2017 1230 2055 1267 in
2075 1230 2261 1277 instantia,
2281 1232 2345 1268 vel
2364 1241 2494 1270 motus
2510 1279 2513 1282 Ι

1419 1286 1457 1322 in
1487 1293 1701 1331 momenta;
1731 1284 1821 1333 quia
1849 1283 1945 1321 sicut
1972 1284 2011 1321 in
2030 1284 2258 1334 praeteritis,
2278 1284 2329 1321 ita
2359 1293 2395 1322 et
2414 1287 2434 1305 ¹⁵
2454 1285 2494 1323 in

1419 1338 1552 1375 futuris
1580 1351 1659 1375 non
1688 1346 1967 1386 consequenter
1994 1350 2034 1374 se
2063 1339 2207 1375 habent
2239 1337 2491 1376 indivisibilia.

1419 1392 1469 1428 Et
1482 1399 1612 1428 tamen
1627 1391 1688 1428 hic
1709 1391 1822 1428 etiam
1837 1391 1858 1412 '¹‘
1877 1390 2144 1440 accipiendum
2167 1399 2221 1428 est
2236 1391 2378 1440 aliquid
2397 1391 2494 1430 sicut

1418 1444 1685 1482 immediatum
1712 1444 1955 1493 principium,
1985 1445 2080 1482 sicut
2108 1445 2252 1482 dictum
2282 1453 2339 1482 est
2366 1445 2405 1482 in
2432 1446 2492 1483 his

1418 1510 1516 1548 quae
1536 1498 1634 1534 facta
1657 1505 1745 1534 sunt
1763 1497 1801 1534 in
1821 1498 2036 1546 praeterito.
2059 1498 2166 1535 Licet
2185 1498 2288 1535 enim
2308 1511 2388 1536 non
2407 1499 2454 1536 sit
2472 1500 2493 1521 ³*

1417 1551 1588 1600 accipere
1617 1550 1696 1588 duo
1725 1551 1823 1587 facta
1856 1563 1939 1587 esse
1969 1563 2009 1588 se
2040 1559 2320 1600 consequenter
2346 1553 2491 1590 haben·

1416 1605 1481 1650 tia,
1512 1616 1638 1653 neque
1666 1604 1705 1640 in
1732 1603 1937 1652 praeterito
1971 1615 2098 1651 neque
2126 1604 2165 1640 in
2193 1605 2338 1652 futuro,
2367 1613 2495 1656 potest

1415 1666 1545 1695 tamen
1573 1656 1694 1706 accipi
1722 1656 1863 1705 aliquid
1886 1656 2064 1694 ultimum
2097 1657 2320 1706 utrobique,
2348 1666 2386 1695 et
2416 1659 2493 1696 hoc

1416 1710 1620 1760 accipietur
1650 1710 1670 1732 *
1696 1718 1738 1747 ut
1764 1710 1994 1759 principium
2019 1710 2298 1749 immediatum.

1469 1777 1506 1813 7.
1532 1763 1682 1801 Deinde
1707 1776 1796 1800 cum
1821 1763 1925 1801 dicit:
1954 1764 2087 1801 Habet
2111 1770 2238 1802 autem
2265 1765 2321 1802 sic
2337 1777 2379 1802 se
2406 1772 2492 1813 etc.,

1415 1817 1631 1855 manifestat
1645 1817 1750 1866 quod
1766 1816 1911 1854 dixerat
1923 1829 1994 1866 per
2009 1818 2202 1867 exempIa3
2224 1826 2260 1855 et
2283 1817 2374 1856 dicit
2386 1819 2493 1867 quod

1414 1870 1632 1921 praedictus
1652 1870 1793 1908 modus
1808 1871 2099 1919 argumentandi
2118 1879 2246 1921 potest
2261 1871 2494 1911 considerari

1416 1924 1514 1962 circa
1552 1936 1671 1973 opera
1706 1924 1889 1962 humana.
1918 1923 2165 1973 Accipiamus
2204 1924 2308 1962 enim
2346 1926 2491 1964 factum

1417 1990 1499 2015 esse
1537 1977 1678 2015 domus
1710 1985 1895 2026 tanquam
1929 1977 2128 2026 quoddam
2155 1986 2415 2027 postremum,
2445 1991 2493 2017 ex

1416 2044 1494 2081 quo
1515 2030 1754 2068 concluditur
1772 2031 1868 2068 sicut
1882 2031 2082 2081 quoddam
2101 2031 2284 2081 primum,
2301 2032 2406 2082 quod
2426 2045 2491 2071 ne-

1416 2097 1522 2122 cesse
1551 2092 1607 2122 est
1634 2084 1779 2133 lapides
1807 2084 1912 2133 prius
1941 2084 2054 2122 fuisse
2079 2084 2244 2131 decisos3
2275 2093 2313 2123 et
2331 2085 2492 2135 accipie-

1415 2150 1502 2175 mus
1521 2150 1592 2187 pro
1621 2138 1744 2175 medio
1775 2138 2097 2175 constructionem
2120 2138 2380 2176 fundamenti:
2401 2139 2492 2188 quia

1415 2191 1446 2228 si
1466 2191 1606 2229 domus
1635 2191 1733 2228 facta
1753 2199 1824 2238 est,
1851 2203 2007 2230 necesse
2038 2199 2092 2229 est
2112 2192 2218 2244 quod
2245 2192 2352 2242 prius
2372 2192 2417 2230 sir
2438 2193 2492 2236 fae

1415 2253 1519 2282 ctum
1549 2244 1843 2282 fundamentum
1863 2251 1893 2290 '‘;
1923 2253 1960 2282 et
1979 2245 2010 2282 si
2030 2245 2171 2282 factum
2189 2253 2244 2283 est
2263 2245 2491 2284 'fundamen-

1415 2306 1514 2345 tum,
1545 2309 1701 2335 necesse
1730 2305 1786 2335 est
1814 2298 1919 2347 quod
1953 2299 2058 2348 prius
2086 2299 2160 2336 sint
2187 2299 2332 2349 lapides
2361 2299 2490 2338 decisi.

1415 2353 1464 2389 Et
1488 2351 1593 2401 quod
1614 2351 1757 2388 dictum
1778 2359 1834 2388 est
1858 2351 1896 2389 in
1914 2352 2129 2401 praeterito,
2147 2353 2414 2402 accipiendum
2434 2360 2492 2391 est

1415 2405 1529 2442 etiam
1544 2405 1564 2426 ³
1579 2404 1618 2442 in
1643 2405 1785 2442 futuro:
1816 2413 1908 2454 puta
1932 2405 1963 2442 si
1988 2406 2056 2444 erit
2080 2406 2233 2454 domus,
2254 2419 2410 2445 necesse
2436 2414 2494 2445 est

1414 2458 1519 2508 quod
1539 2458 1644 2508 prius
1668 2458 1793 2495 futura
1814 2458 1861 2496 sit
1883 2458 2026 2497 decisio
2052 2459 2246 2509 lapidum,
2271 2468 2310 2498 et
2333 2460 2440 2510 quod
2470 2460 2492 2483 *

1414 2513 1489 2550 hoc
1509 2512 1792 2550 demonstretur
1806 2513 1826 2531 ¹·
1841 2524 1911 2561 per
1925 2513 2112 2562 medium,
2129 2513 2233 2562 quod
2249 2521 2306 2552 est
2320 2522 2491 2552 constru-

1415 2565 1488 2603 ctio
1518 2564 1767 2602 fundamenti.

1414 2689 1471 2713 cod.
1494 2688 1527 2718 Q.
1546 2688 1667 2713 Primum
1686 2693 1775 2713 tamen
1795 2695 1848 2712 noa
1872 2692 1913 2712 est
1931 2695 2017 2712 ert-ort
2037 2694 2099 2712 nm
2118 2692 2144 2712 et
2163 2687 2319 2713 Aristoteles
2337 2688 2411 2722 prius
2430 2689 2492 2714 dixit

1414 2720 1445 2748 τὸ
1465 2725 1578 2757 πρῶτον,
1598 2723 1669 2756 quod
1688 2728 1779 2755 postea
1798 2723 1881 2748 semel
1901 2728 1927 2748 et
1945 2723 2039 2748 iterum
2058 2723 2151 2748 dicitur
2170 2717 2249 2758 ἆρχῆ.
2410 2753 2412 2756 y

1467 2757 1492 2792 Θ)
1509 2759 1586 2784 Sicut
1604 2758 1689 2792 igitur
1705 2758 1729 2783 C
1739 2758 1871 2790 accipitur
1885 2763 1933 2783 etc.
1946 2772 1966 2777 -
1979 2758 2107 2783 Addimus
2127 2758 2161 2787 C,
2181 2759 2252 2791 quod
2271 2758 2369 2784 habent
2387 2760 2491 2785 codices

1414 2794 1495 2819 nostri
1507 2795 1572 2825 (exc.
1586 2793 1622 2826 Q)
1635 2799 1661 2819 et
1673 2793 1731 2818 edd.
1741 2801 1758 2818 a
1769 2793 1784 2818 b
1795 2801 1818 2819 c.
1837 2793 1973 2818 Omittitur
1986 2794 2018 2818 ab
2033 2794 2073 2818 ed.
2092 2792 2167 2824 ιβιδ.
2178 2799 2204 2819 et
2217 2794 2276 2819 ideo
2290 2795 2368 2820 etiam
2378 2795 2404 2820 in
2415 2795 2435 2820 P
2445 2796 2491 2821 de—

1414 2830 1548 2859 sideratur,
1561 2829 1607 2854 sed
1621 2836 1667 2861 per
1677 2829 1743 2854 banc
1756 2828 1928 2854 omissionem
1944 2836 2085 2861 processus
2100 2829 2243 2855 &nomae
2253 2830 2382 2855 obscurus
2396 2831 2490 2856 evadit.

1414 2865 1473 2890 Non
1486 2865 1555 2890 enim
1570 2865 1650 2889 scitur
1663 2865 1727 2897 quid
1741 2864 1878 2896 accipiatur
1891 2869 1921 2889 ut
1933 2864 2087 2898 principium
2101 2865 2307 2898 syllogizandi.-
2316 2866 2416 2891 Deinde
2429 2873 2490 2892 mm

1413 2901 1536 2925 omnibus
1551 2900 1683 2925 codicibus
1697 2900 1808 2932 legimus
1823 2907 1854 2924 eo
1873 2900 1945 2932 quod
1949 2907 1958 2930 ς
1972 2907 2003 2925 eo
2018 2905 2087 2925 caret
2102 2900 2122 2925 P
2137 2907 2196 2925 cum
2210 2901 2350 2933 praecitata
2364 2902 2405 2927 ed.
2423 2901 2490 2927 1526

1414 2941 1440 2960 et
1454 2936 1513 2961 edd.
1524 2936 1562 2961 bc.
1578 2935 1662 2960 Editio
1676 2942 1707 2960 a:
1723 2938 1752 2960 ut
1761 2935 1927 2968 principium
1941 2935 2132 2969 syllogizandi,
2148 2943 2179 2961 eo
2193 2939 2233 2961 est
2243 2937 2394 2968 posterius.-
2408 2937 2492 2963 innuit

1414 2979 1509 3004 nempe
1524 2971 1660 2996 lectionem
1676 2971 1922 2996 codd.-Praeterea
1931 2971 1976 2995 Fl:
1992 2979 2071 3004 quam
2086 2972 2109 2996 Α
2125 2975 2151 2996 et
2162 2972 2298 3003 posterius
2313 2972 2339 2997 in
2352 2973 2492 3005 praesenti

1413 3014 1484 3032 nunc
1502 3007 1582 3032 etiam
1603 3007 1642 3031 ita
1660 3006 1838 3038 accipiamus.-
1857 3006 1932 3031 lectio
1953 3014 2005 3031 non
2025 3007 2184 3032 sustinenda.
2205 3007 2442 3034 CDEKLMNOST
2465 3013 2492 3034 et

1413 3050 1435 3068 s.
1449 3050 1484 3067 m.
1499 3043 1536 3067 A:
1557 3042 1595 3067 ita
1614 3042 1694 3067 etiam
1713 3041 1876 3074 accipiamus
1895 3041 1946 3074 (A.
1966 3042 2112 3074 accipitur,-
2131 3043 2194 3073 CM,
2217 3043 2387 3075 accipimus).
2406 3043 2490 3069 Codd.

1412 3078 1511 3108 BGHQ
1530 3082 1555 3102 et
1573 3085 1599 3110 p.
1614 3085 1650 3102 rn.
1664 3078 1687 3102 A
1705 3077 1828 3102 omittunt
1847 3077 1885 3102 ita
1899 3082 1956 3107 etc.,
1971 3085 2056 3110 usque
2070 3078 2102 3102 ad
2115 3079 2251 3111 sequentia
2266 3079 2406 3111 praesenti
2419 3085 2491 3105 nunc

1413 3113 1551 3143 inclusive;
1567 3114 1621 3137 imo
1635 3113 1657 3137 A
1671 3120 1696 3145 p.
1707 3120 1743 3137 m.
1752 3120 1806 3137 om.
1821 3113 1897 3138 etiam
1912 3120 1992 3146 quam
2008 3113 2037 3138 C.
2052 3114 2086 3138 At
2099 3113 2208 3138 omissio
2222 3119 2263 3139 est
2276 3115 2410 3139 mendum.

1467 3149 1486 3181 ι)
1510 3148 1608 3173 Tamen
1629 3155 1733 3173 necesse
1745 3151 1785 3173 est
1797 3148 1913 3180 incipere
1931 3154 2008 3174 etc.-
2018 3149 2103 3174 Verba
2116 3149 2164 3174 ista
2178 3156 2200 3174 s.
2209 3149 2330 3174 'rhomae
2343 3149 2489 3175 referuntur

1412 3184 1444 3209 ad
1459 3184 1531 3208 illum
1546 3184 1693 3208 Aristotelis
1708 3188 1820 3208 textum:
1836 3182 1919 3209 Ἀλλ’
1941 3180 2068 3217 ἄρξασθαί
2083 3191 2111 3218 γε
2126 3181 2196 3218 ὅμως
2215 3179 2314 3219 ἀνάγκη
2336 3179 2388 3210 α’πὸ
2407 3184 2488 3220 pleon

1412 3216 1456 3244 καὶ
1477 3214 1529 3244 ἀπὸ
1550 3220 1599 3244 τοῦ
1617 3221 1661 3244 νῦν
1680 3217 1794 3252 πρώτου.
1819 3219 1892 3249 Quae
1916 3225 2002 3244 autem
2022 3220 2152 3244 adduntur
2171 3227 2184 3245 a
2204 3219 2340 3246 &Thom-
2359 3221 2491 3246 declarant

1412 3255 1478 3279 hanc
1497 3254 1644 3280 Aristotelis
1664 3254 1871 3287 responsionem.
1890 3255 1955 3279 Esto
1969 3255 2038 3280 enim
2056 3255 2107 3280 sint
2122 3254 2218 3280 infinita
2233 3255 2298 3281 tacu
2317 3263 2377 3281 esse
2395 3256 2421 3281 in
2434 3263 2490 3282 uno

1412 3289 1476 3321 fieri,
1486 3290 1555 3323 quia,
1565 3295 1594 3315 ut
1608 3290 1633 3314 in
1644 3289 1789 3315 obiectione
1799 3290 1899 3320 dicitur,
1909 3290 2006 3315 factum
2021 3298 2080 3315 esse
2095 3298 2147 3315 non
2162 3296 2356 3324 consequenter
2368 3298 2398 3316 se
2411 3291 2489 3317 habet

1412 3326 1444 3350 ad
1459 3326 1528 3350 aliud
1543 3325 1637 3351 facmm
1653 3332 1725 3355 esse;
1739 3326 1801 3359 quia
1820 3330 1907 3350 tamen
1922 3326 2044 3350 ultimum
2060 3325 2155 3351 factum
2174 3333 2234 3351 esse
2253 3326 2376 3360 accipitur
2390 3332 2419 3352 ut
2432 3334 2488 3352 rne-

1412 3361 1484 3386 dium
1499 3366 1524 3386 et
1543 3366 1572 3386 ut
1585 3361 1751 3394 principium,
1771 3361 1830 3386 licet
1849 3362 1881 3386 sit
1894 3361 2024 3394 posterius
2043 3361 2194 3394 (arguimus
2213 3362 2283 3387 enim
2302 3370 2317 3387 ι
2335 3362 2488 3394 posteriori.

1413 3404 1464 3421 non
1478 3404 1491 3421 a
1505 3396 1612 3430 priori),
1632 3404 1789 3430 quacunque
1808 3395 1931 3421 infinitate
1950 3396 2098 3429 supposita,
2113 3397 2228 3422 medium
2243 3397 2306 3422 illud
2320 3402 2360 3422 est
2373 3398 2487 3430 primum

1412 3437 1438 3457 et
1450 3432 1642 3462 immediatum:
1658 3437 1683 3457 et
1697 3431 1756 3457 ideo
1770 3432 1883 3465 legitime
1897 3437 1983 3465 potest
1998 3432 2084 3457 inferri
2102 3432 2197 3457 factum
2213 3440 2272 3458 esse
2286 3433 2455 3465 praecedens.

1466 3466 1492 3499 κ)
1513 3467 1556 3492 Sit
1567 3468 1674 3501 sactum
1683 3467 1974 3501 fundamentum—G:
1986 3469 2094 3501 sactum
2108 3467 2198 3501 suerit
2205 3468 2435 3502 fundamentum;
2448 3467 2486 3498 Q:

1404 3504 1512 3536 sactum
1531 3503 1568 3528 sit
1581 3503 1803 3537 fundamentum.
1817 3503 1860 3528 DF
1884 3510 1939 3528 om.
1955 3504 2080 3537 suctum.-
2104 3510 2172 3536 quae
2196 3503 2306 3528 omissio
2330 3504 2428 3542 nedum
2446 3507 2488 3528 est

1412 3543 1500 3563 contra
1519 3538 1697 3563 auctoritatem
1717 3538 1826 3563 aliorum
1846 3538 1930 3568 codd„
1943 3538 1990 3563 ced
2002 3538 2080 3563 etiam
2093 3543 2183 3564 contra
2197 3543 2310 3563 mmm:
2332 3535 2373 3563 ὅτι
2386 3534 2485 3572 ‹svb-san

1411 3571 1530 3607 Θ;μὲλιον
1544 3572 1675 3607 γεγονᾶναι
1689 3578 1738 3598 etc.
1752 3573 1804 3598 Alii
1823 3574 1898 3599 codd.
1914 3573 2010 3599 habent
2028 3578 2144 3599 notu-am
2163 3574 2310 3601 tectionem.
2326 3573 2360 3598 P:
2374 3573 2410 3598 sit
2416 3574 2485 3607 flu-

1411 3609 1565 3634 dementum
1578 3609 1695 3643 sactum.

2527 760 2535 768 ·
2547 759 2636 781 Codd.·
2642 767 2668 782 a:
2677 760 2739 783 iden

2524 788 2595 812 enar:
2602 787 2663 808 idem
2670 787 2741 816 quod.

2525 866 2533 874 ·
2548 871 2634 887 acuum
2648 872 2698 888 om.
2709 869 2740 891 e!-

2523 966 2534 977 U
2586 973 2591 978 ι
2734 974 2741 981 ,

2523 971 2713 1021 affictam.
2730 984 2737 994 '

2522 1028 2533 1039 ⁸
2548 1034 2639 1051 nin-e:
2648 1035 2725 1058 qnae.

2520 1294 2532 1305 ⁸
2546 1300 2575 1316 a:
2590 1294 2662 1316 enam
2671 1302 2680 1320 ,-
2693 1300 2738 1321 ιοο,

2522 1327 2579 1344 om.:
2589 1327 2612 1343 a:
2623 1321 2659 1343 stc
2666 1321 2737 1343 etiam

2521 1348 2639 1370 ἠι-Αικετ
2647 1351 2670 1369 et
2679 1354 2737 1376 pm.

2521 1381 2537 1396 κ
2551 1381 2600 1396 om.
2614 1381 2647 1396 ιιι.

2522 1403 2530 1411 ·
2542 1407 2573 1423 ax
2583 1407 2632 1423 om.
2643 1401 2723 1423 etlam.

2520 1507 2529 1516 ·
2545 1505 2622 1528 Codd.
2638 1506 2696 1532 (exe.
2706 1511 2737 1528 ιο

2521 1534 2559 1558 ql:
2574 1534 2625 1559 nt,-
2637 1538 2660 1555 n
2673 1539 2723 1555 om.

2518 1724 2530 1736 ’
2542 1730 2569 1747 a:
2583 1719 2708 1753 accim.

2519 2421 2733 2478 ¹35³·szae-

2521 2475 2529 2484 ·
2545 2474 2615 2503 Quod
2623 2481 2652 2497 ex
2662 2475 2733 2498 codd.

2519 2524 2570 2572 ἑὸ·
2585 2522 2737 2546 dmonstra-
