<?xml version="1.0" encoding="UTF-8"?>
<!DOCTYPE html PUBLIC "-//W3C//DTD XHTML 1.0 Transitional//EN"
    "http://www.w3.org/TR/xhtml1/DTD/xhtml1-transitional.dtd">
<html xmlns="http://www.w3.org/1999/xhtml" xml:lang="en" lang="en">
 <head>
  <title>
</title>
<meta http-equiv="Content-Type" content="text/html;charset=utf-8" />
  <meta name='ocr-system' content='tesseract 3.04.00' />
  <meta name='ocr-capabilities' content='ocr_page ocr_carea ocr_par ocr_line ocrx_word'/>
</head>
<body>
  <div class='ocr_page' id='page_1' title='image "./operaomniaiussui01thom/operaomniaiussui01thom_0619.png"; bbox 0 0 2788 4204; ppageno 0'>
   <div class='ocr_carea' id='block_1_1' title="bbox 43 339 259 388">
    <p class='ocr_par' dir='ltr' id='par_1_1' title="bbox 43 339 259 388">
     <span class='ocr_line' id='line_1_1' title="bbox 43 339 259 387; baseline 0 -26"><span class='ocrx_word' id='word_1_1' title='bbox 43 342 52 350; x_wconf 79' lang='lat'><strong>·</strong></span> <span class='ocrx_word' id='word_1_2' title='bbox 71 339 259 387; x_wconf 56' lang='grc' dir='ltr'><strong>ίὲεειφπεεεοά..</strong></span> 
     </span>
     <span class='ocr_line' id='line_1_2' title="bbox 45 373 102 388; baseline -0.018 0"><span class='ocrx_word' id='word_1_3' title='bbox 45 373 68 388; x_wconf 86' lang='grc'><strong>11.</strong></span> <span class='ocrx_word' id='word_1_4' title='bbox 96 382 102 387; x_wconf 93' lang='grc'>.</span> 
     </span>
    </p>
   </div>
   <div class='ocr_carea' id='block_1_2' title="bbox 144 394 161 427">
    <p class='ocr_par' dir='ltr' id='par_1_2' title="bbox 144 394 161 427">
     <span class='ocr_line' id='line_1_3' title="bbox 144 394 161 427; baseline 0 0"><span class='ocrx_word' id='word_1_5' title='bbox 144 394 161 427; x_wconf 72' lang='grc' dir='ltr'>ψ</span> 
     </span>
    </p>
   </div>
   <div class='ocr_carea' id='block_1_3' title="bbox 44 501 259 550">
    <p class='ocr_par' dir='ltr' id='par_1_3' title="bbox 44 501 259 550">
     <span class='ocr_line' id='line_1_4' title="bbox 45 501 259 529; baseline -0.009 -6"><span class='ocrx_word' id='word_1_6' title='bbox 45 503 55 513; x_wconf 75' lang='lat'><strong>&#39;⁴</strong></span> <span class='ocrx_word' id='word_1_7' title='bbox 65 508 91 524; x_wconf 84' lang='lat' dir='ltr'><strong>o:</strong></span> <span class='ocrx_word' id='word_1_8' title='bbox 105 501 172 529; x_wconf 82' lang='lat' dir='ltr'><strong>prob.</strong></span> <span class='ocrx_word' id='word_1_9' title='bbox 184 501 259 522; x_wconf 84' lang='lat' dir='ltr'><strong>minus</strong></span> 
     </span>
     <span class='ocr_line' id='line_1_5' title="bbox 44 535 106 550; baseline 0 0"><span class='ocrx_word' id='word_1_10' title='bbox 44 535 106 550; x_wconf 79' lang='lat' dir='ltr'><strong>esse.</strong></span> 
     </span>
    </p>
   </div>
   <div class='ocr_carea' id='block_1_4' title="bbox 45 665 259 719">
    <p class='ocr_par' dir='ltr' id='par_1_4' title="bbox 45 665 259 719">
     <span class='ocr_line' id='line_1_6' title="bbox 45 665 259 687; baseline -0.005 0"><span class='ocrx_word' id='word_1_11' title='bbox 45 666 56 677; x_wconf 69' lang='lat'><strong><em>⁴</em></strong></span> <span class='ocrx_word' id='word_1_12' title='bbox 67 665 134 687; x_wconf 80' lang='lat' dir='ltr'><strong>Enim</strong></span> <span class='ocrx_word' id='word_1_13' title='bbox 142 671 191 686; x_wconf 87' lang='lat' dir='ltr'><strong>om.</strong></span> <span class='ocrx_word' id='word_1_14' title='bbox 199 671 227 686; x_wconf 70' lang='grc' dir='ltr'><strong>ΑΒ</strong></span> <span class='ocrx_word' id='word_1_15' title='bbox 238 668 259 686; x_wconf 84' lang='lat' dir='ltr'><strong>et</strong></span> 
     </span>
     <span class='ocr_line' id='line_1_7' title="bbox 46 698 151 719; baseline 0 -6"><span class='ocrx_word' id='word_1_16' title='bbox 46 698 69 719; x_wconf 89' lang='lat' dir='ltr'><strong>p.</strong></span> <span class='ocrx_word' id='word_1_17' title='bbox 80 698 112 714; x_wconf 83' lang='lat' dir='ltr'><strong>m.</strong></span> <span class='ocrx_word' id='word_1_18' title='bbox 128 698 151 713; x_wconf 80' lang='grc' dir='ltr'><strong>κ.</strong></span> 
     </span>
    </p>
   </div>
   <div class='ocr_carea' id='block_1_5' title="bbox 44 776 258 824">
    <p class='ocr_par' dir='ltr' id='par_1_5' title="bbox 44 776 258 824">
     <span class='ocr_line' id='line_1_8' title="bbox 44 776 258 824; baseline -0.009 -26"><span class='ocrx_word' id='word_1_19' title='bbox 44 776 203 824; x_wconf 45' lang='grc' dir='ltr'><strong>’(Ξοιὲῥέἑὲκε.</strong></span> <span class='ocrx_word' id='word_1_20' title='bbox 212 777 258 797; x_wconf 63' lang='lat' dir='ltr'><strong>nn).</strong></span> 
     </span>
     <span class='ocr_line' id='line_1_9' title="bbox 47 809 178 824; baseline 0 -1"><span class='ocrx_word' id='word_1_21' title='bbox 47 814 57 818; x_wconf 96' lang='lat'>-</span> <span class='ocrx_word' id='word_1_22' title='bbox 69 809 93 824; x_wconf 72' lang='lat' dir='ltr'><strong>P:</strong></span> <span class='ocrx_word' id='word_1_23' title='bbox 120 809 128 823; x_wconf 83' lang='lat'><em>1</em></span> <span class='ocrx_word' id='word_1_24' title='bbox 173 819 178 823; x_wconf 91' lang='lat'><strong>.</strong></span> 
     </span>
    </p>
   </div>
   <div class='ocr_carea' id='block_1_6' title="bbox 48 930 228 958">
    <p class='ocr_par' dir='ltr' id='par_1_6' title="bbox 48 930 228 958">
     <span class='ocr_line' id='line_1_10' title="bbox 48 930 228 958; baseline 0 -7"><span class='ocrx_word' id='word_1_25' title='bbox 48 931 55 939; x_wconf 83' lang='lat'><strong>‘</strong></span> <span class='ocrx_word' id='word_1_26' title='bbox 71 930 130 958; x_wconf 70' lang='lat' dir='ltr'><strong>Cep.</strong></span> <span class='ocrx_word' id='word_1_27' title='bbox 140 936 155 957; x_wconf 85' lang='grc'><strong>1,</strong></span> <span class='ocrx_word' id='word_1_28' title='bbox 170 936 194 951; x_wconf 87' lang='grc'><strong>11.</strong></span> <span class='ocrx_word' id='word_1_29' title='bbox 205 937 228 958; x_wconf 89' lang='lat'><strong>9.</strong></span> 
     </span>
    </p>
   </div>
   <div class='ocr_carea' id='block_1_7' title="bbox 45 990 259 1011">
    <p class='ocr_par' dir='ltr' id='par_1_7' title="bbox 45 990 259 1011">
     <span class='ocr_line' id='line_1_11' title="bbox 45 990 259 1011; baseline 0 0"><span class='ocrx_word' id='word_1_30' title='bbox 45 990 57 1001; x_wconf 71' lang='lat'>⁸</span> <span class='ocrx_word' id='word_1_31' title='bbox 75 995 90 1011; x_wconf 87' lang='lat' dir='ltr'><strong>o</strong></span> <span class='ocrx_word' id='word_1_32' title='bbox 111 995 158 1011; x_wconf 85' lang='lat' dir='ltr'><strong>non</strong></span> <span class='ocrx_word' id='word_1_33' title='bbox 182 993 259 1011; x_wconf 85' lang='lat' dir='ltr'><strong>recte:</strong></span> 
     </span>
    </p>
   </div>
   <div class='ocr_carea' id='block_1_8' title="bbox 46 1015 261 1038">
    <p class='ocr_par' dir='ltr' id='par_1_8' title="bbox 46 1015 261 1038">
     <span class='ocr_line' id='line_1_12' title="bbox 46 1015 261 1038; baseline -0.005 0"><span class='ocrx_word' id='word_1_34' title='bbox 46 1015 261 1038; x_wconf 54' lang='lat' dir='ltr'><strong>&amp;demonstratio-</strong></span> 
     </span>
    </p>
   </div>
   <div class='ocr_carea' id='block_1_9' title="bbox 46 1041 224 1064">
    <p class='ocr_par' dir='ltr' id='par_1_9' title="bbox 46 1041 224 1064">
     <span class='ocr_line' id='line_1_13' title="bbox 46 1041 224 1064; baseline -0.006 0"><span class='ocrx_word' id='word_1_35' title='bbox 46 1041 114 1064; x_wconf 68' lang='lat' dir='ltr'><strong>nibus</strong></span> <span class='ocrx_word' id='word_1_36' title='bbox 128 1048 224 1064; x_wconf 80' lang='lat' dir='ltr'><strong>conven.</strong></span> 
     </span>
    </p>
   </div>
   <div class='ocr_carea' id='block_1_10' title="bbox 0 1142 259 1222">
    <p class='ocr_par' dir='ltr' id='par_1_10' title="bbox 0 1142 259 1222">
     <span class='ocr_line' id='line_1_14' title="bbox 47 1142 259 1170; baseline 0 -5"><span class='ocrx_word' id='word_1_37' title='bbox 47 1143 56 1151; x_wconf 83' lang='lat'><strong>‘</strong></span> <span class='ocrx_word' id='word_1_38' title='bbox 69 1142 133 1165; x_wconf 60' lang='lat' dir='ltr'><strong>laet.</strong></span> <span class='ocrx_word' id='word_1_39' title='bbox 144 1149 193 1170; x_wconf 79' lang='lat' dir='ltr'><strong>xui,</strong></span> <span class='ocrx_word' id='word_1_40' title='bbox 205 1149 228 1165; x_wconf 90' lang='lat' dir='ltr'><strong>n.</strong></span> <span class='ocrx_word' id='word_1_41' title='bbox 253 1159 259 1165; x_wconf 92' lang='lat'><strong>.</strong></span> 
     </span>
     <span class='ocr_line' id='line_1_15' title="bbox 0 1150 259 1222; baseline 0.004 -31"><span class='ocrx_word' id='word_1_42' title='bbox 0 1182 2 1186; x_wconf 40' lang='grc' dir='ltr'><em>ν</em></span> <span class='ocrx_word' id='word_1_43' title='bbox 45 1150 259 1222; x_wconf 53' lang='grc' dir='ltr'><strong>ι-(ἔὶιξαφηεωέ.</strong></span> 
     </span>
    </p>
   </div>
   <div class='ocr_carea' id='block_1_11' title="bbox 47 1677 262 1704">
    <p class='ocr_par' dir='ltr' id='par_1_11' title="bbox 47 1677 262 1704">
     <span class='ocr_line' id='line_1_16' title="bbox 47 1677 262 1704; baseline -0.005 -4"><span class='ocrx_word' id='word_1_44' title='bbox 47 1677 142 1700; x_wconf 51' lang='lat' dir='ltr'><strong>&#39;ouh</strong></span> <span class='ocrx_word' id='word_1_45' title='bbox 242 1679 262 1704; x_wconf 83' lang='lat' dir='ltr'><strong>t,-</strong></span> 
     </span>
    </p>
   </div>
   <div class='ocr_carea' id='block_1_12' title="bbox 43 1709 174 1740">
    <p class='ocr_par' dir='ltr' id='par_1_12' title="bbox 43 1709 174 1740">
     <span class='ocr_line' id='line_1_17' title="bbox 43 1709 174 1740; baseline -0.008 -13"><span class='ocrx_word' id='word_1_46' title='bbox 43 1709 122 1740; x_wconf 45' lang='lat' dir='ltr'><strong>&#39;m&#39;</strong></span> <span class='ocrx_word' id='word_1_47' title='bbox 168 1721 174 1726; x_wconf 91' lang='lat'><strong>.</strong></span> 
     </span>
    </p>
   </div>
   <div class='ocr_carea' id='block_1_13' title="bbox 70 1730 261 1754">
    <p class='ocr_par' dir='ltr' id='par_1_13' title="bbox 70 1730 261 1754">
     <span class='ocr_line' id='line_1_18' title="bbox 70 1730 261 1754; baseline -0.005 0"><span class='ocrx_word' id='word_1_48' title='bbox 70 1730 261 1754; x_wconf 63' lang='lat' dir='ltr'><strong>Codd.-nin-</strong></span> 
     </span>
    </p>
   </div>
   <div class='ocr_carea' id='block_1_14' title="bbox 45 1759 108 1780">
    <p class='ocr_par' dir='ltr' id='par_1_14' title="bbox 45 1759 108 1780">
     <span class='ocr_line' id='line_1_19' title="bbox 45 1759 108 1780; baseline 0 -1"><span class='ocrx_word' id='word_1_49' title='bbox 45 1759 108 1780; x_wconf 69' lang='lat' dir='ltr'><strong>nm.</strong></span> 
     </span>
    </p>
   </div>
   <div class='ocr_carea' id='block_1_15' title="bbox 46 1838 260 1861">
    <p class='ocr_par' dir='ltr' id='par_1_15' title="bbox 46 1838 260 1861">
     <span class='ocr_line' id='line_1_20' title="bbox 46 1838 260 1861; baseline 0 -1"><span class='ocrx_word' id='word_1_50' title='bbox 46 1839 55 1848; x_wconf 90' lang='grc'><em>·</em></span> <span class='ocrx_word' id='word_1_51' title='bbox 64 1843 110 1860; x_wconf 71' lang='lat' dir='ltr'><strong>m</strong></span> <span class='ocrx_word' id='word_1_52' title='bbox 117 1843 167 1861; x_wconf 82' lang='lat' dir='ltr'><strong>om.</strong></span> <span class='ocrx_word' id='word_1_53' title='bbox 177 1838 260 1860; x_wconf 63' lang='lat' dir='ltr'><strong>etiam.</strong></span> 
     </span>
    </p>
   </div>
   <div class='ocr_carea' id='block_1_16' title="bbox 1029 254 1630 300">
    <p class='ocr_par' dir='ltr' id='par_1_16' title="bbox 1029 254 1630 300">
     <span class='ocr_line' id='line_1_21' title="bbox 1029 254 1630 300; baseline 0.005 -11"><span class='ocrx_word' id='word_1_54' title='bbox 1029 254 1142 290; x_wconf 84' lang='lat' dir='ltr'><strong>CAP.</strong></span> <span class='ocrx_word' id='word_1_55' title='bbox 1172 254 1273 300; x_wconf 93' lang='lat' dir='ltr'><strong>XVI,</strong></span> <span class='ocrx_word' id='word_1_56' title='bbox 1304 255 1456 291; x_wconf 91' lang='lat' dir='ltr'><strong>LECT.</strong></span> <span class='ocrx_word' id='word_1_57' title='bbox 1487 256 1630 292; x_wconf 89' lang='lat' dir='ltr'>XXVII</span> 
     </span>
    </p>
   </div>
   <div class='ocr_carea' id='block_1_17' title="bbox 281 330 1358 1234">
    <p class='ocr_par' dir='ltr' id='par_1_17' title="bbox 287 330 1357 486">
     <span class='ocr_line' id='line_1_22' title="bbox 288 330 1356 380; baseline 0 -10"><span class='ocrx_word' id='word_1_58' title='bbox 288 332 415 370; x_wconf 88' lang='lat' dir='ltr'><strong>esseB</strong></span> <span class='ocrx_word' id='word_1_59' title='bbox 432 330 571 380; x_wconf 91' lang='lat' dir='ltr'><strong>primo.</strong></span> <span class='ocrx_word' id='word_1_60' title='bbox 593 331 747 368; x_wconf 90' lang='lat' dir='ltr'>Dictum</span> <span class='ocrx_word' id='word_1_61' title='bbox 768 339 824 368; x_wconf 91' lang='lat' dir='ltr'><strong>est</strong></span> <span class='ocrx_word' id='word_1_62' title='bbox 845 339 973 368; x_wconf 88' lang='lat' dir='ltr'><strong>autem</strong></span> <span class='ocrx_word' id='word_1_63' title='bbox 1004 344 1118 380; x_wconf 90' lang='lat' dir='ltr'><strong>supra</strong></span> <span class='ocrx_word' id='word_1_64' title='bbox 1144 334 1163 353; x_wconf 58' lang='lat'><strong>²⁸</strong></span> <span class='ocrx_word' id='word_1_65' title='bbox 1188 332 1268 369; x_wconf 89' lang='lat' dir='ltr'><strong>illas</strong></span> <span class='ocrx_word' id='word_1_66' title='bbox 1292 346 1356 370; x_wconf 93' lang='lat' dir='ltr'><strong>ne—</strong></span> 
     </span>
     <span class='ocr_line' id='line_1_23' title="bbox 287 383 1357 434; baseline 0.002 -13"><span class='ocrx_word' id='word_1_67' title='bbox 287 385 432 434; x_wconf 88' lang='lat' dir='ltr'><strong>gativas</strong></span> <span class='ocrx_word' id='word_1_68' title='bbox 465 397 549 421; x_wconf 90' lang='lat' dir='ltr'><strong>esse</strong></span> <span class='ocrx_word' id='word_1_69' title='bbox 584 384 826 421; x_wconf 90' lang='lat' dir='ltr'><strong>immediatas</strong></span> <span class='ocrx_word' id='word_1_70' title='bbox 854 383 891 430; x_wconf 66' lang='grc' dir='ltr'><strong>Ψ,</strong></span> <span class='ocrx_word' id='word_1_71' title='bbox 924 396 1087 432; x_wconf 90' lang='lat' dir='ltr'><strong>quarum</strong></span> <span class='ocrx_word' id='word_1_72' title='bbox 1118 393 1251 422; x_wconf 85' lang='lat' dir='ltr'>neuter</span> <span class='ocrx_word' id='word_1_73' title='bbox 1284 394 1357 423; x_wconf 90' lang='lat' dir='ltr'><strong>ter-</strong></span> 
     </span>
     <span class='ocr_line' id='line_1_24' title="bbox 288 438 943 486; baseline -0.002 -12"><span class='ocrx_word' id='word_1_74' title='bbox 288 438 483 479; x_wconf 86' lang='lat' dir='ltr'><strong>minorum</strong></span> <span class='ocrx_word' id='word_1_75' title='bbox 514 445 569 474; x_wconf 91' lang='lat' dir='ltr'><strong>est</strong></span> <span class='ocrx_word' id='word_1_76' title='bbox 596 439 667 474; x_wconf 90' lang='lat' dir='ltr'><strong>sub</strong></span> <span class='ocrx_word' id='word_1_77' title='bbox 697 438 822 486; x_wconf 92' lang='lat' dir='ltr'><strong>aliquo</strong></span> <span class='ocrx_word' id='word_1_78' title='bbox 852 446 943 474; x_wconf 92' lang='lat' dir='ltr'><strong>toto.</strong></span> 
     </span>
    </p>

    <p class='ocr_par' dir='ltr' id='par_1_18' title="bbox 281 491 1358 1234">
     <span class='ocr_line' id='line_1_25' title="bbox 342 491 1356 540; baseline 0.001 -12"><span class='ocrx_word' id='word_1_79' title='bbox 342 491 420 528; x_wconf 87' lang='lat' dir='ltr'><strong>Sed</strong></span> <span class='ocrx_word' id='word_1_80' title='bbox 439 491 591 528; x_wconf 91' lang='lat' dir='ltr'><strong>videtur</strong></span> <span class='ocrx_word' id='word_1_81' title='bbox 614 491 709 527; x_wconf 89' lang='lat' dir='ltr'><strong>haec</strong></span> <span class='ocrx_word' id='word_1_82' title='bbox 727 491 902 540; x_wconf 92' lang='lat' dir='ltr'><strong>probatio</strong></span> <span class='ocrx_word' id='word_1_83' title='bbox 924 503 1001 527; x_wconf 91' lang='lat' dir='ltr'><strong>non</strong></span> <span class='ocrx_word' id='word_1_84' title='bbox 1018 503 1101 528; x_wconf 91' lang='lat' dir='ltr'><strong>esse</strong></span> <span class='ocrx_word' id='word_1_85' title='bbox 1117 493 1136 511; x_wconf 68' lang='lat'><strong>⁴⁵</strong></span> <span class='ocrx_word' id='word_1_86' title='bbox 1153 492 1356 540; x_wconf 90' lang='lat' dir='ltr'><strong>sufficiens,</strong></span> 
     </span>
     <span class='ocr_line' id='line_1_26' title="bbox 288 544 1356 594; baseline 0.002 -13"><span class='ocrx_word' id='word_1_87' title='bbox 288 544 377 594; x_wconf 89' lang='lat' dir='ltr'><strong>quia</strong></span> <span class='ocrx_word' id='word_1_88' title='bbox 406 544 454 581; x_wconf 91' lang='lat' dir='ltr'><strong>de</strong></span> <span class='ocrx_word' id='word_1_89' title='bbox 483 557 530 581; x_wconf 91' lang='lat' dir='ltr'><strong>eo</strong></span> <span class='ocrx_word' id='word_1_90' title='bbox 556 544 670 580; x_wconf 90' lang='lat' dir='ltr'><strong>etiam</strong></span> <span class='ocrx_word' id='word_1_91' title='bbox 700 545 805 592; x_wconf 91' lang='lat' dir='ltr'><strong>quod</strong></span> <span class='ocrx_word' id='word_1_92' title='bbox 825 557 904 583; x_wconf 89' lang='lat' dir='ltr'><strong>non</strong></span> <span class='ocrx_word' id='word_1_93' title='bbox 933 552 989 581; x_wconf 92' lang='lat' dir='ltr'><strong>est</strong></span> <span class='ocrx_word' id='word_1_94' title='bbox 1016 545 1087 580; x_wconf 90' lang='lat' dir='ltr'><strong>sub</strong></span> <span class='ocrx_word' id='word_1_95' title='bbox 1108 544 1234 593; x_wconf 89' lang='lat' dir='ltr'><strong>aliquo</strong></span> <span class='ocrx_word' id='word_1_96' title='bbox 1264 553 1356 593; x_wconf 93' lang='lat' dir='ltr'><strong>tot0,</strong></span> 
     </span>
     <span class='ocr_line' id='line_1_27' title="bbox 287 597 1358 646; baseline 0.002 -12"><span class='ocrx_word' id='word_1_97' title='bbox 287 598 384 634; x_wconf 91' lang='lat' dir='ltr'><strong>sicut</strong></span> <span class='ocrx_word' id='word_1_98' title='bbox 412 597 557 646; x_wconf 89' lang='lat' dir='ltr'><strong>species</strong></span> <span class='ocrx_word' id='word_1_99' title='bbox 595 598 665 634; x_wconf 91' lang='lat' dir='ltr'><strong>sub</strong></span> <span class='ocrx_word' id='word_1_100' title='bbox 695 610 851 644; x_wconf 84' lang='lat' dir='ltr'><strong>genere,</strong></span> <span class='ocrx_word' id='word_1_101' title='bbox 878 605 1004 646; x_wconf 92' lang='lat' dir='ltr'><strong>potest</strong></span> <span class='ocrx_word' id='word_1_102' title='bbox 1032 597 1173 646; x_wconf 90' lang='lat' dir='ltr'><strong>aliquid</strong></span> <span class='ocrx_word' id='word_1_103' title='bbox 1206 599 1358 636; x_wconf 89' lang='lat' dir='ltr'><strong>univer-</strong></span> 
     </span>
     <span class='ocr_line' id='line_1_28' title="bbox 288 650 1357 699; baseline 0.002 -11"><span class='ocrx_word' id='word_1_104' title='bbox 288 651 412 689; x_wconf 91' lang='lat' dir='ltr'><strong>saliter</strong></span> <span class='ocrx_word' id='word_1_105' title='bbox 426 650 647 699; x_wconf 90' lang='lat' dir='ltr'><strong>praedicari.</strong></span> <span class='ocrx_word' id='word_1_106' title='bbox 666 652 758 687; x_wconf 91' lang='lat' dir='ltr'><strong>Non</strong></span> <span class='ocrx_word' id='word_1_107' title='bbox 774 651 875 687; x_wconf 91' lang='lat' dir='ltr'><strong>enim</strong></span> <span class='ocrx_word' id='word_1_108' title='bbox 889 653 909 674; x_wconf 62' lang='lat'><strong>&#39;³‘</strong></span> <span class='ocrx_word' id='word_1_109' title='bbox 925 652 1051 688; x_wconf 93' lang='lat' dir='ltr'><strong>solum</strong></span> <span class='ocrx_word' id='word_1_110' title='bbox 1071 663 1190 699; x_wconf 89' lang='lat' dir='ltr'><strong>genus</strong></span> <span class='ocrx_word' id='word_1_111' title='bbox 1206 660 1270 689; x_wconf 91' lang='lat' dir='ltr'><strong>aut</strong></span> <span class='ocrx_word' id='word_1_112' title='bbox 1290 653 1357 690; x_wconf 81' lang='lat' dir='ltr'><strong>dis-</strong></span> 
     </span>
     <span class='ocr_line' id='line_1_29' title="bbox 287 704 1357 755; baseline 0.002 -14"><span class='ocrx_word' id='word_1_113' title='bbox 287 704 444 742; x_wconf 85' lang='lat' dir='ltr'><strong>ferentia</strong></span> <span class='ocrx_word' id='word_1_114' title='bbox 470 704 733 741; x_wconf 88' lang='lat' dir='ltr'><strong>universaliter</strong></span> <span class='ocrx_word' id='word_1_115' title='bbox 759 705 1009 754; x_wconf 90' lang='lat' dir='ltr'><strong>praedicatur,</strong></span> <span class='ocrx_word' id='word_1_116' title='bbox 1032 704 1099 741; x_wconf 94' lang='lat' dir='ltr'><strong>sed</strong></span> <span class='ocrx_word' id='word_1_117' title='bbox 1129 705 1241 742; x_wconf 89' lang='lat' dir='ltr'><strong>etiam</strong></span> <span class='ocrx_word' id='word_1_118' title='bbox 1270 719 1357 755; x_wconf 92' lang='lat' dir='ltr'><strong>pro-</strong></span> 
     </span>
     <span class='ocr_line' id='line_1_30' title="bbox 286 757 1357 808; baseline 0.002 -13"><span class='ocrx_word' id='word_1_119' title='bbox 286 758 425 807; x_wconf 92' lang='lat' dir='ltr'><strong>prium.</strong></span> <span class='ocrx_word' id='word_1_120' title='bbox 442 779 467 786; x_wconf 96' lang='lat'><em>-</em></span> <span class='ocrx_word' id='word_1_121' title='bbox 484 758 562 795; x_wconf 90' lang='lat' dir='ltr'><strong>Sed</strong></span> <span class='ocrx_word' id='word_1_122' title='bbox 582 757 789 795; x_wconf 92' lang='lat' dir='ltr'><strong>dicendum</strong></span> <span class='ocrx_word' id='word_1_123' title='bbox 811 767 866 795; x_wconf 93' lang='lat' dir='ltr'><strong>est</strong></span> <span class='ocrx_word' id='word_1_124' title='bbox 885 758 991 808; x_wconf 91' lang='lat' dir='ltr'><strong>quod</strong></span> <span class='ocrx_word' id='word_1_125' title='bbox 1014 758 1100 795; x_wconf 89' lang='lat' dir='ltr'><strong>licet</strong></span> <span class='ocrx_word' id='word_1_126' title='bbox 1126 760 1321 806; x_wconf 90' lang='lat' dir='ltr'><strong>praedicta</strong></span> <span class='ocrx_word' id='word_1_127' title='bbox 1337 761 1357 782; x_wconf 77' lang='lat'><strong>&#39;¹‘</strong></span> 
     </span>
     <span class='ocr_line' id='line_1_31' title="bbox 286 812 1355 861; baseline 0.002 -13"><span class='ocrx_word' id='word_1_128' title='bbox 286 812 462 860; x_wconf 90' lang='lat' dir='ltr'><strong>probatio</strong></span> <span class='ocrx_word' id='word_1_129' title='bbox 491 824 570 848; x_wconf 94' lang='lat' dir='ltr'><strong>non</strong></span> <span class='ocrx_word' id='word_1_130' title='bbox 599 812 644 848; x_wconf 91' lang='lat' dir='ltr'><strong>sit</strong></span> <span class='ocrx_word' id='word_1_131' title='bbox 673 812 823 858; x_wconf 84' lang='lat' dir='ltr'><strong>efficax,</strong></span> <span class='ocrx_word' id='word_1_132' title='bbox 855 812 1110 849; x_wconf 89' lang='lat' dir='ltr'><strong>communiter</strong></span> <span class='ocrx_word' id='word_1_133' title='bbox 1143 813 1355 861; x_wconf 90' lang='lat' dir='ltr'><strong>loquendo,</strong></span> 
     </span>
     <span class='ocr_line' id='line_1_32' title="bbox 288 865 1356 915; baseline 0.001 -13"><span class='ocrx_word' id='word_1_134' title='bbox 288 873 345 903; x_wconf 87' lang='lat' dir='ltr'><strong>est</strong></span> <span class='ocrx_word' id='word_1_135' title='bbox 362 873 492 902; x_wconf 90' lang='lat' dir='ltr'><strong>tamen</strong></span> <span class='ocrx_word' id='word_1_136' title='bbox 512 865 647 901; x_wconf 88' lang='lat' dir='ltr'><strong>efficax</strong></span> <span class='ocrx_word' id='word_1_137' title='bbox 666 866 704 902; x_wconf 94' lang='lat' dir='ltr'><strong>in</strong></span> <span class='ocrx_word' id='word_1_138' title='bbox 723 867 932 915; x_wconf 77' lang='lat' dir='ltr'><strong>proposito,</strong></span> <span class='ocrx_word' id='word_1_139' title='bbox 956 865 1068 912; x_wconf 83' lang='lat' dir='ltr'><strong>Quia,</strong></span> <span class='ocrx_word' id='word_1_140' title='bbox 1086 865 1181 902; x_wconf 88' lang='lat' dir='ltr'><strong>sicut</strong></span> <span class='ocrx_word' id='word_1_141' title='bbox 1201 866 1238 903; x_wconf 93' lang='lat' dir='ltr'><strong>in</strong></span> <span class='ocrx_word' id='word_1_142' title='bbox 1255 869 1267 903; x_wconf 98' lang='lat' dir='ltr'>I</span> <span class='ocrx_word' id='word_1_143' title='bbox 1285 868 1356 903; x_wconf 87' lang='lat' dir='ltr'><strong>To-</strong></span> 
     </span>
     <span class='ocr_line' id='line_1_33' title="bbox 281 918 1356 968; baseline 0.001 -13"><span class='ocrx_word' id='word_1_144' title='bbox 281 919 458 967; x_wconf 88' lang='lat' dir='ltr'><strong>picorum</strong></span> <span class='ocrx_word' id='word_1_145' title='bbox 476 919 496 940; x_wconf 83' lang='grc'>*</span> <span class='ocrx_word' id='word_1_146' title='bbox 511 918 657 965; x_wconf 91' lang='lat' dir='ltr'><strong>dicitur,</strong></span> <span class='ocrx_word' id='word_1_147' title='bbox 672 919 950 968; x_wconf 84' lang='lat' dir='ltr'>paralogismus</span> <span class='ocrx_word' id='word_1_148' title='bbox 967 918 1196 967; x_wconf 89' lang='lat' dir='ltr'><strong>disciplinae,</strong></span> <span class='ocrx_word' id='word_1_149' title='bbox 1216 920 1263 956; x_wconf 92' lang='lat' dir='ltr'><strong>de</strong></span> <span class='ocrx_word' id='word_1_150' title='bbox 1279 933 1356 968; x_wconf 94' lang='lat' dir='ltr'><strong>quo</strong></span> 
     </span>
     <span class='ocr_line' id='line_1_34' title="bbox 287 972 1358 1021; baseline 0.002 -13"><span class='ocrx_word' id='word_1_151' title='bbox 287 972 349 1009; x_wconf 91' lang='lat' dir='ltr'><strong>hic</strong></span> <span class='ocrx_word' id='word_1_152' title='bbox 377 972 558 1021; x_wconf 89' lang='lat' dir='ltr'><strong>loquitur,</strong></span> <span class='ocrx_word' id='word_1_153' title='bbox 588 972 761 1020; x_wconf 88' lang='lat' dir='ltr'><strong>procedit</strong></span> <span class='ocrx_word' id='word_1_154' title='bbox 789 985 834 1009; x_wconf 88' lang='lat' dir='ltr'><strong>ex</strong></span> <span class='ocrx_word' id='word_1_155' title='bbox 863 972 1178 1011; x_wconf 88' lang='lat' dir='ltr'><strong>convenientibus</strong></span> <span class='ocrx_word' id='word_1_156' title='bbox 1204 974 1223 994; x_wconf 62' lang='lat'><strong>²¹²</strong></span> <span class='ocrx_word' id='word_1_157' title='bbox 1250 973 1358 1010; x_wconf 91' lang='lat' dir='ltr'><strong>disci-</strong></span> 
     </span>
     <span class='ocr_line' id='line_1_35' title="bbox 287 1025 1357 1074; baseline 0 -12"><span class='ocrx_word' id='word_1_158' title='bbox 287 1025 424 1074; x_wconf 87' lang='lat' dir='ltr'><strong>plinae.</strong></span> <span class='ocrx_word' id='word_1_159' title='bbox 445 1025 557 1063; x_wconf 91' lang='lat' dir='ltr'><strong>Unde</strong></span> <span class='ocrx_word' id='word_1_160' title='bbox 586 1025 744 1063; x_wconf 88' lang='lat' dir='ltr'><strong>intendit</strong></span> <span class='ocrx_word' id='word_1_161' title='bbox 771 1026 824 1062; x_wconf 88' lang='lat' dir='ltr'><strong>uti</strong></span> <span class='ocrx_word' id='word_1_162' title='bbox 849 1027 984 1063; x_wconf 90' lang='lat' dir='ltr'><strong>talibus</strong></span> <span class='ocrx_word' id='word_1_163' title='bbox 1013 1025 1160 1071; x_wconf 91' lang='lat' dir='ltr'><strong>mediis,</strong></span> <span class='ocrx_word' id='word_1_164' title='bbox 1182 1026 1357 1074; x_wconf 89' lang='lat' dir='ltr'><strong>qualibus</strong></span> 
     </span>
     <span class='ocr_line' id='line_1_36' title="bbox 286 1078 1356 1117; baseline 0 -2"><span class='ocrx_word' id='word_1_165' title='bbox 286 1078 403 1115; x_wconf 89' lang='lat' dir='ltr'><strong>utitur</strong></span> <span class='ocrx_word' id='word_1_166' title='bbox 436 1079 727 1117; x_wconf 90' lang='lat' dir='ltr'><strong>demonstrator.</strong></span> <span class='ocrx_word' id='word_1_167' title='bbox 755 1079 1099 1116; x_wconf 88' lang='lat' dir='ltr'><strong>Demonstrationis</strong></span> <span class='ocrx_word' id='word_1_168' title='bbox 1128 1086 1257 1115; x_wconf 92' lang='lat' dir='ltr'><strong>autem</strong></span> <span class='ocrx_word' id='word_1_169' title='bbox 1277 1091 1356 1115; x_wconf 90' lang='lat' dir='ltr'><strong>me-</strong></span> 
     </span>
     <span class='ocr_line' id='line_1_37' title="bbox 289 1131 1357 1181; baseline 0.001 -13"><span class='ocrx_word' id='word_1_170' title='bbox 289 1131 395 1168; x_wconf 90' lang='lat' dir='ltr'><strong>dium</strong></span> <span class='ocrx_word' id='word_1_171' title='bbox 424 1139 480 1168; x_wconf 93' lang='lat' dir='ltr'><strong>est</strong></span> <span class='ocrx_word' id='word_1_172' title='bbox 508 1132 697 1178; x_wconf 89' lang='lat' dir='ltr'><strong>definitio,</strong></span> <span class='ocrx_word' id='word_1_173' title='bbox 727 1141 769 1169; x_wconf 92' lang='lat' dir='ltr'><strong>ut</strong></span> <span class='ocrx_word' id='word_1_174' title='bbox 796 1145 911 1181; x_wconf 89' lang='lat' dir='ltr'><strong>supra</strong></span> <span class='ocrx_word' id='word_1_175' title='bbox 931 1135 949 1152; x_wconf 60' lang='lat'><strong>⁹⁵</strong></span> <span class='ocrx_word' id='word_1_176' title='bbox 977 1132 1119 1169; x_wconf 91' lang='lat' dir='ltr'><strong>dictum</strong></span> <span class='ocrx_word' id='word_1_177' title='bbox 1149 1140 1215 1168; x_wconf 90' lang='lat' dir='ltr'><strong>est.</strong></span> <span class='ocrx_word' id='word_1_178' title='bbox 1245 1133 1357 1169; x_wconf 89' lang='lat' dir='ltr'><strong>Unde</strong></span> 
     </span>
     <span class='ocr_line' id='line_1_38' title="bbox 289 1185 1357 1234; baseline 0 -13"><span class='ocrx_word' id='word_1_179' title='bbox 289 1192 325 1222; x_wconf 90' lang='lat' dir='ltr'><strong>et</strong></span> <span class='ocrx_word' id='word_1_180' title='bbox 352 1185 594 1232; x_wconf 88' lang='lat' dir='ltr'><strong>syllogismus</strong></span> <span class='ocrx_word' id='word_1_181' title='bbox 616 1187 646 1232; x_wconf 84' lang='lat'><strong>*,</strong></span> <span class='ocrx_word' id='word_1_182' title='bbox 668 1186 715 1223; x_wconf 94' lang='lat' dir='ltr'><strong>de</strong></span> <span class='ocrx_word' id='word_1_183' title='bbox 737 1198 813 1234; x_wconf 92' lang='lat' dir='ltr'><strong>quo</strong></span> <span class='ocrx_word' id='word_1_184' title='bbox 842 1186 904 1222; x_wconf 91' lang='lat' dir='ltr'><strong>hic</strong></span> <span class='ocrx_word' id='word_1_185' title='bbox 923 1185 1106 1234; x_wconf 93' lang='lat' dir='ltr'><strong>loquitur,</strong></span> <span class='ocrx_word' id='word_1_186' title='bbox 1127 1185 1286 1222; x_wconf 90' lang='lat' dir='ltr'><strong>intendit</strong></span> <span class='ocrx_word' id='word_1_187' title='bbox 1305 1185 1357 1221; x_wconf 90' lang='lat' dir='ltr'><strong>uti</strong></span> 
     </span>
    </p>
   </div>
   <div class='ocr_carea' id='block_1_18' title="bbox 248 1237 1359 1447">
    <p class='ocr_par' dir='ltr' id='par_1_19' title="bbox 248 1237 1359 1447">
     <span class='ocr_line' id='line_1_39' title="bbox 249 1237 1359 1286; baseline 0.001 -12"><span class='ocrx_word' id='word_1_188' title='bbox 249 1248 260 1274; x_wconf 87' lang='grc'><strong>.·</strong></span> <span class='ocrx_word' id='word_1_189' title='bbox 288 1237 510 1274; x_wconf 90' lang='lat' dir='ltr'><strong>definitione</strong></span> <span class='ocrx_word' id='word_1_190' title='bbox 538 1250 609 1286; x_wconf 91' lang='lat' dir='ltr'><strong>pro</strong></span> <span class='ocrx_word' id='word_1_191' title='bbox 645 1239 787 1276; x_wconf 90' lang='lat' dir='ltr'><strong>medio.</strong></span> <span class='ocrx_word' id='word_1_192' title='bbox 815 1238 997 1276; x_wconf 89' lang='lat' dir='ltr'><strong>Definitio</strong></span> <span class='ocrx_word' id='word_1_193' title='bbox 1033 1245 1162 1274; x_wconf 91' lang='lat' dir='ltr'><strong>autem</strong></span> <span class='ocrx_word' id='word_1_194' title='bbox 1192 1238 1359 1275; x_wconf 89' lang='lat' dir='ltr'><strong>continet</strong></span> 
     </span>
     <span class='ocr_line' id='line_1_40' title="bbox 248 1290 1357 1340; baseline 0.001 -13"><span class='ocrx_word' id='word_1_195' title='bbox 248 1301 259 1328; x_wconf 91' lang='grc'><strong>.·</strong></span> <span class='ocrx_word' id='word_1_196' title='bbox 286 1302 406 1340; x_wconf 88' lang='lat' dir='ltr'><strong>genus</strong></span> <span class='ocrx_word' id='word_1_197' title='bbox 423 1298 459 1328; x_wconf 93' lang='lat' dir='ltr'><strong>et</strong></span> <span class='ocrx_word' id='word_1_198' title='bbox 478 1291 731 1330; x_wconf 88' lang='lat' dir='ltr'><strong>differentiam</strong></span> <span class='ocrx_word' id='word_1_199' title='bbox 749 1294 779 1330; x_wconf 88' lang='lat'><strong>*.</strong></span> <span class='ocrx_word' id='word_1_200' title='bbox 800 1293 912 1330; x_wconf 91' lang='lat' dir='ltr'><strong>Unde</strong></span> <span class='ocrx_word' id='word_1_201' title='bbox 932 1298 1083 1340; x_wconf 89' lang='lat' dir='ltr'><strong>oportet</strong></span> <span class='ocrx_word' id='word_1_202' title='bbox 1097 1290 1135 1328; x_wconf 93' lang='lat' dir='ltr'><strong>id</strong></span> <span class='ocrx_word' id='word_1_203' title='bbox 1150 1292 1255 1340; x_wconf 91' lang='lat' dir='ltr'><strong>quod</strong></span> <span class='ocrx_word' id='word_1_204' title='bbox 1275 1291 1357 1328; x_wconf 88' lang='lat' dir='ltr'><strong>uni-</strong></span> 
     </span>
     <span class='ocr_line' id='line_1_41' title="bbox 248 1344 1357 1395; baseline 0 -13"><span class='ocrx_word' id='word_1_205' title='bbox 248 1376 258 1382; x_wconf 87' lang='lat'><strong><em>.</em></strong></span> <span class='ocrx_word' id='word_1_206' title='bbox 286 1344 482 1393; x_wconf 85' lang='lat' dir='ltr'><strong>versaliter</strong></span> <span class='ocrx_word' id='word_1_207' title='bbox 499 1346 739 1395; x_wconf 82' lang='lat' dir='ltr'><strong>praedicatur</strong></span> <span class='ocrx_word' id='word_1_208' title='bbox 758 1346 796 1383; x_wconf 91' lang='lat' dir='ltr'><strong>in</strong></span> <span class='ocrx_word' id='word_1_209' title='bbox 815 1346 890 1382; x_wconf 94' lang='lat' dir='ltr'><strong>hoc</strong></span> <span class='ocrx_word' id='word_1_210' title='bbox 910 1344 1142 1393; x_wconf 87' lang='lat' dir='ltr'><strong>syllogismo,</strong></span> <span class='ocrx_word' id='word_1_211' title='bbox 1164 1344 1357 1382; x_wconf 91' lang='lat' dir='ltr'><strong>continere</strong></span> 
     </span>
     <span class='ocr_line' id='line_1_42' title="bbox 259 1396 1141 1447; baseline -0.001 -12"><span class='ocrx_word' id='word_1_212' title='bbox 259 1404 262 1405; x_wconf 72' lang='grc'>’</span> <span class='ocrx_word' id='word_1_213' title='bbox 286 1397 337 1445; x_wconf 76' lang='lat' dir='ltr'><strong>id,</strong></span> <span class='ocrx_word' id='word_1_214' title='bbox 357 1396 396 1435; x_wconf 89' lang='lat' dir='ltr'><strong>in</strong></span> <span class='ocrx_word' id='word_1_215' title='bbox 425 1411 502 1447; x_wconf 94' lang='lat' dir='ltr'><strong>quo</strong></span> <span class='ocrx_word' id='word_1_216' title='bbox 533 1407 588 1436; x_wconf 90' lang='lat' dir='ltr'><strong>est</strong></span> <span class='ocrx_word' id='word_1_217' title='bbox 613 1399 839 1446; x_wconf 90' lang='lat' dir='ltr'><strong>subiectum,</strong></span> <span class='ocrx_word' id='word_1_218' title='bbox 860 1398 956 1436; x_wconf 90' lang='lat' dir='ltr'><strong>sicut</strong></span> <span class='ocrx_word' id='word_1_219' title='bbox 983 1398 1021 1434; x_wconf 91' lang='lat' dir='ltr'><strong>in</strong></span> <span class='ocrx_word' id='word_1_220' title='bbox 1049 1406 1141 1435; x_wconf 91' lang='lat' dir='ltr'><strong>toto.</strong></span> 
     </span>
    </p>
   </div>
   <div class='ocr_carea' id='block_1_19' title="bbox 341 1451 1357 1500">
    <p class='ocr_par' dir='ltr' id='par_1_20' title="bbox 341 1451 1357 1500">
     <span class='ocr_line' id='line_1_43' title="bbox 341 1451 1357 1500; baseline -0.001 -12"><span class='ocrx_word' id='word_1_221' title='bbox 341 1451 459 1498; x_wconf 91' lang='lat' dir='ltr'><strong>Quod</strong></span> <span class='ocrx_word' id='word_1_222' title='bbox 488 1459 617 1490; x_wconf 89' lang='lat' dir='ltr'><strong>autem</strong></span> <span class='ocrx_word' id='word_1_223' title='bbox 637 1455 672 1490; x_wconf 95' lang='lat' dir='ltr'>A</span> <span class='ocrx_word' id='word_1_224' title='bbox 691 1465 770 1490; x_wconf 90' lang='lat' dir='ltr'><strong>non</strong></span> <span class='ocrx_word' id='word_1_225' title='bbox 798 1452 1062 1489; x_wconf 88' lang='lat' dir='ltr'><strong>universaliter</strong></span> <span class='ocrx_word' id='word_1_226' title='bbox 1080 1451 1166 1488; x_wconf 88' lang='lat' dir='ltr'><strong>insit</strong></span> <span class='ocrx_word' id='word_1_227' title='bbox 1185 1451 1254 1500; x_wconf 90' lang='lat' dir='ltr'><strong>ipsi</strong></span> <span class='ocrx_word' id='word_1_228' title='bbox 1276 1453 1295 1471; x_wconf 71' lang='lat'><em>*</em></span> <span class='ocrx_word' id='word_1_229' title='bbox 1326 1452 1357 1487; x_wconf 91' lang='lat' dir='ltr'>C</span> 
     </span>
    </p>
   </div>
   <div class='ocr_carea' id='block_1_20' title="bbox 245 1504 1358 1554">
    <p class='ocr_par' dir='ltr' id='par_1_21' title="bbox 245 1504 1358 1554">
     <span class='ocr_line' id='line_1_44' title="bbox 245 1504 1358 1554; baseline 0.002 -13"><span class='ocrx_word' id='word_1_230' title='bbox 245 1507 259 1514; x_wconf 84' lang='grc'>”</span> <span class='ocrx_word' id='word_1_231' title='bbox 287 1504 410 1551; x_wconf 90' lang='lat' dir='ltr'><strong>(idest,</strong></span> <span class='ocrx_word' id='word_1_232' title='bbox 431 1505 537 1554; x_wconf 93' lang='lat' dir='ltr'><strong>quod</strong></span> <span class='ocrx_word' id='word_1_233' title='bbox 556 1506 626 1544; x_wconf 91' lang='lat' dir='ltr'><strong>ista</strong></span> <span class='ocrx_word' id='word_1_234' title='bbox 654 1519 733 1543; x_wconf 90' lang='lat' dir='ltr'><strong>non</strong></span> <span class='ocrx_word' id='word_1_235' title='bbox 753 1507 799 1544; x_wconf 91' lang='lat' dir='ltr'><strong>sit</strong></span> <span class='ocrx_word' id='word_1_236' title='bbox 817 1505 1080 1543; x_wconf 88' lang='lat' dir='ltr'><strong>universaliter</strong></span> <span class='ocrx_word' id='word_1_237' title='bbox 1097 1518 1206 1542; x_wconf 91' lang='lat' dir='ltr'><strong>vera:</strong></span> <span class='ocrx_word' id='word_1_238' title='bbox 1239 1505 1358 1543; x_wconf 86' lang='lat' dir='ltr'><strong>Omne</strong></span> 
     </span>
    </p>
   </div>
   <div class='ocr_carea' id='block_1_21' title="bbox 280 1559 1359 2199">
    <p class='ocr_par' dir='ltr' id='par_1_22' title="bbox 280 1559 1359 2079">
     <span class='ocr_line' id='line_1_45' title="bbox 280 1559 1355 1609; baseline 0.002 -15"><span class='ocrx_word' id='word_1_239' title='bbox 280 1559 492 1607; x_wconf 87' lang='lat' dir='ltr'><strong>perfectum</strong></span> <span class='ocrx_word' id='word_1_240' title='bbox 530 1566 585 1597; x_wconf 77' lang='lat' dir='ltr'><strong>ast</strong></span> <span class='ocrx_word' id='word_1_241' title='bbox 616 1561 843 1606; x_wconf 87' lang='lat' dir='ltr'><strong>substantia,</strong></span> <span class='ocrx_word' id='word_1_242' title='bbox 874 1573 972 1609; x_wconf 89' lang='lat' dir='ltr'><strong>quae</strong></span> <span class='ocrx_word' id='word_1_243' title='bbox 1007 1567 1086 1596; x_wconf 90' lang='lat' dir='ltr'><strong>erat</strong></span> <span class='ocrx_word' id='word_1_244' title='bbox 1119 1559 1264 1604; x_wconf 85' lang='lat' dir='ltr'><strong>maior,</strong></span> <span class='ocrx_word' id='word_1_245' title='bbox 1293 1567 1355 1606; x_wconf 93' lang='lat' dir='ltr'><strong>ut,</strong></span> 
     </span>
     <span class='ocr_line' id='line_1_46' title="bbox 287 1613 1359 1663; baseline 0.001 -15"><span class='ocrx_word' id='word_1_246' title='bbox 287 1623 399 1649; x_wconf 90' lang='lat' dir='ltr'><strong>omne</strong></span> <span class='ocrx_word' id='word_1_247' title='bbox 422 1613 455 1649; x_wconf 92' lang='lat' dir='ltr'><em>C</em></span> <span class='ocrx_word' id='word_1_248' title='bbox 471 1619 525 1650; x_wconf 91' lang='lat' dir='ltr'><strong>est</strong></span> <span class='ocrx_word' id='word_1_249' title='bbox 549 1615 604 1660; x_wconf 90' lang='lat' dir='ltr'><strong>A)</strong></span> <span class='ocrx_word' id='word_1_250' title='bbox 629 1620 668 1661; x_wconf 51' lang='grc' dir='ltr'><strong>ω,</strong></span> <span class='ocrx_word' id='word_1_251' title='bbox 697 1615 836 1663; x_wconf 91' lang='lat' dir='ltr'><strong>probat</strong></span> <span class='ocrx_word' id='word_1_252' title='bbox 853 1626 923 1662; x_wconf 91' lang='lat' dir='ltr'><strong>per</strong></span> <span class='ocrx_word' id='word_1_253' title='bbox 950 1614 1040 1659; x_wconf 93' lang='lat' dir='ltr'><strong>hoc,</strong></span> <span class='ocrx_word' id='word_1_254' title='bbox 1062 1613 1167 1661; x_wconf 94' lang='lat' dir='ltr'><strong>quod</strong></span> <span class='ocrx_word' id='word_1_255' title='bbox 1195 1625 1273 1649; x_wconf 93' lang='lat' dir='ltr'><strong>non</strong></span> <span class='ocrx_word' id='word_1_256' title='bbox 1303 1621 1359 1650; x_wconf 92' lang='lat' dir='ltr'><strong>est</strong></span> 
     </span>
     <span class='ocr_line' id='line_1_47' title="bbox 287 1666 1357 1716; baseline 0.001 -14"><span class='ocrx_word' id='word_1_257' title='bbox 287 1677 444 1713; x_wconf 88' lang='lat' dir='ltr'><strong>necesse</strong></span> <span class='ocrx_word' id='word_1_258' title='bbox 474 1666 522 1703; x_wconf 92' lang='lat' dir='ltr'><strong>de</strong></span> <span class='ocrx_word' id='word_1_259' title='bbox 555 1680 788 1716; x_wconf 89' lang='lat' dir='ltr'><strong>quocunque</strong></span> <span class='ocrx_word' id='word_1_260' title='bbox 817 1670 836 1687; x_wconf 81' lang='lat'><strong>⁴*</strong></span> <span class='ocrx_word' id='word_1_261' title='bbox 871 1666 1097 1711; x_wconf 90' lang='lat' dir='ltr'><strong>universali,</strong></span> <span class='ocrx_word' id='word_1_262' title='bbox 1132 1666 1239 1714; x_wconf 92' lang='lat' dir='ltr'><strong>quod</strong></span> <span class='ocrx_word' id='word_1_263' title='bbox 1271 1666 1357 1703; x_wconf 91' lang='lat' dir='ltr'><strong>insit</strong></span> 
     </span>
     <span class='ocr_line' id='line_1_48' title="bbox 286 1718 1356 1770; baseline 0 -14"><span class='ocrx_word' id='word_1_264' title='bbox 286 1718 549 1757; x_wconf 88' lang='lat' dir='ltr'><strong>universaliter</strong></span> <span class='ocrx_word' id='word_1_265' title='bbox 576 1721 756 1758; x_wconf 90' lang='lat' dir='ltr'><strong>omnibus</strong></span> <span class='ocrx_word' id='word_1_266' title='bbox 785 1734 884 1770; x_wconf 91' lang='lat' dir='ltr'><strong>quae</strong></span> <span class='ocrx_word' id='word_1_267' title='bbox 913 1728 1000 1758; x_wconf 91' lang='lat' dir='ltr'><strong>sunt</strong></span> <span class='ocrx_word' id='word_1_268' title='bbox 1022 1721 1062 1756; x_wconf 90' lang='lat'><strong>*:</strong></span> <span class='ocrx_word' id='word_1_269' title='bbox 1093 1720 1181 1769; x_wconf 90' lang='lat' dir='ltr'><strong>quia</strong></span> <span class='ocrx_word' id='word_1_270' title='bbox 1210 1720 1356 1757; x_wconf 91' lang='lat' dir='ltr'><strong>nullum</strong></span> 
     </span>
     <span class='ocr_line' id='line_1_49' title="bbox 286 1771 1358 1824; baseline 0.001 -16"><span class='ocrx_word' id='word_1_271' title='bbox 286 1771 641 1821; x_wconf 84' lang='lat' dir='ltr'><strong>praedicamentum</strong></span> <span class='ocrx_word' id='word_1_272' title='bbox 669 1774 909 1824; x_wconf 89' lang='lat' dir='ltr'><strong>praedicatur</strong></span> <span class='ocrx_word' id='word_1_273' title='bbox 938 1774 985 1811; x_wconf 89' lang='lat' dir='ltr'><strong>de</strong></span> <span class='ocrx_word' id='word_1_274' title='bbox 1013 1773 1082 1820; x_wconf 86' lang='lat' dir='ltr'><strong>his,</strong></span> <span class='ocrx_word' id='word_1_275' title='bbox 1113 1785 1211 1822; x_wconf 88' lang='lat' dir='ltr'><strong>quae</strong></span> <span class='ocrx_word' id='word_1_276' title='bbox 1241 1773 1358 1810; x_wconf 91' lang='lat' dir='ltr'><strong>conti-</strong></span> 
     </span>
     <span class='ocr_line' id='line_1_50' title="bbox 287 1826 1357 1876; baseline 0.001 -14"><span class='ocrx_word' id='word_1_277' title='bbox 287 1833 426 1863; x_wconf 86' lang='lat' dir='ltr'><strong>nentur</strong></span> <span class='ocrx_word' id='word_1_278' title='bbox 439 1828 511 1864; x_wconf 93' lang='lat' dir='ltr'><strong>sub</strong></span> <span class='ocrx_word' id='word_1_279' title='bbox 525 1827 600 1864; x_wconf 89' lang='lat' dir='ltr'><strong>alio</strong></span> <span class='ocrx_word' id='word_1_280' title='bbox 615 1828 946 1876; x_wconf 79' lang='lat' dir='ltr'><strong>praedicamen103</strong></span> <span class='ocrx_word' id='word_1_281' title='bbox 963 1839 1088 1876; x_wconf 91' lang='lat' dir='ltr'><strong>neque</strong></span> <span class='ocrx_word' id='word_1_282' title='bbox 1108 1827 1223 1864; x_wconf 86' lang='lat' dir='ltr'><strong>etiam</strong></span> <span class='ocrx_word' id='word_1_283' title='bbox 1240 1828 1260 1848; x_wconf 67' lang='lat'><strong>*¹</strong></span> <span class='ocrx_word' id='word_1_284' title='bbox 1275 1826 1357 1863; x_wconf 90' lang='lat' dir='ltr'><strong>uni-</strong></span> 
     </span>
     <span class='ocr_line' id='line_1_51' title="bbox 287 1879 1358 1930; baseline 0.001 -15"><span class='ocrx_word' id='word_1_285' title='bbox 287 1879 483 1917; x_wconf 88' lang='lat' dir='ltr'><strong>versaliter</strong></span> <span class='ocrx_word' id='word_1_286' title='bbox 515 1881 757 1930; x_wconf 88' lang='lat' dir='ltr'><strong>praedicatur</strong></span> <span class='ocrx_word' id='word_1_287' title='bbox 794 1881 842 1918; x_wconf 91' lang='lat' dir='ltr'><strong>de</strong></span> <span class='ocrx_word' id='word_1_288' title='bbox 873 1882 931 1918; x_wconf 91' lang='lat' dir='ltr'><strong>his</strong></span> <span class='ocrx_word' id='word_1_289' title='bbox 966 1892 1065 1930; x_wconf 90' lang='lat' dir='ltr'><strong>quae</strong></span> <span class='ocrx_word' id='word_1_290' title='bbox 1103 1879 1358 1918; x_wconf 89' lang='lat' dir='ltr'><strong>communiter</strong></span> 
     </span>
     <span class='ocr_line' id='line_1_52' title="bbox 289 1934 1356 1983; baseline 0.001 -14"><span class='ocrx_word' id='word_1_291' title='bbox 289 1941 574 1982; x_wconf 87' lang='lat' dir='ltr'><strong>consequuntur</strong></span> <span class='ocrx_word' id='word_1_292' title='bbox 601 1947 684 1981; x_wconf 90' lang='lat' dir='ltr'><strong>ens,</strong></span> <span class='ocrx_word' id='word_1_293' title='bbox 709 1947 808 1983; x_wconf 91' lang='lat' dir='ltr'><strong>quae</strong></span> <span class='ocrx_word' id='word_1_294' title='bbox 837 1943 924 1972; x_wconf 92' lang='lat' dir='ltr'><strong>sunt</strong></span> <span class='ocrx_word' id='word_1_295' title='bbox 937 1941 973 1956; x_wconf 72' lang='lat'><strong>“⁰²</strong></span> <span class='ocrx_word' id='word_1_296' title='bbox 988 1939 1093 1971; x_wconf 87' lang='lat' dir='ltr'><strong>actus</strong></span> <span class='ocrx_word' id='word_1_297' title='bbox 1113 1942 1149 1972; x_wconf 94' lang='lat' dir='ltr'><strong>et</strong></span> <span class='ocrx_word' id='word_1_298' title='bbox 1172 1934 1356 1983; x_wconf 87' lang='lat' dir='ltr'><strong>potentia,</strong></span> 
     </span>
     <span class='ocr_line' id='line_1_53' title="bbox 280 1986 1357 2038; baseline 0.002 -16"><span class='ocrx_word' id='word_1_299' title='bbox 280 1986 492 2034; x_wconf 86' lang='lat' dir='ltr'><strong>perfectum</strong></span> <span class='ocrx_word' id='word_1_300' title='bbox 522 1995 559 2025; x_wconf 89' lang='lat' dir='ltr'><strong>et</strong></span> <span class='ocrx_word' id='word_1_301' title='bbox 587 1988 864 2038; x_wconf 73' lang='lat' dir='ltr'><strong>imperfectum,</strong></span> <span class='ocrx_word' id='word_1_302' title='bbox 887 1989 998 2038; x_wconf 86' lang='lat' dir='ltr'><strong>prius</strong></span> <span class='ocrx_word' id='word_1_303' title='bbox 1027 1995 1063 2024; x_wconf 92' lang='lat' dir='ltr'><strong>et</strong></span> <span class='ocrx_word' id='word_1_304' title='bbox 1085 1988 1290 2036; x_wconf 85' lang='lat' dir='ltr'><strong>posterius,</strong></span> <span class='ocrx_word' id='word_1_305' title='bbox 1321 1995 1357 2024; x_wconf 93' lang='lat' dir='ltr'><strong>et</strong></span> 
     </span>
     <span class='ocr_line' id='line_1_54' title="bbox 287 2038 620 2079; baseline 0.012 -4"><span class='ocrx_word' id='word_1_306' title='bbox 287 2038 359 2076; x_wconf 83' lang='lat' dir='ltr'><strong>alia</strong></span> <span class='ocrx_word' id='word_1_307' title='bbox 387 2040 620 2079; x_wconf 89' lang='lat' dir='ltr'><strong>huiusmodi.</strong></span> 
     </span>
    </p>

    <p class='ocr_par' dir='ltr' id='par_1_23' title="bbox 285 2094 1358 2199">
     <span class='ocr_line' id='line_1_55' title="bbox 355 2094 1357 2133; baseline 0 -3"><span class='ocrx_word' id='word_1_308' title='bbox 355 2105 412 2131; x_wconf 92' lang='lat'><strong>10.</strong></span> <span class='ocrx_word' id='word_1_309' title='bbox 452 2094 603 2132; x_wconf 91' lang='lat' dir='ltr'><strong>Deinde</strong></span> <span class='ocrx_word' id='word_1_310' title='bbox 637 2108 724 2133; x_wconf 94' lang='lat' dir='ltr'><strong>curn</strong></span> <span class='ocrx_word' id='word_1_311' title='bbox 766 2095 874 2133; x_wconf 87' lang='lat' dir='ltr'><strong>dicit:</strong></span> <span class='ocrx_word' id='word_1_312' title='bbox 914 2096 989 2132; x_wconf 87' lang='lat' dir='ltr'><strong>Sed</strong></span> <span class='ocrx_word' id='word_1_313' title='bbox 1018 2096 1177 2133; x_wconf 87' lang='lat' dir='ltr'><strong>alteram</strong></span> <span class='ocrx_word' id='word_1_314' title='bbox 1217 2094 1357 2131; x_wconf 89' lang='lat' dir='ltr'><strong>contin-</strong></span> 
     </span>
     <span class='ocr_line' id='line_1_56' title="bbox 285 2146 1358 2199; baseline 0.002 -17"><span class='ocrx_word' id='word_1_315' title='bbox 285 2146 345 2196; x_wconf 82' lang='lat' dir='ltr'><strong>git</strong></span> <span class='ocrx_word' id='word_1_316' title='bbox 361 2154 444 2194; x_wconf 88' lang='lat' dir='ltr'><strong>etc.,</strong></span> <span class='ocrx_word' id='word_1_317' title='bbox 472 2149 636 2186; x_wconf 89' lang='lat' dir='ltr'><strong>ostendit</strong></span> <span class='ocrx_word' id='word_1_318' title='bbox 662 2149 862 2199; x_wconf 93' lang='lat' dir='ltr'><strong>quomodo</strong></span> <span class='ocrx_word' id='word_1_319' title='bbox 882 2149 1098 2198; x_wconf 88' lang='lat' dir='ltr'><strong>praedictus</strong></span> <span class='ocrx_word' id='word_1_320' title='bbox 1118 2147 1358 2197; x_wconf 89' lang='lat' dir='ltr'><strong>syllogismus</strong></span> 
     </span>
    </p>
   </div>
   <div class='ocr_carea' id='block_1_22' title="bbox 48 2201 1360 2250">
    <p class='ocr_par' dir='ltr' id='par_1_24' title="bbox 48 2201 1360 2250">
     <span class='ocr_line' id='line_1_57' title="bbox 48 2201 1360 2250; baseline 0.002 -15"><span class='ocrx_word' id='word_1_321' title='bbox 48 2213 260 2236; x_wconf 53' lang='lat' dir='ltr'><strong>«zoam-menese</strong></span> <span class='ocrx_word' id='word_1_322' title='bbox 285 2201 471 2248; x_wconf 86' lang='lat' dir='ltr'><strong>procedat</strong></span> <span class='ocrx_word' id='word_1_323' title='bbox 489 2213 535 2238; x_wconf 91' lang='lat' dir='ltr'><strong>ex</strong></span> <span class='ocrx_word' id='word_1_324' title='bbox 554 2202 670 2240; x_wconf 82' lang='lat' dir='ltr'><strong>altera</strong></span> <span class='ocrx_word' id='word_1_325' title='bbox 688 2216 799 2250; x_wconf 89' lang='lat' dir='ltr'><strong>vera,</strong></span> <span class='ocrx_word' id='word_1_326' title='bbox 826 2210 862 2240; x_wconf 93' lang='lat' dir='ltr'><strong>et</strong></span> <span class='ocrx_word' id='word_1_327' title='bbox 882 2204 902 2225; x_wconf 64' lang='lat'><strong>²⁸</strong></span> <span class='ocrx_word' id='word_1_328' title='bbox 922 2204 1038 2240; x_wconf 89' lang='lat' dir='ltr'><strong>altera</strong></span> <span class='ocrx_word' id='word_1_329' title='bbox 1065 2202 1168 2239; x_wconf 86' lang='lat' dir='ltr'><strong>falsa.</strong></span> <span class='ocrx_word' id='word_1_330' title='bbox 1195 2202 1244 2238; x_wconf 92' lang='lat' dir='ltr'><strong>Et</strong></span> <span class='ocrx_word' id='word_1_331' title='bbox 1272 2201 1360 2239; x_wconf 92' lang='lat' dir='ltr'><strong>dicit</strong></span> 
     </span>
    </p>
   </div>
   <div class='ocr_carea' id='block_1_23' title="bbox 45 2240 111 2269">
    <p class='ocr_par' dir='ltr' id='par_1_25' title="bbox 45 2240 111 2269">
     <span class='ocr_line' id='line_1_58' title="bbox 45 2240 111 2269; baseline 0 -7"><span class='ocrx_word' id='word_1_332' title='bbox 45 2240 89 2262; x_wconf 73' lang='lat' dir='ltr'><strong>an.</strong></span> <span class='ocrx_word' id='word_1_333' title='bbox 110 2266 111 2269; x_wconf 14' lang='grc' dir='ltr'><strong>Ἴ</strong></span> 
     </span>
    </p>
   </div>
   <div class='ocr_carea' id='block_1_24' title="bbox 136 2307 167 2343">
    <p class='ocr_par' dir='ltr' id='par_1_26' title="bbox 136 2307 167 2343">
     <span class='ocr_line' id='line_1_59' title="bbox 136 2307 167 2343; baseline -0.032 0"><span class='ocrx_word' id='word_1_334' title='bbox 136 2307 167 2343; x_wconf 75' lang='grc' dir='ltr'><strong>ββ</strong></span> 
     </span>
    </p>
   </div>
   <div class='ocr_carea' id='block_1_25' title="bbox 47 2417 260 2446">
    <p class='ocr_par' dir='ltr' id='par_1_27' title="bbox 47 2417 260 2446">
     <span class='ocr_line' id='line_1_60' title="bbox 47 2417 260 2446; baseline 0.005 -7"><span class='ocrx_word' id='word_1_335' title='bbox 47 2417 159 2446; x_wconf 70' lang='lat' dir='ltr'><strong>’Propo-u.</strong></span> <span class='ocrx_word' id='word_1_336' title='bbox 169 2424 218 2440; x_wconf 89' lang='lat' dir='ltr'><strong>om.</strong></span> <span class='ocrx_word' id='word_1_337' title='bbox 227 2424 260 2440; x_wconf 75' lang='lat' dir='ltr'><strong>m.</strong></span> 
     </span>
    </p>
   </div>
   <div class='ocr_carea' id='block_1_26' title="bbox 45 2487 260 2564">
    <p class='ocr_par' dir='ltr' id='par_1_28' title="bbox 45 2487 260 2564">
     <span class='ocr_line' id='line_1_61' title="bbox 46 2487 260 2512; baseline -0.009 0"><span class='ocrx_word' id='word_1_338' title='bbox 46 2489 56 2499; x_wconf 77' lang='lat'>&#39;</span> <span class='ocrx_word' id='word_1_339' title='bbox 63 2487 151 2512; x_wconf 76' lang='lat' dir='ltr'><strong>Codd.·</strong></span> <span class='ocrx_word' id='word_1_340' title='bbox 158 2495 179 2511; x_wconf 74' lang='lat'><strong>1²:</strong></span> <span class='ocrx_word' id='word_1_341' title='bbox 188 2490 226 2511; x_wconf 67' lang='lat' dir='ltr'><strong>est</strong></span> <span class='ocrx_word' id='word_1_342' title='bbox 232 2488 260 2510; x_wconf 91' lang='lat' dir='ltr'><strong>C.</strong></span> 
     </span>
     <span class='ocr_line' id='line_1_62' title="bbox 45 2517 258 2564; baseline -0.009 -26"><span class='ocrx_word' id='word_1_343' title='bbox 45 2521 67 2564; x_wconf 60' lang='lat' dir='ltr'><strong>g</strong></span> <span class='ocrx_word' id='word_1_344' title='bbox 75 2517 123 2538; x_wconf 72' lang='lat' dir='ltr'><strong>tou</strong></span> <span class='ocrx_word' id='word_1_345' title='bbox 133 2519 195 2537; x_wconf 82' lang='lat' dir='ltr'><strong>recte</strong></span> <span class='ocrx_word' id='word_1_346' title='bbox 210 2521 258 2537; x_wconf 82' lang='lat' dir='ltr'><strong>om.</strong></span> 
     </span>
    </p>
   </div>
   <div class='ocr_carea' id='block_1_27' title="bbox 35 2594 259 2679">
    <p class='ocr_par' dir='ltr' id='par_1_29' title="bbox 35 2594 259 2679">
     <span class='ocr_line' id='line_1_63' title="bbox 44 2594 259 2618; baseline -0.009 0"><span class='ocrx_word' id='word_1_347' title='bbox 44 2594 83 2618; x_wconf 70' lang='lat' dir='ltr'><strong>nii</strong></span> <span class='ocrx_word' id='word_1_348' title='bbox 90 2594 159 2618; x_wconf 77' lang='lat' dir='ltr'><strong>codd.</strong></span> <span class='ocrx_word' id='word_1_349' title='bbox 167 2602 173 2617; x_wconf 86' lang='lat'>:</span> <span class='ocrx_word' id='word_1_350' title='bbox 183 2595 259 2616; x_wconf 73' lang='lat' dir='ltr'><strong>mni-</strong></span> 
     </span>
     <span class='ocr_line' id='line_1_64' title="bbox 42 2621 259 2650; baseline -0.005 -6"><span class='ocrx_word' id='word_1_351' title='bbox 42 2621 135 2650; x_wconf 74' lang='lat' dir='ltr'><strong>t&#39;estaet,·</strong></span> <span class='ocrx_word' id='word_1_352' title='bbox 143 2628 158 2644; x_wconf 86' lang='grc' dir='ltr'>ι</span> <span class='ocrx_word' id='word_1_353' title='bbox 166 2629 172 2644; x_wconf 79' lang='lat' dir='ltr'><strong><em>z</em></strong></span> <span class='ocrx_word' id='word_1_354' title='bbox 182 2621 259 2644; x_wconf 69' lang='lat' dir='ltr'><strong>mani-</strong></span> 
     </span>
     <span class='ocr_line' id='line_1_65' title="bbox 35 2648 191 2679; baseline -0.006 -8"><span class='ocrx_word' id='word_1_355' title='bbox 35 2648 131 2679; x_wconf 65' lang='lat' dir='ltr'><strong>festum</strong></span> <span class='ocrx_word' id='word_1_356' title='bbox 146 2650 191 2671; x_wconf 75' lang='lat' dir='ltr'><strong>est.</strong></span> 
     </span>
    </p>
   </div>
   <div class='ocr_carea' id='block_1_28' title="bbox 44 2557 261 2594">
    <p class='ocr_par' dir='ltr' id='par_1_30' title="bbox 44 2557 261 2594">
     <span class='ocr_line' id='line_1_66' title="bbox 44 2557 261 2594; baseline 0 -4"><span class='ocrx_word' id='word_1_357' title='bbox 44 2568 57 2581; x_wconf 78' lang='lat'><strong>·</strong></span> <span class='ocrx_word' id='word_1_358' title='bbox 63 2557 109 2590; x_wconf 65' lang='grc' dir='ltr'><strong>Ᾰιο</strong></span> <span class='ocrx_word' id='word_1_359' title='bbox 115 2575 121 2591; x_wconf 72' lang='lat' dir='ltr'><strong><em>z</em></strong></span> <span class='ocrx_word' id='word_1_360' title='bbox 128 2570 261 2594; x_wconf 56' lang='lat' dir='ltr'><strong>uouerat,-</strong></span> 
     </span>
    </p>
   </div>
   <div class='ocr_carea' id='block_1_29' title="bbox 285 2253 1360 2678">
    <p class='ocr_par' dir='ltr' id='par_1_31' title="bbox 285 2253 1360 2678">
     <span class='ocr_line' id='line_1_67' title="bbox 288 2253 1360 2305; baseline 0.002 -15"><span class='ocrx_word' id='word_1_361' title='bbox 288 2253 393 2301; x_wconf 93' lang='lat' dir='ltr'><strong>quod</strong></span> <span class='ocrx_word' id='word_1_362' title='bbox 420 2254 459 2291; x_wconf 91' lang='lat' dir='ltr'><strong>in</strong></span> <span class='ocrx_word' id='word_1_363' title='bbox 486 2256 682 2304; x_wconf 91' lang='lat' dir='ltr'><strong>praedicto</strong></span> <span class='ocrx_word' id='word_1_364' title='bbox 717 2256 938 2305; x_wconf 87' lang='lat' dir='ltr'><strong>syllogismo</strong></span> <span class='ocrx_word' id='word_1_365' title='bbox 971 2255 1154 2305; x_wconf 85' lang='lat' dir='ltr'><strong>contingit</strong></span> <span class='ocrx_word' id='word_1_366' title='bbox 1189 2255 1360 2302; x_wconf 86' lang='lat' dir='ltr'><strong>accipere</strong></span> 
     </span>
     <span class='ocr_line' id='line_1_68' title="bbox 287 2305 1357 2358; baseline 0.001 -15"><span class='ocrx_word' id='word_1_367' title='bbox 287 2305 446 2344; x_wconf 87' lang='lat' dir='ltr'><strong>alteram</strong></span> <span class='ocrx_word' id='word_1_368' title='bbox 465 2319 597 2346; x_wconf 84' lang='lat' dir='ltr'><strong>veram</strong></span> <span class='ocrx_word' id='word_1_369' title='bbox 615 2308 662 2356; x_wconf 66' lang='lat'><strong>¹⁸¹⁸,</strong></span> <span class='ocrx_word' id='word_1_370' title='bbox 684 2310 823 2347; x_wconf 88' lang='lat' dir='ltr'><strong>scilicet</strong></span> <span class='ocrx_word' id='word_1_371' title='bbox 842 2310 1039 2356; x_wconf 77' lang='lat' dir='ltr'><strong>maiorem,</strong></span> <span class='ocrx_word' id='word_1_372' title='bbox 1061 2321 1160 2358; x_wconf 88' lang='lat' dir='ltr'><strong>quae</strong></span> <span class='ocrx_word' id='word_1_373' title='bbox 1180 2316 1236 2345; x_wconf 88' lang='lat' dir='ltr'><strong>est</strong></span> <span class='ocrx_word' id='word_1_374' title='bbox 1254 2310 1357 2355; x_wconf 91' lang='lat' dir='ltr'><strong>A-C,</strong></span> 
     </span>
     <span class='ocr_line' id='line_1_69' title="bbox 288 2359 1358 2412; baseline 0.002 -16"><span class='ocrx_word' id='word_1_375' title='bbox 288 2359 404 2397; x_wconf 90' lang='lat' dir='ltr'><strong>altera</strong></span> <span class='ocrx_word' id='word_1_376' title='bbox 419 2361 599 2399; x_wconf 86' lang='lat' dir='ltr'><strong>existente</strong></span> <span class='ocrx_word' id='word_1_377' title='bbox 619 2363 723 2410; x_wconf 86' lang='lat' dir='ltr'><strong>falsa,</strong></span> <span class='ocrx_word' id='word_1_378' title='bbox 740 2364 879 2401; x_wconf 87' lang='lat' dir='ltr'><strong>scilicet</strong></span> <span class='ocrx_word' id='word_1_379' title='bbox 893 2363 1051 2409; x_wconf 88' lang='lat' dir='ltr'><strong>minore,</strong></span> <span class='ocrx_word' id='word_1_380' title='bbox 1068 2374 1167 2412; x_wconf 89' lang='lat' dir='ltr'><strong>quae</strong></span> <span class='ocrx_word' id='word_1_381' title='bbox 1189 2369 1245 2398; x_wconf 88' lang='lat' dir='ltr'><strong>est</strong></span> <span class='ocrx_word' id='word_1_382' title='bbox 1264 2363 1358 2399; x_wconf 91' lang='lat' dir='ltr'><strong>B-C.</strong></span> 
     </span>
     <span class='ocr_line' id='line_1_70' title="bbox 287 2413 1360 2466; baseline 0.003 -17"><span class='ocrx_word' id='word_1_383' title='bbox 287 2413 337 2450; x_wconf 92' lang='lat' dir='ltr'><strong>Et</strong></span> <span class='ocrx_word' id='word_1_384' title='bbox 351 2414 455 2462; x_wconf 91' lang='lat' dir='ltr'><strong>quod</strong></span> <span class='ocrx_word' id='word_1_385' title='bbox 470 2416 680 2465; x_wconf 89' lang='lat' dir='ltr'><strong>propositio</strong></span> <span class='ocrx_word' id='word_1_386' title='bbox 698 2418 718 2439; x_wconf 44' lang='grc' dir='ltr'><strong>’Β</strong></span> <span class='ocrx_word' id='word_1_387' title='bbox 738 2417 875 2465; x_wconf 83' lang='grc'>11111101,</span> <span class='ocrx_word' id='word_1_388' title='bbox 896 2429 996 2466; x_wconf 90' lang='lat' dir='ltr'><strong>quae</strong></span> <span class='ocrx_word' id='word_1_389' title='bbox 1016 2424 1072 2453; x_wconf 89' lang='lat' dir='ltr'><strong>est</strong></span> <span class='ocrx_word' id='word_1_390' title='bbox 1091 2415 1186 2462; x_wconf 89' lang='lat' dir='ltr'><strong>B-C,</strong></span> <span class='ocrx_word' id='word_1_391' title='bbox 1207 2427 1360 2464; x_wconf 89' lang='lat' dir='ltr'><strong>semper</strong></span> 
     </span>
     <span class='ocr_line' id='line_1_71' title="bbox 287 2465 1360 2519; baseline 0.003 -17"><span class='ocrx_word' id='word_1_392' title='bbox 287 2465 334 2503; x_wconf 89' lang='lat' dir='ltr'><strong>sit</strong></span> <span class='ocrx_word' id='word_1_393' title='bbox 361 2467 453 2505; x_wconf 86' lang='lat' dir='ltr'><strong>falsa</strong></span> <span class='ocrx_word' id='word_1_394' title='bbox 480 2470 636 2518; x_wconf 90' lang='lat' dir='ltr'><strong>probat,</strong></span> <span class='ocrx_word' id='word_1_395' title='bbox 675 2470 770 2508; x_wconf 92' lang='lat' dir='ltr'><strong>sicut</strong></span> <span class='ocrx_word' id='word_1_396' title='bbox 804 2479 840 2508; x_wconf 92' lang='lat' dir='ltr'><strong>et</strong></span> <span class='ocrx_word' id='word_1_397' title='bbox 874 2483 1011 2519; x_wconf 90' lang='lat' dir='ltr'><strong>supra,</strong></span> <span class='ocrx_word' id='word_1_398' title='bbox 1045 2482 1114 2518; x_wconf 92' lang='lat' dir='ltr'><strong>per</strong></span> <span class='ocrx_word' id='word_1_399' title='bbox 1146 2469 1220 2505; x_wconf 91' lang='lat' dir='ltr'><strong>hoc</strong></span> <span class='ocrx_word' id='word_1_400' title='bbox 1254 2469 1360 2518; x_wconf 92' lang='lat' dir='ltr'><strong>quod</strong></span> 
     </span>
     <span class='ocr_line' id='line_1_72' title="bbox 287 2519 1360 2570; baseline 0.002 -14"><span class='ocrx_word' id='word_1_401' title='bbox 287 2519 318 2556; x_wconf 91' lang='lat' dir='ltr'>B</span> <span class='ocrx_word' id='word_1_402' title='bbox 346 2519 386 2557; x_wconf 85' lang='lat' dir='ltr'><strong>in</strong></span> <span class='ocrx_word' id='word_1_403' title='bbox 413 2523 517 2560; x_wconf 93' lang='lat' dir='ltr'><strong>nullo</strong></span> <span class='ocrx_word' id='word_1_404' title='bbox 547 2530 603 2560; x_wconf 88' lang='lat' dir='ltr'><strong>est</strong></span> <span class='ocrx_word' id='word_1_405' title='bbox 630 2524 667 2570; x_wconf 80' lang='lat'><strong>*,</strong></span> <span class='ocrx_word' id='word_1_406' title='bbox 701 2524 797 2561; x_wconf 91' lang='lat' dir='ltr'><strong>sicut</strong></span> <span class='ocrx_word' id='word_1_407' title='bbox 824 2524 863 2561; x_wconf 91' lang='lat' dir='ltr'><strong>in</strong></span> <span class='ocrx_word' id='word_1_408' title='bbox 895 2531 987 2561; x_wconf 91' lang='lat' dir='ltr'><strong>toto.</strong></span> <span class='ocrx_word' id='word_1_409' title='bbox 1024 2522 1102 2560; x_wconf 90' lang='lat' dir='ltr'><strong>Sed</strong></span> <span class='ocrx_word' id='word_1_410' title='bbox 1130 2521 1236 2570; x_wconf 94' lang='lat' dir='ltr'><strong>quod</strong></span> <span class='ocrx_word' id='word_1_411' title='bbox 1264 2523 1360 2559; x_wconf 87' lang='lat' dir='ltr'><strong>haec</strong></span> 
     </span>
     <span class='ocr_line' id='line_1_73' title="bbox 285 2574 1360 2626; baseline 0.001 -16"><span class='ocrx_word' id='word_1_412' title='bbox 285 2574 497 2623; x_wconf 89' lang='lat' dir='ltr'><strong>propositio</strong></span> <span class='ocrx_word' id='word_1_413' title='bbox 525 2577 611 2613; x_wconf 92' lang='lat' dir='ltr'><strong>A-C</strong></span> <span class='ocrx_word' id='word_1_414' title='bbox 638 2578 759 2626; x_wconf 92' lang='lat' dir='ltr'><strong>possit</strong></span> <span class='ocrx_word' id='word_1_415' title='bbox 787 2590 870 2615; x_wconf 91' lang='lat' dir='ltr'><strong>esse</strong></span> <span class='ocrx_word' id='word_1_416' title='bbox 898 2589 1007 2623; x_wconf 90' lang='lat' dir='ltr'><strong>vera,</strong></span> <span class='ocrx_word' id='word_1_417' title='bbox 1033 2578 1150 2613; x_wconf 88' lang='lat' dir='ltr'><strong>altera</strong></span> <span class='ocrx_word' id='word_1_418' title='bbox 1178 2575 1360 2612; x_wconf 85' lang='lat' dir='ltr'><strong>existente</strong></span> 
     </span>
     <span class='ocr_line' id='line_1_74' title="bbox 286 2625 1359 2678; baseline 0.003 -16"><span class='ocrx_word' id='word_1_419' title='bbox 286 2625 389 2674; x_wconf 87' lang='lat' dir='ltr'><strong>falsa,</strong></span> <span class='ocrx_word' id='word_1_420' title='bbox 410 2629 548 2677; x_wconf 86' lang='lat' dir='ltr'><strong>probat</strong></span> <span class='ocrx_word' id='word_1_421' title='bbox 567 2631 588 2650; x_wconf 79' lang='lat'><strong>¹*</strong></span> <span class='ocrx_word' id='word_1_422' title='bbox 607 2630 646 2667; x_wconf 92' lang='lat' dir='ltr'><strong>in</strong></span> <span class='ocrx_word' id='word_1_423' title='bbox 674 2631 855 2668; x_wconf 89' lang='lat' dir='ltr'><strong>terminis.</strong></span> <span class='ocrx_word' id='word_1_424' title='bbox 879 2631 934 2668; x_wconf 91' lang='lat' dir='ltr'><strong>Sit</strong></span> <span class='ocrx_word' id='word_1_425' title='bbox 963 2630 1065 2667; x_wconf 89' lang='lat' dir='ltr'><strong>enim</strong></span> <span class='ocrx_word' id='word_1_426' title='bbox 1094 2629 1155 2675; x_wconf 88' lang='lat' dir='ltr'><strong>ita,</strong></span> <span class='ocrx_word' id='word_1_427' title='bbox 1188 2629 1296 2678; x_wconf 95' lang='lat' dir='ltr'><strong>quod</strong></span> <span class='ocrx_word' id='word_1_428' title='bbox 1325 2631 1359 2665; x_wconf 93' lang='lat' dir='ltr'>A</span> 
     </span>
    </p>
   </div>
   <div class='ocr_carea' id='block_1_30' title="bbox 286 2792 1358 3286">
    <p class='ocr_par' dir='ltr' id='par_1_32' title="bbox 287 2792 1358 3030">
     <span class='ocr_line' id='line_1_75' title="bbox 340 2792 1356 2827; baseline -0.002 -8"><span class='ocrx_word' id='word_1_429' title='bbox 340 2792 369 2827; x_wconf 83' lang='grc' dir='ltr'><strong>ψ)</strong></span> <span class='ocrx_word' id='word_1_430' title='bbox 384 2794 447 2819; x_wconf 84' lang='lat' dir='ltr'><strong>Illas</strong></span> <span class='ocrx_word' id='word_1_431' title='bbox 461 2794 601 2826; x_wconf 79' lang='lat' dir='ltr'><strong>negativas</strong></span> <span class='ocrx_word' id='word_1_432' title='bbox 614 2801 670 2819; x_wconf 84' lang='lat' dir='ltr'><strong>esse</strong></span> <span class='ocrx_word' id='word_1_433' title='bbox 690 2794 868 2819; x_wconf 85' lang='lat' dir='ltr'><strong>immediatas.</strong></span> <span class='ocrx_word' id='word_1_434' title='bbox 877 2809 895 2812; x_wconf 98' lang='lat'><strong>—</strong></span> <span class='ocrx_word' id='word_1_435' title='bbox 909 2795 980 2819; x_wconf 87' lang='lat' dir='ltr'><strong>Haec</strong></span> <span class='ocrx_word' id='word_1_436' title='bbox 995 2794 1069 2819; x_wconf 85' lang='lat' dir='ltr'><strong>lectio</strong></span> <span class='ocrx_word' id='word_1_437' title='bbox 1083 2800 1123 2819; x_wconf 87' lang='lat' dir='ltr'><strong>est</strong></span> <span class='ocrx_word' id='word_1_438' title='bbox 1142 2794 1217 2818; x_wconf 90' lang='lat' dir='ltr'><strong>codd.</strong></span> <span class='ocrx_word' id='word_1_439' title='bbox 1231 2793 1356 2818; x_wconf 86' lang='lat' dir='ltr'><strong>CDEGIL</strong></span> 
     </span>
     <span class='ocr_line' id='line_1_76' title="bbox 287 2828 1358 2863; baseline 0 -9"><span class='ocrx_word' id='word_1_440' title='bbox 287 2828 447 2860; x_wconf 81' lang='lat' dir='ltr'>MOQRST;</span> <span class='ocrx_word' id='word_1_441' title='bbox 467 2828 526 2854; x_wconf 87' lang='lat' dir='ltr'><strong>PK:</strong></span> <span class='ocrx_word' id='word_1_442' title='bbox 545 2830 606 2854; x_wconf 84' lang='lat' dir='ltr'><strong>illas</strong></span> <span class='ocrx_word' id='word_1_443' title='bbox 620 2830 759 2863; x_wconf 78' lang='lat' dir='ltr'><strong>negativas</strong></span> <span class='ocrx_word' id='word_1_444' title='bbox 781 2829 949 2854; x_wconf 84' lang='lat' dir='ltr'><strong>immediatas</strong></span> <span class='ocrx_word' id='word_1_445' title='bbox 955 2838 964 2859; x_wconf 93' lang='lat'><strong>,·</strong></span> <span class='ocrx_word' id='word_1_446' title='bbox 980 2830 1042 2854; x_wconf 83' lang='lat' dir='ltr'><strong>AN:</strong></span> <span class='ocrx_word' id='word_1_447' title='bbox 1062 2830 1122 2854; x_wconf 86' lang='lat' dir='ltr'><strong>illas</strong></span> <span class='ocrx_word' id='word_1_448' title='bbox 1136 2829 1291 2862; x_wconf 67' lang='lat' dir='ltr'><strong>negationes</strong></span> <span class='ocrx_word' id='word_1_449' title='bbox 1303 2836 1358 2853; x_wconf 84' lang='lat' dir='ltr'><strong>esse</strong></span> 
     </span>
     <span class='ocr_line' id='line_1_77' title="bbox 287 2864 1356 2898; baseline -0.001 -9"><span class='ocrx_word' id='word_1_450' title='bbox 287 2864 470 2895; x_wconf 82' lang='lat' dir='ltr'><strong>immediatas‚·</strong></span> <span class='ocrx_word' id='word_1_451' title='bbox 490 2865 529 2889; x_wconf 85' lang='lat' dir='ltr'><strong>H:</strong></span> <span class='ocrx_word' id='word_1_452' title='bbox 545 2865 604 2890; x_wconf 84' lang='lat' dir='ltr'><strong>illas</strong></span> <span class='ocrx_word' id='word_1_453' title='bbox 621 2865 818 2897; x_wconf 78' lang='lat' dir='ltr'><strong>propositiones</strong></span> <span class='ocrx_word' id='word_1_454' title='bbox 838 2868 864 2890; x_wconf 84' lang='lat' dir='ltr'><strong>et</strong></span> <span class='ocrx_word' id='word_1_455' title='bbox 884 2865 1023 2898; x_wconf 83' lang='lat' dir='ltr'><strong>negativas</strong></span> <span class='ocrx_word' id='word_1_456' title='bbox 1042 2872 1098 2890; x_wconf 88' lang='lat' dir='ltr'><strong>esse</strong></span> <span class='ocrx_word' id='word_1_457' title='bbox 1118 2865 1286 2889; x_wconf 85' lang='lat' dir='ltr'><strong>immediatas</strong></span> <span class='ocrx_word' id='word_1_458' title='bbox 1293 2873 1302 2894; x_wconf 89' lang='lat'><em>;</em></span> <span class='ocrx_word' id='word_1_459' title='bbox 1322 2864 1356 2888; x_wconf 89' lang='lat' dir='ltr'><strong>B:</strong></span> 
     </span>
     <span class='ocr_line' id='line_1_78' title="bbox 287 2898 1354 2934; baseline 0 -10"><span class='ocrx_word' id='word_1_460' title='bbox 287 2899 347 2924; x_wconf 78' lang='lat' dir='ltr'><strong>illas</strong></span> <span class='ocrx_word' id='word_1_461' title='bbox 360 2899 558 2932; x_wconf 78' lang='lat' dir='ltr'><strong>propositiones</strong></span> <span class='ocrx_word' id='word_1_462' title='bbox 570 2907 627 2925; x_wconf 78' lang='lat' dir='ltr'><strong>esse</strong></span> <span class='ocrx_word' id='word_1_463' title='bbox 645 2900 823 2925; x_wconf 82' lang='lat' dir='ltr'><strong>immediatas.</strong></span> <span class='ocrx_word' id='word_1_464' title='bbox 838 2900 921 2925; x_wconf 90' lang='lat' dir='ltr'><strong>Codd.</strong></span> <span class='ocrx_word' id='word_1_465' title='bbox 936 2900 1012 2933; x_wconf 84' lang='lat' dir='ltr'><strong>igitur</strong></span> <span class='ocrx_word' id='word_1_466' title='bbox 1027 2898 1097 2934; x_wconf 85' lang='lat' dir='ltr'><strong>(exc.</strong></span> <span class='ocrx_word' id='word_1_467' title='bbox 1111 2900 1151 2934; x_wconf 87' lang='lat' dir='ltr'><strong>K)</strong></span> <span class='ocrx_word' id='word_1_468' title='bbox 1170 2900 1267 2924; x_wconf 89' lang='lat' dir='ltr'><strong>habent</strong></span> <span class='ocrx_word' id='word_1_469' title='bbox 1285 2906 1354 2929; x_wconf 86' lang='lat' dir='ltr'><strong>esse,</strong></span> 
     </span>
     <span class='ocr_line' id='line_1_79' title="bbox 287 2935 1357 2968; baseline 0 -8"><span class='ocrx_word' id='word_1_470' title='bbox 287 2935 358 2967; x_wconf 79' lang='lat' dir='ltr'><strong>quod</strong></span> <span class='ocrx_word' id='word_1_471' title='bbox 378 2935 471 2960; x_wconf 73' lang='lat' dir='ltr'><strong>Pinnae</strong></span> <span class='ocrx_word' id='word_1_472' title='bbox 485 2935 613 2960; x_wconf 74' lang='lat' dir='ltr'><strong>addimus.</strong></span> <span class='ocrx_word' id='word_1_473' title='bbox 628 2935 717 2960; x_wconf 78' lang='lat' dir='ltr'><strong>Lectio</strong></span> <span class='ocrx_word' id='word_1_474' title='bbox 731 2941 817 2960; x_wconf 78' lang='lat' dir='ltr'><strong>autem</strong></span> <span class='ocrx_word' id='word_1_475' title='bbox 833 2936 890 2960; x_wconf 90' lang='lat' dir='ltr'><strong>cod.</strong></span> <span class='ocrx_word' id='word_1_476' title='bbox 905 2937 926 2960; x_wconf 90' lang='grc' dir='ltr'><strong>Β</strong></span> <span class='ocrx_word' id='word_1_477' title='bbox 940 2936 1005 2960; x_wconf 82' lang='lat' dir='ltr'><strong>salsa</strong></span> <span class='ocrx_word' id='word_1_478' title='bbox 1017 2941 1071 2967; x_wconf 85' lang='lat' dir='ltr'><strong>est,</strong></span> <span class='ocrx_word' id='word_1_479' title='bbox 1086 2936 1147 2968; x_wconf 86' lang='lat' dir='ltr'><strong>quia</strong></span> <span class='ocrx_word' id='word_1_480' title='bbox 1167 2936 1208 2966; x_wconf 78' lang='lat' dir='ltr'><strong>hic</strong></span> <span class='ocrx_word' id='word_1_481' title='bbox 1221 2935 1357 2960; x_wconf 77' lang='lat' dir='ltr'><strong>manifeste</strong></span> 
     </span>
     <span class='ocr_line' id='line_1_80' title="bbox 287 2969 1356 3004; baseline 0 -10"><span class='ocrx_word' id='word_1_482' title='bbox 287 2970 371 3002; x_wconf 82' lang='lat' dir='ltr'><strong>agitur</strong></span> <span class='ocrx_word' id='word_1_483' title='bbox 388 2971 421 2995; x_wconf 85' lang='lat' dir='ltr'><strong>de</strong></span> <span class='ocrx_word' id='word_1_484' title='bbox 439 2970 662 3004; x_wconf 82' lang='lat' dir='ltr'><strong>propositionibus</strong></span> <span class='ocrx_word' id='word_1_485' title='bbox 682 2971 807 3003; x_wconf 83' lang='lat' dir='ltr'><strong>negativis</strong></span> <span class='ocrx_word' id='word_1_486' title='bbox 826 2971 989 3001; x_wconf 84' lang='lat' dir='ltr'><strong>immediatis,</strong></span> <span class='ocrx_word' id='word_1_487' title='bbox 1009 2979 1061 2995; x_wconf 89' lang='lat' dir='ltr'><strong>non</strong></span> <span class='ocrx_word' id='word_1_488' title='bbox 1079 2979 1143 2995; x_wconf 89' lang='lat' dir='ltr'><strong>vero</strong></span> <span class='ocrx_word' id='word_1_489' title='bbox 1162 2972 1195 2995; x_wconf 86' lang='lat' dir='ltr'><strong>de</strong></span> <span class='ocrx_word' id='word_1_490' title='bbox 1213 2971 1269 2995; x_wconf 87' lang='lat' dir='ltr'><strong>aliis</strong></span> <span class='ocrx_word' id='word_1_491' title='bbox 1288 2969 1356 2995; x_wconf 86' lang='lat' dir='ltr'><strong>affir-</strong></span> 
     </span>
     <span class='ocr_line' id='line_1_81' title="bbox 287 3010 399 3030; baseline 0.009 -1"><span class='ocrx_word' id='word_1_492' title='bbox 287 3010 399 3030; x_wconf 77' lang='lat' dir='ltr'><strong>mauvis.</strong></span> 
     </span>
    </p>

    <p class='ocr_par' dir='ltr' id='par_1_33' title="bbox 286 3039 1356 3146">
     <span class='ocr_line' id='line_1_82' title="bbox 340 3039 1356 3074; baseline 0 -9"><span class='ocrx_word' id='word_1_493' title='bbox 340 3039 373 3074; x_wconf 84' lang='grc' dir='ltr'><strong>ω)</strong></span> <span class='ocrx_word' id='word_1_494' title='bbox 399 3040 471 3066; x_wconf 71' lang='lat' dir='ltr'><strong>Idest</strong></span> <span class='ocrx_word' id='word_1_495' title='bbox 488 3041 561 3073; x_wconf 81' lang='lat' dir='ltr'><strong>quod</strong></span> <span class='ocrx_word' id='word_1_496' title='bbox 578 3041 632 3066; x_wconf 75' lang='lat' dir='ltr'><strong>ista</strong></span> <span class='ocrx_word' id='word_1_497' title='bbox 654 3048 706 3066; x_wconf 89' lang='lat' dir='ltr'><strong>non</strong></span> <span class='ocrx_word' id='word_1_498' title='bbox 725 3041 761 3066; x_wconf 80' lang='lat' dir='ltr'><strong>sit</strong></span> <span class='ocrx_word' id='word_1_499' title='bbox 780 3041 966 3066; x_wconf 78' lang='lat' dir='ltr'><strong>universaliter</strong></span> <span class='ocrx_word' id='word_1_500' title='bbox 990 3049 1053 3066; x_wconf 84' lang='lat' dir='ltr'><strong>vera</strong></span> <span class='ocrx_word' id='word_1_501' title='bbox 1076 3047 1124 3067; x_wconf 89' lang='lat' dir='ltr'><strong>etc.</strong></span> <span class='ocrx_word' id='word_1_502' title='bbox 1137 3057 1155 3061; x_wconf 92' lang='lat'><em>-</em></span> <span class='ocrx_word' id='word_1_503' title='bbox 1173 3042 1243 3066; x_wconf 84' lang='lat' dir='ltr'><strong>Haec</strong></span> <span class='ocrx_word' id='word_1_504' title='bbox 1262 3041 1356 3066; x_wconf 84' lang='lat' dir='ltr'><strong>iterum</strong></span> 
     </span>
     <span class='ocr_line' id='line_1_83' title="bbox 286 3075 1356 3108; baseline 0 -8"><span class='ocrx_word' id='word_1_505' title='bbox 286 3075 366 3100; x_wconf 80' lang='lat' dir='ltr'><strong>verba</strong></span> <span class='ocrx_word' id='word_1_506' title='bbox 389 3076 536 3108; x_wconf 72' lang='lat' dir='ltr'><strong>parenthesi</strong></span> <span class='ocrx_word' id='word_1_507' title='bbox 559 3077 683 3101; x_wconf 80' lang='lat' dir='ltr'><strong>conclusa</strong></span> <span class='ocrx_word' id='word_1_508' title='bbox 706 3077 800 3101; x_wconf 86' lang='lat' dir='ltr'><strong>desunt</strong></span> <span class='ocrx_word' id='word_1_509' title='bbox 823 3077 849 3101; x_wconf 87' lang='lat' dir='ltr'><strong>in</strong></span> <span class='ocrx_word' id='word_1_510' title='bbox 871 3077 994 3101; x_wconf 84' lang='lat' dir='ltr'><strong>omnibus</strong></span> <span class='ocrx_word' id='word_1_511' title='bbox 1018 3077 1114 3102; x_wconf 81' lang='lat' dir='ltr'><strong>nostris</strong></span> <span class='ocrx_word' id='word_1_512' title='bbox 1139 3077 1285 3108; x_wconf 82' lang='lat' dir='ltr'><strong>codicibus,</strong></span> <span class='ocrx_word' id='word_1_513' title='bbox 1304 3085 1356 3101; x_wconf 86' lang='lat' dir='ltr'><strong>non</strong></span> 
     </span>
     <span class='ocr_line' id='line_1_84' title="bbox 288 3111 1238 3146; baseline 0.001 -10"><span class='ocrx_word' id='word_1_514' title='bbox 288 3116 394 3143; x_wconf 85' lang='lat' dir='ltr'><strong>excepto</strong></span> <span class='ocrx_word' id='word_1_515' title='bbox 412 3111 449 3142; x_wconf 82' lang='lat' dir='ltr'><strong>E;</strong></span> <span class='ocrx_word' id='word_1_516' title='bbox 469 3112 516 3136; x_wconf 85' lang='lat' dir='ltr'><strong>sed</strong></span> <span class='ocrx_word' id='word_1_517' title='bbox 534 3116 597 3136; x_wconf 83' lang='lat' dir='ltr'><strong>sunt</strong></span> <span class='ocrx_word' id='word_1_518' title='bbox 614 3111 640 3136; x_wconf 84' lang='lat' dir='ltr'><strong>iu</strong></span> <span class='ocrx_word' id='word_1_519' title='bbox 659 3111 706 3136; x_wconf 86' lang='lat' dir='ltr'><strong>Ed.</strong></span> <span class='ocrx_word' id='word_1_520' title='bbox 722 3111 801 3136; x_wconf 73' lang='lat' dir='ltr'><strong>Pinna</strong></span> <span class='ocrx_word' id='word_1_521' title='bbox 819 3117 845 3136; x_wconf 87' lang='lat' dir='ltr'><strong>et</strong></span> <span class='ocrx_word' id='word_1_522' title='bbox 862 3112 966 3137; x_wconf 85' lang='lat' dir='ltr'><strong>Venett.</strong></span> <span class='ocrx_word' id='word_1_523' title='bbox 981 3112 1076 3137; x_wconf 76' lang='lat' dir='ltr'><strong>Edd.—-</strong></span> <span class='ocrx_word' id='word_1_524' title='bbox 1088 3113 1127 3137; x_wconf 85' lang='lat' dir='ltr'><strong>Cf.</strong></span> <span class='ocrx_word' id='word_1_525' title='bbox 1142 3118 1196 3137; x_wconf 87' lang='lat' dir='ltr'><strong>not.</strong></span> <span class='ocrx_word' id='word_1_526' title='bbox 1211 3121 1238 3146; x_wconf 82' lang='grc' dir='ltr'><strong>φ.</strong></span> 
     </span>
    </p>

    <p class='ocr_par' dir='ltr' id='par_1_34' title="bbox 286 3145 1358 3251">
     <span class='ocr_line' id='line_1_85' title="bbox 341 3145 1356 3180; baseline 0 -9"><span class='ocrx_word' id='word_1_527' title='bbox 341 3145 386 3180; x_wconf 80' lang='grc' dir='ltr'><strong>αα)</strong></span> <span class='ocrx_word' id='word_1_528' title='bbox 409 3147 613 3179; x_wconf 80' lang='lat' dir='ltr'><strong>Consequuntur</strong></span> <span class='ocrx_word' id='word_1_529' title='bbox 630 3154 689 3176; x_wconf 81' lang='lat' dir='ltr'><strong>ens,</strong></span> <span class='ocrx_word' id='word_1_530' title='bbox 708 3154 776 3179; x_wconf 79' lang='lat' dir='ltr'><strong>quae</strong></span> <span class='ocrx_word' id='word_1_531' title='bbox 793 3150 864 3172; x_wconf 86' lang='lat' dir='ltr'><strong>sunt.</strong></span> <span class='ocrx_word' id='word_1_532' title='bbox 877 3160 897 3166; x_wconf 85' lang='lat'><strong>—-</strong></span> <span class='ocrx_word' id='word_1_533' title='bbox 909 3149 952 3178; x_wconf 69' lang='lat' dir='ltr'><strong>Az,</strong></span> <span class='ocrx_word' id='word_1_534' title='bbox 968 3148 1139 3173; x_wconf 87' lang='lat' dir='ltr'><strong>continentur</strong></span> <span class='ocrx_word' id='word_1_535' title='bbox 1157 3148 1193 3177; x_wconf 91' lang='lat' dir='ltr'><strong>ei,</strong></span> <span class='ocrx_word' id='word_1_536' title='bbox 1213 3155 1281 3180; x_wconf 82' lang='lat' dir='ltr'><strong>quae</strong></span> <span class='ocrx_word' id='word_1_537' title='bbox 1299 3152 1356 3178; x_wconf 86' lang='lat' dir='ltr'><strong>etc.;</strong></span> 
     </span>
     <span class='ocr_line' id='line_1_86' title="bbox 286 3182 1358 3215; baseline 0.001 -9"><span class='ocrx_word' id='word_1_538' title='bbox 286 3182 308 3207; x_wconf 88' lang='lat' dir='ltr'>B</span> <span class='ocrx_word' id='word_1_539' title='bbox 326 3189 351 3214; x_wconf 85' lang='lat' dir='ltr'><strong>p.</strong></span> <span class='ocrx_word' id='word_1_540' title='bbox 372 3190 428 3206; x_wconf 86' lang='lat' dir='ltr'><strong>m.:</strong></span> <span class='ocrx_word' id='word_1_541' title='bbox 452 3182 624 3207; x_wconf 86' lang='lat' dir='ltr'><strong>continentur</strong></span> <span class='ocrx_word' id='word_1_542' title='bbox 643 3182 694 3207; x_wconf 79' lang='lat' dir='ltr'><strong>-sub</strong></span> <span class='ocrx_word' id='word_1_543' title='bbox 716 3185 792 3212; x_wconf 86' lang='lat' dir='ltr'><strong>ente,</strong></span> <span class='ocrx_word' id='word_1_544' title='bbox 822 3189 890 3215; x_wconf 81' lang='lat' dir='ltr'><strong>quae</strong></span> <span class='ocrx_word' id='word_1_545' title='bbox 911 3187 977 3214; x_wconf 85' lang='lat' dir='ltr'><strong>etc.;</strong></span> <span class='ocrx_word' id='word_1_546' title='bbox 1000 3183 1027 3207; x_wconf 83' lang='lat'><strong>1:</strong></span> <span class='ocrx_word' id='word_1_547' title='bbox 1050 3186 1260 3215; x_wconf 86' lang='lat' dir='ltr'><strong>consequuntur,</strong></span> <span class='ocrx_word' id='word_1_548' title='bbox 1289 3183 1358 3207; x_wconf 85' lang='lat' dir='ltr'><strong>sicut</strong></span> 
     </span>
     <span class='ocr_line' id='line_1_87' title="bbox 286 3217 1332 3251; baseline 0 -9"><span class='ocrx_word' id='word_1_549' title='bbox 286 3220 362 3242; x_wconf 77' lang='lat' dir='ltr'><strong>actus</strong></span> <span class='ocrx_word' id='word_1_550' title='bbox 381 3222 438 3248; x_wconf 77' lang='lat' dir='ltr'><strong>etc-3</strong></span> <span class='ocrx_word' id='word_1_551' title='bbox 457 3217 495 3242; x_wconf 88' lang='lat'><strong>0:</strong></span> <span class='ocrx_word' id='word_1_552' title='bbox 514 3217 652 3242; x_wconf 79' lang='lat' dir='ltr'><strong>continent</strong></span> <span class='ocrx_word' id='word_1_553' title='bbox 669 3224 724 3247; x_wconf 84' lang='lat' dir='ltr'><strong>ens,</strong></span> <span class='ocrx_word' id='word_1_554' title='bbox 744 3225 812 3249; x_wconf 85' lang='lat' dir='ltr'><strong>quae</strong></span> <span class='ocrx_word' id='word_1_555' title='bbox 830 3223 886 3249; x_wconf 83' lang='lat' dir='ltr'><strong>etc.;</strong></span> <span class='ocrx_word' id='word_1_556' title='bbox 906 3218 938 3242; x_wconf 88' lang='lat' dir='ltr'><strong>S:</strong></span> <span class='ocrx_word' id='word_1_557' title='bbox 957 3222 1104 3251; x_wconf 84' lang='lat' dir='ltr'><strong>sequuntur</strong></span> <span class='ocrx_word' id='word_1_558' title='bbox 1123 3225 1177 3248; x_wconf 88' lang='lat' dir='ltr'><strong>ens,</strong></span> <span class='ocrx_word' id='word_1_559' title='bbox 1197 3225 1265 3250; x_wconf 81' lang='lat' dir='ltr'><strong>quae</strong></span> <span class='ocrx_word' id='word_1_560' title='bbox 1283 3223 1332 3242; x_wconf 90' lang='lat' dir='ltr'><strong>etc.</strong></span> 
     </span>
    </p>

    <p class='ocr_par' dir='ltr' id='par_1_35' title="bbox 341 3250 1356 3286">
     <span class='ocr_line' id='line_1_88' title="bbox 341 3250 1356 3286; baseline -0.001 -9"><span class='ocrx_word' id='word_1_561' title='bbox 341 3250 384 3285; x_wconf 84' lang='grc' dir='ltr'><strong>ββ)</strong></span> <span class='ocrx_word' id='word_1_562' title='bbox 406 3252 545 3285; x_wconf 80' lang='lat' dir='ltr'><strong>Contingit</strong></span> <span class='ocrx_word' id='word_1_563' title='bbox 562 3253 683 3284; x_wconf 81' lang='lat' dir='ltr'><strong>accipere</strong></span> <span class='ocrx_word' id='word_1_564' title='bbox 701 3258 775 3277; x_wconf 48' lang='lat' dir='ltr'><strong>etca-</strong></span> <span class='ocrx_word' id='word_1_565' title='bbox 787 3253 822 3277; x_wconf 82' lang='lat' dir='ltr'><strong>B:</strong></span> <span class='ocrx_word' id='word_1_566' title='bbox 836 3253 969 3286; x_wconf 82' lang='lat' dir='ltr'><strong>contingit</strong></span> <span class='ocrx_word' id='word_1_567' title='bbox 985 3254 1099 3278; x_wconf 85' lang='lat' dir='ltr'><strong>alteram</strong></span> <span class='ocrx_word' id='word_1_568' title='bbox 1118 3260 1174 3278; x_wconf 79' lang='lat' dir='ltr'><strong>esse</strong></span> <span class='ocrx_word' id='word_1_569' title='bbox 1192 3260 1297 3282; x_wconf 79' lang='lat' dir='ltr'><strong>veram,·</strong></span> <span class='ocrx_word' id='word_1_570' title='bbox 1312 3253 1356 3277; x_wconf 92' lang='lat' dir='ltr'><strong>CD</strong></span> 
     </span>
    </p>
   </div>
   <div class='ocr_carea' id='block_1_31' title="bbox 1384 376 1387 1544">
    <p class='ocr_par' dir='ltr' id='par_1_36' title="bbox 1384 376 1387 1544">
     <span class='ocr_line' id='line_1_89' title="bbox 1384 376 1387 1544; baseline 0 0"><span class='ocrx_word' id='word_1_571' title='bbox 1384 376 1387 1544; x_wconf 95' lang='lat' dir='ltr'><strong> </strong></span> 
     </span>
    </p>
   </div>
   <div class='ocr_carea' id='block_1_32' title="bbox 2404 272 2479 308">
    <p class='ocr_par' dir='ltr' id='par_1_37' title="bbox 2404 272 2479 308">
     <span class='ocr_line' id='line_1_90' title="bbox 2404 272 2479 308; baseline 0.013 -1"><span class='ocrx_word' id='word_1_572' title='bbox 2404 272 2479 308; x_wconf 86' lang='lat'><strong>249</strong></span> 
     </span>
    </p>
   </div>
   <div class='ocr_carea' id='block_1_33' title="bbox 1411 333 2729 2676">
    <p class='ocr_par' dir='ltr' id='par_1_38' title="bbox 1413 333 2483 652">
     <span class='ocr_line' id='line_1_91' title="bbox 1413 333 2481 384; baseline 0.005 -14"><span class='ocrx_word' id='word_1_573' title='bbox 1413 333 1500 370; x_wconf 89' lang='lat' dir='ltr'><strong>insit</strong></span> <span class='ocrx_word' id='word_1_574' title='bbox 1519 335 1549 371; x_wconf 91' lang='lat' dir='ltr'>B</span> <span class='ocrx_word' id='word_1_575' title='bbox 1567 336 1587 355; x_wconf 53' lang='lat'><strong>5²</strong></span> <span class='ocrx_word' id='word_1_576' title='bbox 1610 342 1646 371; x_wconf 91' lang='lat' dir='ltr'><strong>et</strong></span> <span class='ocrx_word' id='word_1_577' title='bbox 1661 335 1692 371; x_wconf 92' lang='lat' dir='ltr'>C</span> <span class='ocrx_word' id='word_1_578' title='bbox 1708 334 2000 382; x_wconf 88' lang='lat' dir='ltr'><strong>individualiter,</strong></span> <span class='ocrx_word' id='word_1_579' title='bbox 2017 335 2113 373; x_wconf 87' lang='lat' dir='ltr'><strong>idest</strong></span> <span class='ocrx_word' id='word_1_580' title='bbox 2132 336 2364 384; x_wconf 91' lang='lat' dir='ltr'><strong>immediate,</strong></span> <span class='ocrx_word' id='word_1_581' title='bbox 2386 339 2481 375; x_wconf 91' lang='lat' dir='ltr'><strong>sicut</strong></span> 
     </span>
     <span class='ocr_line' id='line_1_92' title="bbox 1413 387 2483 437; baseline 0.005 -14"><span class='ocrx_word' id='word_1_582' title='bbox 1413 399 1531 434; x_wconf 90' lang='lat' dir='ltr'><strong>genus</strong></span> <span class='ocrx_word' id='word_1_583' title='bbox 1560 387 1743 436; x_wconf 86' lang='lat' dir='ltr'><strong>proximis</strong></span> <span class='ocrx_word' id='word_1_584' title='bbox 1763 393 1794 414; x_wconf 78' lang='lat'><strong>⁷⁷</strong></span> <span class='ocrx_word' id='word_1_585' title='bbox 1822 389 2032 437; x_wconf 90' lang='lat' dir='ltr'><strong>speciebus,</strong></span> <span class='ocrx_word' id='word_1_586' title='bbox 2054 397 2095 425; x_wconf 93' lang='lat' dir='ltr'><strong>ut</strong></span> <span class='ocrx_word' id='word_1_587' title='bbox 2124 391 2228 426; x_wconf 92' lang='lat' dir='ltr'><strong>color</strong></span> <span class='ocrx_word' id='word_1_588' title='bbox 2254 391 2417 428; x_wconf 89' lang='lat' dir='ltr'><strong>albedini</strong></span> <span class='ocrx_word' id='word_1_589' title='bbox 2448 400 2483 428; x_wconf 91' lang='lat' dir='ltr'><strong>et</strong></span> 
     </span>
     <span class='ocr_line' id='line_1_93' title="bbox 1414 440 2480 491; baseline 0.005 -15"><span class='ocrx_word' id='word_1_590' title='bbox 1414 440 1611 487; x_wconf 90' lang='lat' dir='ltr'><strong>nigredini.</strong></span> <span class='ocrx_word' id='word_1_591' title='bbox 1649 441 1896 478; x_wconf 84' lang='lat' dir='ltr'><strong>Manifestum</strong></span> <span class='ocrx_word' id='word_1_592' title='bbox 1926 450 1981 478; x_wconf 91' lang='lat' dir='ltr'><strong>est</strong></span> <span class='ocrx_word' id='word_1_593' title='bbox 2010 443 2111 479; x_wconf 91' lang='lat' dir='ltr'><strong>enim</strong></span> <span class='ocrx_word' id='word_1_594' title='bbox 2146 444 2359 480; x_wconf 91' lang='lat' dir='ltr'><strong>secundum</strong></span> <span class='ocrx_word' id='word_1_595' title='bbox 2387 445 2480 491; x_wconf 93' lang='lat' dir='ltr'><strong>hoc,</strong></span> 
     </span>
     <span class='ocr_line' id='line_1_94' title="bbox 1413 493 2480 543; baseline 0.005 -14"><span class='ocrx_word' id='word_1_596' title='bbox 1413 493 1519 542; x_wconf 90' lang='lat' dir='ltr'><strong>quod</strong></span> <span class='ocrx_word' id='word_1_597' title='bbox 1548 494 1672 530; x_wconf 86' lang='lat' dir='ltr'><strong>maior</strong></span> <span class='ocrx_word' id='word_1_598' title='bbox 1701 494 1769 531; x_wconf 91' lang='lat' dir='ltr'><strong>erit</strong></span> <span class='ocrx_word' id='word_1_599' title='bbox 1796 507 1904 541; x_wconf 87' lang='lat' dir='ltr'><strong>vera,</strong></span> <span class='ocrx_word' id='word_1_600' title='bbox 1936 495 2075 532; x_wconf 89' lang='lat' dir='ltr'><strong>scilicet</strong></span> <span class='ocrx_word' id='word_1_601' title='bbox 2096 497 2134 541; x_wconf 69' lang='lat'><strong>²¹²,</strong></span> <span class='ocrx_word' id='word_1_602' title='bbox 2166 497 2284 533; x_wconf 89' lang='lat' dir='ltr'><strong>Omne</strong></span> <span class='ocrx_word' id='word_1_603' title='bbox 2308 498 2341 533; x_wconf 91' lang='lat' dir='ltr'><em>C</em></span> <span class='ocrx_word' id='word_1_604' title='bbox 2357 504 2411 534; x_wconf 81' lang='lat' dir='ltr'><strong>est</strong></span> <span class='ocrx_word' id='word_1_605' title='bbox 2427 499 2480 543; x_wconf 82' lang='lat' dir='ltr'><strong>A,</strong></span> 
     </span>
     <span class='ocr_line' id='line_1_95' title="bbox 1413 547 2481 595; baseline 0.005 -13"><span class='ocrx_word' id='word_1_606' title='bbox 1413 554 1522 594; x_wconf 86' lang='lat' dir='ltr'><strong>puta:</strong></span> <span class='ocrx_word' id='word_1_607' title='bbox 1545 547 1682 583; x_wconf 89' lang='lat' dir='ltr'><strong>Omnis</strong></span> <span class='ocrx_word' id='word_1_608' title='bbox 1702 548 1839 584; x_wconf 92' lang='lat' dir='ltr'><strong>albedo</strong></span> <span class='ocrx_word' id='word_1_609' title='bbox 1861 555 1916 585; x_wconf 91' lang='lat' dir='ltr'><strong>est</strong></span> <span class='ocrx_word' id='word_1_610' title='bbox 1931 550 2058 595; x_wconf 72' lang='lat' dir='ltr'><strong>,color;</strong></span> <span class='ocrx_word' id='word_1_611' title='bbox 2079 550 2205 586; x_wconf 90' lang='lat' dir='ltr'><strong>minor</strong></span> <span class='ocrx_word' id='word_1_612' title='bbox 2228 558 2355 586; x_wconf 87' lang='lat' dir='ltr'><strong>autern</strong></span> <span class='ocrx_word' id='word_1_613' title='bbox 2384 558 2439 587; x_wconf 92' lang='lat' dir='ltr'><strong>est</strong></span> <span class='ocrx_word' id='word_1_614' title='bbox 2462 553 2481 572; x_wconf 74' lang='lat'><strong>&#39;¹‘</strong></span> 
     </span>
     <span class='ocr_line' id='line_1_96' title="bbox 1414 600 2481 652; baseline 0.005 -17"><span class='ocrx_word' id='word_1_615' title='bbox 1414 600 1516 646; x_wconf 87' lang='lat' dir='ltr'><strong>falsa,</strong></span> <span class='ocrx_word' id='word_1_616' title='bbox 1534 600 1683 646; x_wconf 91' lang='lat' dir='ltr'><strong>scilicet,</strong></span> <span class='ocrx_word' id='word_1_617' title='bbox 1697 601 1834 637; x_wconf 91' lang='lat' dir='ltr'><strong>Omnis</strong></span> <span class='ocrx_word' id='word_1_618' title='bbox 1850 602 2006 649; x_wconf 87' lang='lat' dir='ltr'><strong>nigredo</strong></span> <span class='ocrx_word' id='word_1_619' title='bbox 2024 610 2079 639; x_wconf 91' lang='lat' dir='ltr'><strong>est</strong></span> <span class='ocrx_word' id='word_1_620' title='bbox 2094 603 2248 649; x_wconf 92' lang='lat' dir='ltr'><strong>albedo;</strong></span> <span class='ocrx_word' id='word_1_621' title='bbox 2260 603 2349 652; x_wconf 89' lang='lat' dir='ltr'><strong>quia</strong></span> <span class='ocrx_word' id='word_1_622' title='bbox 2364 616 2481 652; x_wconf 90' lang='lat' dir='ltr'><strong>quan-</strong></span> 
     </span>
    </p>

    <p class='ocr_par' dir='ltr' id='par_1_39' title="bbox 1413 652 2727 757">
     <span class='ocr_line' id='line_1_97' title="bbox 1414 652 2727 713; baseline 0.005 -25"><span class='ocrx_word' id='word_1_623' title='bbox 1414 653 1463 689; x_wconf 92' lang='lat' dir='ltr'><strong>do</strong></span> <span class='ocrx_word' id='word_1_624' title='bbox 1485 652 1626 701; x_wconf 89' lang='lat' dir='ltr'><strong>aliquid</strong></span> <span class='ocrx_word' id='word_1_625' title='bbox 1640 654 1660 674; x_wconf 79' lang='grc'><em>*</em></span> <span class='ocrx_word' id='word_1_626' title='bbox 1674 654 1799 702; x_wconf 90' lang='lat' dir='ltr'><strong>primo</strong></span> <span class='ocrx_word' id='word_1_627' title='bbox 1819 655 2059 703; x_wconf 91' lang='lat' dir='ltr'><strong>praedicatur</strong></span> <span class='ocrx_word' id='word_1_628' title='bbox 2074 653 2101 676; x_wconf 69' lang='lat'><strong>³³</strong></span> <span class='ocrx_word' id='word_1_629' title='bbox 2119 656 2165 692; x_wconf 91' lang='lat' dir='ltr'><strong>de</strong></span> <span class='ocrx_word' id='word_1_630' title='bbox 2185 657 2368 705; x_wconf 90' lang='lat' dir='ltr'><strong>pluribus,</strong></span> <span class='ocrx_word' id='word_1_631' title='bbox 2389 670 2480 693; x_wconf 91' lang='lat' dir='ltr'><strong>neu·</strong></span> <span class='ocrx_word' id='word_1_632' title='bbox 2511 666 2727 713; x_wconf 38' lang='lat' dir='ltr'><strong>:vazquiasiunum</strong></span> 
     </span>
     <span class='ocr_line' id='line_1_98' title="bbox 1413 700 2632 757; baseline 0.004 -15"><span class='ocrx_word' id='word_1_633' title='bbox 1413 713 1514 742; x_wconf 91' lang='lat' dir='ltr'><strong>trum</strong></span> <span class='ocrx_word' id='word_1_634' title='bbox 1543 706 1702 743; x_wconf 90' lang='lat' dir='ltr'><strong>istorum</strong></span> <span class='ocrx_word' id='word_1_635' title='bbox 1721 707 1889 755; x_wconf 89' lang='lat' dir='ltr'><strong>plurium</strong></span> <span class='ocrx_word' id='word_1_636' title='bbox 1910 708 1957 744; x_wconf 92' lang='lat' dir='ltr'><strong>de</strong></span> <span class='ocrx_word' id='word_1_637' title='bbox 1977 716 2111 745; x_wconf 90' lang='lat' dir='ltr'><strong>neutro</strong></span> <span class='ocrx_word' id='word_1_638' title='bbox 2131 710 2380 757; x_wconf 91' lang='lat' dir='ltr'><strong>praedicatur.</strong></span> <span class='ocrx_word' id='word_1_639' title='bbox 2402 710 2480 747; x_wconf 90' lang='lat' dir='ltr'><strong>Pri·</strong></span> <span class='ocrx_word' id='word_1_640' title='bbox 2547 700 2569 720; x_wconf 43' lang='grc' dir='ltr'><strong>ζ’</strong></span> <span class='ocrx_word' id='word_1_641' title='bbox 2604 721 2632 746; x_wconf 69' lang='grc' dir='ltr'><strong>δε</strong></span> 
     </span>
    </p>

    <p class='ocr_par' dir='ltr' id='par_1_40' title="bbox 1413 759 2480 849">
     <span class='ocr_line' id='line_1_99' title="bbox 1413 759 2480 812; baseline 0.006 -17"><span class='ocrx_word' id='word_1_642' title='bbox 1413 771 1478 796; x_wconf 91' lang='lat' dir='ltr'><strong>ma</strong></span> <span class='ocrx_word' id='word_1_643' title='bbox 1507 759 1609 796; x_wconf 89' lang='lat' dir='ltr'><strong>enim</strong></span> <span class='ocrx_word' id='word_1_644' title='bbox 1630 760 1860 808; x_wconf 89' lang='lat' dir='ltr'><strong>praedicatio</strong></span> <span class='ocrx_word' id='word_1_645' title='bbox 1881 761 2028 808; x_wconf 88' lang='lat' dir='ltr'><strong>generis</strong></span> <span class='ocrx_word' id='word_1_646' title='bbox 2049 770 2104 799; x_wconf 92' lang='lat' dir='ltr'><strong>est</strong></span> <span class='ocrx_word' id='word_1_647' title='bbox 2124 763 2171 799; x_wconf 92' lang='lat' dir='ltr'><strong>de</strong></span> <span class='ocrx_word' id='word_1_648' title='bbox 2194 763 2376 812; x_wconf 83' lang='lat' dir='ltr'><strong>oppositis</strong></span> <span class='ocrx_word' id='word_1_649' title='bbox 2396 776 2480 812; x_wconf 92' lang='lat' dir='ltr'><strong>spe-</strong></span> 
     </span>
     <span class='ocr_line' id='line_1_100' title="bbox 1413 812 1554 849; baseline 0 -1"><span class='ocrx_word' id='word_1_650' title='bbox 1413 812 1554 849; x_wconf 90' lang='lat' dir='ltr'><strong>ciebus.</strong></span> 
     </span>
    </p>

    <p class='ocr_par' dir='ltr' id='par_1_41' title="bbox 1411 866 2729 2033">
     <span class='ocr_line' id='line_1_101' title="bbox 1474 866 2480 918; baseline 0.006 -17"><span class='ocrx_word' id='word_1_651' title='bbox 1474 878 1529 902; x_wconf 90' lang='lat'><strong>11.</strong></span> <span class='ocrx_word' id='word_1_652' title='bbox 1560 866 1628 901; x_wconf 91' lang='lat' dir='ltr'><strong>Est</strong></span> <span class='ocrx_word' id='word_1_653' title='bbox 1662 873 1789 902; x_wconf 90' lang='lat' dir='ltr'><strong>autem</strong></span> <span class='ocrx_word' id='word_1_654' title='bbox 1820 866 1917 902; x_wconf 90' lang='lat' dir='ltr'><strong>circa</strong></span> <span class='ocrx_word' id='word_1_655' title='bbox 1937 869 1949 884; x_wconf 67' lang='lat'><strong>&#39;³&#39;</strong></span> <span class='ocrx_word' id='word_1_656' title='bbox 1967 867 2041 903; x_wconf 95' lang='lat' dir='ltr'><strong>hoc</strong></span> <span class='ocrx_word' id='word_1_657' title='bbox 2071 867 2275 905; x_wconf 89' lang='lat' dir='ltr'><strong>dubitatio:</strong></span> <span class='ocrx_word' id='word_1_658' title='bbox 2302 870 2390 918; x_wconf 92' lang='lat' dir='ltr'><strong>quia</strong></span> <span class='ocrx_word' id='word_1_659' title='bbox 2422 870 2480 907; x_wconf 90' lang='lat' dir='ltr'><strong>his</strong></span> 
     </span>
     <span class='ocr_line' id='line_1_102' title="bbox 1412 918 2480 970; baseline 0.007 -16"><span class='ocrx_word' id='word_1_660' title='bbox 1412 918 1581 954; x_wconf 90' lang='lat' dir='ltr'><strong>terminis</strong></span> <span class='ocrx_word' id='word_1_661' title='bbox 1609 918 1751 966; x_wconf 85' lang='lat' dir='ltr'><strong>positiS,</strong></span> <span class='ocrx_word' id='word_1_662' title='bbox 1773 931 1851 955; x_wconf 93' lang='lat' dir='ltr'><strong>non</strong></span> <span class='ocrx_word' id='word_1_663' title='bbox 1875 920 2043 967; x_wconf 89' lang='lat' dir='ltr'><strong>sequitur</strong></span> <span class='ocrx_word' id='word_1_664' title='bbox 2063 922 2254 958; x_wconf 93' lang='lat' dir='ltr'><strong>conclusio</strong></span> <span class='ocrx_word' id='word_1_665' title='bbox 2284 923 2387 970; x_wconf 87' lang='lat' dir='ltr'><strong>falsa,</strong></span> <span class='ocrx_word' id='word_1_666' title='bbox 2413 923 2480 960; x_wconf 90' lang='lat' dir='ltr'><strong>sed</strong></span> 
     </span>
     <span class='ocr_line' id='line_1_103' title="bbox 1412 971 2478 1023; baseline 0.007 -16"><span class='ocrx_word' id='word_1_667' title='bbox 1412 983 1515 1008; x_wconf 91' lang='lat' dir='ltr'><strong>vera.</strong></span> <span class='ocrx_word' id='word_1_668' title='bbox 1544 971 1625 1007; x_wconf 91' lang='lat' dir='ltr'><strong>Erit</strong></span> <span class='ocrx_word' id='word_1_669' title='bbox 1653 971 1790 1007; x_wconf 71' lang='lat' dir='ltr'><strong>enim*</strong></span> <span class='ocrx_word' id='word_1_670' title='bbox 1806 973 1998 1008; x_wconf 90' lang='lat' dir='ltr'><strong>conclusio</strong></span> <span class='ocrx_word' id='word_1_671' title='bbox 2028 974 2132 1021; x_wconf 91' lang='lat' dir='ltr'><strong>quod</strong></span> <span class='ocrx_word' id='word_1_672' title='bbox 2160 977 2194 1011; x_wconf 94' lang='lat' dir='ltr'><strong>A</strong></span> <span class='ocrx_word' id='word_1_673' title='bbox 2223 975 2308 1012; x_wconf 92' lang='lat' dir='ltr'><strong>insit</strong></span> <span class='ocrx_word' id='word_1_674' title='bbox 2339 978 2387 1023; x_wconf 88' lang='lat' dir='ltr'><strong>B,</strong></span> <span class='ocrx_word' id='word_1_675' title='bbox 2419 976 2478 1013; x_wconf 93' lang='lat' dir='ltr'><strong>cui</strong></span> 
     </span>
     <span class='ocr_line' id='line_1_104' title="bbox 1413 1024 2480 1072; baseline 0.007 -13"><span class='ocrx_word' id='word_1_676' title='bbox 1413 1024 1653 1072; x_wconf 89' lang='lat' dir='ltr'><strong>suppositum</strong></span> <span class='ocrx_word' id='word_1_677' title='bbox 1665 1025 1684 1044; x_wconf 70' lang='lat'><strong>’³²</strong></span> <span class='ocrx_word' id='word_1_678' title='bbox 1697 1032 1752 1060; x_wconf 88' lang='lat' dir='ltr'><strong>est</strong></span> <span class='ocrx_word' id='word_1_679' title='bbox 1771 1024 1895 1061; x_wconf 90' lang='lat' dir='ltr'><strong>inesse</strong></span> <span class='ocrx_word' id='word_1_680' title='bbox 1915 1025 2204 1064; x_wconf 85' lang='lat' dir='ltr'><strong>individualiter.</strong></span> <span class='ocrx_word' id='word_1_681' title='bbox 2217 1050 2242 1056; x_wconf 97' lang='lat'><em>-</em></span> <span class='ocrx_word' id='word_1_682' title='bbox 2258 1029 2334 1066; x_wconf 89' lang='lat' dir='ltr'><strong>Sed</strong></span> <span class='ocrx_word' id='word_1_683' title='bbox 2355 1030 2480 1067; x_wconf 90' lang='lat' dir='ltr'><strong>dicen-</strong></span> 
     </span>
     <span class='ocr_line' id='line_1_105' title="bbox 1414 1077 2481 1127; baseline 0.007 -15"><span class='ocrx_word' id='word_1_684' title='bbox 1414 1077 1506 1113; x_wconf 91' lang='lat' dir='ltr'><strong>dum</strong></span> <span class='ocrx_word' id='word_1_685' title='bbox 1519 1080 1537 1095; x_wconf 68' lang='lat'><strong>²*</strong></span> <span class='ocrx_word' id='word_1_686' title='bbox 1550 1077 1655 1125; x_wconf 90' lang='lat' dir='ltr'><strong>quod</strong></span> <span class='ocrx_word' id='word_1_687' title='bbox 1674 1077 1749 1113; x_wconf 93' lang='lat' dir='ltr'><strong>hoc</strong></span> <span class='ocrx_word' id='word_1_688' title='bbox 1769 1079 1987 1126; x_wconf 91' lang='lat' dir='ltr'><strong>exemplum</strong></span> <span class='ocrx_word' id='word_1_689' title='bbox 2007 1080 2160 1127; x_wconf 91' lang='lat' dir='ltr'><strong>ponitur</strong></span> <span class='ocrx_word' id='word_1_690' title='bbox 2179 1083 2302 1118; x_wconf 92' lang='lat' dir='ltr'><strong>solum</strong></span> <span class='ocrx_word' id='word_1_691' title='bbox 2329 1083 2378 1119; x_wconf 90' lang='lat' dir='ltr'><strong>ad</strong></span> <span class='ocrx_word' id='word_1_692' title='bbox 2402 1096 2481 1120; x_wconf 91' lang='lat' dir='ltr'><strong>ma-</strong></span> 
     </span>
     <span class='ocr_line' id='line_1_106' title="bbox 1413 1129 2482 1180; baseline 0.007 -15"><span class='ocrx_word' id='word_1_693' title='bbox 1413 1129 1668 1166; x_wconf 79' lang='lat' dir='ltr'><strong>nifestandum</strong></span> <span class='ocrx_word' id='word_1_694' title='bbox 1697 1131 1896 1178; x_wconf 91' lang='lat' dir='ltr'><strong>quomodo</strong></span> <span class='ocrx_word' id='word_1_695' title='bbox 1920 1132 2039 1180; x_wconf 89' lang='lat' dir='ltr'><strong>possit</strong></span> <span class='ocrx_word' id='word_1_696' title='bbox 2068 1145 2151 1169; x_wconf 91' lang='lat' dir='ltr'><strong>esse</strong></span> <span class='ocrx_word' id='word_1_697' title='bbox 2179 1135 2303 1171; x_wconf 89' lang='lat' dir='ltr'><strong>maior</strong></span> <span class='ocrx_word' id='word_1_698' title='bbox 2330 1149 2422 1173; x_wconf 92' lang='lat' dir='ltr'><strong>vera</strong></span> <span class='ocrx_word' id='word_1_699' title='bbox 2446 1144 2482 1173; x_wconf 91' lang='lat' dir='ltr'><strong>et</strong></span> 
     </span>
     <span class='ocr_line' id='line_1_107' title="bbox 1413 1183 2481 1234; baseline 0.008 -16"><span class='ocrx_word' id='word_1_700' title='bbox 1413 1183 1538 1219; x_wconf 90' lang='lat' dir='ltr'><strong>minor</strong></span> <span class='ocrx_word' id='word_1_701' title='bbox 1558 1183 1660 1219; x_wconf 87' lang='lat' dir='ltr'><strong>falsa.</strong></span> <span class='ocrx_word' id='word_1_702' title='bbox 1683 1183 1760 1220; x_wconf 93' lang='lat' dir='ltr'><strong>Sed</strong></span> <span class='ocrx_word' id='word_1_703' title='bbox 1779 1184 1854 1220; x_wconf 94' lang='lat' dir='ltr'><strong>hoc</strong></span> <span class='ocrx_word' id='word_1_704' title='bbox 1874 1186 2093 1234; x_wconf 87' lang='lat' dir='ltr'><strong>exemplum</strong></span> <span class='ocrx_word' id='word_1_705' title='bbox 2121 1199 2200 1223; x_wconf 91' lang='lat' dir='ltr'><strong>non</strong></span> <span class='ocrx_word' id='word_1_706' title='bbox 2219 1189 2333 1225; x_wconf 91' lang='lat' dir='ltr'><strong>habet</strong></span> <span class='ocrx_word' id='word_1_707' title='bbox 2353 1190 2481 1226; x_wconf 91' lang='lat' dir='ltr'><strong>locum</strong></span> 
     </span>
     <span class='ocr_line' id='line_1_108' title="bbox 1412 1235 2480 1285; baseline 0.007 -14"><span class='ocrx_word' id='word_1_708' title='bbox 1412 1235 1451 1271; x_wconf 92' lang='lat' dir='ltr'><strong>in</strong></span> <span class='ocrx_word' id='word_1_709' title='bbox 1469 1236 1680 1284; x_wconf 86' lang='lat' dir='ltr'><strong>propositO,</strong></span> <span class='ocrx_word' id='word_1_710' title='bbox 1696 1237 1762 1272; x_wconf 92' lang='lat' dir='ltr'><strong>ubi</strong></span> <span class='ocrx_word' id='word_1_711' title='bbox 1782 1238 1974 1285; x_wconf 89' lang='lat' dir='ltr'><strong>quaeritur</strong></span> <span class='ocrx_word' id='word_1_712' title='bbox 1994 1240 2186 1276; x_wconf 88' lang='lat' dir='ltr'><strong>conclusio</strong></span> <span class='ocrx_word' id='word_1_713' title='bbox 2207 1241 2308 1278; x_wconf 89' lang='lat' dir='ltr'><strong>falsa.</strong></span> <span class='ocrx_word' id='word_1_714' title='bbox 2326 1243 2375 1278; x_wconf 93' lang='lat' dir='ltr'><strong>Et</strong></span> <span class='ocrx_word' id='word_1_715' title='bbox 2394 1242 2480 1279; x_wconf 92' lang='lat' dir='ltr'><strong>ideo</strong></span> 
     </span>
     <span class='ocr_line' id='line_1_109' title="bbox 1413 1289 2729 1341; baseline 0.008 -17"><span class='ocrx_word' id='word_1_716' title='bbox 1413 1289 1670 1338; x_wconf 87' lang='lat' dir='ltr'><strong>Philosophus</strong></span> <span class='ocrx_word' id='word_1_717' title='bbox 1685 1290 1894 1338; x_wconf 90' lang='lat' dir='ltr'><strong>subiungit:</strong></span> <span class='ocrx_word' id='word_1_718' title='bbox 1915 1292 2056 1341; x_wconf 76' lang='lat' dir='ltr'><strong>Differt</strong></span> <span class='ocrx_word' id='word_1_719' title='bbox 2073 1299 2196 1330; x_wconf 86' lang='lat' dir='ltr'><strong>autem</strong></span> <span class='ocrx_word' id='word_1_720' title='bbox 2218 1295 2319 1340; x_wconf 86' lang='lat' dir='ltr'><strong>nihil,</strong></span> <span class='ocrx_word' id='word_1_721' title='bbox 2340 1307 2410 1332; x_wconf 91' lang='lat' dir='ltr'><strong>nec</strong></span> <span class='ocrx_word' id='word_1_722' title='bbox 2423 1296 2485 1332; x_wconf 81' lang='lat' dir='ltr'><strong>*si</strong></span> <span class='ocrx_word' id='word_1_723' title='bbox 2513 1306 2520 1313; x_wconf 89' lang='lat'><strong>·</strong></span> <span class='ocrx_word' id='word_1_724' title='bbox 2538 1305 2586 1326; x_wconf 67' lang='lat' dir='ltr'><strong>Nec</strong></span> <span class='ocrx_word' id='word_1_725' title='bbox 2601 1312 2627 1327; x_wconf 76' lang='lat' dir='ltr'><strong>ex</strong></span> <span class='ocrx_word' id='word_1_726' title='bbox 2642 1313 2729 1336; x_wconf 50' lang='lat' dir='ltr'><strong>iamt</strong></span> 
     </span>
     <span class='ocr_line' id='line_1_110' title="bbox 1413 1333 2728 1397; baseline 0.005 -18"><span class='ocrx_word' id='word_1_727' title='bbox 1413 1354 1487 1379; x_wconf 91' lang='lat' dir='ltr'><strong>non</strong></span> <span class='ocrx_word' id='word_1_728' title='bbox 1509 1343 1785 1380; x_wconf 77' lang='lat' dir='ltr'><strong>individualiter</strong></span> <span class='ocrx_word' id='word_1_729' title='bbox 1806 1344 1900 1381; x_wconf 86' lang='lat' dir='ltr'><strong>insit.</strong></span> <span class='ocrx_word' id='word_1_730' title='bbox 1927 1346 2139 1383; x_wconf 87' lang='lat' dir='ltr'><strong>Possumus</strong></span> <span class='ocrx_word' id='word_1_731' title='bbox 2159 1347 2261 1383; x_wconf 89' lang='lat' dir='ltr'><strong>enim</strong></span> <span class='ocrx_word' id='word_1_732' title='bbox 2276 1348 2296 1369; x_wconf 80' lang='grc'><em>*</em></span> <span class='ocrx_word' id='word_1_733' title='bbox 2310 1348 2481 1397; x_wconf 90' lang='lat' dir='ltr'><strong>accipere</strong></span> <span class='ocrx_word' id='word_1_734' title='bbox 2510 1333 2728 1392; x_wconf 45' lang='grc' dir='ltr'><strong>ἒτῖἶτσῖἶιξῖῐὶῖῗῗῖἶ</strong></span> 
     </span>
     <span class='ocr_line' id='line_1_111' title="bbox 1412 1385 2729 1450; baseline 0.006 -18"><span class='ocrx_word' id='word_1_735' title='bbox 1412 1396 1504 1432; x_wconf 92' lang='lat' dir='ltr'><strong>tales</strong></span> <span class='ocrx_word' id='word_1_736' title='bbox 1533 1396 1728 1444; x_wconf 90' lang='lat' dir='ltr'><strong>terminos,</strong></span> <span class='ocrx_word' id='word_1_737' title='bbox 1749 1397 1855 1446; x_wconf 92' lang='lat' dir='ltr'><strong>quod</strong></span> <span class='ocrx_word' id='word_1_738' title='bbox 1874 1394 1908 1435; x_wconf 89' lang='lat' dir='ltr'><strong>A</strong></span> <span class='ocrx_word' id='word_1_739' title='bbox 1928 1411 2006 1435; x_wconf 91' lang='lat' dir='ltr'><strong>non</strong></span> <span class='ocrx_word' id='word_1_740' title='bbox 2032 1399 2119 1436; x_wconf 91' lang='lat' dir='ltr'><strong>insit</strong></span> <span class='ocrx_word' id='word_1_741' title='bbox 2137 1401 2167 1436; x_wconf 93' lang='lat' dir='ltr'>B</span> <span class='ocrx_word' id='word_1_742' title='bbox 2187 1400 2479 1450; x_wconf 77' lang='lat' dir='ltr'><strong>individualiter,</strong></span> <span class='ocrx_word' id='word_1_743' title='bbox 2511 1385 2729 1432; x_wconf 28' lang='lat' dir='ltr'><strong>‘vinidi-nm*</strong></span> 
     </span>
     <span class='ocr_line' id='line_1_112' title="bbox 1412 1450 2480 1501; baseline 0.007 -16"><span class='ocrx_word' id='word_1_744' title='bbox 1412 1462 1538 1498; x_wconf 91' lang='lat' dir='ltr'><strong>neque</strong></span> <span class='ocrx_word' id='word_1_745' title='bbox 1567 1450 1694 1498; x_wconf 88' lang='lat' dir='ltr'><strong>aliquo</strong></span> <span class='ocrx_word' id='word_1_746' title='bbox 1723 1451 1864 1496; x_wconf 78' lang='lat' dir='ltr'><strong>m0d03</strong></span> <span class='ocrx_word' id='word_1_747' title='bbox 1894 1451 2016 1489; x_wconf 90' lang='lat' dir='ltr'><strong>immo</strong></span> <span class='ocrx_word' id='word_1_748' title='bbox 2044 1453 2172 1501; x_wconf 90' lang='lat' dir='ltr'><strong>potius</strong></span> <span class='ocrx_word' id='word_1_749' title='bbox 2201 1455 2248 1490; x_wconf 92' lang='lat' dir='ltr'><strong>ab</strong></span> <span class='ocrx_word' id='word_1_750' title='bbox 2270 1467 2316 1490; x_wconf 93' lang='lat' dir='ltr'><strong>eo</strong></span> <span class='ocrx_word' id='word_1_751' title='bbox 2347 1454 2480 1492; x_wconf 88' lang='lat' dir='ltr'><strong>indivi-</strong></span> 
     </span>
     <span class='ocr_line' id='line_1_113' title="bbox 1413 1503 2625 1557; baseline 0.003 -18"><span class='ocrx_word' id='word_1_752' title='bbox 1413 1503 1572 1540; x_wconf 87' lang='lat' dir='ltr'><strong>dualiter</strong></span> <span class='ocrx_word' id='word_1_753' title='bbox 1587 1512 1833 1541; x_wconf 89' lang='lat' dir='ltr'><strong>removeatur</strong></span> <span class='ocrx_word' id='word_1_754' title='bbox 1848 1509 1881 1541; x_wconf 78' lang='lat'><strong>⁸¹.</strong></span> <span class='ocrx_word' id='word_1_755' title='bbox 1899 1506 1983 1542; x_wconf 90' lang='lat' dir='ltr'><strong>Nec</strong></span> <span class='ocrx_word' id='word_1_756' title='bbox 2004 1514 2059 1542; x_wconf 93' lang='lat' dir='ltr'><strong>est</strong></span> <span class='ocrx_word' id='word_1_757' title='bbox 2074 1507 2188 1543; x_wconf 90' lang='lat' dir='ltr'><strong>etiam</strong></span> <span class='ocrx_word' id='word_1_758' title='bbox 2204 1512 2360 1544; x_wconf 73' lang='lat' dir='ltr'><strong>necesse</strong></span> <span class='ocrx_word' id='word_1_759' title='bbox 2377 1508 2482 1557; x_wconf 93' lang='lat' dir='ltr'><strong>quod</strong></span> <span class='ocrx_word' id='word_1_760' title='bbox 2600 1528 2625 1543; x_wconf 66' lang='lat'><strong>22</strong></span> 
     </span>
     <span class='ocr_line' id='line_1_114' title="bbox 1412 1556 2478 1607; baseline 0.007 -15"><span class='ocrx_word' id='word_1_761' title='bbox 1412 1556 1498 1593; x_wconf 88' lang='lat' dir='ltr'><strong>insit</strong></span> <span class='ocrx_word' id='word_1_762' title='bbox 1527 1557 1558 1593; x_wconf 95' lang='lat' dir='ltr'>C</span> <span class='ocrx_word' id='word_1_763' title='bbox 1587 1557 1877 1604; x_wconf 87' lang='lat' dir='ltr'><strong>individualiter,</strong></span> <span class='ocrx_word' id='word_1_764' title='bbox 1908 1559 1996 1607; x_wconf 90' lang='lat' dir='ltr'><strong>quia</strong></span> <span class='ocrx_word' id='word_1_765' title='bbox 2025 1572 2103 1596; x_wconf 92' lang='lat' dir='ltr'><strong>non</strong></span> <span class='ocrx_word' id='word_1_766' title='bbox 2138 1568 2194 1597; x_wconf 90' lang='lat' dir='ltr'><strong>est</strong></span> <span class='ocrx_word' id='word_1_767' title='bbox 2221 1561 2478 1598; x_wconf 90' lang='lat' dir='ltr'><strong>necessarium</strong></span> 
     </span>
     <span class='ocr_line' id='line_1_115' title="bbox 1413 1610 2480 1663; baseline 0.006 -17"><span class='ocrx_word' id='word_1_768' title='bbox 1413 1610 1518 1659; x_wconf 93' lang='lat' dir='ltr'><strong>quod</strong></span> <span class='ocrx_word' id='word_1_769' title='bbox 1538 1610 1819 1648; x_wconf 91' lang='lat' dir='ltr'><strong>demonstrator</strong></span> <span class='ocrx_word' id='word_1_770' title='bbox 1837 1619 1962 1649; x_wconf 92' lang='lat' dir='ltr'><strong>utatur</strong></span> <span class='ocrx_word' id='word_1_771' title='bbox 1981 1614 2107 1650; x_wconf 91' lang='lat' dir='ltr'><strong>solum</strong></span> <span class='ocrx_word' id='word_1_772' title='bbox 2157 1615 2480 1663; x_wconf 91' lang='lat' dir='ltr'><strong>propositionibus</strong></span> 
     </span>
     <span class='ocr_line' id='line_1_116' title="bbox 1411 1663 2481 1716; baseline 0.007 -17"><span class='ocrx_word' id='word_1_773' title='bbox 1411 1663 1661 1709; x_wconf 88' lang='lat' dir='ltr'><strong>immediatis;</strong></span> <span class='ocrx_word' id='word_1_774' title='bbox 1689 1664 1757 1701; x_wconf 89' lang='lat' dir='ltr'><strong>sed</strong></span> <span class='ocrx_word' id='word_1_775' title='bbox 1786 1665 1899 1701; x_wconf 91' lang='lat' dir='ltr'><strong>etiam</strong></span> <span class='ocrx_word' id='word_1_776' title='bbox 1928 1665 2003 1713; x_wconf 91' lang='lat' dir='ltr'><strong>his,</strong></span> <span class='ocrx_word' id='word_1_777' title='bbox 2033 1679 2132 1716; x_wconf 90' lang='lat' dir='ltr'><strong>quae</strong></span> <span class='ocrx_word' id='word_1_778' title='bbox 2159 1680 2228 1716; x_wconf 85' lang='lat' dir='ltr'><strong>per</strong></span> <span class='ocrx_word' id='word_1_779' title='bbox 2260 1668 2481 1706; x_wconf 90' lang='lat' dir='ltr'><strong>immediata</strong></span> 
     </span>
     <span class='ocr_line' id='line_1_117' title="bbox 1412 1717 2545 1769; baseline 0.005 -16"><span class='ocrx_word' id='word_1_780' title='bbox 1412 1717 1531 1754; x_wconf 91' lang='lat' dir='ltr'><strong>fidem</strong></span> <span class='ocrx_word' id='word_1_781' title='bbox 1557 1725 1795 1766; x_wconf 90' lang='lat' dir='ltr'><strong>acceperunt.</strong></span> <span class='ocrx_word' id='word_1_782' title='bbox 1816 1718 2000 1768; x_wconf 90' lang='lat' dir='ltr'><strong>Accipere</strong></span> <span class='ocrx_word' id='word_1_783' title='bbox 2021 1732 2110 1768; x_wconf 90' lang='lat' dir='ltr'><strong>ergo</strong></span> <span class='ocrx_word' id='word_1_784' title='bbox 2127 1721 2146 1741; x_wconf 60' lang='lat'><strong>’²</strong></span> <span class='ocrx_word' id='word_1_785' title='bbox 2161 1734 2368 1769; x_wconf 91' lang='lat' dir='ltr'><strong>possumus</strong></span> <span class='ocrx_word' id='word_1_786' title='bbox 2387 1722 2480 1759; x_wconf 91' lang='lat' dir='ltr'><strong>alios</strong></span> <span class='ocrx_word' id='word_1_787' title='bbox 2507 1732 2518 1742; x_wconf 71' lang='lat'>⁴</span> <span class='ocrx_word' id='word_1_788' title='bbox 2541 1759 2545 1763; x_wconf 86' lang='grc'>,</span> 
     </span>
     <span class='ocr_line' id='line_1_118' title="bbox 1412 1759 2725 1832; baseline 0.005 -26"><span class='ocrx_word' id='word_1_789' title='bbox 1412 1770 1607 1817; x_wconf 90' lang='lat' dir='ltr'><strong>terminos,</strong></span> <span class='ocrx_word' id='word_1_790' title='bbox 1629 1771 1677 1807; x_wconf 88' lang='lat' dir='ltr'><strong>ad</strong></span> <span class='ocrx_word' id='word_1_791' title='bbox 1705 1772 1945 1820; x_wconf 91' lang='lat' dir='ltr'><strong>propositum</strong></span> <span class='ocrx_word' id='word_1_792' title='bbox 1965 1773 2207 1821; x_wconf 82' lang='lat' dir='ltr'><strong>pertinentes,</strong></span> <span class='ocrx_word' id='word_1_793' title='bbox 2227 1783 2269 1811; x_wconf 93' lang='lat' dir='ltr'><strong>ut</strong></span> <span class='ocrx_word' id='word_1_794' title='bbox 2296 1775 2327 1811; x_wconf 92' lang='lat' dir='ltr'><strong>si</strong></span> <span class='ocrx_word' id='word_1_795' title='bbox 2345 1776 2365 1796; x_wconf 81' lang='grc'>*</span> <span class='ocrx_word' id='word_1_796' title='bbox 2384 1775 2478 1812; x_wconf 89' lang='lat' dir='ltr'><strong>acci·</strong></span> <span class='ocrx_word' id='word_1_797' title='bbox 2508 1759 2725 1832; x_wconf 50' lang='lat' dir='ltr'><strong>sslfgz‘ffi‘zrxf*</strong></span> 
     </span>
     <span class='ocr_line' id='line_1_119' title="bbox 1411 1813 2727 1885; baseline 0.007 -25"><span class='ocrx_word' id='word_1_798' title='bbox 1411 1824 1563 1873; x_wconf 89' lang='lat' dir='ltr'><strong>piamus</strong></span> <span class='ocrx_word' id='word_1_799' title='bbox 1595 1836 1666 1873; x_wconf 91' lang='lat' dir='ltr'><strong>pro</strong></span> <span class='ocrx_word' id='word_1_800' title='bbox 1695 1825 1817 1862; x_wconf 81' lang='lat' dir='ltr'><strong>medio</strong></span> <span class='ocrx_word' id='word_1_801' title='bbox 1846 1827 2094 1864; x_wconf 90' lang='lat' dir='ltr'><strong>substantiam</strong></span> <span class='ocrx_word' id='word_1_802' title='bbox 2122 1827 2411 1865; x_wconf 89' lang='lat' dir='ltr'><strong>intellectualem</strong></span> <span class='ocrx_word' id='word_1_803' title='bbox 2439 1830 2478 1865; x_wconf 88' lang='lat'><strong>*:</strong></span> <span class='ocrx_word' id='word_1_804' title='bbox 2508 1813 2727 1885; x_wconf 44' lang='lat' dir='ltr'><strong>{Aif&#39;sffbsffiigb-</strong></span> 
     </span>
     <span class='ocr_line' id='line_1_120' title="bbox 1414 1866 2728 1939; baseline 0.006 -26"><span class='ocrx_word' id='word_1_805' title='bbox 1414 1877 1539 1914; x_wconf 91' lang='lat' dir='ltr'><strong>omnis</strong></span> <span class='ocrx_word' id='word_1_806' title='bbox 1569 1877 1670 1914; x_wconf 92' lang='lat' dir='ltr'><strong>enim</strong></span> <span class='ocrx_word' id='word_1_807' title='bbox 1691 1878 1931 1926; x_wconf 87' lang='lat' dir='ltr'><strong>intelligentia</strong></span> <span class='ocrx_word' id='word_1_808' title='bbox 1952 1888 2007 1917; x_wconf 85' lang='lat' dir='ltr'><strong>est</strong></span> <span class='ocrx_word' id='word_1_809' title='bbox 2026 1881 2250 1927; x_wconf 88' lang='lat' dir='ltr'><strong>substantia;</strong></span> <span class='ocrx_word' id='word_1_810' title='bbox 2272 1882 2397 1919; x_wconf 88' lang='lat' dir='ltr'><strong>minor</strong></span> <span class='ocrx_word' id='word_1_811' title='bbox 2416 1895 2479 1919; x_wconf 90' lang='lat' dir='ltr'><strong>au·</strong></span> <span class='ocrx_word' id='word_1_812' title='bbox 2509 1866 2728 1939; x_wconf 42' lang='lat'><strong>15252&#39;225&#39;5‘5153‘12511&#39;</strong></span> 
     </span>
     <span class='ocr_line' id='line_1_121' title="bbox 1413 1921 2649 1983; baseline 0.005 -16"><span class='ocrx_word' id='word_1_813' title='bbox 1413 1939 1491 1968; x_wconf 91' lang='lat' dir='ltr'><strong>tem</strong></span> <span class='ocrx_word' id='word_1_814' title='bbox 1521 1938 1577 1968; x_wconf 91' lang='lat' dir='ltr'><strong>est</strong></span> <span class='ocrx_word' id='word_1_815' title='bbox 1611 1931 1722 1968; x_wconf 89' lang='lat' dir='ltr'><strong>falsa:</strong></span> <span class='ocrx_word' id='word_1_816' title='bbox 1754 1932 1892 1969; x_wconf 90' lang='lat' dir='ltr'><strong>Omnis</strong></span> <span class='ocrx_word' id='word_1_817' title='bbox 1925 1935 2113 1982; x_wconf 87' lang='lat' dir='ltr'><strong>quantitas</strong></span> <span class='ocrx_word' id='word_1_818' title='bbox 2143 1942 2198 1972; x_wconf 90' lang='lat' dir='ltr'><strong>est</strong></span> <span class='ocrx_word' id='word_1_819' title='bbox 2226 1935 2478 1983; x_wconf 88' lang='lat' dir='ltr'><strong>intelligentia.</strong></span> <span class='ocrx_word' id='word_1_820' title='bbox 2509 1921 2526 1939; x_wconf 41' lang='grc' dir='ltr'>ἰ</span> <span class='ocrx_word' id='word_1_821' title='bbox 2550 1921 2616 1940; x_wconf 54' lang='lat'><strong>‘’⁶¹¹⁴“</strong></span> <span class='ocrx_word' id='word_1_822' title='bbox 2629 1925 2649 1940; x_wconf 48' lang='grc' dir='ltr'><strong>θ’</strong></span> 
     </span>
     <span class='ocr_line' id='line_1_122' title="bbox 1414 1985 2078 2033; baseline 0.005 -12"><span class='ocrx_word' id='word_1_823' title='bbox 1414 1985 1525 2022; x_wconf 93' lang='lat' dir='ltr'><strong>Unde</strong></span> <span class='ocrx_word' id='word_1_824' title='bbox 1555 1985 1724 2033; x_wconf 91' lang='lat' dir='ltr'><strong>sequitur</strong></span> <span class='ocrx_word' id='word_1_825' title='bbox 1753 1986 1946 2023; x_wconf 90' lang='lat' dir='ltr'><strong>conclusio</strong></span> <span class='ocrx_word' id='word_1_826' title='bbox 1976 1987 2078 2024; x_wconf 87' lang='lat' dir='ltr'><strong>falsa.</strong></span> 
     </span>
    </p>

    <p class='ocr_par' dir='ltr' id='par_1_42' title="bbox 1414 2038 2728 2676">
     <span class='ocr_line' id='line_1_123' title="bbox 1474 2038 2480 2091; baseline 0.004 -17"><span class='ocrx_word' id='word_1_827' title='bbox 1474 2050 1531 2075; x_wconf 90' lang='lat'><strong>12.</strong></span> <span class='ocrx_word' id='word_1_828' title='bbox 1552 2038 1702 2079; x_wconf 90' lang='lat' dir='ltr'><strong>Deinde</strong></span> <span class='ocrx_word' id='word_1_829' title='bbox 1723 2051 1812 2076; x_wconf 92' lang='lat' dir='ltr'><strong>cum</strong></span> <span class='ocrx_word' id='word_1_830' title='bbox 1833 2039 1938 2076; x_wconf 87' lang='lat' dir='ltr'><strong>dicit:</strong></span> <span class='ocrx_word' id='word_1_831' title='bbox 1959 2041 2082 2088; x_wconf 83' lang='lat' dir='ltr'><strong>Ipsius</strong></span> <span class='ocrx_word' id='word_1_832' title='bbox 2097 2041 2245 2089; x_wconf 84' lang='lat' dir='ltr'><strong>quidem</strong></span> <span class='ocrx_word' id='word_1_833' title='bbox 2266 2042 2382 2091; x_wconf 81' lang='lat' dir='ltr'><strong>igitur</strong></span> <span class='ocrx_word' id='word_1_834' title='bbox 2397 2050 2480 2088; x_wconf 91' lang='lat' dir='ltr'><strong>etc.,</strong></span> 
     </span>
     <span class='ocr_line' id='line_1_124' title="bbox 1414 2092 2482 2144; baseline 0.003 -16"><span class='ocrx_word' id='word_1_835' title='bbox 1414 2092 1621 2141; x_wconf 90' lang='lat' dir='ltr'><strong>respondet</strong></span> <span class='ocrx_word' id='word_1_836' title='bbox 1648 2092 1781 2129; x_wconf 90' lang='lat' dir='ltr'><strong>tacitae</strong></span> <span class='ocrx_word' id='word_1_837' title='bbox 1810 2093 2033 2142; x_wconf 90' lang='lat' dir='ltr'><strong>quaestioni.</strong></span> <span class='ocrx_word' id='word_1_838' title='bbox 2055 2095 2191 2131; x_wconf 86' lang='lat' dir='ltr'><strong>Posset</strong></span> <span class='ocrx_word' id='word_1_839' title='bbox 2218 2095 2320 2131; x_wconf 90' lang='lat' dir='ltr'><strong>enirn</strong></span> <span class='ocrx_word' id='word_1_840' title='bbox 2349 2095 2482 2144; x_wconf 92' lang='lat' dir='ltr'><strong>aliquis</strong></span> 
     </span>
     <span class='ocr_line' id='line_1_125' title="bbox 1415 2145 2480 2194; baseline 0.003 -13"><span class='ocrx_word' id='word_1_841' title='bbox 1415 2146 1462 2182; x_wconf 91' lang='lat' dir='ltr'><strong>ab</strong></span> <span class='ocrx_word' id='word_1_842' title='bbox 1479 2158 1526 2182; x_wconf 93' lang='lat' dir='ltr'><strong>eo</strong></span> <span class='ocrx_word' id='word_1_843' title='bbox 1543 2145 1880 2194; x_wconf 87' lang='lat' dir='ltr'><strong>requirere*quod</strong></span> <span class='ocrx_word' id='word_1_844' title='bbox 1901 2148 2117 2184; x_wconf 90' lang='lat' dir='ltr'><strong>ostenderet</strong></span> <span class='ocrx_word' id='word_1_845' title='bbox 2137 2148 2392 2185; x_wconf 90' lang='lat' dir='ltr'><strong>diversitatem</strong></span> <span class='ocrx_word' id='word_1_846' title='bbox 2413 2149 2480 2184; x_wconf 94' lang='lat' dir='ltr'><strong>hu—</strong></span> 
     </span>
     <span class='ocr_line' id='line_1_126' title="bbox 1414 2198 2484 2250; baseline 0.003 -15"><span class='ocrx_word' id='word_1_847' title='bbox 1414 2198 1472 2236; x_wconf 93' lang='lat' dir='ltr'><strong>ius</strong></span> <span class='ocrx_word' id='word_1_848' title='bbox 1501 2199 1708 2247; x_wconf 87' lang='lat' dir='ltr'><strong>syllogismi</strong></span> <span class='ocrx_word' id='word_1_849' title='bbox 1728 2199 1765 2235; x_wconf 90' lang='lat' dir='ltr'><strong>in</strong></span> <span class='ocrx_word' id='word_1_850' title='bbox 1792 2200 1871 2236; x_wconf 90' lang='lat' dir='ltr'><strong>aliis</strong></span> <span class='ocrx_word' id='word_1_851' title='bbox 1900 2201 2040 2248; x_wconf 88' lang='lat' dir='ltr'><strong>figuris.</strong></span> <span class='ocrx_word' id='word_1_852' title='bbox 2064 2201 2140 2238; x_wconf 91' lang='lat' dir='ltr'><strong>Sed</strong></span> <span class='ocrx_word' id='word_1_853' title='bbox 2169 2201 2249 2250; x_wconf 91' lang='lat' dir='ltr'><strong>ipse</strong></span> <span class='ocrx_word' id='word_1_854' title='bbox 2278 2202 2484 2250; x_wconf 92' lang='lat' dir='ltr'><strong>respondet</strong></span> 
     </span>
     <span class='ocr_line' id='line_1_127' title="bbox 1415 2253 2482 2304; baseline 0.002 -15"><span class='ocrx_word' id='word_1_855' title='bbox 1415 2253 1520 2301; x_wconf 91' lang='lat' dir='ltr'><strong>quod</strong></span> <span class='ocrx_word' id='word_1_856' title='bbox 1537 2253 1721 2301; x_wconf 87' lang='lat' dir='ltr'><strong>deceptiO,</strong></span> <span class='ocrx_word' id='word_1_857' title='bbox 1739 2265 1837 2301; x_wconf 91' lang='lat' dir='ltr'><strong>quae</strong></span> <span class='ocrx_word' id='word_1_858' title='bbox 1858 2262 1913 2290; x_wconf 89' lang='lat' dir='ltr'><strong>est</strong></span> <span class='ocrx_word' id='word_1_859' title='bbox 1932 2254 2048 2302; x_wconf 90' lang='lat' dir='ltr'><strong>ipsius</strong></span> <span class='ocrx_word' id='word_1_860' title='bbox 2063 2267 2151 2300; x_wconf 84' lang='lat' dir='ltr'><strong>esse,</strong></span> <span class='ocrx_word' id='word_1_861' title='bbox 2169 2254 2265 2291; x_wconf 92' lang='lat' dir='ltr'><strong>idest</strong></span> <span class='ocrx_word' id='word_1_862' title='bbox 2278 2267 2347 2303; x_wconf 93' lang='lat' dir='ltr'><strong>per</strong></span> <span class='ocrx_word' id='word_1_863' title='bbox 2366 2267 2482 2304; x_wconf 90' lang='lat' dir='ltr'><strong>quam</strong></span> 
     </span>
     <span class='ocr_line' id='line_1_128' title="bbox 1415 2306 2482 2356; baseline 0.003 -14"><span class='ocrx_word' id='word_1_864' title='bbox 1415 2306 1548 2355; x_wconf 90' lang='lat' dir='ltr'><strong>aliquis</strong></span> <span class='ocrx_word' id='word_1_865' title='bbox 1578 2306 1765 2343; x_wconf 89' lang='lat' dir='ltr'><strong>existimat</strong></span> <span class='ocrx_word' id='word_1_866' title='bbox 1791 2307 2094 2356; x_wconf 89' lang='lat' dir='ltr'><strong>propositionem</strong></span> <span class='ocrx_word' id='word_1_867' title='bbox 2119 2308 2389 2345; x_wconf 88' lang='lat' dir='ltr'><strong>affirmativam</strong></span> <span class='ocrx_word' id='word_1_868' title='bbox 2418 2309 2482 2345; x_wconf 87' lang='lat' dir='ltr'><strong>fal-</strong></span> 
     </span>
     <span class='ocr_line' id='line_1_129' title="bbox 1416 2359 2483 2410; baseline 0.002 -14"><span class='ocrx_word' id='word_1_869' title='bbox 1416 2372 1510 2405; x_wconf 89' lang='lat' dir='ltr'><strong>sam,</strong></span> <span class='ocrx_word' id='word_1_870' title='bbox 1527 2367 1653 2408; x_wconf 92' lang='lat' dir='ltr'><strong>potest</strong></span> <span class='ocrx_word' id='word_1_871' title='bbox 1671 2359 1754 2396; x_wconf 90' lang='lat' dir='ltr'><strong>fieri</strong></span> <span class='ocrx_word' id='word_1_872' title='bbox 1773 2360 1899 2397; x_wconf 92' lang='lat' dir='ltr'><strong>solum</strong></span> <span class='ocrx_word' id='word_1_873' title='bbox 1919 2373 1988 2409; x_wconf 91' lang='lat' dir='ltr'><strong>per</strong></span> <span class='ocrx_word' id='word_1_874' title='bbox 2000 2362 2169 2409; x_wconf 87' lang='lat' dir='ltr'><strong>primam</strong></span> <span class='ocrx_word' id='word_1_875' title='bbox 2190 2362 2374 2409; x_wconf 91' lang='lat' dir='ltr'><strong>figuram:</strong></span> <span class='ocrx_word' id='word_1_876' title='bbox 2395 2362 2483 2410; x_wconf 90' lang='lat' dir='ltr'><strong>quia</strong></span> 
     </span>
     <span class='ocr_line' id='line_1_130' title="bbox 1416 2413 2725 2471; baseline 0.003 -22"><span class='ocrx_word' id='word_1_877' title='bbox 1416 2413 1454 2449; x_wconf 93' lang='lat' dir='ltr'><strong>in</strong></span> <span class='ocrx_word' id='word_1_878' title='bbox 1483 2413 1555 2449; x_wconf 91' lang='lat' dir='ltr'><strong>alia</strong></span> <span class='ocrx_word' id='word_1_879' title='bbox 1574 2414 1707 2461; x_wconf 87' lang='lat' dir='ltr'><strong>figura,</strong></span> <span class='ocrx_word' id='word_1_880' title='bbox 1729 2413 1868 2450; x_wconf 91' lang='lat' dir='ltr'><strong>scilicet</strong></span> <span class='ocrx_word' id='word_1_881' title='bbox 1887 2414 1924 2450; x_wconf 91' lang='lat' dir='ltr'><strong>in</strong></span> <span class='ocrx_word' id='word_1_882' title='bbox 1938 2415 2114 2461; x_wconf 85' lang='lat' dir='ltr'><strong>secunda,</strong></span> <span class='ocrx_word' id='word_1_883' title='bbox 2135 2427 2212 2452; x_wconf 94' lang='lat' dir='ltr'><strong>non</strong></span> <span class='ocrx_word' id='word_1_884' title='bbox 2228 2422 2353 2463; x_wconf 91' lang='lat' dir='ltr'><strong>potest</strong></span> <span class='ocrx_word' id='word_1_885' title='bbox 2367 2415 2448 2451; x_wconf 91' lang='lat' dir='ltr'><strong>fieri</strong></span> <span class='ocrx_word' id='word_1_886' title='bbox 2464 2416 2484 2436; x_wconf 74' lang='lat'><strong>&#39;¹‘</strong></span> <span class='ocrx_word' id='word_1_887' title='bbox 2511 2423 2725 2471; x_wconf 45' lang='lat' dir='ltr'><strong>ggffldgf&#39;gssf0*</strong></span> 
     </span>
     <span class='ocr_line' id='line_1_131' title="bbox 1416 2466 2689 2516; baseline 0.002 -14"><span class='ocrx_word' id='word_1_888' title='bbox 1416 2466 1657 2515; x_wconf 91' lang='lat' dir='ltr'><strong>syllogismus</strong></span> <span class='ocrx_word' id='word_1_889' title='bbox 1677 2466 1939 2504; x_wconf 87' lang='lat' dir='ltr'><strong>affirmativus.</strong></span> <span class='ocrx_word' id='word_1_890' title='bbox 1961 2468 2091 2504; x_wconf 88' lang='lat' dir='ltr'><strong>Tertia</strong></span> <span class='ocrx_word' id='word_1_891' title='bbox 2113 2475 2241 2505; x_wconf 91' lang='lat' dir='ltr'><strong>autem</strong></span> <span class='ocrx_word' id='word_1_892' title='bbox 2261 2468 2382 2516; x_wconf 87' lang='lat' dir='ltr'><strong>figura</strong></span> <span class='ocrx_word' id='word_1_893' title='bbox 2406 2480 2483 2504; x_wconf 93' lang='lat' dir='ltr'><strong>non</strong></span> <span class='ocrx_word' id='word_1_894' title='bbox 2573 2466 2579 2475; x_wconf 92' lang='lat'><em>&#39;</em></span> <span class='ocrx_word' id='word_1_895' title='bbox 2684 2467 2689 2471; x_wconf 82' lang='lat'>&#39;</span> 
     </span>
     <span class='ocr_line' id='line_1_132' title="bbox 1415 2519 2481 2569; baseline 0.002 -13"><span class='ocrx_word' id='word_1_896' title='bbox 1415 2519 1576 2568; x_wconf 89' lang='lat' dir='ltr'><strong>pertinet</strong></span> <span class='ocrx_word' id='word_1_897' title='bbox 1604 2520 1653 2557; x_wconf 89' lang='lat' dir='ltr'><strong>ad</strong></span> <span class='ocrx_word' id='word_1_898' title='bbox 1681 2520 1934 2568; x_wconf 88' lang='lat' dir='ltr'><strong>propositum,</strong></span> <span class='ocrx_word' id='word_1_899' title='bbox 1964 2521 2053 2569; x_wconf 89' lang='lat' dir='ltr'><strong>quia</strong></span> <span class='ocrx_word' id='word_1_900' title='bbox 2080 2521 2119 2558; x_wconf 87' lang='lat' dir='ltr'><strong>in</strong></span> <span class='ocrx_word' id='word_1_901' title='bbox 2148 2534 2193 2558; x_wconf 90' lang='lat' dir='ltr'><strong>ea</strong></span> <span class='ocrx_word' id='word_1_902' title='bbox 2211 2522 2231 2542; x_wconf 74' lang='grc'>*</span> <span class='ocrx_word' id='word_1_903' title='bbox 2250 2534 2328 2558; x_wconf 89' lang='grc'>11011</span> <span class='ocrx_word' id='word_1_904' title='bbox 2357 2529 2481 2569; x_wconf 89' lang='lat' dir='ltr'><strong>potest</strong></span> 
     </span>
     <span class='ocr_line' id='line_1_133' title="bbox 1416 2573 2728 2623; baseline 0.002 -14"><span class='ocrx_word' id='word_1_905' title='bbox 1416 2573 1592 2610; x_wconf 88' lang='lat' dir='ltr'><strong>concludi</strong></span> <span class='ocrx_word' id='word_1_906' title='bbox 1609 2573 1874 2620; x_wconf 67' lang='lat' dir='ltr'><strong>*univer-salis,</strong></span> <span class='ocrx_word' id='word_1_907' title='bbox 1895 2586 1994 2622; x_wconf 91' lang='lat' dir='ltr'><strong>quae</strong></span> <span class='ocrx_word' id='word_1_908' title='bbox 2008 2574 2262 2623; x_wconf 90' lang='lat' dir='ltr'><strong>principaliter</strong></span> <span class='ocrx_word' id='word_1_909' title='bbox 2280 2575 2484 2611; x_wconf 91' lang='lat' dir='ltr'><strong>intenditur</strong></span> <span class='ocrx_word' id='word_1_910' title='bbox 2513 2593 2558 2622; x_wconf 64' lang='lat'><strong>-92</strong></span> <span class='ocrx_word' id='word_1_911' title='bbox 2574 2597 2620 2612; x_wconf 74' lang='lat' dir='ltr'><strong>non</strong></span> <span class='ocrx_word' id='word_1_912' title='bbox 2635 2591 2728 2612; x_wconf 77' lang='lat' dir='ltr'><strong>conctu-</strong></span> 
     </span>
     <span class='ocr_line' id='line_1_134' title="bbox 1416 2617 2583 2676; baseline 0.003 -13"><span class='ocrx_word' id='word_1_913' title='bbox 1416 2626 1453 2663; x_wconf 91' lang='lat' dir='ltr'><strong>in</strong></span> <span class='ocrx_word' id='word_1_914' title='bbox 1484 2626 1820 2673; x_wconf 88' lang='lat' dir='ltr'><strong>demonstratione,</strong></span> <span class='ocrx_word' id='word_1_915' title='bbox 1842 2635 1879 2663; x_wconf 88' lang='lat' dir='ltr'><strong>et</strong></span> <span class='ocrx_word' id='word_1_916' title='bbox 1907 2627 1944 2663; x_wconf 94' lang='lat' dir='ltr'><strong>in</strong></span> <span class='ocrx_word' id='word_1_917' title='bbox 1972 2629 2048 2664; x_wconf 91' lang='lat' dir='ltr'><strong>hoc</strong></span> <span class='ocrx_word' id='word_1_918' title='bbox 2076 2628 2308 2676; x_wconf 88' lang='lat' dir='ltr'><strong>syllogismo.</strong></span> <span class='ocrx_word' id='word_1_919' title='bbox 2512 2617 2583 2639; x_wconf 42' lang='grc' dir='ltr'><strong>ΜΨ</strong></span> 
     </span>
    </p>
   </div>
   <div class='ocr_carea' id='block_1_34' title="bbox 2513 352 2728 402">
    <p class='ocr_par' dir='ltr' id='par_1_43' title="bbox 2513 352 2728 402">
     <span class='ocr_line' id='line_1_135' title="bbox 2515 352 2728 378; baseline 0.019 -7"><span class='ocrx_word' id='word_1_920' title='bbox 2515 352 2522 359; x_wconf 89' lang='grc'><em>·</em></span> <span class='ocrx_word' id='word_1_921' title='bbox 2539 357 2564 371; x_wconf 82' lang='lat' dir='ltr'><strong>o:</strong></span> <span class='ocrx_word' id='word_1_922' title='bbox 2580 353 2644 373; x_wconf 87' lang='lat' dir='ltr'><strong>omni</strong></span> <span class='ocrx_word' id='word_1_923' title='bbox 2657 354 2691 378; x_wconf 79' lang='lat' dir='ltr'><strong>B‚·</strong></span> <span class='ocrx_word' id='word_1_924' title='bbox 2702 360 2728 375; x_wconf 84' lang='lat' dir='ltr'><strong>co</strong></span> 
     </span>
     <span class='ocr_line' id='line_1_136' title="bbox 2513 381 2707 402; baseline 0.021 -5"><span class='ocrx_word' id='word_1_925' title='bbox 2513 383 2627 402; x_wconf 74' lang='lat' dir='ltr'><strong>EiLonr:</strong></span> <span class='ocrx_word' id='word_1_926' title='bbox 2643 382 2665 400; x_wconf 81' lang='lat' dir='ltr'><strong>et</strong></span> <span class='ocrx_word' id='word_1_927' title='bbox 2679 381 2707 402; x_wconf 89' lang='lat' dir='ltr'><strong>B.</strong></span> 
     </span>
    </p>
   </div>
   <div class='ocr_carea' id='block_1_35' title="bbox 2601 416 2637 440">
    <p class='ocr_par' dir='ltr' id='par_1_44' title="bbox 2601 416 2637 440">
     <span class='ocr_line' id='line_1_137' title="bbox 2601 416 2637 440; baseline 0 0"><span class='ocrx_word' id='word_1_928' title='bbox 2601 416 2637 440; x_wconf 78' lang='grc' dir='ltr'><strong>ΥΥ</strong></span> 
     </span>
    </p>
   </div>
   <div class='ocr_carea' id='block_1_36' title="bbox 2512 507 2731 635">
    <p class='ocr_par' dir='ltr' id='par_1_45' title="bbox 2512 507 2730 567">
     <span class='ocr_line' id='line_1_138' title="bbox 2514 507 2730 530; baseline 0.014 -3"><span class='ocrx_word' id='word_1_929' title='bbox 2514 508 2520 514; x_wconf 87' lang='grc'><em>·</em></span> <span class='ocrx_word' id='word_1_930' title='bbox 2532 507 2631 529; x_wconf 83' lang='lat' dir='ltr'><strong>Codd.-</strong></span> <span class='ocrx_word' id='word_1_931' title='bbox 2643 515 2666 530; x_wconf 76' lang='lat'><strong>1²:</strong></span> <span class='ocrx_word' id='word_1_932' title='bbox 2679 509 2730 530; x_wconf 84' lang='lat' dir='ltr'><strong>scil.</strong></span> 
     </span>
     <span class='ocr_line' id='line_1_139' title="bbox 2512 533 2727 567; baseline 0.014 -14"><span class='ocrx_word' id='word_1_933' title='bbox 2512 533 2615 567; x_wconf 64' lang='lat' dir='ltr'><strong>quod...</strong></span> <span class='ocrx_word' id='word_1_934' title='bbox 2631 537 2727 562; x_wconf 85' lang='lat' dir='ltr'><strong>utputa.</strong></span> 
     </span>
    </p>

    <p class='ocr_par' dir='ltr' id='par_1_46' title="bbox 2513 560 2731 635">
     <span class='ocr_line' id='line_1_140' title="bbox 2539 560 2731 583; baseline 0.016 -3"><span class='ocrx_word' id='word_1_935' title='bbox 2539 560 2614 582; x_wconf 87' lang='lat' dir='ltr'><strong>Codd.</strong></span> <span class='ocrx_word' id='word_1_936' title='bbox 2631 573 2646 576; x_wconf 98' lang='lat'>-</span> <span class='ocrx_word' id='word_1_937' title='bbox 2660 568 2687 583; x_wconf 72' lang='lat' dir='ltr'><strong>p:</strong></span> <span class='ocrx_word' id='word_1_938' title='bbox 2707 564 2731 583; x_wconf 80' lang='lat' dir='ltr'><strong>et</strong></span> 
     </span>
     <span class='ocr_line' id='line_1_141' title="bbox 2513 586 2729 613; baseline 0.019 -8"><span class='ocrx_word' id='word_1_939' title='bbox 2513 586 2590 607; x_wconf 84' lang='lat' dir='ltr'><strong>minor</strong></span> <span class='ocrx_word' id='word_1_940' title='bbox 2605 590 2657 613; x_wconf 83' lang='lat' dir='ltr'><strong>est,·</strong></span> <span class='ocrx_word' id='word_1_941' title='bbox 2677 594 2729 610; x_wconf 75' lang='lat' dir='ltr'><strong>cum</strong></span> 
     </span>
     <span class='ocr_line' id='line_1_142' title="bbox 2514 616 2621 635; baseline 0.019 -2"><span class='ocrx_word' id='word_1_942' title='bbox 2514 619 2562 634; x_wconf 84' lang='lat' dir='ltr'><strong>om.</strong></span> <span class='ocrx_word' id='word_1_943' title='bbox 2578 616 2621 635; x_wconf 81' lang='lat' dir='ltr'><strong>est.</strong></span> 
     </span>
    </p>
   </div>
   <div class='ocr_carea' id='block_1_37' title="bbox 2510 884 2674 906">
    <p class='ocr_par' dir='ltr' id='par_1_47' title="bbox 2510 884 2674 906">
     <span class='ocr_line' id='line_1_143' title="bbox 2510 884 2674 906; baseline 0.018 -3"><span class='ocrx_word' id='word_1_944' title='bbox 2510 884 2517 890; x_wconf 94' lang='grc'><strong>”</strong></span> <span class='ocrx_word' id='word_1_945' title='bbox 2532 889 2545 903; x_wconf 75' lang='grc' dir='ltr'><strong>Λ</strong></span> <span class='ocrx_word' id='word_1_946' title='bbox 2557 890 2562 904; x_wconf 73' lang='grc' dir='ltr'><strong><em>ε</em></strong></span> <span class='ocrx_word' id='word_1_947' title='bbox 2580 886 2674 906; x_wconf 81' lang='lat' dir='ltr'><strong>contra.</strong></span> 
     </span>
    </p>
   </div>
   <div class='ocr_carea' id='block_1_38' title="bbox 2508 982 2728 1014">
    <p class='ocr_par' dir='ltr' id='par_1_48' title="bbox 2508 982 2728 1014">
     <span class='ocr_line' id='line_1_144' title="bbox 2508 982 2728 1014; baseline 0.023 -5"><span class='ocrx_word' id='word_1_948' title='bbox 2508 988 2592 1010; x_wconf 74' lang='lat' dir='ltr'><strong>“Enim</strong></span> <span class='ocrx_word' id='word_1_949' title='bbox 2602 996 2649 1012; x_wconf 88' lang='lat' dir='ltr'><strong>om.</strong></span> <span class='ocrx_word' id='word_1_950' title='bbox 2658 982 2728 1014; x_wconf 63' lang='lat' dir='ltr'><strong>Aeni</strong></span> 
     </span>
    </p>
   </div>
   <div class='ocr_carea' id='block_1_39' title="bbox 2505 1043 2729 1171">
    <p class='ocr_par' dir='ltr' id='par_1_49' title="bbox 2505 1043 2729 1171">
     <span class='ocr_line' id='line_1_145' title="bbox 2510 1043 2726 1074; baseline 0.014 -10"><span class='ocrx_word' id='word_1_951' title='bbox 2510 1044 2517 1051; x_wconf 91' lang='grc'>·</span> <span class='ocrx_word' id='word_1_952' title='bbox 2535 1043 2611 1074; x_wconf 78' lang='lat' dir='ltr'><strong>Codd.</strong></span> <span class='ocrx_word' id='word_1_953' title='bbox 2624 1046 2686 1070; x_wconf 69' lang='lat' dir='ltr'><strong>(exc.</strong></span> <span class='ocrx_word' id='word_1_954' title='bbox 2696 1049 2726 1071; x_wconf 73' lang='grc'><strong>11)</strong></span> 
     </span>
     <span class='ocr_line' id='line_1_146' title="bbox 2505 1072 2729 1095; baseline 0.013 -5"><span class='ocrx_word' id='word_1_955' title='bbox 2505 1072 2619 1095; x_wconf 76' lang='lat' dir='ltr'><strong>positum.</strong></span> <span class='ocrx_word' id='word_1_956' title='bbox 2629 1083 2644 1087; x_wconf 97' lang='lat'><em>-</em></span> <span class='ocrx_word' id='word_1_957' title='bbox 2651 1078 2676 1093; x_wconf 74' lang='lat' dir='ltr'><strong>R:</strong></span> <span class='ocrx_word' id='word_1_958' title='bbox 2687 1073 2729 1093; x_wconf 86' lang='lat' dir='ltr'><strong>im-</strong></span> 
     </span>
     <span class='ocr_line' id='line_1_147' title="bbox 2506 1096 2619 1122; baseline 0.018 -6"><span class='ocrx_word' id='word_1_959' title='bbox 2506 1096 2619 1122; x_wconf 82' lang='lat' dir='ltr'><strong>positum.</strong></span> 
     </span>
     <span class='ocr_line' id='line_1_148' title="bbox 2510 1125 2727 1150; baseline 0.014 -7"><span class='ocrx_word' id='word_1_960' title='bbox 2510 1125 2518 1131; x_wconf 88' lang='grc'><strong>”’</strong></span> <span class='ocrx_word' id='word_1_961' title='bbox 2540 1130 2727 1150; x_wconf 74' lang='lat' dir='ltr'><strong>ABCEHLMOQST:</strong></span> 
     </span>
     <span class='ocr_line' id='line_1_149' title="bbox 2510 1148 2612 1171; baseline 0.02 -2"><span class='ocrx_word' id='word_1_962' title='bbox 2510 1148 2555 1171; x_wconf 80' lang='lat' dir='ltr'><strong>dic.</strong></span> <span class='ocrx_word' id='word_1_963' title='bbox 2567 1153 2612 1171; x_wconf 77' lang='lat' dir='ltr'><strong>est.</strong></span> 
     </span>
    </p>
   </div>
   <div class='ocr_carea' id='block_1_40' title="bbox 2512 1627 2729 1678">
    <p class='ocr_par' dir='ltr' id='par_1_50' title="bbox 2512 1627 2729 1678">
     <span class='ocr_line' id='line_1_150' title="bbox 2514 1627 2729 1652; baseline 0.014 -5"><span class='ocrx_word' id='word_1_964' title='bbox 2514 1630 2519 1635; x_wconf 90' lang='lat'>·</span> <span class='ocrx_word' id='word_1_965' title='bbox 2538 1627 2614 1649; x_wconf 81' lang='lat' dir='ltr'><strong>Codd.</strong></span> <span class='ocrx_word' id='word_1_966' title='bbox 2630 1630 2689 1652; x_wconf 72' lang='lat' dir='ltr'><strong>(exc.</strong></span> <span class='ocrx_word' id='word_1_967' title='bbox 2700 1635 2729 1650; x_wconf 73' lang='lat' dir='ltr'><strong>izo</strong></span> 
     </span>
     <span class='ocr_line' id='line_1_151' title="bbox 2512 1654 2727 1678; baseline 0.019 -5"><span class='ocrx_word' id='word_1_968' title='bbox 2512 1659 2557 1674; x_wconf 66' lang='lat' dir='ltr'><strong>mv:</strong></span> <span class='ocrx_word' id='word_1_969' title='bbox 2567 1654 2671 1676; x_wconf 49' lang='lat' dir='ltr'><strong>solia-»1</strong></span> <span class='ocrx_word' id='word_1_970' title='bbox 2680 1661 2727 1678; x_wconf 86' lang='lat' dir='ltr'><strong>om.</strong></span> 
     </span>
    </p>
   </div>
   <div class='ocr_carea' id='block_1_41' title="bbox 2533 1735 2727 1755">
    <p class='ocr_par' dir='ltr' id='par_1_51' title="bbox 2533 1735 2727 1755">
     <span class='ocr_line' id='line_1_152' title="bbox 2533 1735 2727 1755; baseline 0.015 -3"><span class='ocrx_word' id='word_1_971' title='bbox 2533 1738 2547 1752; x_wconf 77' lang='lat' dir='ltr'><strong>n</strong></span> <span class='ocrx_word' id='word_1_972' title='bbox 2559 1740 2564 1753; x_wconf 88' lang='lat'>:</span> <span class='ocrx_word' id='word_1_973' title='bbox 2579 1735 2665 1754; x_wconf 77' lang='lat' dir='ltr'><strong>aulem.</strong></span> <span class='ocrx_word' id='word_1_974' title='bbox 2673 1745 2688 1749; x_wconf 95' lang='lat'>-</span> <span class='ocrx_word' id='word_1_975' title='bbox 2699 1740 2727 1755; x_wconf 82' lang='lat' dir='ltr'><strong>o:</strong></span> 
     </span>
    </p>
   </div>
   <div class='ocr_carea' id='block_1_42' title="bbox 2511 2159 2726 2211">
    <p class='ocr_par' dir='ltr' id='par_1_52' title="bbox 2511 2159 2726 2211">
     <span class='ocr_line' id='line_1_153' title="bbox 2512 2159 2726 2185; baseline 0.009 -7"><span class='ocrx_word' id='word_1_976' title='bbox 2512 2159 2519 2166; x_wconf 93' lang='grc'>·</span> <span class='ocrx_word' id='word_1_977' title='bbox 2536 2164 2565 2178; x_wconf 70' lang='lat' dir='ltr'><strong>nn</strong></span> <span class='ocrx_word' id='word_1_978' title='bbox 2581 2162 2602 2179; x_wconf 82' lang='lat' dir='ltr'><strong>et</strong></span> <span class='ocrx_word' id='word_1_979' title='bbox 2617 2164 2640 2185; x_wconf 87' lang='lat' dir='ltr'><strong>p.</strong></span> <span class='ocrx_word' id='word_1_980' title='bbox 2651 2165 2682 2179; x_wconf 87' lang='lat' dir='ltr'><strong>m.</strong></span> <span class='ocrx_word' id='word_1_981' title='bbox 2701 2165 2726 2180; x_wconf 86' lang='lat' dir='ltr'><strong>c:</strong></span> 
     </span>
     <span class='ocr_line' id='line_1_154' title="bbox 2511 2190 2635 2211; baseline 0 -6"><span class='ocrx_word' id='word_1_982' title='bbox 2511 2190 2635 2211; x_wconf 77' lang='lat' dir='ltr'><strong>quaerere.</strong></span> 
     </span>
    </p>
   </div>
   <div class='ocr_carea' id='block_1_43' title="bbox 2511 2534 2728 2556">
    <p class='ocr_par' dir='ltr' id='par_1_53' title="bbox 2511 2534 2728 2556">
     <span class='ocr_line' id='line_1_155' title="bbox 2511 2534 2728 2556; baseline 0.005 -1"><span class='ocrx_word' id='word_1_983' title='bbox 2511 2535 2522 2544; x_wconf 65' lang='lat'><strong>⁸*</strong></span> <span class='ocrx_word' id='word_1_984' title='bbox 2536 2534 2561 2555; x_wconf 85' lang='lat' dir='ltr'><strong>ln</strong></span> <span class='ocrx_word' id='word_1_985' title='bbox 2576 2539 2604 2555; x_wconf 86' lang='lat' dir='ltr'><strong>ea</strong></span> <span class='ocrx_word' id='word_1_986' title='bbox 2619 2540 2645 2555; x_wconf 80' lang='lat' dir='ltr'><strong>ex</strong></span> <span class='ocrx_word' id='word_1_987' title='bbox 2658 2534 2728 2556; x_wconf 85' lang='lat' dir='ltr'><strong>codd.</strong></span> 
     </span>
    </p>
   </div>
   <div class='ocr_carea' id='block_1_44' title="bbox 1408 2793 2482 3284">
    <p class='ocr_par' dir='ltr' id='par_1_54' title="bbox 1411 2793 2482 2862">
     <span class='ocr_line' id='line_1_156' title="bbox 1412 2793 2482 2828; baseline 0.001 -10"><span class='ocrx_word' id='word_1_988' title='bbox 1412 2799 1437 2818; x_wconf 88' lang='lat' dir='ltr'><strong>et</strong></span> <span class='ocrx_word' id='word_1_989' title='bbox 1451 2801 1476 2826; x_wconf 90' lang='lat' dir='ltr'><strong>p.</strong></span> <span class='ocrx_word' id='word_1_990' title='bbox 1491 2801 1526 2818; x_wconf 86' lang='lat' dir='ltr'><strong>m.</strong></span> <span class='ocrx_word' id='word_1_991' title='bbox 1539 2793 1577 2818; x_wconf 83' lang='lat' dir='ltr'><strong>D:</strong></span> <span class='ocrx_word' id='word_1_992' title='bbox 1598 2801 1696 2823; x_wconf 78' lang='lat' dir='ltr'><strong>veram,</strong></span> <span class='ocrx_word' id='word_1_993' title='bbox 1715 2794 1763 2818; x_wconf 86' lang='lat' dir='ltr'><strong>sed</strong></span> <span class='ocrx_word' id='word_1_994' title='bbox 1782 2794 1917 2818; x_wconf 87' lang='lat' dir='ltr'><strong>maiorem.</strong></span> <span class='ocrx_word' id='word_1_995' title='bbox 1937 2793 2055 2826; x_wconf 79' lang='lat' dir='ltr'><strong>Denique</strong></span> <span class='ocrx_word' id='word_1_996' title='bbox 2075 2794 2177 2818; x_wconf 84' lang='lat' dir='ltr'><strong>codices</strong></span> <span class='ocrx_word' id='word_1_997' title='bbox 2196 2794 2264 2827; x_wconf 86' lang='lat' dir='ltr'><strong>(exc.</strong></span> <span class='ocrx_word' id='word_1_998' title='bbox 2280 2793 2340 2828; x_wconf 86' lang='lat' dir='ltr'><strong>BR)</strong></span> <span class='ocrx_word' id='word_1_999' title='bbox 2361 2795 2482 2819; x_wconf 81' lang='lat' dir='ltr'><strong>omittunt</strong></span> 
     </span>
     <span class='ocr_line' id='line_1_157' title="bbox 1411 2829 2451 2862; baseline 0.002 -9"><span class='ocrx_word' id='word_1_1000' title='bbox 1411 2829 1499 2853; x_wconf 90' lang='lat' dir='ltr'><strong>omnia</strong></span> <span class='ocrx_word' id='word_1_1001' title='bbox 1517 2829 1715 2862; x_wconf 41' lang='lat' dir='ltr'><strong>verbaLaltera</strong></span> <span class='ocrx_word' id='word_1_1002' title='bbox 1734 2829 1866 2854; x_wconf 83' lang='lat' dir='ltr'><strong>existente</strong></span> <span class='ocrx_word' id='word_1_1003' title='bbox 1881 2829 1966 2862; x_wconf 85' lang='lat' dir='ltr'><strong>salsa,</strong></span> <span class='ocrx_word' id='word_1_1004' title='bbox 1986 2829 2085 2854; x_wconf 86' lang='lat' dir='ltr'><strong>scilicet</strong></span> <span class='ocrx_word' id='word_1_1005' title='bbox 2104 2829 2213 2859; x_wconf 87' lang='lat' dir='ltr'><strong>minore,</strong></span> <span class='ocrx_word' id='word_1_1006' title='bbox 2233 2837 2301 2862; x_wconf 83' lang='lat' dir='ltr'><strong>quae</strong></span> <span class='ocrx_word' id='word_1_1007' title='bbox 2319 2833 2359 2854; x_wconf 87' lang='lat' dir='ltr'><strong>est</strong></span> <span class='ocrx_word' id='word_1_1008' title='bbox 2377 2831 2451 2855; x_wconf 77' lang='lat' dir='ltr'><strong>B-C.</strong></span> 
     </span>
    </p>

    <p class='ocr_par' dir='ltr' id='par_1_55' title="bbox 1410 2863 2481 2968">
     <span class='ocr_line' id='line_1_158' title="bbox 1464 2863 2481 2898; baseline 0.002 -10"><span class='ocrx_word' id='word_1_1009' title='bbox 1464 2863 1507 2898; x_wconf 88' lang='grc' dir='ltr'><strong>γγ)</strong></span> <span class='ocrx_word' id='word_1_1010' title='bbox 1529 2864 1605 2889; x_wconf 88' lang='lat' dir='ltr'><strong>Sicut</strong></span> <span class='ocrx_word' id='word_1_1011' title='bbox 1622 2872 1707 2897; x_wconf 83' lang='lat' dir='ltr'><strong>genus</strong></span> <span class='ocrx_word' id='word_1_1012' title='bbox 1721 2865 1859 2896; x_wconf 82' lang='lat' dir='ltr'><strong>proximis</strong></span> <span class='ocrx_word' id='word_1_1013' title='bbox 1878 2864 2018 2896; x_wconf 83' lang='lat' dir='ltr'><strong>speciebus.</strong></span> <span class='ocrx_word' id='word_1_1014' title='bbox 2030 2879 2050 2883; x_wconf 93' lang='lat'>—</span> <span class='ocrx_word' id='word_1_1015' title='bbox 2066 2865 2114 2889; x_wconf 81' lang='lat' dir='ltr'><strong>Est</strong></span> <span class='ocrx_word' id='word_1_1016' title='bbox 2133 2865 2208 2889; x_wconf 88' lang='lat' dir='ltr'><strong>lectio</strong></span> <span class='ocrx_word' id='word_1_1017' title='bbox 2227 2865 2301 2889; x_wconf 89' lang='lat' dir='ltr'><strong>codd.</strong></span> <span class='ocrx_word' id='word_1_1018' title='bbox 2321 2865 2481 2890; x_wconf 83' lang='lat' dir='ltr'><strong>BCDEHKL</strong></span> 
     </span>
     <span class='ocr_line' id='line_1_159' title="bbox 1411 2899 2480 2932; baseline 0.001 -8"><span class='ocrx_word' id='word_1_1019' title='bbox 1411 2899 1538 2930; x_wconf 84' lang='lat' dir='ltr'><strong>MQRST,</strong></span> <span class='ocrx_word' id='word_1_1020' title='bbox 1552 2900 1648 2932; x_wconf 87' lang='lat' dir='ltr'><strong>quibus</strong></span> <span class='ocrx_word' id='word_1_1021' title='bbox 1662 2901 1787 2924; x_wconf 82' lang='lat' dir='ltr'><strong>accedunt</strong></span> <span class='ocrx_word' id='word_1_1022' title='bbox 1800 2900 1872 2924; x_wconf 86' lang='lat' dir='ltr'><strong>GIN:</strong></span> <span class='ocrx_word' id='word_1_1023' title='bbox 1888 2900 1915 2924; x_wconf 90' lang='lat' dir='ltr'><strong>in</strong></span> <span class='ocrx_word' id='word_1_1024' title='bbox 1928 2900 2071 2931; x_wconf 85' lang='lat' dir='ltr'><strong>proximis,</strong></span> <span class='ocrx_word' id='word_1_1025' title='bbox 2083 2905 2109 2924; x_wconf 87' lang='lat' dir='ltr'><strong>et</strong></span> <span class='ocrx_word' id='word_1_1026' title='bbox 2120 2901 2157 2924; x_wconf 83' lang='lat' dir='ltr'><strong>A:</strong></span> <span class='ocrx_word' id='word_1_1027' title='bbox 2169 2900 2397 2931; x_wconf 71' lang='lat' dir='ltr'><strong>proximum-P:</strong></span> <span class='ocrx_word' id='word_1_1028' title='bbox 2411 2901 2480 2925; x_wconf 85' lang='lat' dir='ltr'><strong>sicut</strong></span> 
     </span>
     <span class='ocr_line' id='line_1_160' title="bbox 1410 2935 1792 2968; baseline 0.003 -9"><span class='ocrx_word' id='word_1_1029' title='bbox 1410 2942 1495 2968; x_wconf 84' lang='lat' dir='ltr'><strong>genus</strong></span> <span class='ocrx_word' id='word_1_1030' title='bbox 1510 2935 1632 2967; x_wconf 80' lang='lat' dir='ltr'><strong>propriis</strong></span> <span class='ocrx_word' id='word_1_1031' title='bbox 1651 2935 1792 2967; x_wconf 82' lang='lat' dir='ltr'><strong>speciebus.</strong></span> 
     </span>
    </p>

    <p class='ocr_par' dir='ltr' id='par_1_56' title="bbox 1412 2969 2482 3180">
     <span class='ocr_line' id='line_1_161' title="bbox 1464 2969 2481 3003; baseline 0.001 -9"><span class='ocrx_word' id='word_1_1032' title='bbox 1464 2969 1506 3002; x_wconf 81' lang='grc' dir='ltr'><strong>δδ)</strong></span> <span class='ocrx_word' id='word_1_1033' title='bbox 1526 2971 1618 2995; x_wconf 72' lang='lat' dir='ltr'><strong>Primo</strong></span> <span class='ocrx_word' id='word_1_1034' title='bbox 1633 2970 1811 3002; x_wconf 80' lang='lat' dir='ltr'><strong>praedicatur</strong></span> <span class='ocrx_word' id='word_1_1035' title='bbox 1825 2976 1897 2995; x_wconf 87' lang='lat' dir='ltr'><strong>etc.-</strong></span> <span class='ocrx_word' id='word_1_1036' title='bbox 1908 2971 1999 2995; x_wconf 82' lang='lat' dir='ltr'><strong>Primo</strong></span> <span class='ocrx_word' id='word_1_1037' title='bbox 2013 2971 2190 3002; x_wconf 86' lang='lat' dir='ltr'><strong>praedicatur</strong></span> <span class='ocrx_word' id='word_1_1038' title='bbox 2206 2971 2293 3003; x_wconf 85' lang='lat' dir='ltr'><strong>legunt</strong></span> <span class='ocrx_word' id='word_1_1039' title='bbox 2308 2971 2391 3002; x_wconf 91' lang='lat' dir='ltr'><strong>codd.,</strong></span> <span class='ocrx_word' id='word_1_1040' title='bbox 2409 2979 2481 2995; x_wconf 88' lang='lat' dir='ltr'><strong>exce-</strong></span> 
     </span>
     <span class='ocr_line' id='line_1_162' title="bbox 1412 3006 2482 3038; baseline 0 -8"><span class='ocrx_word' id='word_1_1041' title='bbox 1412 3006 1462 3038; x_wconf 85' lang='lat' dir='ltr'><strong>ptis</strong></span> <span class='ocrx_word' id='word_1_1042' title='bbox 1482 3006 1538 3036; x_wconf 82' lang='lat' dir='ltr'><strong>GR,</strong></span> <span class='ocrx_word' id='word_1_1043' title='bbox 1558 3006 1603 3038; x_wconf 91' lang='lat' dir='ltr'><strong>qui</strong></span> <span class='ocrx_word' id='word_1_1044' title='bbox 1621 3014 1675 3030; x_wconf 88' lang='lat' dir='ltr'><strong>om.</strong></span> <span class='ocrx_word' id='word_1_1045' title='bbox 1690 3006 1795 3037; x_wconf 88' lang='lat' dir='ltr'><strong>primo,·</strong></span> <span class='ocrx_word' id='word_1_1046' title='bbox 1814 3011 1839 3030; x_wconf 89' lang='lat' dir='ltr'><strong>et</strong></span> <span class='ocrx_word' id='word_1_1047' title='bbox 1858 3011 1898 3030; x_wconf 90' lang='lat' dir='ltr'><strong>est</strong></span> <span class='ocrx_word' id='word_1_1048' title='bbox 1916 3006 2024 3030; x_wconf 82' lang='lat' dir='ltr'><strong>omissio</strong></span> <span class='ocrx_word' id='word_1_1049' title='bbox 2044 3013 2165 3035; x_wconf 81' lang='lat' dir='ltr'><strong>erronea,</strong></span> <span class='ocrx_word' id='word_1_1050' title='bbox 2191 3007 2287 3038; x_wconf 84' lang='lat' dir='ltr'><strong>quippe</strong></span> <span class='ocrx_word' id='word_1_1051' title='bbox 2306 3014 2373 3038; x_wconf 81' lang='lat' dir='ltr'><strong>quae</strong></span> <span class='ocrx_word' id='word_1_1052' title='bbox 2391 3007 2482 3031; x_wconf 81' lang='lat' dir='ltr'><strong>reddat</strong></span> 
     </span>
     <span class='ocr_line' id='line_1_163' title="bbox 1413 3041 2481 3073; baseline 0 -8"><span class='ocrx_word' id='word_1_1053' title='bbox 1413 3042 1618 3073; x_wconf 86' lang='lat' dir='ltr'><strong>propositionem</strong></span> <span class='ocrx_word' id='word_1_1054' title='bbox 1637 3049 1659 3066; x_wconf 84' lang='lat' dir='ltr'><strong>s.</strong></span> <span class='ocrx_word' id='word_1_1055' title='bbox 1674 3041 1793 3066; x_wconf 85' lang='lat' dir='ltr'><strong>Thomae</strong></span> <span class='ocrx_word' id='word_1_1056' title='bbox 1811 3041 1940 3065; x_wconf 77' lang='lat' dir='ltr'><strong>falsam.—-</strong></span> <span class='ocrx_word' id='word_1_1057' title='bbox 1955 3041 1988 3065; x_wconf 88' lang='lat' dir='ltr'><strong>P:</strong></span> <span class='ocrx_word' id='word_1_1058' title='bbox 2004 3041 2182 3073; x_wconf 84' lang='lat' dir='ltr'><strong>praedicatur</strong></span> <span class='ocrx_word' id='word_1_1059' title='bbox 2195 3042 2323 3073; x_wconf 84' lang='lat' dir='ltr'><strong>primo.--</strong></span> <span class='ocrx_word' id='word_1_1060' title='bbox 2337 3042 2418 3066; x_wconf 91' lang='lat' dir='ltr'><strong>Codd.</strong></span> <span class='ocrx_word' id='word_1_1061' title='bbox 2438 3042 2481 3066; x_wconf 89' lang='lat' dir='ltr'><strong>BC</strong></span> 
     </span>
     <span class='ocr_line' id='line_1_164' title="bbox 1412 3076 2480 3107; baseline 0 -6"><span class='ocrx_word' id='word_1_1062' title='bbox 1412 3076 1691 3106; x_wconf 85' lang='lat' dir='ltr'><strong>DEHLMNOQRST:</strong></span> <span class='ocrx_word' id='word_1_1063' title='bbox 1711 3079 1834 3101; x_wconf 87' lang='lat' dir='ltr'><strong>neutrum</strong></span> <span class='ocrx_word' id='word_1_1064' title='bbox 1855 3077 1975 3107; x_wconf 86' lang='lat' dir='ltr'><strong>illorum;</strong></span> <span class='ocrx_word' id='word_1_1065' title='bbox 1995 3077 2019 3100; x_wconf 90' lang='lat' dir='ltr'><strong>l:</strong></span> <span class='ocrx_word' id='word_1_1066' title='bbox 2038 3080 2161 3101; x_wconf 79' lang='lat' dir='ltr'><strong>neutrum</strong></span> <span class='ocrx_word' id='word_1_1067' title='bbox 2176 3077 2269 3101; x_wconf 84' lang='lat' dir='ltr'><strong>horum</strong></span> <span class='ocrx_word' id='word_1_1068' title='bbox 2276 3083 2284 3104; x_wconf 86' lang='lat'>;</span> <span class='ocrx_word' id='word_1_1069' title='bbox 2303 3078 2338 3101; x_wconf 77' lang='lat' dir='ltr'><strong>A:</strong></span> <span class='ocrx_word' id='word_1_1070' title='bbox 2357 3080 2480 3101; x_wconf 86' lang='lat' dir='ltr'><strong>neutrum</strong></span> 
     </span>
     <span class='ocr_line' id='line_1_165' title="bbox 1413 3111 2479 3144; baseline 0 -8"><span class='ocrx_word' id='word_1_1071' title='bbox 1413 3112 1506 3144; x_wconf 85' lang='lat' dir='ltr'><strong>(marg.</strong></span> <span class='ocrx_word' id='word_1_1072' title='bbox 1520 3112 1580 3136; x_wconf 86' lang='lat' dir='ltr'><strong>add.</strong></span> <span class='ocrx_word' id='word_1_1073' title='bbox 1598 3111 1727 3143; x_wconf 72' lang='lat' dir='ltr'><strong>autemP)</strong></span> <span class='ocrx_word' id='word_1_1074' title='bbox 1741 3115 1782 3136; x_wconf 84' lang='lat' dir='ltr'><strong>est</strong></span> <span class='ocrx_word' id='word_1_1075' title='bbox 1791 3112 1912 3143; x_wconf 89' lang='lat' dir='ltr'><strong>plurium</strong></span> <span class='ocrx_word' id='word_1_1076' title='bbox 1927 3112 1959 3136; x_wconf 86' lang='lat' dir='ltr'><strong>de</strong></span> <span class='ocrx_word' id='word_1_1077' title='bbox 1978 3115 2073 3137; x_wconf 84' lang='lat' dir='ltr'><strong>neutro</strong></span> <span class='ocrx_word' id='word_1_1078' title='bbox 2088 3112 2273 3143; x_wconf 84' lang='lat' dir='ltr'><strong>praedicatur.</strong></span> <span class='ocrx_word' id='word_1_1079' title='bbox 2293 3112 2385 3136; x_wconf 76' lang='lat' dir='ltr'><strong>Pri&#39;ma</strong></span> <span class='ocrx_word' id='word_1_1080' title='bbox 2404 3112 2479 3136; x_wconf 84' lang='lat' dir='ltr'><strong>dubi-</strong></span> 
     </span>
     <span class='ocr_line' id='line_1_166' title="bbox 1412 3147 2426 3180; baseline 0 -9"><span class='ocrx_word' id='word_1_1081' title='bbox 1412 3147 1480 3172; x_wconf 79' lang='lat' dir='ltr'><strong>tatio</strong></span> <span class='ocrx_word' id='word_1_1082' title='bbox 1499 3147 1524 3171; x_wconf 86' lang='lat' dir='ltr'><strong>ei</strong></span> <span class='ocrx_word' id='word_1_1083' title='bbox 1538 3147 1700 3178; x_wconf 84' lang='lat' dir='ltr'><strong>praedicare</strong></span> <span class='ocrx_word' id='word_1_1084' title='bbox 1717 3147 1823 3180; x_wconf 80' lang='lat' dir='ltr'><strong>generis</strong></span> <span class='ocrx_word' id='word_1_1085' title='bbox 1848 3147 1881 3172; x_wconf 87' lang='lat' dir='ltr'><strong>de</strong></span> <span class='ocrx_word' id='word_1_1086' title='bbox 1899 3147 2027 3179; x_wconf 83' lang='lat' dir='ltr'><strong>oppositis</strong></span> <span class='ocrx_word' id='word_1_1087' title='bbox 2045 3147 2185 3179; x_wconf 83' lang='lat' dir='ltr'><strong>speciebus.</strong></span> <span class='ocrx_word' id='word_1_1088' title='bbox 2205 3147 2293 3171; x_wconf 86' lang='lat' dir='ltr'><strong>Lectio</strong></span> <span class='ocrx_word' id='word_1_1089' title='bbox 2311 3147 2426 3172; x_wconf 83' lang='lat' dir='ltr'><strong>ridicula.</strong></span> 
     </span>
    </p>

    <p class='ocr_par' dir='ltr' id='par_1_57' title="bbox 1408 3182 2480 3284">
     <span class='ocr_line' id='line_1_167' title="bbox 1466 3182 2479 3214; baseline 0.001 -8"><span class='ocrx_word' id='word_1_1090' title='bbox 1466 3182 1500 3214; x_wconf 82' lang='grc' dir='ltr'><strong>εε)</strong></span> <span class='ocrx_word' id='word_1_1091' title='bbox 1522 3182 1605 3206; x_wconf 89' lang='lat' dir='ltr'><strong>Immo</strong></span> <span class='ocrx_word' id='word_1_1092' title='bbox 1620 3182 1712 3214; x_wconf 85' lang='lat' dir='ltr'><strong>potius</strong></span> <span class='ocrx_word' id='word_1_1093' title='bbox 1726 3183 1831 3206; x_wconf 63' lang='lat' dir='ltr'><strong>ete—A</strong></span> <span class='ocrx_word' id='word_1_1094' title='bbox 1845 3190 1898 3207; x_wconf 92' lang='lat' dir='ltr'><strong>om.</strong></span> <span class='ocrx_word' id='word_1_1095' title='bbox 1914 3183 2008 3211; x_wconf 87' lang='lat' dir='ltr'><strong>immo,·</strong></span> <span class='ocrx_word' id='word_1_1096' title='bbox 2027 3183 2049 3206; x_wconf 89' lang='lat' dir='ltr'><strong>R</strong></span> <span class='ocrx_word' id='word_1_1097' title='bbox 2064 3190 2117 3207; x_wconf 93' lang='lat' dir='ltr'><strong>om.</strong></span> <span class='ocrx_word' id='word_1_1098' title='bbox 2133 3183 2212 3207; x_wconf 88' lang='lat' dir='ltr'><strong>immo</strong></span> <span class='ocrx_word' id='word_1_1099' title='bbox 2223 3183 2330 3214; x_wconf 83' lang='lat' dir='ltr'><strong>potius;</strong></span> <span class='ocrx_word' id='word_1_1100' title='bbox 2349 3182 2383 3206; x_wconf 91' lang='lat' dir='ltr'><strong>C:</strong></span> <span class='ocrx_word' id='word_1_1101' title='bbox 2399 3183 2479 3207; x_wconf 85' lang='lat' dir='ltr'><strong>immo</strong></span> 
     </span>
     <span class='ocr_line' id='line_1_168' title="bbox 1408 3217 2480 3250; baseline 0.001 -9"><span class='ocrx_word' id='word_1_1102' title='bbox 1408 3217 1500 3248; x_wconf 86' lang='lat' dir='ltr'><strong>potius</strong></span> <span class='ocrx_word' id='word_1_1103' title='bbox 1514 3217 1724 3246; x_wconf 80' lang='lat' dir='ltr'><strong>individualiter,</strong></span> <span class='ocrx_word' id='word_1_1104' title='bbox 1741 3225 1769 3242; x_wconf 90' lang='lat' dir='ltr'><strong>ac</strong></span> <span class='ocrx_word' id='word_1_1105' title='bbox 1789 3218 1879 3242; x_wconf 86' lang='lat' dir='ltr'><strong>ceteris</strong></span> <span class='ocrx_word' id='word_1_1106' title='bbox 1898 3218 2003 3242; x_wconf 87' lang='lat' dir='ltr'><strong>omissis</strong></span> <span class='ocrx_word' id='word_1_1107' title='bbox 2023 3218 2188 3250; x_wconf 86' lang='lat' dir='ltr'><strong>prosequitur</strong></span> <span class='ocrx_word' id='word_1_1108' title='bbox 2203 3218 2272 3249; x_wconf 89' lang='lat' dir='ltr'><strong>(post</strong></span> <span class='ocrx_word' id='word_1_1109' title='bbox 2286 3218 2395 3242; x_wconf 75' lang='lat' dir='ltr'><strong>alterum</strong></span> <span class='ocrx_word' id='word_1_1110' title='bbox 2410 3218 2480 3242; x_wconf 87' lang='lat' dir='ltr'><strong>indi-</strong></span> 
     </span>
     <span class='ocr_line' id='line_1_169' title="bbox 1412 3252 2480 3284; baseline 0.001 -8"><span class='ocrx_word' id='word_1_1111' title='bbox 1412 3252 1586 3284; x_wconf 83' lang='lat' dir='ltr'><strong>vidualiter):</strong></span> <span class='ocrx_word' id='word_1_1112' title='bbox 1600 3253 1663 3284; x_wconf 87' lang='lat' dir='ltr'><strong>quia</strong></span> <span class='ocrx_word' id='word_1_1113' title='bbox 1678 3260 1729 3277; x_wconf 91' lang='lat' dir='ltr'><strong>non</strong></span> <span class='ocrx_word' id='word_1_1114' title='bbox 1744 3255 1784 3277; x_wconf 85' lang='lat' dir='ltr'><strong>est</strong></span> <span class='ocrx_word' id='word_1_1115' title='bbox 1798 3258 1859 3282; x_wconf 88' lang='lat' dir='ltr'><strong>etc.;</strong></span> <span class='ocrx_word' id='word_1_1116' title='bbox 1873 3253 2138 3283; x_wconf 79' lang='lat' dir='ltr'><strong>ADEHIMNOQST:</strong></span> <span class='ocrx_word' id='word_1_1117' title='bbox 2153 3253 2244 3284; x_wconf 80' lang='lat' dir='ltr'><strong>potius</strong></span> <span class='ocrx_word' id='word_1_1118' title='bbox 2264 3253 2480 3278; x_wconf 76' lang='lat' dir='ltr'><strong>individualiter:</strong></span> 
     </span>
    </p>
   </div>
   <div class='ocr_carea' id='block_1_45' title="bbox 287 3287 2001 3321">
    <p class='ocr_par' dir='ltr' id='par_1_58' title="bbox 287 3287 2001 3321">
     <span class='ocr_line' id='line_1_170' title="bbox 287 3287 2001 3321; baseline 0.001 -9"><span class='ocrx_word' id='word_1_1119' title='bbox 287 3287 547 3318; x_wconf 86' lang='lat' dir='ltr'><strong>EGHKLMNOQT:</strong></span> <span class='ocrx_word' id='word_1_1120' title='bbox 560 3288 674 3313; x_wconf 85' lang='lat' dir='ltr'><strong>alteram</strong></span> <span class='ocrx_word' id='word_1_1121' title='bbox 690 3291 794 3313; x_wconf 86' lang='lat' dir='ltr'><strong>tantum</strong></span> <span class='ocrx_word' id='word_1_1122' title='bbox 809 3295 900 3313; x_wconf 75' lang='lat' dir='ltr'><strong>veram</strong></span> <span class='ocrx_word' id='word_1_1123' title='bbox 915 3289 968 3320; x_wconf 79' lang='lat' dir='ltr'><strong>(H,</strong></span> <span class='ocrx_word' id='word_1_1124' title='bbox 984 3296 1039 3314; x_wconf 79' lang='lat' dir='ltr'><strong>ver.</strong></span> <span class='ocrx_word' id='word_1_1125' title='bbox 1054 3289 1153 3321; x_wconf 82' lang='lat' dir='ltr'><strong>tant.);</strong></span> <span class='ocrx_word' id='word_1_1126' title='bbox 1166 3287 1359 3317; x_wconf 83' lang='lat' dir='ltr'><strong>ACEGKLOQ</strong></span> <span class='ocrx_word' id='word_1_1127' title='bbox 1411 3288 1444 3312; x_wconf 78' lang='lat' dir='ltr'><strong>ab</strong></span> <span class='ocrx_word' id='word_1_1128' title='bbox 1463 3294 1509 3315; x_wconf 83' lang='lat' dir='ltr'><strong>eo;</strong></span> <span class='ocrx_word' id='word_1_1129' title='bbox 1528 3288 1562 3311; x_wconf 86' lang='lat' dir='ltr'><strong>L:</strong></span> <span class='ocrx_word' id='word_1_1130' title='bbox 1583 3287 1786 3312; x_wconf 84' lang='lat' dir='ltr'><strong>individualiter</strong></span> <span class='ocrx_word' id='word_1_1131' title='bbox 1800 3288 1892 3319; x_wconf 83' lang='lat' dir='ltr'><strong>potius</strong></span> <span class='ocrx_word' id='word_1_1132' title='bbox 1910 3289 1944 3312; x_wconf 86' lang='lat' dir='ltr'><strong>ab</strong></span> <span class='ocrx_word' id='word_1_1133' title='bbox 1963 3295 2001 3313; x_wconf 86' lang='lat' dir='ltr'><strong>eo.</strong></span> 
     </span>
    </p>
   </div>
   <div class='ocr_carea' id='block_1_46' title="bbox 1028 3435 1850 3440">
    <p class='ocr_par' dir='ltr' id='par_1_59' title="bbox 1028 3435 1850 3440">
     <span class='ocr_line' id='line_1_171' title="bbox 1028 3435 1850 3440; baseline 0 0"><span class='ocrx_word' id='word_1_1134' title='bbox 1028 3435 1850 3440; x_wconf 95' lang='lat' dir='ltr'><strong> </strong></span> 
     </span>
    </p>
   </div>
   <div class='ocr_carea' id='block_1_47' title="bbox 1273 3425 1461 3453">
    <p class='ocr_par' dir='ltr' id='par_1_60' title="bbox 1273 3425 1461 3453">
     <span class='ocr_line' id='line_1_172' title="bbox 1273 3425 1461 3453; baseline 0.011 -15"><span class='ocrx_word' id='word_1_1135' title='bbox 1273 3437 1277 3438; x_wconf 18' lang='lat'><em>⁷</em></span> <span class='ocrx_word' id='word_1_1136' title='bbox 1318 3425 1461 3453; x_wconf 33' lang='lat'><strong>*4:53*</strong></span> 
     </span>
    </p>
   </div>
   <div class='ocr_carea' id='block_1_48' title="bbox 434 3659 770 3692">
    <p class='ocr_par' dir='ltr' id='par_1_61' title="bbox 434 3638 770 3692">
     <span class='ocr_line' id='line_1_173' title="bbox 434 3659 770 3692; baseline -0.006 -8"><span class='ocrx_word' id='word_1_1137' title='bbox 434 3660 503 3692; x_wconf 75' lang='lat' dir='ltr'><strong>Opp.</strong></span> <span class='ocrx_word' id='word_1_1138' title='bbox 523 3660 552 3684; x_wconf 90' lang='lat' dir='ltr'><strong>D</strong></span> <span class='ocrx_word' id='word_1_1139' title='bbox 569 3659 682 3683; x_wconf 53' lang='lat' dir='ltr'><strong>&#39;rumim</strong></span> <span class='ocrx_word' id='word_1_1140' title='bbox 702 3659 732 3683; x_wconf 89' lang='grc' dir='ltr'><strong>Τ.</strong></span> <span class='ocrx_word' id='word_1_1141' title='bbox 753 3659 770 3682; x_wconf 89' lang='lat' dir='ltr'><strong>l.</strong></span> 
     </span>
    </p>
   </div>
  </div>
 </body>
</html>
