2788 4204
168 843 181 869 0

72 902 82 911 ·
93 901 167 923 Codd.
177 912 186 917 -
195 907 221 922 P:
236 907 282 922 uno

71 928 162 956 quidem
178 927 254 949 modo.

69 973 78 982 ⁸
94 972 191 994 Codd.·
206 978 230 993 r:
246 971 280 993 al.

71 1001 147 1020 autem
159 1005 164 1024 ς
177 1020 179 1025 y
194 1004 222 1019 o:
246 997 279 1019 al.

70 1024 170 1053 quidem.

69 1087 80 1097 ¹*
90 1092 117 1107 o:
133 1061 178 1108 um:
188 1085 278 1114 quidem

67 1112 143 1134 modo.

312 245 391 280 224

312 324 391 348 non
407 310 651 358 geometrica:
673 308 761 357 quia
790 315 844 345 est
864 320 908 344 ex
925 307 994 354 his,
1011 317 1108 354 quae
1128 305 1231 341 nullo
1251 305 1370 341 modo

312 365 360 401 ad
389 363 636 411 geometriam
663 361 859 410 pertinent.
1093 410 1100 416 .

364 428 401 463 4.
423 416 571 453 Deinde
591 427 679 452 cum
699 414 800 451 dicit:
829 414 889 449 De
914 416 1122 461 geometrza
1141 415 1266 446 autem
1287 415 1369 456 etc.,

312 470 423 506 solvit
454 469 662 505 secundam
699 465 960 515 quaestionem
993 463 1121 500 dicens
1140 467 1155 486 η
1182 463 1287 511 quod
1315 463 1370 499 in-

311 523 514 572 terrogatio
543 522 588 557 de
614 519 832 569 geometria,
857 517 952 553 idest
976 516 1022 553 de
1050 515 1108 552 his
1137 527 1235 564 quae
1258 515 1369 563 perti-

311 582 402 612 nent
430 575 478 611 ad
505 572 763 622 geometriam,
786 582 872 606 cum
901 569 1147 615 interrogatur
1170 569 1217 605 de
1242 568 1369 617 aliquo

311 628 415 677 quod
450 634 504 663 est
537 633 666 662 contra
697 623 895 660 veritatem
929 622 1158 669 geometriae
1192 620 1310 667 (sicut
1338 621 1369 658 si

310 681 376 717 fiat
403 678 570 729 quaestio
600 678 647 714 de
678 678 752 713 hoc
781 676 885 725 quod
915 682 970 711 est
991 674 1198 722 parallelas
1225 674 1368 720 subire,

309 733 404 770 idest
431 732 546 768 lineas
566 742 685 778 aeque
715 729 892 766 distantes
914 729 1163 773 concurrere),
1184 732 1238 763 est
1255 727 1369 775 quod-

309 785 483 822 ammodo
510 782 738 832 geometrica
758 788 794 818 et
810 781 1085 830 quodammodo
1115 793 1189 817 non
1217 792 1368 829 geome-

309 839 400 874 trica
429 835 451 873 θ.
484 836 586 872 Sicut
615 835 717 872 enirn
751 835 1022 883 arryhthmon,
1051 833 1148 870 idest
1180 833 1285 881 quod
1314 841 1370 870 est

308 890 386 927 sine
415 889 591 937 rhythmo
619 889 681 925 vel
709 900 818 935 sono,
849 887 1044 936 dupliciter
1071 886 1219 933 dicitur,
1248 898 1327 923 uno
1349 888 1367 906 ⁴*

307 943 436 989 modo,
466 942 571 990 quod
600 942 704 980 nullo
730 942 849 978 modo
877 941 992 977 habet
1011 952 1162 987 sonum,
1192 947 1232 975 ut
1259 940 1367 987 lana,

306 996 378 1032 alio
398 997 417 1014 ⁴⁶
446 995 581 1041 modo,
611 995 716 1043 quod
739 994 853 1031 habet
871 1006 1037 1042 pravum
1066 1005 1217 1039 sonum,
1247 992 1340 1029 sicut
1357 999 1366 1013 ⁸

306 1060 492 1097 campana
526 1060 605 1084 non
638 1048 736 1084 bene
770 1059 937 1093 sonans;
974 1047 1024 1083 ita
1057 1054 1093 1083 et
1128 1046 1368 1094 interrogatio

304 1114 383 1138 non
411 1100 641 1149 geometrica
669 1100 803 1138 dicitur
831 1099 1036 1149 dupliciter.
1066 1100 1154 1137 Uno
1179 1100 1200 1120 *
1227 1100 1367 1146 modo,

354 1314 380 1346 η)
393 1313 496 1338 Deinde
505 1321 564 1338 cum
576 1313 666 1338 dicit...
676 1313 755 1338 solvit
768 1313 910 1338 secundam
920 1313 1099 1345 quaestionem
1110 1312 1199 1337 dicens
1209 1310 1370 1342 ete-Verba,
1386 1318 1392 1319 ’

304 1349 408 1375 Deinde
426 1356 485 1374 cum
501 1349 573 1378 dicit,
589 1349 682 1373 desunt
696 1349 721 1372 in
735 1349 820 1379 Piana,
835 1353 860 1373 et
874 1349 992 1373 addimus
1007 1356 1038 1372 ex
1052 1348 1191 1372 codicibus.
1210 1348 1268 1372 Alia
1282 1351 1369 1371 autem

301 1385 388 1416 verba,
407 1384 487 1410 solvit
503 1384 646 1409 secundam
661 1384 848 1416 quaestionem,
864 1391 931 1416 quae
944 1383 1022 1408 refert
1036 1383 1122 1413 Pinna,
1137 1383 1231 1407 desunt
1245 1382 1270 1406 in
1285 1382 1370 1406 omni-

301 1421 351 1445 bus
371 1420 466 1445 nostris
481 1419 611 1444 codicibus
627 1425 652 1444 et
667 1420 692 1443 in
706 1419 804 1444 Veneta
819 1419 859 1443 ed.
874 1426 899 1443 a.
908 1432 928 1438 —-
937 1418 1061 1443 Codicum
1073 1419 1141 1442 enim
1156 1418 1231 1442 lectio
1244 1423 1295 1442 est:
1316 1417 1369 1442 De-

303 1456 364 1481 inde
382 1463 440 1481 cum
461 1455 539 1480 dicit.-
559 1455 601 1479 De
618 1454 765 1488 geometria
783 1457 872 1479 autem
886 1458 942 1484 etc.,
963 1454 1028 1478 dicit
1047 1453 1100 1485 (A,
1114 1453 1226 1483 ascitum
1245 1453 1285 1483 M,
1304 1452 1370 1478 dicit

302 1491 383 1524 ergo)
403 1491 474 1523 quod
493 1490 620 1523 (CELQR
639 1495 664 1514 et
682 1498 707 1522 p.
722 1498 757 1514 m.
772 1490 794 1514 D
807 1498 861 1514 om.
875 1488 955 1523 quod)
972 1489 1150 1521 interrogatio
1164 1489 1198 1513 de
1210 1488 1367 1521 geometria,

302 1527 370 1551 idest
389 1527 437 1559 (G:
457 1526 506 1558 est)
527 1526 559 1550 de
578 1526 619 1550 his
637 1532 704 1557 quae
718 1525 755 1550 ad
767 1525 941 1558 geometriam
952 1524 1098 1556 pertinent,
1113 1532 1171 1549 cum
1187 1524 1227 1556 (B,
1242 1527 1282 1549 est
1295 1531 1369 1552 cum,-

301 1563 333 1593 Ο,
353 1562 388 1587 sit
405 1562 476 1593 cum)
497 1561 681 1594 interrogatur
699 1561 731 1585 de
745 1560 833 1593 aliquo
852 1561 923 1593 quod
941 1563 980 1585 est
997 1563 1093 1585 cont-a
1107 1565 1155 1584 etc.
1166 1572 1186 1579 ·-
1201 1559 1286 1584 Etiam
1301 1559 1369 1584 ed.a

300 1597 453 1631 principium
468 1597 544 1621 huius
559 1596 659 1621 numeri
674 1596 776 1626 omittit,
791 1604 820 1620 ac
834 1597 920 1620 statim
935 1595 1033 1628 incipit:
1049 1595 1091 1619 De
1103 1595 1251 1628 geometria
1269 1598 1367 1624 autem,

301 1633 366 1658 dicit
384 1633 455 1665 quod
473 1635 512 1657 est
532 1630 585 1668 (est
604 1632 680 1656 etiam
700 1631 736 1664 P)
757 1631 934 1665 interrogatio
954 1631 987 1656 de
1005 1631 1167 1664 geometria,
1189 1631 1257 1655 idest
1275 1630 1308 1655 de
1327 1630 1368 1655 his

300 1676 372 1701 quae*
386 1668 524 1700 pertinent
548 1667 585 1692 ad
608 1666 799 1700 geometriam,
824 1670 853 1691 ut
871 1674 930 1692 cum
959 1666 999 1699 (et
1018 1669 1047 1690 ut
1068 1666 1102 1699 P)
1124 1666 1309 1699 interrogatur
1335 1666 1368 1691 de

300 1704 388 1736 aliquo
416 1704 512 1736 aliquis
532 1702 646 1735 (aliquis
665 1703 741 1727 etiarn
760 1702 795 1734 P)
814 1703 886 1734 quod
904 1706 945 1727 est
968 1707 1016 1727 etc.
1031 1715 1051 1722 -
1065 1702 1157 1726 Procul
1186 1702 1264 1726 dubio
1291 1702 1367 1726 lectio

299 1740 373 1764 codd.
389 1739 510 1770 (Deinde
521 1746 580 1763 cum
595 1738 683 1769 dicit),
698 1745 777 1770 quam
791 1738 952 1770 adoptamus,
963 1737 1044 1770 magis
1060 1737 1179 1762 cohaeret
1193 1745 1252 1762 cum
1268 1737 1367 1761 dicendi

299 1778 382 1800 torma
402 1774 538 1799 observata
562 1774 588 1798 in
609 1781 718 1798 numero
743 1774 903 1805 praecedenti
923 1778 949 1798 et
971 1773 996 1797 in
1020 1781 1129 1797 numero
1152 1772 1283 1805 sequenti,
1303 1780 1367 1805 qua-

300 1818 352 1844 que
370 1811 474 1842 insuper
493 1818 514 1834 s.
525 1809 641 1834 Thomas
657 1809 807 1841 regulariter
820 1809 898 1833 utitur
913 1808 1016 1842 quoties
1030 1808 1177 1841 singillatim
1192 1808 1296 1840 exponit
1309 1816 1366 1840 par-

299 1851 352 1876 tes,
377 1846 402 1870 in
422 1853 486 1878 quas
505 1846 577 1878 prius
602 1845 721 1869 diviserat
744 1848 841 1869 textum
860 1844 1014 1869 Aristotelis.
1031 1857 1051 1863 ·-
1066 1844 1133 1869 Cum
1152 1843 1180 1875 P,
1195 1843 1253 1868 edd.
1270 1843 1336 1868 Ven.
1351 1844 1365 1868 b

300 1887 325 1907 et
348 1880 413 1906 1526
433 1881 529 1905 retineo
549 1880 597 1905 alia
614 1880 701 1911 verba,
720 1880 800 1905 solvit
817 1880 960 1905 secundam
979 1880 1166 1912 quaestionem,
1185 1884 1242 1903 tum
1261 1884 1366 1911 propter

299 1917 411 1942 formam
429 1916 567 1941 adhibitam
586 1923 600 1940 a
619 1923 640 1940 s.
651 1915 753 1940 Thoma
771 1915 798 1940 in
817 1924 860 1940 nn.
878 1915 1014 1948 praecedd.
1033 1920 1059 1940 et
1077 1923 1160 1948 seqq„
1179 1919 1236 1939 tum
1255 1915 1315 1947 quia
1333 1915 1366 1940 ad

300 1953 422 1977 orationis
441 1952 649 1984 perspicuitatem
668 1951 810 1975 conferunt.
829 1951 922 1976 Fateor
937 1956 1023 1975 tamen
1038 1958 1089 1975 non
1104 1958 1195 1983 pamm
1209 1958 1251 1975 me
1266 1950 1365 1975 moveri

300 1989 331 2013 ab
350 1987 465 2012 unanimi
485 1987 560 2012 codd.
575 1986 754 2011 consensione.
766 2000 785 2005 —
799 1987 845 2011 His
865 1986 984 2018 exceptis,
1000 1987 1135 2011 leaionem
1154 1986 1229 2010 codd.
1247 1986 1365 2011 omnium

300 2028 344 2049 aut
362 2023 415 2048 fere
433 2023 550 2047 omnium
565 2022 691 2054 adoptavi.
701 2022 866 2047 —Memineat
879 2022 990 2047 novitius
1006 2029 1155 2047 sermonem
1169 2021 1218 2046 hoc
1232 2021 1290 2046 loco
1305 2029 1365 2046 esse

300 2060 333 2084 de
351 2059 465 2084 secunda
483 2058 642 2090 quaestione,
654 2057 704 2082 hoc
723 2062 762 2082 est
781 2058 813 2082 de
833 2058 1073 2090 interrogationibus
1088 2057 1231 2082 secundum
1246 2057 1364 2090 ignoran-

300 2095 361 2119 tiam
380 2094 486 2118 alicuius
506 2093 634 2123 scientiae,
649 2098 674 2118 et
688 2101 755 2126 quae
774 2098 834 2117 sunt
853 2098 940 2117 contra
958 2093 1092 2118 veritatem
1111 2093 1231 2118 scientiae
1245 2093 1322 2123 illius,
1336 2098 1366 2117 ut

300 2131 396 2155 dictum
410 2134 450 2153 est
464 2137 550 2161 supra,
561 2137 586 2154 n.
598 2136 621 2153 2.
633 2129 698 2153 Hinc
713 2136 771 2153 cum
791 2128 815 2153 in
835 2128 884 2153 hoc
903 2128 974 2153 num.
994 2128 1114 2153 definitur
1134 2128 1311 2161 interrogatio
1332 2128 1364 2153 de

299 2165 456 2199 geometria,
468 2164 631 2196 intelligenda
641 2169 680 2188 est
690 2163 855 2197 interrogatio
865 2164 1008 2188 secundum
1018 2164 1187 2196 ignorantiam
1200 2164 1365 2195 geometriae.

298 2202 366 2226 Intra
379 2200 491 2232 denique
509 2199 683 2232 parenthesim
701 2199 844 2224 claudimus
862 2199 949 2230 verba,
968 2199 1036 2225 sicut
1053 2200 1077 2225 si
1087 2200 1143 2233 fiat
1161 2205 1218 2229 etc.,
1237 2204 1266 2224 ut
1283 2200 1365 2224 oratio

299 2236 381 2269 magis
401 2236 535 2268 perspicua
553 2235 594 2259 sit.

353 2269 377 2304 Θ)
399 2271 601 2301 Quodammodo
619 2270 781 2303 geometrica
799 2273 860 2295 et.—-
870 2270 952 2296 Codd.
967 2271 999 2295 Bl
1013 2278 1067 2296 om.
1079 2271 1143 2296 haec
1156 2271 1247 2301 verba;
1262 2270 1365 2295 codices

299 2315 363 2332 vero
376 2306 475 2336 AMQR
489 2314 541 2331 om.
552 2307 659 2331 alteram
673 2311 772 2338 partem
786 2306 976 2339 propositionis,
986 2309 1013 2331 et
1026 2307 1221 2339 quodammodo
1236 2313 1288 2331 non
1303 2313 1365 2339 geo-

301 2342 419 2367 metrica.
439 2342 522 2366 Ceteri
538 2342 639 2366 codices
654 2346 721 2366 stant
735 2349 782 2373 pro
796 2341 883 2373 Piana,
896 2347 921 2366 et
934 2342 1014 2366 bene:
1033 2348 1175 2375 utrumque
1193 2342 1263 2367 enim
1281 2349 1364 2366 mem-

300 2378 378 2403 brum
402 2377 583 2409 propositionis
609 2377 712 2409 ponitur
736 2377 760 2401 in
779 2382 848 2402 textu
872 2377 1030 2408 Aristotelis,
1054 2382 1080 2403 et
1103 2378 1209 2410 insuper
1227 2377 1367 2409 requiritur

301 2413 332 2438 ab
352 2413 382 2437 iis
396 2420 464 2444 quae
476 2413 508 2437 ad
522 2417 619 2437 textum
632 2412 811 2444 explicandum
825 2413 894 2438 addit
909 2420 930 2438 s.
941 2412 1095 2438 Thomas.·-
1104 2413 1186 2438 Codd.
1202 2412 1365 2438 ABCDEGK

301 2447 418 2478 LMQST
441 2448 587 2472 immediate
612 2452 818 2480 prosequuntur:
845 2448 921 2473 Sicut
944 2448 1014 2473 enim
1038 2449 1180 2480 dupliciter
1203 2448 1303 2474 dicitur
1320 2455 1366 2472 ar-

301 2483 456 2517 rhythmon,
469 2483 543 2512 idest,
559 2483 630 2515 quod
643 2486 682 2508 est
695 2483 752 2507 sine
766 2483 892 2517 rhythmo
906 2484 947 2508 vel
960 2491 1025 2508 sono
1040 2484 1181 2516 dupliciter
1195 2483 1367 2517 intelligitur.-

302 2526 356 2543 uno
375 2519 453 2543 modo
472 2524 519 2543 etc.
539 2518 572 2543 Et
589 2518 654 2543 hanc
678 2518 851 2543 inversionem
875 2519 970 2544 habent
989 2519 1065 2544 etiam
1091 2520 1165 2544 codd.
1184 2519 1269 2544 NOR:
1289 2519 1366 2544 Sicut

302 2554 371 2579 enim
397 2554 436 2586 (O
459 2562 512 2578 om.
532 2553 617 2586 enim)
641 2553 740 2578 dicitur
763 2553 906 2585 dupliciter
928 2559 989 2585 etc.;
1013 2555 1051 2579 H:
1077 2555 1153 2580 Sicut
1174 2555 1244 2580 enim
1268 2554 1367 2580 dicitur

302 2589 479 2623 arrhythmon
495 2589 636 2620 dupliciter
651 2593 707 2619 etc.;
721 2589 745 2613 1:
759 2589 835 2614 Sicut
847 2590 917 2615 enim
937 2589 1036 2615 dicitur
1053 2590 1260 2624 arrhythmon...
1279 2589 1366 2622 dupli-

301 2625 367 2651 citer
387 2625 558 2657 intelligitur:
582 2631 634 2649 nmo
659 2624 737 2649 modo
757 2629 805 2649 etc.
818 2637 837 2644 —-
855 2625 944 2650 Lectio
963 2625 1037 2650 codd.
1056 2633 1086 2650 ex
1109 2633 1198 2650 eorum
1218 2625 1367 2650 auctoritate

303 2660 415 2693 adoptari
440 2665 543 2693 posset,
568 2659 617 2684 nisi
640 2659 746 2684 obesset
769 2660 839 2692 quod
863 2667 956 2685 omnes
976 2661 1078 2693 legunt:
1102 2661 1244 2692 dupliciter
1266 2660 1366 2686 dicitur

302 2696 507 2729 arrhythmon...
523 2695 564 2720 vel
577 2702 642 2720 sono
657 2695 798 2727 dupliciter
812 2695 971 2729 intelligitur
990 2695 1024 2728 (G
1042 2703 1096 2720 om.
1110 2696 1252 2728 dupliciter
1271 2696 1366 2720 intelli-

302 2732 377 2764 gitur
382 2738 390 2760 ,·
404 2730 441 2761 Q,
451 2731 491 2756 vel
504 2738 570 2755 sono
584 2730 683 2756 dicitur
697 2730 868 2763 intelligere):
882 2731 1001 2756 videntur
1015 2731 1083 2755 enim
1098 2731 1228 2763 superflua
1241 2735 1267 2756 et
1280 2731 1366 2755 minus

303 2766 447 2799 expeditam
471 2766 625 2791 sententiam
648 2766 756 2791 reddere
778 2767 917 2797 vocabula,
940 2766 1081 2798 dupliciter
1104 2772 1130 2791 et
1148 2766 1307 2799 intelligitur
1324 2767 1367 2791 vel

303 2802 409 2831 dicitur,
429 2802 469 2826 bis
489 2801 613 2834 apposita.

357 2838 374 2869 ι)
397 2837 475 2867 Quod
488 2837 566 2862 habet
575 2835 691 2869 pradum
706 2844 808 2864 sonum,
822 2837 891 2862 sicut
905 2841 951 2862 etc.
961 2836 1036 2862 —Est
1053 2837 1127 2862 lectio
1146 2837 1220 2862 codd.
1234 2837 1366 2862 DEHILM

302 2873 452 2903 NOQRST,
462 2880 541 2905 quam
551 2873 713 2905 adoptamus.
724 2873 789 2898 Eam
799 2871 895 2897 habent
907 2872 983 2897 etiam
993 2873 1068 2897 codd.
1075 2872 1156 2898 ABK:
1166 2872 1244 2898 habet
1248 2879 1365 2904 parvum

304 2908 435 2940 (corrupte
444 2916 491 2940 pro
499 2908 627 2940 pravum)
637 2915 730 2933 sonum
736 2915 745 2937 ,·
759 2908 780 2933 C
790 2916 843 2933 non
853 2913 933 2933 recte:
947 2908 1018 2940 quod
1026 2907 1104 2933 habet
1115 2915 1217 2937 sonum,
1231 2907 1299 2933 sicut
1309 2912 1366 2939 etc.;

304 2944 327 2969 G
346 2951 468 2968 erronee:
488 2943 559 2976 quod
577 2943 655 2968 habet
679 2944 749 2969 bene.
771 2943 891 2976 Denique
909 2943 944 2968 P:
968 2943 1040 2976 quod
1063 2950 1115 2968 non
1139 2943 1216 2968 habet
1239 2943 1302 2968 bene
1323 2950 1367 2968 so-

304 2986 375 3004 num.
390 2993 410 2998 —
426 2978 491 3003 Infra
511 2979 620 3012 legimus
640 2986 699 3004 cum
723 2979 798 3004 codd.
818 2979 882 3011 (exc.
896 2978 996 3011 DGQ):
1017 2979 1055 3004 ita
1073 2982 1100 3004 et
1118 2978 1310 3011 interrogatio:
1328 2978 1367 3003 G:

305 3014 343 3039 ita
361 3015 441 3039 etiam
462 3014 652 3047 interrogatio;
670 3014 722 3044 DQ
735 3022 788 3039 non
807 3014 887 3039 bene:
907 3014 946 3039 ita
964 3014 1036 3047 quod
1054 3014 1198 3048 interrog.,·
1217 3014 1249 3038 P:
1269 3014 1308 3039 ita
1327 3013 1366 3039 in—

304 3050 461 3082 terrogatio.

357 3086 382 3117 κ)
403 3086 438 3110 Et
457 3085 612 3118 ignorantia
630 3090 678 3110 etc.
690 3098 708 3103 -
721 3085 897 3110 Amanuensis
917 3085 973 3109 cod.
988 3085 1019 3116 K,
1038 3084 1077 3109 ob·
1091 3092 1226 3110 recursum
1250 3085 1367 3110 eiusdem

304 3121 422 3145 vocabuli
438 3127 536 3152 prave,
556 3120 651 3146 omittit
668 3128 715 3152 per
732 3120 892 3145 oscitantiam
910 3120 1003 3150 verba,
1022 3119 1100 3145 habet
1119 3120 1147 3145 id
1166 3124 1212 3145 etc.
1231 3127 1318 3153 usque
1336 3120 1369 3144 ad

305 3163 426 3188 sequens,
438 3156 535 3181 utendo
546 3156 702 3180 exclusive.—-
711 3156 834 3189 Legimus
849 3160 935 3180 autem
950 3163 1008 3180 curn
1022 3155 1152 3180 codicibus
1169 3155 1234 3188 (exc.
1244 3155 1292 3188 G):
1306 3163 1368 3181 con-

305 3191 392 3216 traria
415 3194 454 3216 est
482 3191 591 3216 veritati
611 3191 773 3224 geometriae
795 3191 957 3224 (CDERST,
979 3191 1182 3224 geometricae),
1206 3199 1258 3216 non
1281 3195 1368 3216 autem

305 3233 363 3250 cum
378 3226 470 3251 Plana:
485 3229 524 3252 est
537 3230 633 3252 contra
651 3226 789 3252 veritatem
807 3226 1005 3260 geometriae.·-
1017 3226 1081 3251 Cod.
1094 3227 1130 3252 A:
1149 3233 1217 3259 quae
1228 3229 1268 3252 est
1281 3233 1369 3259 prave

306 3261 402 3287 utendo
416 3267 463 3287 etc.

358 3295 385 3329 λ)
406 3297 606 3330 Paralogismus
626 3297 651 3322 in
672 3297 822 3327 dictione,·...
842 3300 923 3322 extra
938 3297 1325 3330 dictionem.-Paralogismus,
1339 3301 1368 3322 ut

307 3339 383 3363 supra
394 3332 489 3357 dictum
500 3338 548 3363 est,
563 3337 615 3357 not.
625 3340 647 3364 ε,
659 3337 698 3358 est
708 3333 877 3365 syllogismus
888 3340 998 3365 peccans
1013 3333 1039 3357 in
1053 3332 1145 3363 forma,
1160 3338 1185 3357 et
1194 3332 1252 3358 ideo
1266 3338 1306 3358 est
1315 3333 1368 3366 syl-

307 3367 432 3399 logismus
449 3376 501 3392 non
511 3376 588 3393 verus
603 3368 649 3392 sed
659 3375 793 3400 apparens.
808 3368 847 3393 Eo
862 3375 914 3393 non
928 3368 1007 3393 utitur
1019 3368 1063 3401 qui
1078 3373 1148 3393 recte
1161 3367 1367 3400 philosophatur,

306 3402 417 3427 veritatis
432 3403 527 3428 scilicet
540 3403 731 3435 sapientiaeque
749 3403 892 3436 quaesitor;
908 3403 954 3428 sed
968 3403 1147 3436 paralogismis
1161 3408 1268 3429 utuntur
1281 3403 1369 3436 sophi-

307 3442 374 3467 stae,
394 3446 505 3470 quorum
530 3437 588 3463 finis
607 3443 647 3463 est
672 3446 724 3463 non
747 3439 875 3471 sapientes
899 3437 977 3470 effici,
997 3439 1043 3464 sed
1061 3439 1141 3464 videri
1166 3439 1294 3471 sapientes
1314 3438 1369 3471 (Cf.

308 3479 329 3496 s.
340 3472 389 3498 Th.
410 3473 435 3497 in
453 3474 487 3498 1v
506 3473 696 3507 Metaphysic„
717 3474 774 3499 lect.
788 3474 832 3506 iv).
852 3474 909 3504 Qua
929 3474 960 3499 de
979 3481 1056 3499 causa
1075 3482 1134 3499 cum
1153 3474 1297 3507 disputant,
1317 3482 1370 3499 non

307 3507 419 3532 veritatis
438 3516 526 3533 amore
545 3509 680 3539 ducuntur,
695 3509 741 3534 sed
755 3509 859 3534 libidine
873 3509 990 3534 vincendi
1003 3509 1190 3541 adversarium
1209 3509 1311 3534 vincere
1325 3517 1370 3534 au-

308 3546 361 3566 tem
380 3543 494 3567 nituntur
508 3551 567 3568 eum
583 3545 615 3568 ad
629 3544 740 3569 absurda
759 3545 875 3577 cogendo
889 3552 935 3576 per
954 3544 1186 3577 paralogismorum
1200 3552 1246 3570 seu
1260 3544 1370 3570 fallacia-

308 3584 367 3601 rum
382 3578 522 3610 captiones.
541 3579 605 3603 Sunt
623 3584 709 3604 autem
724 3579 749 3603 in
763 3579 834 3604 omni
849 3580 1002 3612 syllogismo
1021 3580 1101 3605 verba
1119 3587 1166 3605 seu
1184 3580 1325 3610 dictiones,
1346 3585 1371 3605 et

902 226 1280 266 POSTERIORUM
1307 226 1736 264 ANALYTICORUM
1764 228 1858 265 LIB.
1890 229 1903 264 1

1426 304 1516 353 quia
1558 312 1612 341 est
1650 306 1811 343 omnino
1849 319 1929 343 non
1967 307 2217 355 geometrica,
2255 308 2363 356 quasi
2399 309 2491 346 nihil

1424 358 1570 394 habens
1604 359 1833 406 geometriae
1858 361 1899 407 ³,
1929 359 2024 397 sicut
2057 360 2228 409 quaestio
2264 361 2312 398 de
2345 362 2491 399 musica

1424 410 1630 459 proposita.
1669 412 1755 448 Alio
1794 413 1935 460 modo,
1974 413 2063 462 quia
2100 425 2217 462 prave
2255 414 2370 451 habet
2406 415 2445 452 id
2470 416 2490 436 ’²‘

1425 464 1530 512 quod
1557 464 1787 512 geometriae
1817 472 1887 512 est;
1918 466 2007 515 quia
2025 466 2201 504 videlicet
2218 467 2238 488 '¹²
2264 467 2380 504 habet
2400 480 2490 504 con-

1424 516 1579 553 trarium
1608 518 1859 565 geometricae
1887 519 2046 556 veritati.
2078 521 2150 556 Ista
2170 520 2190 540 *
2220 532 2308 568 ergo
2334 520 2489 557 interro-

1424 569 1535 616 gatio,
1565 582 1663 618 quae
1693 578 1748 608 est
1776 571 1824 609 de
1853 584 2040 609 concursu
2067 573 2253 610 linearum
2279 571 2407 624 {aeque
2436 573 2490 611 di-

1424 622 1614 670 stantium,
1632 636 1712 660 non
1733 625 1753 645 ’¹‘
1783 631 1837 661 est
1855 637 1935 662 non
1954 626 2183 673 geometrica
2201 626 2327 675 primo
2355 627 2488 674 modo,

1425 688 1514 712 cum
1542 675 1588 712 sit
1607 677 1654 713 de
1674 678 1787 713 rebus
1805 678 2055 726 geometricis,
2073 680 2140 716 sed
2159 680 2329 716 secundo
2355 680 2487 727 modo,

1424 728 1513 777 quia
1543 740 1661 777 prave
1694 730 1808 766 habet
1840 730 1879 767 id
1906 732 2012 779 quod
2040 732 2269 779 geometriae
2299 739 2354 769 est
2373 733 2405 770 *.
2441 734 2489 770 Et

1423 781 1634 829 ignorantia
1651 788 1665 803 ²‘
1683 783 1789 829 haec,
1806 783 1944 820 scilicet
1963 796 2062 832 quae
2083 791 2138 821 est
2156 785 2195 821 in
2209 797 2328 834 prave
2342 787 2487 824 utendo

1422 833 1616 882 principiis
1647 836 1894 883 geometriae,
1929 837 2116 874 contraria
2145 844 2201 875 est
2226 838 2374 876 veritati
2400 851 2488 886 geo—

1424 894 1591 924 metriae.

1481 942 1514 977 5.
1544 940 1693 978 Deinde
1723 953 1810 978 cum
1840 941 1947 979 dicit:
1976 943 2023 979 In
2052 943 2229 980 doctrinis
2260 949 2386 981 autem
2405 951 2489 991 etc.,

1424 993 1535 1030 solvit
1554 993 1701 1030 tertiam
1721 994 1997 1043 quaestionem.
2019 996 2068 1032 Et
2081 996 2101 1017 ’¹²
2121 996 2218 1033 circa
2241 997 2316 1034 hoc
2340 997 2417 1034 duo
2437 997 2490 1034 fa-

1425 1045 1492 1083 cit:
1521 1047 1659 1095 primo,
1681 1047 1846 1085 ostendit
1860 1049 1965 1097 quod
1985 1048 2024 1085 in
2044 1050 2351 1087 demonstrativis
2371 1050 2490 1087 scien-

1423 1099 1482 1136 tiis
1501 1112 1581 1136 non
1605 1100 1650 1136 sit
1665 1100 1684 1121 *
1713 1101 1990 1150 paralogismus
2010 1102 2047 1139 in
2072 1101 2275 1150 dictione³;
2306 1104 2489 1152 secundo,

1424 1318 1466 1336 res
1479 1319 1526 1343 per
1543 1313 1622 1338 verba
1641 1313 1806 1346 significatae.
1825 1315 1894 1347 Ergo
1913 1323 1943 1340 ex
1957 1315 2052 1348 duplici
2071 1316 2153 1348 capite
2171 1316 2288 1349 sophista
2301 1317 2415 1343 fallacias
2430 1326 2491 1344 con-

1423 1346 1496 1379 gerit.
1515 1346 1589 1377 Quae
1608 1356 1638 1373 ex
1655 1349 1742 1374 verbis
1765 1350 1933 1383 proveniunt,
1953 1351 2072 1376 dicuntur
2089 1351 2203 1376 fallaciae
2221 1360 2268 1377 seu
2282 1353 2448 1386 paralogismi
2464 1354 2491 1379 in

1423 1381 1553 1412 dictione,·
1571 1391 1638 1415 quae
1656 1392 1719 1409 vero
1738 1392 1769 1410 ex
1786 1385 1865 1410 rebus
1884 1386 1948 1419 ipsis
1968 1386 2107 1418 ducuntur,
2125 1387 2241 1413 fallaciae
2259 1395 2308 1414 seu
2325 1389 2492 1423 paralogismi

1423 1420 1505 1441 extra
1523 1418 1666 1444 dictionem
1685 1425 1816 1445 vocantur.

1476 1452 1629 1479 Fanmctan
1647 1461 1676 1479 m
1694 1462 1825 1481 nim-mua.
1838 1469 1858 1477 -
1870 1457 1919 1481 Sex
1931 1462 2019 1482 autem
2038 1462 2106 1488 sunt,
2125 1462 2153 1482 ut
2171 1466 2203 1483 ex
2220 1459 2359 1484 Aristotele
2379 1460 2405 1484 in
2425 1460 2491 1485 libro

1424 1487 1608 1519 Hem-horum,
1629 1497 1684 1522 cap.
1698 1497 1725 1515 1v
1743 1491 1803 1516 dicit
1820 1499 1843 1516 s.
1853 1491 1978 1522 Thomas,
1998 1493 2047 1518 loci
2066 1493 2207 1525 sophistici,
2222 1501 2253 1519 ex
2267 1495 2362 1527 quibus
2375 1494 2405 1520 fit
2417 1503 2491 1528 para-

1422 1522 1548 1564 logismus
1568 1524 1594 1548 in
1608 1524 1731 1556 dictione,
1746 1533 1850 1558 nempe,
1864 1527 2046 1559 aequivocatio
2061 1536 2107 1553 seu
2124 1527 2269 1563 ὁμωνυμία,
2283 1530 2490 1565 amphibologia,

1421 1559 1585 1590 compositio,
1606 1560 1709 1590 divisio,
1728 1564 1853 1586 accentus
1871 1567 1896 1587 et
1907 1563 2004 1596 figura
2022 1563 2155 1589 dictionis.
2174 1564 2305 1590 Nonnulla
2319 1566 2352 1591 de
2363 1566 2404 1591 his
2418 1566 2490 1592 falla-

1422 1594 1467 1624 ciis
1486 1594 1638 1620 declaranda
1657 1603 1795 1621 censemus
1810 1597 1836 1622 in
1848 1598 1955 1630 gratiam
1974 1599 2140 1630 novitiorum,
2153 1607 2202 1632 pro
2215 1600 2385 1634 intelligentia
2397 1609 2491 1628 eomm

1422 1636 1488 1661 quae
1507 1629 1548 1654 hic
1567 1638 1582 1655 a
1600 1638 1621 1655 s.
1635 1631 1739 1656 Thoma
1753 1632 2046 1658 disseruntur.—Prima
2064 1634 2141 1667 igitur
2159 1634 2257 1660 fallacia
2275 1636 2301 1660 in
2320 1637 2430 1662 dictione
2447 1645 2490 1662 re-

1422 1670 1542 1690 censetur
1560 1666 1751 1698 aequivocatio,
1765 1675 1833 1700 quae
1851 1673 1892 1693 est
1910 1668 2007 1693 abusus
2021 1669 2097 1694 unius
2111 1670 2223 1695 nominis
2237 1671 2396 1697 diversarum
2411 1673 2490 1705 signi-

1420 1698 1568 1726 ficationum
1583 1701 1634 1734 (Cf.
1648 1702 1746 1733 Perih„
1762 1703 1820 1728 lect.
1829 1711 1855 1734 v,
1865 1711 1891 1729 n.
1906 1711 1935 1737 ¹9
1950 1709 1976 1729 et
1989 1709 2042 1729 not.
2053 1702 2092 1737 ξ);
2106 1710 2134 1730 et
2146 1706 2207 1737 quia
2220 1706 2247 1731 in
2259 1707 2415 1740 syllogismo
2428 1712 2491 1733 stmt

1421 1740 1474 1760 tres
1488 1737 1599 1768 termini,
1614 1738 1790 1770 aequivocatio
1810 1746 1869 1764 esse
1887 1745 1974 1772 potest
1991 1740 2018 1764 in
2036 1741 2126 1765 maiori
2145 1745 2268 1771 extremo,
2282 1742 2324 1767 vel
2342 1743 2368 1767 in
2387 1743 2490 1775 minori,

1420 1771 1461 1795 vel
1476 1771 1502 1796 in
1516 1773 1602 1797 medio
1615 1773 1734 1798 termino.
1743 1774 1809 1798 -Sit
1822 1773 1886 1799 haec
1899 1775 2077 1808 interrogatio:
2092 1776 2187 1809 Aliqua
2201 1777 2269 1802 mala
2283 1782 2345 1802 sunt
2359 1786 2392 1803 ne
2404 1778 2489 1804 bona?

1420 1806 1487 1831 Vere
1506 1808 1678 1840 respondetur
1695 1809 1763 1834 mala
1782 1817 1835 1834 non
1853 1817 1912 1835 esse
1931 1810 2007 1835 bona.
2031 1811 2188 1837 Contradicit
2201 1811 2318 1845 sophista
2331 1812 2383 1839 hoc
2394 1815 2489 1840 modo:

1421 1842 1576 1874 Expediens
1594 1846 1635 1868 est
1653 1844 1762 1873 bonum,·
1780 1845 1828 1870 sed
1846 1846 1930 1870 multa
1950 1847 2021 1871 mala
2034 1850 2097 1871 sunt
2110 1847 2284 1879 expedientia
2289 1855 2299 1877 ,¹
2313 1855 2379 1883 ergo
2397 1849 2489 1883 aliqua

1420 1878 1491 1902 mala
1508 1881 1572 1903 sunt
1590 1879 1667 1904 bona.
1686 1879 1761 1912 Opus
1780 1888 1833 1905 non
1847 1885 1888 1905 est
1900 1885 1930 1905 ut
1942 1881 2068 1906 addamus
2082 1881 2202 1907 homines
2215 1884 2268 1908 n'on
2282 1891 2341 1908 raro
2353 1884 2424 1910 abuti
2437 1885 2489 1911 hoe

1418 1913 1460 1937 vel
1479 1914 1555 1939 simili
1574 1915 1654 1940 modo
1671 1916 1838 1940 ratiocinandi
1855 1921 1884 1940 ut
1901 1917 2006 1949 proprio
2029 1918 2170 1943 commodo
2188 1918 2352 1951 indulgeant,
2375 1927 2491 1954 seseque

1418 1948 1531 1974 eximant
1559 1949 1591 1974 ab
1623 1949 1788 1976 humanitatis
1815 1952 1999 1984 religionisque
2026 1951 2125 1978 officiis.
2148 1954 2200 1979 Sed
2231 1959 2271 1979 est
2295 1962 2326 1981 so
2345 1954 2430 1981 hisma
2452 1963 2489 1981 ex

1418 1984 1628 2016 aequivocatione
1646 1986 1724 2011 medii
1742 1986 1844 2011 termini
1863 1987 2017 2019 expediens.
2037 1987 2115 2018 Quod
2133 1989 2239 2021 quidem
2257 1989 2323 2022 signi
2343 1995 2383 2015 cat
2400 1991 2443 2016 vel
2461 1991 2487 2016 id

1418 2020 1490 2051 quod
1509 2025 1550 2045 est
1567 2021 1710 2053 expetibile
1727 2021 1833 2047 ratione
1854 2022 1910 2052 sui,
1930 2027 1956 2048 et
1974 2027 2015 2048 est
2037 2023 2148 2053 bonum;
2170 2025 2212 2050 vel
2231 2024 2258 2050 id
2276 2025 2348 2057 quod
2370 2032 2423 2052 non
2446 2031 2490 2052 est

1418 2055 1523 2087 quidem
1547 2056 1682 2088 expen'bile
1705 2056 1802 2082 ratione
1821 2057 1875 2088 sui,
1899 2058 1946 2082 sed
1969 2062 2056 2083 tamen
2081 2066 2246 2092 consequens
2268 2060 2366 2093 aliquid
2388 2061 2488 2090 tatione-

1418 2090 1458 2115 sui
1486 2091 1634 2124 expetibile,
1658 2097 1685 2117 et
1706 2092 1765 2117 ideo
1787 2093 1978 2123 necessarium,
2003 2094 2122 2126 quamvis
2145 2101 2198 2119 non
2217 2094 2414 2128 bonum-(sicut
2431 2102 2488 2121 am-

1418 2131 1507 2158 putare
1526 2126 1659 2152 brachium
1678 2132 1718 2152 est
1735 2135 1788 2152 non
1802 2128 1909 2159 bonum,
1924 2129 1971 2153 sed
1985 2129 2046 2161 quia
2059 2129 2115 2154 eius
2132 2130 2274 2163 amputatio
2287 2135 2328 2156 est
2341 2132 2489 2157 necessaria

1418 2162 1576 2195 quandoque
1594 2163 1627 2187 ad
1645 2163 1869 2188 conservan'onem
1887 2164 1968 2194 vitae,
1988 2171 2056 2196 quae
2074 2165 2173 2190 ratione
2196 2166 2236 2190 sui
2259 2171 2300 2191 est
2323 2166 2485 2200 appetibilis,

1418 2197 1465 2222 hac
1484 2197 1516 2222 de
1536 2205 1613 2223 causa
1635 2198 1776 2231 amputatio
1795 2204 1836 2224 est
1854 2199 2002 2232 expediens,
2021 2200 2088 2224 idest
2100 2200 2254 2232 necessaria,
2269 2202 2316 2226 sed
2329 2209 2383 2227 non
2397 2202 2486 2236 bona).

1418 2232 1557 2265 Sophisma
1566 2233 1642 2267 igitur
1655 2234 1798 2267 praefatum
1813 2234 1963 2259 dissolvitur
1975 2235 2006 2265 si,
2015 2234 2084 2260 iuxta
2093 2235 2270 2270 distinctiones
2279 2237 2361 2268 dms,
2372 2237 2486 2263 dicsmr:

1419 2268 1574 2300 &pedicas
1592 2269 1735 2301 expetibile
1753 2270 1859 2295 ratione
1876 2270 1920 2295 sui
1936 2273 1977 2295 est
1989 2270 2086 2296 bonum
2092 2277 2102 2300 ‚·
2115 2271 2163 2296 sed
2176 2272 2261 2296 multa
2274 2272 2347 2297 mala
2359 2275 2424 2298 sunt
2434 2274 2495 2298 eas-I

1415 2303 1562 2336 pedientia,
1580 2304 1630 2330 hoc
1647 2308 1688 2330 est
1705 2305 1863 2331 necessaria.
1882 2305 1953 2338 Ergo
1970 2306 2090 2331 concludi
2107 2307 2211 2340 nequit:
2230 2307 2315 2333 multa
2333 2308 2406 2333 mala
2422 2309 2496 2334 amr

1419 2339 1495 2369 bona,
1511 2339 1571 2373 quia
1585 2347 1645 2366 cum
1659 2341 1710 2365 sint
1723 2346 1835 2373 quatuor
1843 2341 1947 2366 termini
1957 2341 2118 2374 (expediens
2127 2342 2200 2367 aliter
2209 2341 2371 2375 signiae-tin
2379 2343 2496 2375 maiam:

1418 2380 1444 2400 et
1462 2375 1534 2400 aliter
1552 2375 1577 2400 in
1597 2376 1718 2409 minori),
1739 2377 1907 2409 syllogismus
1925 2384 1978 2401 non
1998 2377 2079 2410 datur.
2357 2399 2360 2401 .
2492 2394 2496 2399 »

1470 2411 1675 2444 Amphibologia
1689 2416 1730 2437 est
1748 2412 1925 2444 aequivocatio
1944 2412 1999 2444 ipsa
2018 2420 2070 2438 non
2084 2413 2190 2445 quidem
2203 2413 2283 2439 unius
2295 2413 2423 2445 vocabuli,
2437 2414 2486 2445 sed

1417 2446 1554 2478 orationis3
1574 2451 1702 2479 quatenus
1727 2448 1868 2472 assumitur
1886 2447 1919 2473 ad
1942 2447 2083 2473 fallendum
2101 2448 2184 2473 oratio
2201 2456 2269 2482 quae
2287 2449 2378 2482 plura,
2402 2456 2495 2483 ειιῃιι1

1419 2481 1521 2507 diversa
1539 2486 1565 2507 et
1583 2482 1660 2507 etiam
1678 2482 1799 2515 opposita
1815 2482 1960 2516 significare
1976 2488 2069 2516 potest.
2088 2483 2214 2516 Exempla
2231 2484 2386 2510 Aristoteles
2403 2485 2496 2516 affetu

1419 2525 1532 2549 quorum
1550 2525 1632 2543 unum
1651 2516 1761 2543 sufficiat
1779 2518 1915 2544 adducere.
1930 2519 2072 2552 Interrogat
2089 2525 2152 2552 ergo
2170 2519 2301 2552 sophista:
2318 2519 2392 2546 Num
2415 2520 2495 2553 quod<

1419 2555 1446 2577 tu
1471 2552 1538 2578 dicis
1558 2559 1627 2583 esse,
1647 2553 1697 2578 hoc
1719 2556 1748 2578 tu
1772 2552 1838 2578 dicis
1862 2553 1940 2578 esse?
1963 2553 1997 2579 Et
2019 2553 2106 2579 habita
2129 2555 2301 2587 responsione
2321 2553 2497 2586 affirmativa„

1418 2588 1548 2621 redarguit
1565 2595 1612 2621 per
1629 2587 1696 2613 hanc
1719 2588 1950 2622 amphibologiam:
1972 2589 2050 2619 Quod
2070 2592 2099 2614 tu
2123 2589 2190 2615 dicis
2208 2596 2273 2620 esse,
2297 2589 2347 2615 hoc
2371 2593 2400 2615 tu
2418 2590 2486 2616 dicis

1418 2629 1487 2652 esse,·
1504 2623 1552 2648 sed
1571 2626 1599 2648 tu
1618 2623 1685 2649 dicis
1703 2630 1759 2649 esse
1783 2624 1913 2656 lapideum·
1930 2631 1996 2658 ergo
2014 2627 2040 2649 te
2057 2624 2175 2656 lapidem
2193 2625 2260 2650 dieis
2277 2631 2342 2650 esse.
2364 2625 2414 2650 Est
2430 2627 2495 2652 exn-7

1419 2658 1578 2691 phibologia:
1603 2666 1664 2683 nam
1687 2659 1736 2685 hoc
1757 2665 1814 2684 esse
1838 2659 1927 2684 referri
1946 2664 2032 2691 potest
2054 2660 2098 2684 vel
2121 2660 2154 2685 ad
2172 2660 2310 2691 dicentem,
2332 2665 2362 2685 ut
2379 2660 2406 2685 in
2424 2668 2495 2689 con-‚-

1419 2693 1535 2718 elusione
1553 2692 1631 2718 refert
1649 2693 1779 2726 sophista,
1799 2694 1841 2719 vel
1860 2694 1892 2719 ad
1911 2702 1966 2719 rem
1986 2695 2094 2726 dictam,
2113 2700 2142 2720 ut
2160 2695 2186 2720 in
2198 2694 2289 2720 maiori
2312 2695 2431 2721 concedit
2447 2696 2496 2721 ἰὼ,

1419 2734 1488 2754 terro
1506 2733 1572 2754 atus.
2154 2751 2156 2755 .
2439 2744 2441 2747 -

1473 2737 1595 2789 fgallacia
1612 2764 1810 2796 compositionis
1825 2769 1873 2795 est,
1887 2772 1947 2790 cum
1966 2772 1997 2790 ex
2015 2772 2048 2790 eo
2067 2765 2139 2798 quod
2153 2765 2303 2791 conceditur
2316 2766 2415 2799 aliquid
2427 2767 2490 2792 aa«

1418 2807 1510 2824 verum
1529 2800 1555 2824 in
1573 2806 1654 2824 sensu
1672 2799 1764 2830 diviso,
1783 2799 1899 2832 sophista
1917 2799 1994 2825 infert
2012 2807 2072 2826 esso
2089 2808 2182 2826 verum
2196 2801 2222 2826 in
2237 2809 2318 2826 sensu
2330 2801 2487 2834 composito.

1420 2835 1490 2860 Sicut
1508 2834 1682 2867 interroganti,
1696 2838 1786 2860 uti-um
1805 2835 1851 2868 qui
1869 2842 1940 2861 nunc
1956 2835 2030 2861 sedet
2044 2836 2133 2868 possit
2150 2837 2295 2867 ambulare,
2314 2837 2494 2869 respondeum

2517 377 2529 389 '⁶
2536 377 2611 400 Codd.
2619 389 2629 394 -
2642 385 2667 400 r:
2677 379 2733 410 fiab.

2518 403 2732 456 &znffig‘gffistffld-

2517 479 2528 490 ¹*
2538 484 2553 499 o
2563 485 2611 500 om.
2620 479 2732 505 videl.,·i.:

2518 505 2608 527 scilicet
2613 506 2668 533 quia
2678 506 2732 529 hab.

2518 541 2527 549 '¹
2542 540 2616 562 Codd.
2628 552 2638 557 -
2647 547 2674 563 r:
2688 541 2733 564 ita.

2518 642 2527 650 “
2543 646 2571 662 σε
2590 647 2638 663 om.
2653 647 2708 663 non.
2719 653 2730 658 -

2516 667 2589 689 Alter.
2608 673 2655 689 non
2669 669 2731 690 dele-

2515 696 2553 714 tur
2567 694 2591 715 in
2609 700 2638 720 κς
2653 695 2694 716 sed
2704 701 2733 716 u-

2515 723 2735 748 trumqueerronee.

2517 748 2524 755 '¹
2535 752 2550 767 o
2565 753 2612 768 om.
2624 749 2667 770 est.

2617 797 2632 813 κ

2520 1003 2528 1012 ·
2541 1008 2556 1024 Α
2571 1002 2668 1025 om.Et.

2517 1055 2694 1086 {animost-:fit
2710 1059 2736 1078 et

2517 1085 2550 1103 ita
2563 1082 2604 1104 ms.
2615 1084 2668 1104 cam
2682 1088 2725 1105 m«.

1420 2869 1579 2901 affirmative,
1598 2870 1644 2895 sed
1662 2870 1689 2895 in
1707 2877 1789 2895 sensu
1808 2870 1899 2901 diviso,
1918 2876 2046 2904 quatenus
2065 2879 2160 2904 nempe
2178 2872 2272 2897 sedena
2290 2871 2375 2905 surgit
2391 2877 2418 2898 et
2430 2880 2488 2898 nm-
2543 2886 2549 2891 -

1420 2905 1499 2936 bulat,
1513 2910 1539 2930 et
1557 2913 1617 2930 cum
1631 2905 1746 2931 ambulat
1759 2913 1812 2931 non
1825 2906 1936 2939 amplius
1952 2906 2033 2932 sedet.
2047 2907 2081 2932 At
2094 2906 2212 2940 sophista
2223 2906 2347 2932 fallaciter
2360 2907 2493 2933 concludit

1420 2942 1446 2966 in
1465 2947 1545 2966 sensu
1568 2941 1721 2974 composito,
1739 2940 1789 2966 hoc
1807 2946 1848 2966 est
1870 2946 1898 2966 ut
1922 2941 2065 2974 composite
2083 2949 2156 2973 vera,
2175 2949 2243 2976 quae
2261 2942 2287 2968 in
2306 2950 2387 2968 sensu
2405 2943 2496 2969 dirim

1420 2976 2183 3046 ffsssststffiaettffi‘lttfflaramma?
2194 2985 2312 3046 &mm-*³⁶
2309 2978 2496 3047 ¹¹²..,....⁸⁵‘¹³·¹¹.2·;s

1420 3048 1743 3108 “tatuit-¹:132&
1756 3048 2239 3117 Zss‘ssi‘lidmfflidssbssssssssosffl..
2248 3088 2378 3117 qm...
2391 3087 2494 3118 m>

1421 3125 1452 3144 ex
1470 3125 1502 3143 eo
1521 3118 1592 3151 quod
1610 3119 1781 3151 interrogatus
1806 3119 1923 3144 concedit
1946 3118 2043 3152 aliquid
2062 3126 2121 3145 esse
2138 3126 2231 3145 venun
2255 3120 2425 3152 coniunctim,
2438 3127 2487 3146 ο-

1420 3153 1504 3186 phista
1522 3153 1597 3179 infert
1615 3161 1708 3179 verum
1722 3161 1783 3179 esse
1797 3154 1908 3179 divisim.
1932 3154 1964 3179 E.
1979 3162 2013 3187 ga
2034 3154 2157 3188 Quinque
2173 3157 2271 3180 suntne
2290 3155 2347 3181 tria
2363 3157 2394 3181 et
2408 3154 2487 3181 anor

1421 3189 1519 3214 Annuit
1532 3189 1713 3222 interrogatus.
1727 3189 1848 3222 Sophiste
1861 3189 1957 3223 arguit:
1973 3190 2094 3223 Quinque
2107 3193 2171 3216 sunt
2183 3190 2239 3216 tria
2252 3193 2280 3216 et
2290 3190 2359 3219 dnot
2371 3190 2423 3222 sed
2432 3190 2494 3216 tr&

1420 3228 1483 3250 sunt
1502 3231 1627 3250 numerus
1645 3224 1747 3257 impar,
1766 3228 1793 3251 et
1811 3225 1864 3250 duo
1882 3228 1946 3250 sunt
1967 3232 2094 3251 num
2109 3232 2180 3257 peu·
2202 3232 2268 3259 ergo
2286 3225 2401 3258 quinque
2421 3226 2495 3254 aiut»

1421 3267 1547 3286 numerus
1560 3267 1616 3292 par
1629 3263 1656 3287 et
1669 3260 1766 3292 impar.
1785 3260 1899 3293 Negatur
1912 3261 2059 3292 conclusio;
2073 3268 2145 3294 ergo,
2158 3261 2242 3294 arguit
2253 3261 2347 3286 iterum
2361 3259 2488 3294 sophi-n,

1420 3296 1534 3329 quinque
1553 3303 1605 3321 non
1623 3298 1688 3321 sunt
1701 3295 1757 3321 tria
1770 3299 1798 3321 et
1811 3296 1872 3322 duo.
1887 3296 1998 3322 Fallacia
2015 3301 2057 3322 est
2075 3295 2221 3322 divisionis:
2240 3296 2296 3322 tria
2313 3301 2340 3321 et
2356 3296 2410 3322 duo
2422 3295 2486 3321 divi-

1421 3332 1472 3356 sim
1491 3336 1552 3356 sunt
1565 3331 1668 3356 numeri
1679 3339 1727 3364 par
1739 3336 1766 3357 et
1778 3332 1875 3364 impar,
1894 3331 1941 3357 sed
1955 3331 2112 3357 coniunctim
2124 3332 2151 3357 in
2163 3338 2275 3358 numero
2297 3331 2417 3365 quinque
2425 3334 2489 3356 sunt

1423 3374 1733 3428 numlg'fflxaezngeentus
1747 3406 1788 3428 est
1799 3402 1905 3435 quando
1917 3409 1978 3433 vox,
1991 3388 2067 3436 quae,
2076 3402 2176 3435 pmlnta
2189 3409 2250 3428 cum
2259 3409 2313 3427 uno
2325 3405 2431 3427 ιαιαιειι
2443 3399 2487 3425 vel

1422 3437 1512 3471 spiritu
1522 3437 1600 3463 habet
1609 3438 1751 3468 veritatem,
1762 3437 1874 3464 sumitur
1887 3445 1904 3462 ι
1916 3437 2035 3471 sophiam
2043 3445 2104 3463 cum
2113 3437 2218 3464 diverso
2227 3441 2336 3463 accentu
2343 3443 2374 3462 ae
2382 3435 2487 3469 spititu3

1421 3481 1451 3498 ex
1466 3481 1519 3506 quo
1533 3473 1615 3506 arguit
1628 3472 1802 3506 proferentem
1816 3480 1909 3498 vocem
1921 3472 2002 3504 illam,
2015 3472 2199 3506 quasi-fabum
2208 3471 2391 3498 mund-vem.
2409 3470 2488 3496 Notat

1421 3509 1574 3534 Arismeles
1592 3508 1619 3534 in
1637 3508 1724 3542 lingua
1741 3515 1834 3542 gruem
1846 3508 1913 3534 hanc
1927 3507 2054 3534 fallaciam
2067 3515 2120 3533 non
2132 3506 2186 3534 dari
2202 3507 2252 3533 nbi
2270 3507 2297 3532 in
2315 3505 2415 3540 seriptis
2435 3505 2488 3530 dis-

1422 3544 1607 3576 putationibus,
1629 3551 1692 3569 nam
1710 3551 1770 3569 cum
1788 3551 1853 3569 voce
1871 3543 2068 3576 proteoebmmr
2083 3542 2178 3574 νῶι,
2195 3546 2319 3568 noesntus
2335 3546 2362 3566 α
2381 3539 2487 3574 spiritus

1421 3579 1504 3612 graeci
1524 3579 1642 3604 distincte
1660 3578 1844 3612 exprimebant.
1862 3578 1922 3604 Duo
1940 3578 1973 3604 sd
1985 3585 2044 3604 rem
2056 3576 2268 3611 mpla-dori:
2286 3576 2438 3602 Aristoteles
2457 3583 2489 3601 ex
