2548 4192
2265 297 2395 323 CLXXXI

857 580 1502 647 DISSERTATIO
1566 582 1723 644 XII.

370 768 437 807 De
466 766 631 817 Opere,
660 766 777 816 quod
806 764 995 806 Summa
1023 768 1183 806 contra
1212 763 1418 805 Gentiles
1435 764 1703 804 ,inscribitur
1731 764 1918 814 eiusque
1945 763 2206 814 partitione,

354 841 359 846 '
1040 833 1263 877 >methodo
1292 849 1347 876 ac
1375 835 1533 886 pretio.

605 1303 797 1340 CAPUT
827 1303 854 1340 I.

190 1401 298 1428 Veteres
321 1409 414 1427 omnes
439 1405 574 1426 recensent
598 1399 678 1425 sancti
703 1398 822 1424 Thomae
841 1398 931 1432 Opus,
957 1398 1027 1431 quod
1053 1398 1160 1422 Summa
1180 1403 1267 1422 contra

262 1437 378 1462 Gentiles
397 1436 501 1462 inscribi
521 1436 594 1467 solet,
614 1435 744 1460 hortatore
763 1443 785 1460 s.
801 1434 957 1467 Raymundo
976 1434 1008 1458 de
1023 1433 1162 1458 Pennafort
1179 1434 1267 1458 elucu-

261 1473 373 1498 bratum.
391 1472 526 1498 Genuinus
541 1471 636 1504 Operis
654 1471 743 1496 titulus
758 1470 928 1496 constituitur.
946 1468 1073 1495 Definitur
1086 1475 1199 1502 tempus,
1214 1477 1267 1502 quo

262 1508 326 1534 illud
343 1508 460 1542 Aquinas
479 1507 596 1533 confecit.

408 1628 414 1637 1
464 1620 479 1633 τ
494 1619 513 1650 jc
526 1607 790 1638 raeclarissimum
813 1606 917 1647 Opus,
934 1606 1023 1647 quod
1039 1606 1173 1637 Summa
1192 1615 1266 1636 con-

463 1641 485 1694 χ’.
527 1657 579 1683 tra
596 1652 738 1682 Gentiles
751 1651 850 1691 vulgo
873 1650 1001 1681 inscribi
1017 1651 1108 1689 solet,
1126 1647 1264 1695 γνήσιον

468 1694 477 1704 '
527 1696 625 1726 sancti
648 1696 795 1726 Thomae
819 1695 987 1736 Aquinatis
1016 1694 1140 1726 foetum
1168 1705 1266 1735 agno-

527 1747 619 1771 scunt
641 1750 764 1771 omnes.
796 1740 957 1771 Servatam
973 1739 1125 1770 hactenus
1142 1740 1266 1770 metho-

527 1785 606 1815 dum
625 1795 742 1826 sequor
764 1792 840 1824 ego:
864 1791 1048 1824 veteresque
1068 1783 1173 1824 primo
1192 1783 1265 1814 loco

526 1829 692 1869 scriptores
716 1828 828 1865 affero,
852 1828 907 1868 qui
932 1828 1030 1859 hocce
1054 1828 1151 1858 sancti
1175 1828 1265 1858 Tho-

502 1876 512 1887 *
526 1883 596 1904 mae
620 1873 713 1913 Opus
737 1878 970 1903 recensuerunt.
999 1872 1177 1903 Ptolomaei
1202 1873 1265 1903 Lu-

191 1916 292 1948 censis
314 1916 410 1946 verba
424 1923 499 1947 sunt
511 1917 593 1948 libro
609 1917 697 1948 XXII
713 1917 787 1947 Hist
805 1916 893 1955 eccl.‚
909 1916 1010 1956 capite
1024 1924 1110 1947 xxrv:
1131 1917 1267 1957 Scripsit

191 1962 287 1992 etiam
307 1965 448 2001 tempore
462 1962 602 1992 eiusdem
618 1961 782 2003 Pontificis
798 1959 932 2003 (Urbani
951 1959 1007 2003 IV)
1024 1961 1140 1992 librum
1152 1966 1264 1992 contra

193 2006 345 2037 Gentiles.
366 2004 557 2036 Guillelmus
581 2006 620 2036 de
639 2006 750 2037 Tocco
770 2005 803 2036 in
819 2005 892 2036 Vita
911 2005 1078 2046 Aquinatis
1103 2005 1203 2046 capite
1222 2016 1264 2044 tv,

190 2060 280 2081 num.
299 2049 335 2080 18
347 2050 432 2090 apud
442 2050 589 2081 Bollandi
601 2050 865 2081 Continuatores:
878 2050 1013 2091 Scripsit
1024 2051 1118 2081 etiam
1136 2051 1264 2088 librum,

190 2095 251 2134 ait,
266 2095 323 2135 qui
338 2094 523 2125 intitulatur
538 2100 652 2126 contra
671 2095 823 2132 Gentiles,
841 2095 928 2135 stylo
945 2095 1099 2126 disertum
1121 2100 1152 2126 et
1167 2096 1264 2126 ratio-

181 2149 268 2170 .num
285 2140 426 2170 novitate
440 2144 471 2170 et
484 2139 660 2170 subtilitate
677 2139 891 2180 profundum.
917 2139 956 2170 In
981 2149 1043 2180 quo
1067 2140 1149 2170 miro
1172 2139 1265 2171 modo

191 2183 329 2215 ostendit
355 2183 441 2224 quod
463 2194 505 2214 ex
530 2185 666 2224 proprio
689 2185 822 2225 ingenio
844 2183 975 2222 habuit,
1007 2189 1038 2215 et
1060 2184 1145 2225 quod
1170 2190 1265 2226 raptu

190 2229 306 2259 mentis
329 2229 362 2258 in
385 2229 491 2259 Deum
515 2229 714 2260 orationibus
737 2229 927 2269 impetravit.

257 2273 412 2310 Librum,
444 2283 543 2314 quem
572 2280 688 2304 vocant
714 2273 920 2304 Ptolomaeus
951 2280 982 2304 et
1011 2272 1203 2304 Guillelmus
1227 2273 1266 2303 de

191 2317 320 2355 Tocco,
350 2317 515 2348 Summam
541 2324 571 2348 et
597 2317 687 2358 Opus
714 2324 830 2349 vocant
852 2317 904 2348 alii
942 2318 976 2348 in
1006 2325 1145 2358 quatuor
1167 2318 1265 2348 libros

190 2361 356 2392 tributum.
387 2361 442 2392 Ait
470 2362 556 2392 enim
584 2362 762 2393 Bernardus
786 2362 945 2393 Guidonis
974 2362 1060 2402 apud
1083 2363 1265 2393 Echardum

183 2412 223 2437 *et
244 2405 433 2436 Oudinum:
465 2407 601 2447 Scripsit
630 2413 660 2438 et
684 2407 819 2444 librum,
844 2408 900 2447 qui
923 2407 1109 2437 intitulatur
1131 2407 1264 2437 Summa

191 2455 304 2481 contra
331 2450 491 2482 Gentiles:
513 2461 606 2492 quem
631 2453 663 2482 in
688 2457 830 2492 quatuor
853 2452 951 2482 libros
973 2451 1122 2482 distinxit
1145 2452 1178 2481 in
1200 2461 1264 2481 uno

191 2499 297 2525 tamen
323 2495 493 2525 volumine.
517 2496 578 2526 Est
600 2501 707 2526 autem
732 2495 821 2536 Opus
843 2496 903 2526 hoc
925 2496 1011 2536 stylo
1030 2495 1185 2527 disertum
1205 2502 1262 2525 etc.

188 2538 455 2570 Bartholomaeus
486 2540 665 2579 Logotheta
692 2540 726 2570 in
755 2539 931 2579 fragmento
962 2539 1048 2580 apud
1075 2539 1263 2570 Baluzium:

195 2582 285 2623 Opus
308 2589 421 2614 contra
447 2584 607 2621 Gentiles,
638 2585 724 2625 quod
747 2585 887 2615 continet
911 2589 1052 2625 quatuor
1075 2584 1182 2614 libros.
1207 2584 1263 2614 Ni-

190 2627 300 2658 colans
316 2628 463 2658 Trivetus
487 2628 520 2658 in
544 2628 706 2659 Chronico
725 2629 764 2659 ad
781 2639 902 2659 annum
919 2636 1011 2670 1274:
1039 2628 1162 2659 Contra
1180 2628 1263 2658 Gen-

190 2671 263 2702 tiles
275 2677 416 2712 quatuor
431 2673 530 2703 libros
544 2674 681 2713 scripsit.
700 2674 834 2704 Ioannes
851 2674 889 2704 de
904 2673 1080 2704 Columna:
1098 2673 1262 2703 Summam

190 2721 304 2747 contra
329 2717 472 2748 Gentiles
486 2717 580 2757 fecit.
611 2718 701 2748 Paria
725 2718 857 2748 demum
881 2724 970 2756 sunt,
995 2727 1076 2758 quae
1099 2717 1265 2758 perhibent

188 2760 372 2791 testimonia
387 2761 633 2800 Valleoletanus,
653 2762 828 2802 PignonuS‚
848 2774 873 2793 s.
889 2762 1083 2794 Antoninus.

257 2805 349 2836 Hanc
368 2805 527 2846 inceptam
545 2806 800 2837 lucubrationem
820 2808 1078 2848 completamque
1104 2807 1142 2836 ab
1164 2806 1264 2847 Aqui-

189 2855 274 2888 nate,
292 2850 455 2881 hortatore
478 2858 587 2882 sancto
611 2852 805 2892 Raymundo
830 2852 868 2883 de
892 2851 1081 2888 Pennafort,
1098 2851 1153 2891 qui
1178 2857 1264 2882 totus

190 2893 396 2925 incumbebat
417 2895 451 2925 in
470 2896 711 2926 conversionem
728 2897 916 2927 Maurorum
940 2904 970 2927 et
990 2895 1180 2933 Infidelium‚
1198 2906 1264 2926 me-

192 2938 313 2968 moriae
332 2946 534 2979 posterorum
557 2940 685 2971 tradidit
704 2941 814 2972 Petrus
834 2941 1002 2971 Marsilius.
1027 2940 1264 2971 Tertiodecimo

192 2982 320 3012 saeculo
345 2989 376 3013 et
405 2983 583 3024 insequenti
610 2984 741 3015 ineunte
775 2985 908 3016 florebat
936 2985 984 3015 vir
1011 2985 1158 3023 illustris,
1184 2992 1265 3016 cata-

192 3026 284 3076 lanus
301 3026 441 3065 natione,
458 3028 575 3059 domus
598 3036 724 3060 nostrae
746 3029 1011 3060 Barchinonensis
1027 3029 1189 3070 professus
1206 3029 1265 3060 Or-

193 3070 275 3100 dinis
298 3070 574 3110 praedicatorum,
602 3074 712 3104 multis
736 3074 921 3105 nominibus
944 3074 1109 3114 probitatis
1133 3080 1164 3104 et
1186 3074 1266 3104 litte-

192 3124 301 3144 rarum
317 3114 446 3154 peritiae
462 3117 649 3155 spectabilis.
671 3118 950 3149 Commentarium
969 3118 1092 3158 scripsit
1106 3118 1146 3149 de
1163 3118 1267 3149 Gestis

193 3158 304 3209 Iacobi
318 3158 341 3188 I
358 3159 460 3200 Regis
474 3160 686 3201 Aragonum:
709 3173 775 3204 quo
800 3173 836 3193 ex
857 3173 952 3203 opere
973 3163 1124 3193 hactenus
1147 3162 1266 3193 inedito

193 3203 355 3243 prolixum
385 3203 424 3233 de
454 3211 563 3235 sancto
587 3206 780 3246 Raymundo
811 3207 1032 3238 testimonium
1060 3207 1267 3246 desumptum

194 3254 316 3288 prostat
334 3248 420 3287 apud
436 3248 640 3279 Franciscum
650 3250 789 3291 Diagum
805 3252 838 3282 in
853 3251 994 3283 Historia
1009 3251 1152 3282 eiusdem
1162 3251 1267 3281 Sancti

194 3291 356 3332 hispanice
372 3292 485 3332 scripta
503 3302 538 3323 ac
554 3294 637 3334 typis
653 3295 735 3326 edita
750 3305 836 3326 anno
859 3297 952 3333 1601,
968 3303 998 3326 et
1012 3295 1098 3333 apud
1114 3296 1267 3325 Ioannem

195 3336 353 3380 Tamayo-
367 3337 405 3366 de
428 3337 553 3367 Salazar
579 3344 671 3368 tomo
695 3340 707 3369 1
731 3340 949 3380 Martyrologii
972 3339 1126 3379 hispanici
1155 3349 1191 3369 ac
1215 3340 1266 3369 de-

194 3390 288 3411 mum
311 3380 392 3411 inter
415 3381 614 3412 Testimonia
637 3383 768 3421 selecta,
793 3394 875 3424 quae
894 3384 1046 3414 Summae
1063 3383 1266 3424 Raymundi-

196 3435 258 3455 nae
281 3425 452 3465 praemissa
474 3426 610 3465 legimus
633 3427 665 3456 in
690 3427 828 3458 editione
852 3429 890 3458 ab
910 3428 1079 3458 Honorato
1098 3426 1266 3457 Vincentio

195 3469 294 3509 Laget
316 3476 460 3500 accurata
484 3481 519 3501 ac
542 3471 687 3502 Veronae
710 3482 795 3502 anno
818 3481 900 3513 1744
916 3481 1034 3501 recusa.
1053 3471 1155 3501 Verba
1175 3477 1264 3501 sunt:

198 3525 214 3541 ε
237 3513 489 3545 Conversionem
513 3514 607 3546 etiam
630 3515 808 3546 infidelium
831 3516 974 3546 ardenter
997 3515 1190 3552 desiderans,
1215 3524 1266 3544 ro-

198 3568 215 3585 »
236 3558 321 3598 gavit
349 3559 502 3590 eximium
532 3560 706 3590 Doctorem
736 3570 839 3591 sacrae
863 3560 996 3600 paginae
1024 3559 1210 3598 magistrum
1233 3558 1266 3588 in

198 3613 214 3629 ιν
235 3602 398 3643 theologia
421 3604 457 3634 fr.
476 3604 639 3635 Thomam
663 3605 702 3635 de
725 3605 856 3645 Aquino
881 3604 1023 3635 eiusdem
1043 3603 1213 3634 Ordinis...
1231 3609 1267 3632 ut

198 3657 214 3673 2
236 3655 319 3686 opus
335 3648 466 3690 aliquod
484 3650 598 3680 faceret
613 3655 726 3681 contra
743 3650 919 3691 infidelium
937 3657 1075 3686 errores,
1100 3657 1156 3688 per
1176 3647 1266 3687 quod

1324 1312 1339 1327 »
1363 1306 1393 1330 et
1408 1299 1610 1330 tenebrarum
1625 1297 1788 1328 tolleretur
1810 1296 1911 1336 caligo
1936 1303 1966 1327 et
1987 1296 2052 1327 veri
2076 1297 2151 1327 solis
2171 1297 2312 1328 doctrina
2329 1308 2392 1328 cre-

1323 1356 1339 1371 »
1362 1344 1434 1374 dere
1450 1343 1631 1374 nolentibus
1647 1342 1846 1382 panderetur.
1864 1341 1951 1372 Fecit
1966 1340 2114 1381 magister
2129 1341 2191 1379 ille,
2211 1342 2300 1382 quod
2315 1342 2393 1373 tanti

1325 1401 1339 1416 ι
1361 1388 1460 1419 Patris
1483 1387 1613 1418 humilis
1638 1386 1816 1427 deprecatio
1841 1385 2034 1426 requirebat:
2059 1392 2090 1416 et
2107 1385 2284 1423 Summam,
2309 1396 2392 1427 quae

1323 1445 1339 1460 »
1361 1438 1476 1463 contra
1495 1432 1636 1463 Gentiles
1655 1430 1842 1468 intitulatur,
1862 1429 2056 1470 composuit,
2078 1440 2160 1470 quae
2179 1440 2237 1470 pro
2256 1430 2309 1460 illa
2325 1440 2392 1460 ma-

1323 1489 1338 1504 »
1360 1477 1437 1508 teria
1460 1487 1527 1507 non
1550 1475 1698 1506 habuisse
1721 1485 1830 1516 parem
1851 1474 1997 1505 creditur.
2011 1486 2026 1501 »
2053 1474 2190 1514 Suppari
2208 1474 2279 1504 testi
2298 1475 2393 1504 dene-

1320 1521 1423 1561 ganda
1445 1520 1523 1551 fides
1555 1531 1622 1551 non
1646 1526 1701 1550 est.
1730 1519 1782 1550 Ad
1805 1529 1927 1549 annum
1956 1519 2036 1560 1275
2054 1518 2152 1548 vitam
2177 1518 2239 1558 egit
2268 1529 2292 1548 s.
2309 1519 2392 1559 Ray-

1320 1566 1480 1596 mundus:
1515 1575 1642 1606 proquo
1673 1564 1763 1602 zelo,
1794 1574 1860 1605 quo
1891 1563 2122 1594 Saracenorum
2152 1569 2183 1593 et
2214 1561 2394 1593 lnfidelium

1320 1610 1456 1641 salutem
1478 1616 1638 1640 aeternam
1661 1608 1841 1649 deperibat,
1872 1607 1979 1648 potuit
2001 1607 2154 1648 Aquinati
2182 1617 2265 1647 opus
2288 1606 2392 1637 iniun-

1320 1664 1391 1694 gere
1410 1661 1466 1685 aut
1482 1654 1586 1694 operis
1602 1653 1668 1683 iam
1683 1652 1828 1692 concepti
1845 1652 2119 1692 complementum
2135 1651 2281 1689 suadere,
2304 1651 2394 1692 quod

1320 1708 1434 1729 eorum
1453 1698 1492 1728 ad
1513 1697 1754 1729 conversionem
1777 1696 2014 1737 maxime-utile
2038 1695 2128 1726 foret.
2155 1695 2288 1726 Calamo
2310 1695 2393 1726 Petri

1320 1742 1450 1773 Marsilii
1474 1742 1588 1783 scripta
1611 1748 1733 1782 prostat
1758 1751 1784 1772 s.
1800 1740 1990 1781 Raymundi
2013 1741 2098 1778 vita,
2115 1740 2302 1780 veademque
2317 1739 2392 1770 Bar-

1320 1787 1457 1818 chinone
1481 1797 1566 1817 anno
1595 1787 1671 1816 1601
1700 1785 1784 1826 typis
1803 1785 1902 1815 edita:
1927 1794 2009 1825 quae
2032 1791 2139 1815 tamen
2162 1794 2229 1814 non
2253 1790 2310 1822 est,
2331 1783 2393 1814 nisi

1319 1832 1516 1872 Exceiptum
1533 1841 1570 1861 ex
1585 1829 1826 1861 Commentario
1846 1829 1886 1860 de
1898 1829 2005 1859 Rebus
2017 1829 2118 1870 gestis
2135 1828 2246 1859 Iacobi
2259 1828 2281 1858 I
2291 1829 2392 1869 Regis

1318 1877 1522 1917 Aragonum.
1555 1874 1708 1914 Elogium
1741 1874 1808 1904 eius
1839 1873 2110 1904 accuratissimum
2143 1872 2275 1903 consule
2305 1873 2392 1913 apud

1319 1920 1501 1951 Echardum
1520 1919 1600 1950 inter
1619 1919 1792 1959 Scriptores
1812 1917 1940 1949 Ordinis
1959 1917 2226 1948 Praedicatorum.

1387 1965 1425 1995 ΙΙ.
1450 1963 1758 1994 Praestantissimum
1786 1962 1879 2002 Opus
1910 1962 1943 1992 in
1972 1961 2062 1992 editis
2093 1961 2212 2001 passim
2240 1961 2391 2001 exemplis

1319 2009 1512 2047 inscribitur,
1537 2008 1670 2039 Summa
1700 2008 1877 2038 catholicae
1895 2006 1981 2047 fidei
2009 2011 2122 2036 contra
2148 2005 2310 2036 Gentiles:
2338 2012 2394 2036 aut

1320 2054 1472 2084 Summae
1507 2053 1683 2084 catholicae
1702 2052 1788 2093 fidei
1817 2055 1930 2082 contra
1968 2050 2109 2081 Gentiles
2140 2050 2215 2080 libri
2241 2055 2391 2090 quatuor.

1320 2099 1367 2129 De
1391 2098 1474 2129 tituli
1503 2097 1688 2138 antiquitate
1712 2096 1855 2127 dubitare
1883 2105 1949 2125 non
1974 2095 2082 2125 sinunt
2111 2094 2289 2124 Bernardus
2313 2094 2392 2125 Gui-

1321 2142 1432 2181 donis,
1462 2143 1595 2172 Ioannes
1624 2141 1803 2178 Columna,
1834 2141 1944 2170 Petrus
1968 2139 2136 2170 Marsilius.
2168 2138 2223 2169 Ait
2250 2138 2391 2178 primus:

1320 2187 1455 2228 Scripsit
1474 2192 1504 2217 et
1520 2186 1648 2223 librum,
1673 2187 1729 2226 qui
1747 2185 1932 2215 intitulatur
1955 2184 2088 2214 Summa
2107 2188 2220 2213 contra
2239 2182 2391 2213 Gentiles.

1320 2232 1425 2262 Alter:
1456 2232 1620 2262 Summam
1645 2235 1758 2261 contra
1784 2229 1926 2260 Gentiles
1947 2228 2041 2268 fecit.
2065 2227 2266 2257 Postremus:
2297 2226 2391 2257 Sum-

1321 2286 1422 2314 mam,
1447 2286 1530 2316 quae
1558 2280 1670 2305 contra
1697 2274 1838 2304 Gentiles
1861 2272 2065 2309 intitulatur,
2099 2272 2282 2311 composuit.
2314 2271 2390 2301 Non

1320 2321 1400 2351 adeo
1417 2326 1614 2350 constantem
1637 2319 1719 2349 hanc
1735 2318 1831 2348 fuisse
1854 2316 1967 2357 Operis
1990 2315 2230 2355 inscriptionem
2254 2315 2392 2345 aliorum

1319 2365 1500 2395 testimonia
1517 2363 1657 2394 evincere
1673 2363 1829 2392 videntur.
1855 2361 1937 2391 Illud
1952 2360 2090 2401 appellat
2105 2359 2310 2390 Ptolomaeus
2326 2360 2391 2389 Lu-

1320 2409 1437 2446 censis,
1466 2408 1598 2438 Librum
1619 2412 1732 2438 contra
1751 2406 1911 2437 Gentiles:
1939 2404 2138 2444 Logotheta‚
2166 2403 2255 2444 Opus
2278 2409 2391 2434 contra

1321 2453 1483 2484 Gentiles:
1514 2451 1703 2482 Guillelmus
1733 2451 1771 2481 de
1800 2451 1931 2488 Tocco,
1961 2449 2094 2479 Librum
2125 2449 2180 2489 qui
2208 2449 2392 2479 intitulatur

1319 2503 1432 2528 contra
1451 2496 1601 2527 Gentiles.
1623 2496 1658 2529 In
1675 2506 1750 2526 mss.
1771 2495 1903 2525 demum
1919 2493 2081 2524 codicibus
2103 2492 2224 2523 dictum
2244 2492 2390 2532 legimus,

1318 2542 1450 2572 Librum
1467 2541 1506 2572 de
1523 2542 1657 2571 veritate
1661 2540 1747 2582 fidei
1762 2545 1874 2570 contra
1892 2547 2021 2569 errores
2036 2537 2224 2578 infidelium.

1386 2586 1570 2617 Secundum
1593 2585 1664 2615 libri
1687 2584 1782 2625 primi
1809 2590 1904 2623 caput
1922 2582 2102 2622 diligentius
2127 2581 2305 2622 expendens
2332 2590 2390 2621 ego

1319 2631 1524 2661 intentionem
1554 2629 1690 2660 auctoris
1721 2635 1752 2659 et
1781 2627 1985 2668 propositum
2013 2627 2189 2667 adsequor3
2220 2625 2390 2655 inscriben-

1318 2676 1461 2716 dumque
1484 2674 1662 2715 putaverim
1684 2683 1768 2714 opus
1790 2673 1842 2703 De
1865 2673 1998 2703 veritate
2013 2671 2098 2712 fidei
2119 2670 2304 2701 catholicae.
2329 2670 2390 2699 Te-

1317 2727 1409 2750 xtum
1432 2719 1591 2759 integrum
1614 2717 1782 2759 Aquinatis
1806 2716 1918 2747 affero:
1948 2716 2170 2755 Propositum,
2195 2713 2387 2754 inquientis,

1319 2770 1449 2795 nostrae
1464 2764 1649 2794 intentionis
1664 2768 1721 2800 est,
1739 2763 1915 2798 veritatem,
1931 2771 2027 2801 quam
2033 2759 2123 2800 fides
2144 2759 2298 2789 catholica
2308 2767 2388 2797 pro-

1308 2809 1438 2850 fitetur,
1458 2818 1522 2849 pro
1539 2813 1648 2838 nostro
1666 2807 1794 2837 modulo
1810 2805 2031 2846 manifestare,
2050 2812 2178 2834 errores
2194 2801 2388 2832 eliminando

1319 2854 1509 2884 contrarios.
1534 2851 1716 2883 Generatim
1734 2851 1812 2881 istos
1827 2850 1861 2880 in
1877 2850 1959 2880 calce
1984 2848 2093 2889 capitis
2117 2853 2290 2884 enumerat,
2313 2847 2388 2875 Ma-

1319 2899 1556 2929 cometistarum
1574 2902 1604 2927 et
1618 2897 1840 2937 Paganorum,
1857 2895 1913 2935 qui
1934 2904 1996 2924 non
2019 2893 2211 2924 conveniunt
2227 2890 2387 2920 nobiscum

1320 2944 1352 2973 in
1367 2943 1560 2973 auctoritate
1578 2941 1717 2971 alicuius
1733 2940 1938 2980 Scripturae:
1956 2938 2163 2973 Iudaeorum,
2182 2940 2294 2965 contra
2310 2943 2389 2974 quos

1319 2987 1486 3027 disputare
1502 2995 1678 3026 possumus
1695 2995 1759 3025 per
1782 2989 1872 3014 vetus
1899 2984 2154 3013 Testamentum:
2184 2985 2214 3010 et
2236 2979 2389 3009 Haereti-

1321 3041 1431 3062 corum
1447 3036 1560 3061 contra
1575 3040 1654 3070 quos
1663 3040 1726 3070 per
1739 3038 1865 3059 novum.
1882 3027 1979 3064 Quod
1994 3035 2068 3066 ergo
2083 3023 2277 3055 elucubravit
2295 3033 2389 3063 opus,

1321 3086 1387 3106 non
1406 3082 1498 3105 vocat
1517 3075 1682 3105 Summam
1699 3073 1860 3104 Thomas:
1885 3081 1988 3111 neque
2007 3068 2201 3100 adamussim
2216 3068 2270 3098 illa
2285 3068 2390 3106 verba,

1324 3120 1446 3150 Contra
1473 3119 1630 3155 Gentiles,
1657 3117 1867 3154 conveniunt;
1897 3125 1971 3146 cum
1999 3124 2064 3144 non
2089 3113 2195 3143 solum
2217 3113 2389 3153 Paganos,

1320 3174 1432 3194 verum
1450 3164 1545 3194 etiam
1568 3162 1843 3198 Muhamedanos,
1869 3160 2008 3190 Iudaeos
2031 3165 2061 3188 et
2084 3157 2230 3187 homines
2253 3157 2391 3186 Hetere-

1321 3209 1424 3239 doxos
1452 3208 1566 3238 eodem
1596 3207 1629 3237 in
1662 3216 1757 3246 opere
1787 3203 2004 3235 confutaverit.
2036 3203 2120 3233 Hinc
2144 3201 2256 3232 eadem
2278 3201 2390 3238 verba,

1320 3253 1389 3292 ipsa
1414 3252 1512 3282 ferme
1535 3251 1703 3291 Aquinatis
1722 3256 1831 3287 aetate,
1856 3258 1922 3278 non
1940 3247 2001 3277 alia
2020 3247 2058 3277 de
2078 3256 2171 3277 causa
2190 3245 2309 3275 adiecta
2327 3244 2389 3274 exi-

1321 3296 1533 3333 stimaverim,
1562 3295 1622 3325 nisi
1646 3295 1721 3335 quia
1744 3293 1849 3334 potior
1872 3302 1943 3333 pars
1974 3291 2078 3332 operis
2107 3295 2219 3321 contra
2250 3289 2390 3319 Gentiles

1321 3340 1501 3370 insumitur.

1388 3384 1492 3414 Obvia
1508 3382 1673 3413 difficultas
1693 3381 1824 3421 emergit
1842 3391 1878 3410 ex
1896 3380 1957 3410 illis
1974 3378 2086 3409 divinis
2102 3377 2294 3414 veritatibus,
2310 3386 2389 3417 quas

1322 3428 1484 3467 diligenter
1514 3434 1545 3457 et
1568 3427 1687 3466 prolixe
1716 3426 1849 3456 illustrat
1870 3424 2033 3464 Aquinas,
2065 3421 2244 3461 caeteroqui
2273 3420 2388 3451 lumini

1321 3479 1449 3502 naturae
1465 3471 1589 3511 perviis.
1607 3469 1802 3500 Huiusmodi
1819 3475 1892 3498 sunt
1908 3467 2047 3507 supremi
2063 3465 2211 3496 Numinis
2227 3464 2389 3495 existentia

1321 3523 1352 3547 et
1375 3515 1488 3553 unitas,
1513 3525 1548 3545 ac
1573 3521 1692 3544 caetera
1714 3513 1806 3554 plura
1829 3512 1934 3542 divina
1956 3511 2114 3548 attributa,
2139 3520 2174 3540 ac
2197 3509 2339 3549 potentia
2357 3515 2388 3540 et

1320 3559 1534 3600 providentia:
1564 3568 1645 3599 quae
1673 3557 1764 3588 sicuti
1794 3557 1947 3587 Veritates
1961 3556 2047 3597 fidei
2076 3554 2250 3585 catholicae
2279 3553 2388 3594 appel-

1320 3604 1376 3634 lari
1395 3613 1461 3634 non
1481 3603 1624 3633 debuisse
1642 3602 1799 3639 videntur,
1823 3601 1866 3631 ita
1881 3600 1991 3631 titulus
2010 3599 2124 3640 Operis
2145 3608 2211 3628 non
2227 3597 2320 3628 fuerit
2337 3598 2388 3628 De

1321 3649 1455 3680 veritate
1472 3648 1558 3689 fidei
1586 3647 1768 3678 catholicae.
1793 3646 1885 3676 Hanc
1914 3644 1982 3685 ipse
2004 3644 2148 3675 Thomas
2171 3642 2389 3673 difficultatem
