2548 4192
202 269 358 296 LXXXVIII

202 339 355 370 breviatio
374 338 531 369 dictorum
543 337 668 378 fratris
687 337 833 367 Thomae.
863 336 938 372 Quo
956 336 1086 365 demum
1105 334 1263 364 intellectu

199 384 334 414 verbum
366 383 526 413 intitulari
557 381 674 422 passim
698 380 795 420 accipi
820 380 916 417 solet;
942 386 977 409 ut
1000 379 1094 409 etiam
1126 378 1158 407 in
1191 377 1263 406 loco

199 439 223 459 s.
245 426 399 458 Antonini
415 426 558 466 superius
583 425 676 456 citato
691 425 738 454 bis
767 423 919 461 occurrit,
939 423 1099 459 Postillas,
1120 421 1264 461 inquien-

199 472 250 510 tis,
264 481 362 512 super
387 471 532 501 Genesim
557 475 588 500 et
609 469 822 500 Ecclesiasten
852 467 917 498 vidi
939 467 998 497 sibi
1016 464 1190 507 (Thomae)
1215 466 1263 494 in-

202 517 347 547 titulatas
366 513 541 557 (attributas
561 523 686 552 nempe,
706 512 836 542 minime
857 508 1082 552 nuncupatas).
1108 510 1149 539 Et
1167 509 1262 539 infra:

208 560 301 597 Quod
319 560 413 590 etiam
436 557 662 598 Compendium
690 556 869 596 theologiae
896 555 985 584 beato
1006 554 1143 583 Thomae
1163 554 1264 593 aliqui

203 604 376 635 intitulant.
396 604 439 632 At
457 609 539 632 extra
558 601 635 631 fines
658 600 721 630 iam
741 599 813 629 satis
832 598 1075 639 quodammodo
1090 597 1191 637 vagati
1212 607 1262 627 su-

202 659 285 686 mus,
305 654 340 678 ut
362 646 489 677 iniectas
512 655 530 675 a
551 644 684 674 Nazario
709 642 904 673 difficultates
929 641 1155 681 expediremus.

269 692 319 722 111.
340 691 390 721 Ad
415 688 688 720 Commentarium
718 686 853 727 denique
877 686 909 716 in
938 686 1188 716 Pentateuchum
1214 695 1262 715 ac-

202 737 289 773 cedo,
310 735 348 764 de
367 744 432 774 quo
456 732 630 763 audiendus
646 738 691 761 est
715 730 888 761 Casimirus
903 729 1051 760 Oudinus
1074 729 1146 759 loco
1167 730 1261 760 citato

201 791 267 820 cap.
287 785 346 808 xv:
379 790 393 805 <‹
415 777 513 807 Miror
535 775 710 816 plurimum
734 773 858 815 (inquit
881 774 955 816 ille)
980 773 1178 804 oscitantiam
1202 773 1261 803 fra-

202 837 215 852 >›
238 831 322 854 trum
354 821 658 858 Dominicanorum,
684 819 738 860 qui
772 818 901 849 editioni
936 818 1080 858 Operum
1113 817 1261 848 omnium

200 881 214 895 »
238 878 261 897 s.
278 866 423 896 Thomae
450 864 617 905 Aquinatis
646 863 866 904 praefuerunt,
894 863 983 903 quod
1011 863 1043 892 in
1069 861 1260 892 editionibus

200 925 214 939 »
238 911 302 941 suis
326 908 489 939 omiserint
515 908 752 938 Commentaria
777 908 809 937 in
833 908 972 947 quinque
996 907 1093 937 libros
1120 907 1258 946 Moysis,

200 969 214 983 »
237 955 294 985 sub
332 953 426 983 huius
459 952 605 983 Doctoris
638 952 768 982 nomine
798 951 879 981 edita
915 951 947 981 in
981 951 1058 981 folio
1093 950 1260 990 Compluti

200 1013 213 1027 »
237 1009 320 1029 anno
350 998 429 1037 1595
455 997 540 1037 apud
563 996 702 1027 Viduam
726 995 852 1026 Ioannis
876 995 1036 1032 Graciani,
1058 1005 1093 1024 ex
1116 994 1178 1024 fide
1200 1005 1258 1025 ms.

200 1057 214 1071 >›
237 1042 352 1074 codicis
374 1041 580 1072 bibliothecae
600 1052 623 1071 s.
635 1040 724 1071 Pauli
734 1039 974 1071 Vallissoletani.
986 1039 1168 1070 Editionem
1179 1039 1260 1069 hanc

199 1101 212 1115 >›
235 1085 414 1128 procuravit
432 1085 468 1116 fr.
480 1086 504 1116 F
507 1085 663 1116 ranciscus
679 1085 717 1115 de
736 1084 891 1115 Mendoza
902 1084 978 1115 Ord.
992 1084 1122 1114 fratrum
1142 1083 1200 1113 PP.
1227 1083 1259 1113 in

198 1145 211 1159 »
234 1130 404 1162 Academia
424 1129 646 1170 Complutensi
666 1140 689 1159 s.
708 1128 886 1168 theologiae
906 1128 1083 1168 professor,
1114 1127 1168 1168 qui
1190 1138 1259 1158 san-

196 1189 211 1204 »
234 1182 284 1206 cto
299 1174 469 1205 Dominico
480 1174 607 1205 Ordinis
627 1174 755 1204 fratrum
771 1173 879 1203 Praed.
896 1172 1089 1203 patriarchae
1105 1182 1187 1212 opus
1207 1173 1259 1202 de-

195 1233 210 1248 »
233 1219 355 1257 dicavit,
372 1229 406 1249 ea
421 1218 623 1259 inscriptione
638 1225 731 1258 atque
745 1217 926 1257 pompatica
946 1216 1166 1255 ostentatione,
1177 1226 1259 1257 quae

195 1277 210 1292 »
232 1263 427 1294 monachum
456 1263 596 1293 eiusdem
624 1262 752 1293 Ordinis
781 1262 877 1292 decet.
911 1262 946 1291 In
970 1261 1031 1291 hoc
1060 1271 1156 1301 opere
1180 1261 1259 1292 nihil

196 1322 210 1335 >›
234 1308 366 1338 omnino
383 1315 428 1338 est
448 1307 535 1348 quod
550 1307 716 1337 conveniat
731 1316 804 1336 cum
819 1306 885 1336 aliis
903 1305 1160 1344 Commentariis,
1176 1316 1258 1347 quae

195 1365 210 1380 >›
233 1352 305 1383 huic
325 1352 455 1383 Doctori
480 1351 560 1382 edita
584 1351 814 1381 inscribuntur:
841 1350 883 1380 ita
907 1350 991 1380 enim
1022 1350 1167 1381 ieiunum
1191 1357 1257 1390 est,

195 1410 210 1424 »
232 1403 268 1427 ut
291 1406 327 1426 ex
350 1397 435 1427 nuda
463 1396 596 1426 lectione
626 1395 795 1426 mentiatur
817 1401 996 1433 auctorem,
1018 1394 1108 1425 cuius
1138 1405 1257 1426 nomen

549 256 1006 295 DISSERTATIONES
1037 255 1283 293 CRITICAE
1314 254 1368 290 IN
1400 255 1438 290 S.
1460 254 1702 290 THOMAM
1730 252 2055 298 AQUINATEM

1323 345 1337 359 »
1361 332 1504 372 praefert.
1533 332 1625 362 Unde
1650 331 1821 370 prudenter
1845 330 2065 361 abstinuerunt
2086 331 2223 363 editores
2247 335 2396 365 omniurn

1323 389 1336 403 »
1361 376 1505 416 Operum
1526 376 1556 405 d.
1569 375 1716 405 Thomae
1736 374 1904 415 Aquinatis
1925 381 1960 404 ut
1975 385 2058 415 opus
2076 375 2161 406 istud
2188 378 2396 410 stramineum

1322 433 1336 447 »
1360 420 1487 450 caeteris
1507 425 1715 449 accenserent.
1731 431 1744 445 »
1763 421 1807 448 At
1821 418 1846 448 si
1861 418 2033 458 prudenter
2050 420 2089 450 ab
2108 420 2170 451 hoc
2193 431 2289 462 opere
2312 425 2396 465 typis

1318 463 1478 503 vulgando
1499 463 1718 493 abstinuerunt
1741 462 1952 493 Colonienses
1977 470 2007 494 et
2030 464 2219 496 Parisienses
2244 467 2397 507 editores,

1318 509 1373 538 cur
1397 518 1470 547 ergo
1495 507 1605 547 paullo
1629 514 1721 537 antea
1744 506 1926 545 mirabaris,
1952 507 2097 547 Oudine,
2118 519 2232 541 eorum
2261 513 2395 544 oscitan-

1317 552 1394 582 tiam
1418 552 1506 592 quod
1531 551 1609 581 illud
1633 549 1918 591 praetermiserint?
1940 553 2065 593 Nempe
2082 554 2202 586 ironice
2227 557 2326 597 carpit
2344 558 2396 589 ille

1317 597 1419 637 zelum
1452 595 1659 626 indiscretum
1692 596 1984 627 Dominicanorum
2009 595 2067 640 (ut
2097 599 2140 630 ait
2170 600 2202 630 in
2234 601 2326 632 citata
2356 603 2396 633 de

1317 640 1476 680 Operibus
1500 640 1685 670 s.Thomae
1709 639 1945 680 dissertatione,
1965 642 2116 684 idemque
2140 654 2234 685 saepe
2258 646 2298 676 ad
2317 656 2394 678 nau-

1317 694 1403 714 seam
1427 682 1564 726 repetit),
1589 685 1645 724 qui
1667 684 1786 725 absque
1810 685 1877 716 ullo
1905 686 2050 725 delectu,
2071 688 2192 730 absque
2215 691 2342 721 ratione
2364 695 2396 722 'et

1316 729 1452 766 iudicio,
1473 729 1581 759 omnia
1607 728 1820 770 undequaque
1842 740 2010 772 anonyma
2034 733 2179 772 collecta,
2199 734 2260 765 sub
2281 745 2307 766 s.
2326 736 2394 767 Do—

1316 774 1414 804 ctoris
1437 773 1566 802 nomine
1589 774 1756 804 temerarii
1784 779 1814 805 et
1836 775 1978 807 audaces
2006 778 2164 819 evulgare
2186 785 2372 820 satagunt..
2385 804 2392 812 .

1319 817 1414 854 Quod
1436 817 1524 857 apud
1547 817 1772 849 Mendicantes
1787 818 2090 860 frequentissimum
2116 828 2172 854 est.
2195 824 2283 861 Quid
2307 825 2394 856 aliud

1316 861 1564 901 exspectandum
1583 861 1685 893 fuerat
1699 863 1789 903 quod
1809 871 1970 904 promeret
1989 865 2158 906 Oudinus;
2178 869 2234 909 qui
2249 869 2395 902 videlicet

1316 906 1552 936 Monachorum
1573 913 1603 937 et
1627 906 1759 938 fratrum
1779 908 2031 940 Mendicantium
2051 921 2137 950 osor,
2158 922 2272 944 eorum
2295 922 2393 946 castra

1316 950 1453 981 deseruit
1485 950 1646 992 simulque
1676 950 1774 982 fidem
1798 952 2007 985 catholicam?
2031 955 2246 998 Caeteroquin
2266 968 2342 989 vero
2367 959 2393 990 si

1314 1002 1396 1035 quae
1418 995 1623 1026 Dominicani
1642 996 1812 1037 vulgarunt
1831 998 1891 1028 sub
1910 999 2043 1030 nomine
2062 1011 2086 1031 s.
2098 1000 2248 1033 Doctoris
2267 1003 2392 1043 Opera,

1314 1039 1346 1070 id
1370 1040 1408 1069 ab
1432 1039 1494 1070 illis
1518 1039 1586 1071 sine
1610 1040 1709 1071 dubio
1740 1042 1927 1082 praestitum
1950 1044 2000 1074 vel
2024 1045 2164 1086 quadarn
2188 1047 2260 1088 styli
2284 1048 2393 1079 simili-

1313 1084 1440 1122 tudine,
1459 1084 1510 1115 vel
1530 1085 1740 1117 consonantia
1764 1087 1941 1127 doctrinae,
1962 1089 2012 1119 vel
2036 1090 2185 1121 codicum
2209 1091 2393 1134 aliquorum

1313 1128 1375 1159 fide
1399 1129 1570 1169 permotis:
1591 1139 1674 1172 quae
1697 1137 1803 1162 tamen
1828 1140 2015 1172 argumenta
2034 1134 2237 1175 peritioribus
2261 1137 2392 1178 quibus-

1314 1183 1376 1214 que
1401 1173 1576 1205 accuratius
1596 1176 1803 1216 expendenda
1826 1177 2032 1218 reliquerunt,
2053 1181 2105 1210 An
2124 1190 2200 1211 vero
2220 1182 2391 1222 supradicti

1314 1218 1558 1258 Commentarii,
1578 1229 1662 1260 quos
1685 1220 1838 1262 Aquinati
1862 1222 2040 1254 adiudicare
2060 1234 2127 1255 non
2151 1226 2319 1265 audemus,
2338 1227 2392 1258 tri-

1315 1263 1369 1293 bui
1399 1263 1534 1294 debeant
1556 1264 1704 1295 Thomae
1733 1266 1839 1306 Anglo
1870 1266 1909 1297 de
1937 1267 2054 1299 Valleis
2083 1279 2138 1300 seu
2168 1270 2307 1301 Vallensi
2335 1281 2391 1302 seu

1314 1307 1489 1346 Guallensi,
1501 1308 1556 1349 qui
1572 1319 1657 1340 anno
1685 1310 1767 1350 1340
1783 1310 1926 1351 florebat,
1938 1322 1978 1343 an
1993 1313 2142 1344 Thomae
2156 1315 2272 1355 pariter
2285 1316 2392 1356 Anglo

1314 1352 1353 1382 de
1373 1352 1443 1383 Iorz
1462 1362 1518 1383 seu
1534 1353 1654 1393 Iorsio,
1674 1354 1730 1396 qui
1750 1365 1835 1387 anno
1861 1357 1943 1387 1310
1959 1364 2097 1389 mortem
2117 1359 2211 1398 obiit,
2231 1359 2264 1390 in
2284 1360 2392 1392 medio

1314 1396 1559 1438 relinquendum
1583 1405 1674 1439 puto.
2377 1417 2381 1419 ·
