2548 4192
2317 278 2378 302 XXI

173 343 321 411 tavii,
353 342 583 410 Salerni,
615 353 665 394 et
702 341 822 393 alibi
863 340 1230 393 alia—Cum
1276 340 1430 409 igitur
1467 352 1606 393 tanta
1650 341 1800 393 fuerit
1847 342 1956 393 laus
2001 353 2051 394 et
2096 342 2280 395 utilitas
2328 342 2378 394 in

174 414 474 467 voluntariis
513 413 654 465 hisce
685 412 955 465 hominum
985 412 1222 463 coetibus
1261 412 1328 463 ad
1360 412 1675 464 excolendas
1708 413 2187 481 perpoliendasque
2228 414 2378 466 disci-

173 485 339 555 plinas
371 484 685 552 coeuntium,
715 503 940 552 cumque
981 484 1090 535 eius
1121 483 1343 535 utilitatis
1384 495 1434 536 et
1465 484 1630 536 laudis
1670 484 1948 552 plurimum
1988 484 2160 536 adhuc
2199 505 2378 553 super-

173 557 264 625 sit,
296 567 492 609 certum
531 555 704 607 Nobis
745 566 822 607 est
861 554 1052 606 eodem
1091 554 1161 606 uti
1200 555 1492 623 praesidiO,
1531 576 1636 623 quo
1679 555 1891 607 consilia
1935 555 2131 607 Nostra
2177 556 2380 624 plenius

173 627 516 708 perficiamus.
529 626 820 679 —Scilicet
839 637 1078 678 auctores
1100 646 1294 694 sumus,
1312 637 1367 678 ut
1388 637 1567 678 coetus
1583 626 1976 678 Academicus
1966 647 2014 678 1n
2036 627 2184 706 Urbe
2205 627 2382 679 Roma

173 699 475 767 instituatur,
499 698 586 766 qui
608 698 659 750 S.
682 698 925 750 Thomae
947 697 1230 777 Aquinatis
1252 698 1461 750 nomine
1491 709 1541 750 et
1560 709 1834 766 patronatu
1866 698 2095 767 insignis,
2125 719 2188 750 eo
2211 698 2382 750 studia

113 828 118 830 .
174 770 585 838 industriamque
627 780 909 837 convertat,
941 780 995 821 ut
1035 789 1143 821 elus
1184 789 1346 848 opera
1385 769 1640 838 explanet,
1672 769 1908 837 illustret3
1938 770 2124 838 placita
2152 781 2381 839 exponat

176 853 226 894 et
265 862 383 894 cum
424 841 641 893 aliorum
681 841 1117 910 philosophorum
1156 861 1266 892 slve
1288 851 1522 892 veterum
1563 861 1672 891 Slve
1695 841 1978 892 recentium
2018 841 2216 909 placitis
2256 862 2378 893 con-

175 913 324 980 ferat3
354 913 458 965 vim
498 913 866 965 sententiarum
907 932 1191 990 earumque
1231 911 1455 963 rationes
1495 911 1837 979 demonstret3
1875 912 2149 964 salutarem
2190 912 2378 964 doctri-

176 1005 296 1036 nam
336 1005 661 1053 propagare,
692 995 742 1035 et
788 983 855 1035 ad
902 983 1245 1052 grassantium
1294 1002 1527 1033 errorum
1571 982 1929 1034 refutationem
1974 1004 2261 1051 recensque
2306 984 2378 1035 in—

177 1067 453 1108 ventorum
493 1055 883 1107 illustrationem
922 1054 1173 1106 adhibere
1215 1053 1814 1105 contendat—Idcirco
1855 1054 2009 1122 Tibi,
2048 1055 2378 1107 Venerabilis

175 1127 359 1178 Frater
395 1127 606 1194 Noster,
638 1126 782 1178 cuius
812 1136 1090 1194 perspecta
1128 1124 1383 1176 habemus
1419 1135 1723 1176 ornamenta
1753 1124 2035 1193 doctrinae,
2068 1126 2379 1178 celeritatem

174 1197 384 1278 ingenii,
415 1169 750 1265 studiuinque
790 1217 962 1248 rerum
990 1195 1222 1247 omnium
1251 1216 1386 1263 quae
1416 1195 1484 1247 ad
1510 1196 1879 1247 humanitatem
1910 1168 2182 1264 pertinent,
2211 1197 2263 1249 id
2293 1218 2378 1249 ne-

173 1269 301 1338 gotii
343 1268 552 1337 damus,
581 1280 636 1320 ut
674 1267 1004 1348 propositum
1052 1267 1305 1318 Nostrum
1354 1267 1638 1334 exequaris.
1669 1267 1876 1319 Interim
1916 1288 2025 1319 rem
2070 1268 2216 1320 altius
2258 1289 2379 1320 con-

175 1339 400 1408 sideres3
432 1360 656 1408 cumque
696 1339 949 1392 rationem
990 1338 1367 1407 excogitaveris
1407 1358 1541 1406 quae
1574 1339 1798 1390 consiliis
1837 1339 2043 1390 Nostris
2084 1351 2380 1408 opportune

177 1411 510 1481 respondeat,
542 1411 718 1463 litteris
759 1431 1060 1480 expressam
1091 1410 1265 1462 Nobis
1305 1410 1681 1478 inspiciendam
1710 1410 1969 1478 subiicies,
2002 1422 2056 1462 ut
2093 1411 2380 1479 probemus

177 1494 228 1536 et
265 1483 566 1535 auctoritate
606 1483 803 1535 Nostra
840 1482 1144 1534 muniamus.

284 1554 519 1607 Demum
559 1575 665 1623 quo
705 1554 853 1606 latius
901 1564 1175 1622 spargatur
1213 1573 1273 1604 ac
1314 1553 1679 1605 disseminetur
1723 1553 1972 1622 Angelici
2012 1553 2263 1605 Doctoris
2303 1574 2379 1605 sa-

177 1625 389 1696 pientia,
420 1626 778 1678 constituimus
809 1625 984 1677 omnia
1014 1625 1122 1677 eius
1163 1645 1325 1693 opera
1364 1624 1430 1676 de
1462 1625 1664 1693 integro
1706 1625 1755 1676 in
1795 1624 1964 1676 lucem
2006 1624 2179 1692 edere,
2210 1645 2381 1676 exem·

177 1697 267 1767 plo
307 1697 359 1750 S.
389 1697 465 1749 Pii
497 1697 550 1749 V
588 1697 902 1749 Decessoris
932 1696 1132 1764 Nostri,
1162 1716 1334 1748 rerum
1363 1708 1627 1765 gestarum
1657 1696 1823 1764 gloria
1863 1707 1913 1747 et
1951 1696 2085 1747 vitae
2116 1696 2381 1748 sanctitate

178 1769 454 1838 praeclari3
487 1769 567 1821 cui
599 1768 812 1836 quidem
850 1768 899 1820 in
932 1788 993 1819 ea
1031 1788 1085 1819 re
1116 1779 1219 1819 tam
1247 1767 1364 1847 felix
1396 1768 1611 1836 contigit
1641 1768 1820 1835 exitus,
1852 1779 1907 1819 ut
1936 1768 2178 1819 Thomae
2210 1788 2381 1819 exem—

177 1839 354 1909 plaria,
386 1861 526 1892 iussu
566 1839 696 1892 illius
737 1839 994 1908 evulgata,
1024 1839 1296 1909 permagni
1337 1839 1436 1891 sint
1474 1839 1616 1908 apud
1656 1860 1796 1891 V1ros
1837 1839 2038 1907 doctos,
2070 1860 2382 1907 summoque

178 1911 351 1964 studio
392 1911 727 1980 requirantur.
767 1911 969 1963 Verum
1010 1922 1204 1979 quanto
1244 1911 1361 1980 plus
1402 1911 1560 1963 editio
1602 1911 1684 1962 illa
1732 1922 1809 1962 est
1856 1931 1996 1978 rara,
2028 1922 2168 1962 tanto
2218 1931 2383 1990 magls

178 1982 277 2035 alia
300 1982 584 2035 desiderari
615 1994 818 2062 coepta,
850 2003 984 2051 quae
1016 1982 1282 2034 nobilitate
1314 2003 1374 2034 ac
1405 1982 1716 2063 praestantia
1756 2003 1874 2034 cum
1903 1982 2063 2034 Piana
2094 2003 2382 2051 comparari

178 2054 356 2124 possit.
389 2054 613 2108 Ceterae
645 2075 782 2107 enim
820 2075 938 2106 cum
969 2066 1172 2106 veteres
1203 2065 1310 2106 tum
1334 2054 1664 2122 recentiores,
1692 2054 1875 2123 partim
1899 2054 2043 2122 quod
2075 2074 2180 2105 non
2211 2074 2384 2105 omnia

179 2125 232 2178 S.
269 2126 512 2178 Thomae
553 2126 744 2195 scripta
783 2126 1088 2194 exhibeant,
1118 2126 1303 2195 partim
1344 2126 1490 2206 quod
1532 2126 1848 2194 optimorum
1898 2146 2006 2177 eius
2046 2125 2383 2194 interpretum

179 2207 335 2266 atque
376 2198 767 2267 explanatorum
809 2209 1016 2250 careant
1055 2198 1458 2266 commentariis,
1491 2197 1675 2266 partim
1717 2197 1861 2265 quod
1902 2197 2069 2248 minus
2110 2196 2385 2265 diligenter

179 2268 462 2321 adornatae
493 2269 607 2338 sint,
639 2290 743 2321 non
775 2290 930 2321 omne
962 2269 1136 2321 tulisse
1166 2281 1419 2349 punctum
1459 2269 1710 2321 videntur.
1748 2268 1908 2321 Certa
1937 2279 2109 2319 autem
2139 2288 2260 2336 spes
2292 2279 2383 2347 est,

179 2339 478 2393 huiusmodi
496 2341 786 2393 necessitati
809 2341 1130 2393 consultum
1119 2361 1176 2392 1r1
1198 2362 1293 2409 per
1310 2362 1500 2392 novam
1519 2340 1801 2392 editionem
1819 2360 1952 2407 quae
1971 2350 2156 2391 cuncta
2172 2338 2384 2390 omnino

179 2412 341 2464 sancti
379 2412 631 2464 Doctoris
671 2412 863 2480 scripta
902 2412 1300 2480 complectatur,
1333 2412 1566 2481 optimis,
1608 2411 1784 2479 quoad
1825 2411 1934 2462 fieri
1974 2410 2183 2479 poterit,
2209 2410 2386 2462 formis

181 2482 461 2535 litterarum
516 2504 791 2552 expressa,
820 2494 1166 2551 accurateque
1216 2483 1513 2551 emendata3
1545 2483 1603 2534 iis
1651 2483 1803 2534 etiam
1850 2482 2093 2534 adhibitis
2142 2481 2385 2534 codicum

183 2574 338 2606 manu
379 2555 690 2623 scriptorum
720 2554 982 2622 subsidiis,
1012 2575 1146 2622 quae
1176 2566 1342 2606 aetate
1370 2555 1466 2607 hac
1497 2565 1672 2606 nostra
1711 2554 1760 2606 in
1789 2554 1958 2605 lucem
1999 2565 2049 2605 et
2075 2574 2225 2605 usum
2265 2574 2385 2622 pro-

182 2625 283 2678 lata
321 2637 449 2678 sunt.
481 2626 817 2679 Coniunctim
856 2646 983 2678 vero
1026 2626 1259 2678 edendas
1309 2626 1605 2678 curabimus
1646 2625 2044 2678 clarissimorum
2086 2625 2194 2676 eius
2234 2625 2384 2676 inter-

183 2708 404 2766 pretum,
435 2709 489 2749 ut
526 2698 770 2749 Thomae
810 2697 877 2749 de
918 2697 1024 2749 Vio
1067 2697 1359 2750 Cardinalis
1401 2697 1636 2751 Caietani
1682 2708 1732 2749 et
1761 2696 2120 2764 Ferrariensis,
2148 2696 2384 2748 lucubra-

183 2768 367 2837 tiones,
396 2790 492 2838 per
512 2790 657 2837 quas,
687 2780 951 2837 tamquam
974 2790 1069 2838 per
1089 2769 1280 2821 uberes
1303 2770 1512 2837 rivulos,
1545 2769 1666 2821 tanti
1689 2769 1782 2820 viri
1806 2768 2041 2820 doctrina
2063 2767 2298 2819 decurrit.
2316 2801 2386 2805 —

185 2839 557 2893 Obversantur
596 2840 810 2908 quidem
850 2840 1022 2892 animo
1054 2841 1141 2892 rei*
1154 2841 1419 2909 gerendae
1452 2862 1570 2892 cum
1599 2840 1922 2909 magnitudo,
1951 2851 2058 2891 tum
2090 2839 2387 2906 difficultas3

185 2931 282 2963 nec
322 2923 494 2964 tamen
534 2912 798 2964 deterrent
846 2912 1125 2980 quominus
1165 2912 1231 2964 ad
1273 2933 1387 2992 eam
1427 2933 1617 2981 magna
1666 2933 1783 2991 cum
1830 2911 2085 2963 alacritate
2128 2930 2387 2978 quampri-

186 3002 328 3034 mum
367 2983 748 3052 aggrediamur.
780 2983 1114 3037 Confidimus
1143 2984 1279 3035 enim
1318 2984 1367 3035 in
1399 3005 1452 3035 re
1493 2995 1595 3035 tam
1625 2983 1794 3052 gravi,
1826 3003 1960 3050 quae
1999 2982 2066 3033 ad
2111 3001 2388 3033 commune

186 3053 456 3106 Ecclesiae
484 3055 684 3107 bonum
722 3075 1044 3124 magnopere
1075 3055 1312 3123 pertinet,
1341 3055 1521 3107 adfore
1549 3055 1721 3106 Nobis
1750 3054 1977 3106 divinam
2006 3073 2163 3121 opem
2195 3063 2245 3104 et
2266 3073 2387 3104 con-

189 3145 306 3176 cors
344 3124 737 3204 Episcoporum
777 3126 1020 3194 studium,
1053 3138 1104 3178 et
1142 3127 1471 3195 prudentiam
1510 3138 1666 3194 atque
1706 3125 2008 3177 industriam
2047 3125 2241 3192 Tuam,
2271 3144 2386 3192 spe-

189 3206 375 3248 ctatam
415 3216 515 3248 lam
556 3209 606 3248 et
644 3197 732 3249 diu
774 3198 1047 3266 cognitam.

296 3267 504 3319 Interim
561 3269 874 3336 praecipuae
937 3269 1227 3320 dilectionis
1280 3280 1491 3337 testem,
1538 3264 1908 3337 Apostolicam
1967 3267 2387 3319 benedictionem

188 3338 329 3406 Tibi,
353 3338 683 3391 Venerabilis
722 3340 906 3391 Frater
943 3341 1153 3408 Noster,
1185 3361 1247 3391 ex
1287 3340 1464 3391 intimo
1506 3340 1678 3391 cordis
1718 3339 1904 3390 affectu
1945 3338 2277 3407 impertimus.

295 3445 495 3497 Datum
534 3446 740 3498 Romae
776 3447 918 3515 apud
949 3447 1000 3498 S.
1030 3447 1257 3514 Petrum,
1290 3447 1374 3498 die
1413 3452 1466 3498 15
1502 3446 1732 3497 octobris
1760 3466 1836 3497 an.
1877 3452 2023 3512 1879,
2051 3444 2388 3495 Pontificatus

188 3516 367 3568 Nostri
407 3538 544 3568 anno
586 3517 849 3569 Secundo

1056 3623 1215 3676 LEO
1255 3623 1355 3675 ΡΡ.
1387 3623 1523 3674 XIII.
