2548 4192
209 291 278 317 CCX

276 356 384 396 Quid?
413 358 502 398 quod
530 358 562 388 in
587 358 697 388 eadem
721 358 854 388 Summa
882 358 948 397 ipse
979 367 1045 387 non
1069 367 1139 387 raro
1169 357 1279 387 citatur

208 413 233 434 s.
256 403 393 433 Thomas
415 408 446 433 et
469 403 634 443 Lyranus,
660 402 797 432 Iacobus
815 402 854 432 de
879 402 1050 441 Voragine,
1076 401 1217 431 Ioannes
1239 401 1279 431 de

211 447 336 485 Genua,
357 447 514 478 Robertus
532 447 664 483 Holkot‚
682 446 863 476 Richardus
881 445 1044 484 Radulphi
1062 446 1277 482 Armacanus,

208 501 348 532 quorum
371 491 467 532 aliqui
487 490 689 520 medietatem
713 489 827 520 saeculi
852 489 1072 529 quartidecimi
1096 489 1278 529 transgressi

210 542 292 566 sunt.
313 536 407 566 Addo
426 535 530 571 verba,
556 544 637 574 quae
656 534 751 573 partis
775 533 895 572 primae
919 532 1021 572 capite
1046 544 1055 563 1
1076 533 1128 563 De
1144 539 1279 573 peccato

210 581 242 610 in
270 581 430 610 communi
452 579 622 608 habentur:
654 579 821 607 Peccatum
847 579 906 607 isto
930 577 1023 607 modo
1046 583 1207 617 sumptum
1231 578 1278 608 di-

210 626 294 655 citur
325 624 422 660 nihil,
456 628 490 652 ut
525 622 601 652 dicit
629 631 655 652 s.
687 622 823 651 Thomas
851 622 902 651 De
932 622 1066 652 veritate
1100 622 1280 663 theologiae

209 669 291 699 libro
314 668 385 704 III,
406 668 508 706 capite
526 676 574 703 111,
591 665 680 705 quod
704 671 749 695 est
773 675 887 705 nempe
912 666 1107 705 opusculum
1126 665 1205 696 falso
1225 666 1278 696 tri-

210 713 323 742 butum
346 710 506 751 Aquinati.
532 710 652 739 Eadem
675 716 762 749 parte
787 710 810 748 Ι,
835 709 936 750 capite
954 720 975 739 v
998 709 1088 740 locus
1113 710 1280 741 adducitur

209 767 246 786 ex
268 755 366 795 ipsius
386 754 531 784 Thomae
549 753 788 784 Commentario
814 755 845 784 in
871 754 1110 784 Sententiarum
1135 755 1233 785 libros
1249 761 1279 785 et

209 799 281 830 alibi
298 809 333 829 ex
348 799 417 838 ipsa
434 798 629 838 Theologiae
649 798 792 828 Summa.
813 798 932 829 Mirum
947 808 1021 838 ergo
1042 809 1108 829 non
1128 805 1209 829 esset
1223 805 1278 829 aut

207 843 282 882 fingi
306 842 446 882 potuisse
469 842 634 873 Summam
655 843 829 883 quamdam
849 844 1015 880 virtutum,
1041 853 1122 883 quae
1145 843 1277 873 Halensi

207 887 411 918 tribueretur:
443 893 498 917 aut
523 887 590 917 eius
620 886 743 917 foetum
772 887 941 918 existimari
970 887 1071 918 simile
1101 887 1278 928 quodpiam

207 941 299 971 opus,
319 931 408 971 quod
427 930 506 961 alius
525 938 636 962 auctor
656 931 835 962 confecerit.

588 1045 787 1082 CAPUT
821 1046 894 1082 III.

204 1141 333 1166 Virtutum
352 1141 489 1166 Summam
508 1140 628 1174 nuspiam
654 1141 774 1166 Halensis
799 1142 927 1175 pollicitus
946 1147 994 1167 est.
1019 1143 1143 1167 Summae
1162 1141 1275 1167 Theolo-

275 1177 346 1209 gicae
370 1176 568 1209 quadripartitae
592 1184 700 1201 examen
725 1177 871 1202 instituitur.
895 1178 993 1202 Eadem
1013 1186 1103 1202 manca
1123 1183 1162 1203 est
1186 1183 1210 1202 et
1229 1177 1276 1202 im-

275 1212 405 1245 perfecta:
436 1212 615 1244 colligiturque
643 1213 778 1237 Summam
801 1213 925 1238 virtutum
955 1221 1006 1238 non
1036 1213 1201 1238 elucubrasse
1225 1213 1276 1237 Ha-

274 1249 384 1272 lensem.

205 1334 226 1363 I.
249 1327 344 1406 At
367 1333 532 1363 Summam
557 1331 649 1361 istam
666 1332 819 1362 virtutum
837 1332 1038 1362 elucubrasse
1060 1333 1277 1363 Alexandrum

331 1377 370 1407 de
401 1376 497 1406 Hales
526 1375 623 1406 instar
646 1375 864 1416 Supplementi
892 1377 931 1406 ad
959 1376 1102 1407 Tertiam
1125 1377 1278 1408 Summae

203 1421 460 1462 quadripartitae
486 1427 607 1460 partem
634 1425 757 1450 constat
780 1418 926 1462 (reponit
951 1419 1164 1462 Wadingus)‚
1184 1423 1277 1452 iuxta

203 1476 240 1497 ea
256 1475 340 1506 quae
356 1466 508 1506 promisit
523 1465 563 1495 de
579 1464 749 1495 virtutibus
768 1464 877 1494 eadem
903 1465 1011 1495 Tertia
1028 1470 1128 1505 parte
1146 1475 1176 1506 q.
1192 1476 1275 1504 xxv1,

202 1521 233 1551 q.
251 1521 302 1540 Lxr
326 1516 356 1540 et
379 1519 482 1539 vam.
507 1508 583 1539 Tria
599 1509 676 1539 haec
693 1509 750 1539 sub
776 1509 887 1539 oculos
910 1508 1013 1539 habeo
1030 1509 1111 1547 loca,
1129 1519 1210 1550 quae
1229 1509 1276 1539 in—

203 1555 355 1585 dicantur.
381 1554 491 1584 Factas
508 1553 546 1583 ab
563 1553 693 1583 Halensi
710 1552 954 1593 pollicitationes
969 1553 1042 1593 lego
1063 1559 1093 1583 et
1112 1554 1275 1594 expendo:

201 1599 394 1639 promissam
413 1599 451 1628 ab
474 1607 512 1628 eo
533 1599 686 1628 virtutum
713 1597 899 1634 Summam,
932 1598 970 1627 ab
990 1597 1058 1638 ipsa
1081 1598 1275 1639 quadripar-

201 1645 259 1674 tita
270 1643 403 1673 Summa
414 1642 579 1679 diversam,
595 1642 690 1672 instar
700 1641 920 1681 Supplementi
936 1642 975 1672 ad
985 1642 1127 1672 Tertiam
1142 1649 1275 1683 partem,

201 1694 359 1728 pernego:
385 1697 420 1717 ac
437 1686 487 1716 aio
505 1687 637 1717 demum
660 1686 816 1726 promissa
837 1696 894 1716 sua
911 1686 1060 1726 praestari
1079 1687 1118 1717 ab
1135 1694 1275 1726 auctore,

201 1732 307 1772 aliqua
330 1731 456 1769 saltem,
482 1731 530 1761 sin
554 1730 660 1760 minus
685 1730 809 1768 omnia,
841 1730 877 1768 in
905 1731 1016 1761 eadem
1039 1731 1172 1762 Summa
1195 1742 1275 1772 qua-

200 1777 383 1816 dripartita.

267 1820 380 1858 Verba,
405 1829 486 1860 quae
510 1819 588 1849 locis
612 1819 712 1849 citatis
736 1819 902 1858 habentur,
926 1818 960 1849 in
984 1825 1182 1850 antecessum
1201 1830 1274 1860 pro-

201 1865 277 1898 fero.
303 1863 507 1902 Quaestionis
530 1873 602 1894 xxvr
626 1863 779 1904 prologus
803 1870 866 1894 est:
895 1876 909 1891 α
924 1863 1057 1894 Summa
1078 1863 1275 1904 theologicae

202 1922 216 1936 »
240 1908 423 1949 disciplinae
442 1908 474 1938 in
495 1908 622 1938 duobus
642 1907 795 1946 consistit,
810 1907 843 1938 in
855 1908 929 1949 fide
948 1914 979 1938 et
999 1908 1150 1939 moribus.
1171 1909 1274 1949 Expe-

203 1966 217 1980 »
241 1953 313 1984 ditis
337 1952 596 1993 inquisitionibus
627 1951 856 1992 pertinentibus
880 1952 924 1982 ad
942 1952 1067 1993 fidem,
1093 1959 1128 1983 ut
1152 1953 1190 1983 de
1214 1954 1274 1984 Re-

201 2010 215 2025 »
239 1998 421 2037 demptore;
445 1997 684 2037 procedendum
707 2003 754 2026 est
777 1996 817 2026 ad
842 1996 1063 2037 inquisitiones
1083 1997 1274 2037 pertinentes

202 2054 216 2068 2·
240 2042 278 2072 ad
302 2051 416 2072 mores.
442 2041 493 2071 Ad
516 2040 777 2071 informationem
801 2047 908 2071 autem
931 2051 1061 2071 morum
1081 2049 1275 2073 concurrunt

203 2098 217 2112 »
241 2085 416 2116 necessario
441 2086 529 2127 leges
558 2090 589 2116 et
612 2090 808 2125 praecepta,
840 2092 876 2116 ut
905 2085 1102 2116 ostendentia
1131 2086 1275 2117 debitum

202 2143 216 2157 »
239 2130 315 2160 boni
340 2129 472 2160 faciendi
497 2136 528 2160 et
551 2129 626 2159 mali
650 2129 791 2160 vitandi:
812 2131 924 2170 gratia
949 2135 979 2160 et
999 2131 1133 2161 virtutes
1156 2137 1213 2161 etc.
1239 2138 1275 2162 ut

202 2187 216 2201 ›
240 2174 428 2215 praestantia
457 2173 638 2204 facultatem
669 2173 802 2204 faciendi
832 2181 862 2204 et
885 2173 1014 2204 vitandi.
1047 2174 1151 2205 Prima
1180 2175 1275 2215 igitur

140 2225 149 2231 ’
201 2231 215 2245 »
238 2229 309 2259 pars
333 2217 546 2259 inquisitionis
571 2217 699 2248 moralis
724 2217 781 2248 erit
804 2218 844 2248 de
868 2218 994 2259 legibus
1017 2223 1048 2249 et
1072 2221 1275 2260 praeceptis:

200 2275 214 2290 »
238 2263 376 2294 secunda
392 2263 432 2293 de
446 2263 558 2303 gratia
575 2268 606 2293 et
622 2262 812 2293 virtutibus:
830 2262 920 2293 tertia
936 2263 976 2293 de
990 2263 1094 2302 donis,
1105 2262 1275 2304 fructibus

199 2320 214 2334 »
238 2313 268 2338 et
292 2307 547 2338 beatitudinibus.
563 2319 576 2333 »
606 2309 803 2346 Argumenta
830 2306 1064 2346 animadverte,
1093 2308 1132 2338 de
1157 2308 1274 2349 quibus

199 2359 345 2382 acturum
360 2361 426 2382 sese
443 2351 611 2391 pollicetur
635 2357 754 2381 auctor.
780 2351 893 2381 Fidem
909 2351 1039 2382 liberare
1057 2362 1148 2382 suam
1164 2352 1275 2393 incipit

198 2396 267 2436 ipsa
291 2396 323 2425 in
343 2395 527 2436 quaestione
546 2405 630 2433 xxvi,
647 2405 729 2435 quae
754 2396 915 2426 tricesima
931 2401 1024 2426 sexta
1048 2403 1168 2428 errante
1185 2397 1274 2437 prelo

199 2446 403 2478 numeratur,
440 2439 479 2470 de
509 2440 581 2480 lege
609 2445 752 2470 aeterna.
794 2440 954 2470 Promissa
984 2441 1086 2481 pergit
1118 2448 1274 2482 praestare

200 2495 230 2525 q.
248 2494 331 2514 xxvn
349 2484 389 2514 de
410 2484 482 2524 lege
498 2484 662 2514 naturali:
677 2494 707 2524 q.
725 2493 821 2514 xxvnr
837 2484 877 2514 de
892 2485 965 2525 lege
987 2485 1115 2526 Moysis
1136 2495 1274 2527 genera-

202 2530 293 2559 liter:
316 2538 346 2568 q.
364 2538 435 2557 xxrx
454 2527 493 2558 de
504 2529 685 2568 praeceptis
700 2528 860 2568 Decalogi
876 2529 907 2558 in
923 2530 1091 2569 generali:
1114 2540 1145 2570 q.
1161 2540 1221 2560 xxx
1235 2530 1276 2561 de

202 2571 411 2603 adoratione:
429 2582 459 2612 q.
471 2581 542 2601 xxxi
558 2572 598 2602 de
611 2571 751 2602 secundo
762 2578 936 2612 praecepto
946 2573 1106 2614 Decalogi
1114 2581 1124 2604 .·
1146 2584 1176 2615 q.
1192 2584 1275 2604 xxxn

202 2617 243 2648 de
266 2618 359 2647 tertio
384 2621 558 2656 praecepto
581 2616 756 2656 Decalogi:
779 2626 810 2656 q.
827 2626 921 2646 xxxm
945 2617 984 2647 de
1007 2623 1123 2657 quarto
1140 2627 1274 2658 praece-

197 2667 272 2702 pto:
304 2671 335 2701 q.
354 2670 445 2690 xxx1v
465 2660 505 2691 de
520 2661 630 2700 quinto
648 2665 840 2700 praecepto:
868 2670 898 2701 q.
916 2670 996 2690 xxxv
1012 2661 1052 2691 de
1067 2667 1158 2692 sexto
1175 2672 1274 2702 prae-

203 2710 308 2746 cepto:
338 2715 368 2746 q.
386 2714 477 2735 xxxvr
498 2704 538 2735 de
560 2705 692 2744 septimo
710 2710 906 2745 praecepto:
929 2715 960 2745 q.
977 2715 1080 2735 xxxvn
1102 2705 1142 2736 de
1164 2711 1275 2737 octavo

196 2754 389 2790 praecepto:
410 2759 440 2790 q.
452 2758 571 2779 xxxvm
585 2748 625 2779 de
641 2749 762 2779 ultimis
776 2748 900 2779 duobus
915 2750 1115 2789 praeceptis:
1137 2759 1167 2790 q.
1182 2759 1275 2780 xxxix

203 2794 243 2824 de
266 2794 493 2834 explanatione
516 2793 692 2834 Decalogi:
718 2803 749 2833 q.
774 2803 813 2822 xr.
840 2793 880 2823 de
903 2793 1028 2834 legibus
1051 2793 1273 2831 iudicialibus,

204 2843 359 2879 quantum
388 2837 431 2868 ad
456 2847 631 2878 personam
661 2837 793 2867 iudicis:
829 2847 860 2878 q.
883 2847 935 2867 κω
966 2837 1006 2868 de
1031 2847 1175 2877 persona
1206 2839 1276 2868 rei:

203 2893 234 2923 q.
251 2892 316 2912 xux
331 2882 370 2912 de
387 2891 530 2922 persona
550 2882 767 2912 accusatoris:
789 2891 819 2922 q.
831 2891 910 2912 me
930 2881 970 2912 de
985 2881 1134 2912 testibus:
1159 2892 1190 2923 q.
1201 2891 1275 2912 κων

204 2927 244 2958 de
262 2927 442 2957 advocatis:
472 2936 502 2967 q.
520 2936 580 2956 xcv
600 2925 640 2956 de
657 2935 812 2966 processu
833 2925 958 2956 iudicii:
989 2936 1019 2967 q.
1037 2935 1109 2956 xrm
1131 2926 1171 2957 de
1194 2926 1274 2967 legi-

204 2971 262 3002 bus
272 2971 512 3011 permissionis:
542 2981 573 3011 q.
593 2979 678 3000 van
704 2970 744 3000 de
763 2970 887 3011 legibus
905 2971 1102 3010 punitionis:
1125 2980 1155 3011 q.
1176 2980 1275 3000 vam

205 3015 244 3046 de
257 3016 440 3056 praeceptis
461 3014 663 3046 iudicialibus
679 3015 766 3045 circa
780 3022 958 3055 personas:
988 3025 1019 3055 q.
1036 3024 1107 3044 xux
1123 3014 1163 3045 de
1175 3024 1274 3055 prae-
1293 3033 1296 3036 >

206 3061 303 3099 ceptis
326 3059 529 3090 iudicialibus
556 3060 642 3090 circa
668 3059 903 3099 possessiones:
935 3069 966 3100 q.
990 3069 1008 3089 1.
1030 3059 1070 3090 de
1093 3059 1276 3100 praeceptis

206 3103 408 3134 iudicialibus
423 3105 509 3134 circa
526 3104 683 3134 actiones:
709 3113 740 3144 q.
757 3113 789 3133 Lx
805 3103 845 3134 de
860 3103 1007 3134 decimis:
1032 3113 1062 3144 q.
1081 3112 1125 3133 Lu
1146 3103 1186 3134 de
1203 3104 1275 3143 pri-

206 3148 320 3178 mitiis:
344 3158 374 3188 q.
398 3157 456 3178 1.111
477 3147 516 3178 de
534 3147 762 3179 oblationibus:
777 3157 807 3188 q.
825 3156 877 3179 mv
898 3147 938 3178 de
965 3147 1224 3178 cerimonialibus
1242 3148 1275 3178 in

205 3192 372 3233 generali:
388 3202 418 3232 q.
435 3202 474 3221 ιν
489 3192 528 3222 de
544 3193 669 3223 ratione
690 3191 945 3222 cerimonialium
962 3198 1020 3222 etc.
1038 3201 1070 3232 q.
1092 3201 1143 3221 nvi
1160 3191 1200 3222 de
1216 3201 1275 3222 nu-

207 3245 295 3266 mero
319 3241 350 3266 et
372 3235 555 3276 differentia
580 3236 852 3267 cerimonialium:
881 3245 912 3276 q.
930 3245 994 3265 nvn
1015 3235 1055 3266 de
1073 3235 1276 3266 observantia

207 3280 454 3310 cerimoniarum
480 3281 566 3310 circa
590 3280 831 3310 immunditias:
860 3289 891 3320 q.
908 3289 986 3310 Lvm
1002 3279 1042 3310 de
1065 3280 1129 3310 ritu
1151 3279 1276 3321 sacrifi-

207 3325 329 3354 ciorum
354 3324 526 3365 legalium:
549 3333 579 3364 q.
597 3334 647 3354 ux
670 3324 710 3354 de
731 3325 907 3355 cessatione
925 3324 1191 3355 cerimonialium.
1213 3323 1276 3354 Da-

207 3375 256 3398 tae
272 3368 310 3398 ab
327 3368 457 3399 Halensi
474 3367 546 3398 fidei
563 3375 685 3408 partem
701 3367 882 3408 plenissime
898 3367 1054 3408 expletam
1069 3367 1133 3398 iam
1147 3367 1245 3399 vides.

274 3412 426 3449 Quaestio
450 3411 592 3454 sequitur
614 3422 653 3442 Lx
676 3412 716 3443 de
739 3412 811 3453 lege
839 3417 870 3442 et
893 3413 1076 3452 praeceptis
1099 3412 1276 3454 Evangelii

210 3457 241 3486 in
257 3457 414 3497 generali.
438 3457 615 3496 Prologum
631 3455 777 3497 profero:
806 3470 820 3484 α
835 3455 1043 3497 Consequens
1060 3463 1116 3495 est,
1134 3456 1279 3487 invocata

212 3512 226 3526 2
249 3500 382 3540 Spiritus
398 3500 501 3531 Sancti
518 3500 626 3540 gratia,
637 3500 792 3542 inquirere
809 3500 847 3531 de
861 3500 930 3541 lege
944 3506 975 3531 et
988 3500 1161 3541 praeceptis
1175 3500 1278 3531 Evan-

214 3555 227 3570 »
248 3543 330 3583 gelii‚
346 3544 434 3575 cuius
454 3544 666 3586 inquisitionis
686 3545 743 3575 erit
761 3544 831 3575 talis
848 3545 983 3575 modus:
1004 3551 1039 3576 ut
1058 3544 1162 3585 primo
1182 3554 1279 3586 quae-

214 3599 228 3614 »
249 3597 354 3618 ramus
373 3588 405 3618 in
424 3588 559 3628 generali
578 3589 618 3619 de
637 3589 756 3619 latione
772 3594 802 3619 et
819 3589 1051 3620 conditionibus
1067 3589 1149 3630 legis
1167 3589 1277 3620 Evan-

215 3643 230 3658 ι
248 3631 348 3672 gelii:
366 3631 478 3662 deinde
496 3642 571 3662 vero
591 3632 623 3662 in
647 3632 773 3672 speciali
801 3632 840 3663 de
859 3634 1043 3673 praeceptis
1075 3638 1106 3663 et
1137 3633 1280 3664 consiliis

928 277 1387 316 DISSERTATIONES
1418 278 1667 316 CRITICAE

1338 368 1352 383 »
1371 356 1555 397 Evangelii.
1574 370 1588 384 2·
1609 358 1644 388 In
1663 358 1721 388 hac
1739 358 1808 398 ipsa
1834 359 2019 399 quaestione
2038 370 2077 390 Lx
2105 360 2146 391 de
2168 362 2241 402 lege
2264 366 2295 391 et
2311 370 2411 402 prae-

1334 401 1432 440 ceptis
1450 401 1625 443 Evangelii
1652 403 1685 432 in
1708 403 1858 443 generali
1885 403 2054 435 disseritur.
2085 405 2284 445 Sexagesima
2307 405 2411 446 prima

1335 444 1477 485 sequitur
1495 446 1620 486 questio
1632 469 1640 485 ‚
1661 456 1759 487 quam
1785 447 1926 477 secundo
1945 447 2019 478 loco
2039 449 2112 479 citat
2140 449 2320 489 Wadingus
2332 473 2341 488 ,
2361 449 2410 479 in-

1335 490 1459 529 scripta,
1474 490 1514 520 de
1537 491 1610 531 lege
1632 491 1807 531 Evangelii
1823 492 1855 521 in
1875 493 2017 531 speciali,
2034 493 2207 524 ordinante
2216 495 2325 534 primo
2341 503 2408 524 mo-

1334 539 1400 564 tum
1426 535 1628 565 irascibilem.
1649 535 1818 572 Quaenam
1841 535 1903 566 sint
1921 536 1960 566 ab
1980 536 2111 567 Halensi
2139 537 2220 568 facta
2239 538 2408 578 promissa,

1333 578 1365 608 in
1386 578 1525 618 Prologo
1545 579 1757 610 continentur.
1773 579 1851 609 Eius
1871 579 1977 620 accipe
1991 581 2100 611 verba:
2119 594 2133 609 α
2147 582 2287 622 Expletis
2303 582 2408 623 inqui-

1337 634 1351 649 »
1372 622 1539 653 sitionibus
1563 623 1603 654 de
1629 624 1702 664 lege
1723 623 1899 665 Evangelii
1929 625 1961 654 in
1987 626 2153 665 generali,
2181 626 2409 667 inquirendum

1337 679 1351 694 >›
1372 674 1418 697 est
1437 667 1469 697 in
1488 667 1615 707 speciali
1635 668 1673 698 de
1693 667 1909 698 sanctionibus
1927 668 2005 708 legis
2024 669 2196 709 Evangelii.
2221 671 2408 701 Notandum

1337 723 1351 738 >›
1366 711 1465 751 ⁴igitur
1487 712 1577 751 quod
1596 711 1676 742 sicut
1690 712 1723 742 in
1737 712 1806 752 lege
1820 712 1941 753 Moysis
1956 719 2030 743 sunt
2045 713 2129 753 leges
2146 714 2227 745 circa
2241 725 2338 755 opera
2354 725 2409 745 ne-

1336 767 1351 782 »
1371 755 1531 793 cessitatis,
1551 766 1633 796 quae
1653 763 1727 786 sunt
1745 756 1778 786 in
1790 763 1962 797 praecepto
1982 763 2013 787 et
2032 757 2111 788 circa
2126 768 2223 798 opera
2242 769 2406 799 superero-

1336 812 1351 826 »
1373 799 1528 839 gationis,
1549 810 1630 840 quae
1650 806 1724 830 sunt
1742 800 1775 830 in
1803 806 1897 830 voto:
1928 800 1971 831 sic
1999 801 2049 831 lex
2077 801 2239 842 Evangelii
2268 803 2410 834 continet

1335 856 1350 870 ›
1374 844 1452 874 duas
1471 850 1585 883 partes,
1596 849 1772 884 praecepta
1790 844 1823 873 in
1842 844 1992 884 operibus
2011 846 2202 877 necessitatis
2222 853 2253 877 et
2271 848 2407 878 consilia

1336 900 1350 914 »
1370 888 1403 917 in
1432 888 1582 928 operibus
1611 887 1908 927 supererogationis.
1928 888 2037 918 Primo
2061 889 2156 929 igitur
2179 890 2408 931 inquirendum

1336 944 1350 959 »
1371 932 1427 962 erit
1446 932 1486 962 de
1502 933 1686 972 praeceptis
1701 932 1920 972 Evangelicis,
1942 933 2083 963 secundo
2102 934 2142 964 de
2156 935 2308 965 consiliis.
2327 935 2407 965 Item

1335 989 1350 1003 >›
1370 977 1450 1007 sicut
1465 983 1631 1017 praecepta
1645 976 1722 1016 legis
1739 976 1860 1016 Moysis
1875 976 1909 1006 in
1927 983 1989 1007 tres
2006 976 2193 1008 differentias
2210 978 2408 1018 distinguun-

1335 1033 1350 1047 »
1370 1027 1431 1059 tur,
1447 1021 1479 1051 in
1503 1027 1669 1061 praecepta
1692 1020 1835 1059 moralia,
1852 1020 2010 1051 iudicialia
2034 1028 2064 1051 et
2086 1020 2244 1061 figuralia:
2261 1022 2304 1053 ita
2319 1033 2407 1063 prae-

1335 1077 1349 1091 »
1370 1072 1459 1105 cepta
1475 1065 1637 1105 Evangelii
1653 1064 1686 1095 in
1706 1064 1805 1095 tribus
1829 1064 1969 1105 partibus
1987 1065 2198 1097 continentur.
2215 1066 2321 1097 Prima
2336 1077 2408 1107 pars

1335 1121 1349 1135 ³·
1370 1110 1427 1140 erit
1462 1110 1654 1147 moralium,
1679 1109 1817 1139 secunda
1840 1109 2057 1148 iudicialium,
2081 1110 2170 1140 tertia
2201 1117 2407 1142 sacramenta—

1335 1165 1349 1179 »
1370 1154 1459 1184 lium.
1479 1154 1553 1184 Ideo
1578 1154 1640 1184 isto
1664 1153 1774 1184 ordine
1799 1153 1855 1184 erit
1878 1154 1918 1184 de
1934 1156 2118 1195 praeceptis
2136 1155 2345 1196 Evangelicis
2360 1155 2407 1185 in-

1335 1210 1349 1225 »
1371 1198 1579 1239 quirendum:
1605 1198 1709 1238 primo
1733 1198 1773 1228 de
1789 1199 1973 1238 praeceptis
1996 1199 2183 1237 moralibus,
2210 1201 2350 1230 secundo
2367 1200 2408 1230 de

1335 1253 1350 1268 ›
1371 1243 1592 1280 iudicialibus,
1618 1243 1709 1273 tertio
1735 1242 1774 1273 de
1803 1243 2102 1274 sacramentalibus.
2130 1243 2209 1274 Item
2242 1251 2408 1285 praecepta

1335 1299 1350 1313 »
1370 1288 1507 1318 moralia
1532 1286 1694 1327 Evangelii
1727 1286 1893 1326 dupliciter
1921 1294 2014 1318 sunt:
2039 1297 2115 1317 nam
2147 1287 2305 1328 quaedam
2333 1295 2408 1319 sunt

1335 1342 1349 1356 »
1368 1332 1539 1373 generalia
1562 1338 1705 1371 respectu
1731 1331 1899 1369 omnium,
1924 1338 1960 1362 ut
1983 1342 2019 1362 ea
2043 1341 2124 1372 quae
2149 1331 2351 1363 continentur
2374 1332 2407 1363 in

1335 1387 1349 1401 »
1370 1376 1523 1407 Sermone
1537 1375 1669 1406 Domini
1684 1375 1792 1406 habito
1809 1375 1842 1405 in
1857 1383 1967 1407 monte
1982 1374 2115 1416 (Matth.
2127 1386 2158 1414 v,
2169 1386 2200 1406 vr
2211 1382 2241 1407 et
2250 1387 2292 1407 vn
2302 1382 2333 1407 et
2342 1377 2407 1407 Lu-

1335 1431 1349 1446 »
1373 1430 1430 1451 cae
1451 1431 1472 1450 v
1497 1426 1528 1451 et
1550 1418 1606 1462 vl).
1633 1420 1800 1456 Quaedam
1823 1430 1899 1450 vero
1925 1427 1999 1451 sunt
2021 1421 2174 1461 specialia
2197 1431 2407 1461 personarum

1334 1474 1348 1489 >
1372 1464 1619 1504 praesidentium
1629 1471 1665 1494 ut
1674 1470 1840 1504 praecepta
1850 1474 1931 1505 quae
1943 1465 2058 1495 dantur
2067 1465 2231 1505 Apostolis
2241 1463 2374 1505 (Matth.
2385 1475 2406 1495 x

1334 1519 1349 1533 »
1373 1514 1403 1539 et
1418 1509 1527 1539 Lucae
1541 1519 1573 1538 ix
1597 1514 1627 1539 et
1640 1507 1684 1550 x).
1702 1508 1810 1538 Primo
1825 1508 1920 1548 igitur
1936 1509 1993 1540 erit
2011 1509 2239 1550 inquirendum
2255 1509 2294 1539 de
2312 1519 2406 1550 gene-

1334 1562 1348 1577 »
1368 1552 1496 1591 ralibus,
1521 1552 1661 1583 secundo
1686 1552 1724 1582 de
1748 1552 1935 1592 specialibus
1967 1563 2022 1584 seu
2051 1553 2301 1594 particularibus.
2327 1554 2407 1584 Item

1333 1607 1348 1621 »
1368 1597 1449 1628 circa
1471 1596 1627 1637 generalia
1655 1603 1820 1636 praecepta
1850 1597 2000 1637 procedet
2031 1597 2195 1639 inquisitio
2228 1598 2407 1629 secundum

1333 1654 1348 1669 »
1368 1641 1513 1672 ordinem
1546 1641 1753 1680 Evangelicae
1785 1640 1979 1671 traditionis:
2004 1641 2038 1672 in
2066 1651 2130 1683 qua
2162 1641 2267 1682 primo
2300 1642 2406 1683 dispo-

1333 1699 1347 1713 »
1368 1693 1488 1716 nuntur
1520 1691 1686 1726 praecepta
1715 1685 1759 1716 ad
1790 1685 2087 1716 determinationem
2113 1685 2346 1726 faciendorum
2376 1691 2426 1718 et·

1333 1743 1347 1758 ›
1368 1730 1572 1761 vitandorum
1580 1738 1593 1768 ;
1617 1736 1847 1770 consequenter
1879 1729 1923 1760 ad
1950 1730 2165 1761 ordinandam
2199 1731 2405 1762 intentionem

1333 1787 1347 1802 »
1367 1774 1587 1805 faciendorum
1620 1781 1650 1804 et
1681 1774 1894 1804 vitandorum.
1909 1786 1923 1800 »
1953 1775 2024 1805 Hoc
2057 1775 2130 1805 loco
2163 1784 2311 1815 suprema
2339 1775 2406 1806 duo

1331 1818 1443 1859 capita,
1460 1829 1542 1860 quae
1565 1819 1609 1849 ad
1629 1818 1801 1859 generalia
1818 1819 1900 1859 legis
1919 1818 2140 1860 Evangelicae
2156 1820 2294 1850 moralia
2304 1829 2407 1860 praeb

1330 1868 1420 1904 cepta
1444 1869 1586 1904 spectant
1609 1862 1773 1903 pluribus,
1798 1871 1877 1903 quas
1910 1862 2045 1901 indicat,
2065 1863 2233 1904 pollicetur
2256 1873 2289 1894 se
2307 1873 2404 1905 quae-

1329 1907 1485 1939 stionibus
1502 1907 1732 1938 illustraturum
1749 1906 1912 1937 Halensis:
1933 1907 2154 1948 promissaque
2177 1918 2334 1949 exponere
2358 1918 2405 1938 ar·

1329 1958 1481 1992 gumenta
1503 1951 1615 1992 incipit
1646 1951 1679 1981 in
1709 1951 1778 1992 ipsa
1806 1950 1992 1992 quaestione
2015 1962 2066 1982 Lxr
2089 1952 2122 1982 in
2153 1962 2217 1993 qua
2240 1952 2343 1992 agitur
2364 1952 2406 1983 de

1330 1997 1402 2038 lege
1416 1996 1592 2037 Evangelii
1614 1997 1646 2026 in
1670 1995 1817 2036 speciali,
1835 1996 2007 2026 ordinante
2023 1997 2133 2037 primo
2152 2002 2271 2027 motum
2292 1997 2404 2028 irasci-

1330 2042 1433 2072 bilem.
1460 2041 1512 2071 Ad
1535 2046 1702 2081 sequentes
1735 2039 1878 2080 procedit
1910 2047 2021 2071 auctor
2053 2041 2256 2081 quaestiones
2279 2051 2341 2071 an
2364 2041 2405 2072 de

1323 2090 1498 2126 praecepto
1530 2084 1730 2125 Evangelico
1763 2084 1934 2114 ordinante
1964 2090 2084 2115 motum
2109 2085 2406 2126 concupiscibilem:

1330 2140 1404 2160 Lxm
1427 2130 1467 2160 de
1484 2129 1667 2170 praeceptis
1685 2128 1860 2169 Evangelii
1879 2128 2103 2160 ordinantibus
2121 2134 2241 2160 motum
2261 2130 2404 2161 rationa-

1330 2174 1391 2204 lem
1417 2179 1447 2204 et
1468 2175 1578 2214 primo
1602 2173 1642 2204 de
1658 2173 1875 2213 prohibitione
1899 2173 2070 2204 iurationis
2093 2173 2247 2204 illicitae:
2270 2183 2342 2204 mv
2365 2173 2406 2205 de

1324 2219 1508 2259 praeceptis
1534 2218 1714 2258 patientiae
1746 2222 1891 2258 respectu
1925 2217 2060 2258 triplicis
2093 2219 2255 2249 iniuriae:
2273 2227 2333 2248 axv
2363 2217 2405 2249 de

1325 2267 1497 2303 praecepto
1513 2262 1739 2303 beneficentiae
1753 2271 1810 2292 seu
1826 2261 1985 2292 dationis:
2001 2272 2071 2292 wa
2090 2262 2131 2293 de
2139 2267 2315 2303 praecepto
2334 2272 2404 2294 mu—

1330 2308 1396 2338 tui:
1412 2317 1495 2337 van
1518 2306 1558 2337 de
1570 2311 1744 2346 praecepto
1764 2307 1920 2336 caritatis.

1396 2351 1448 2382 Ad
1480 2350 1700 2391 quaestionem
1724 2360 1817 2380 vam
1850 2350 2056 2389 devenimus,
2080 2360 2179 2391 quam
2207 2350 2299 2382 tertio
2330 2350 2404 2382 loco

1329 2395 1445 2426 indicat
1467 2395 1664 2435 Wadingus,
1684 2404 1719 2425 ac
1735 2394 1760 2424 si
1784 2394 1972 2435 polliceatur
1997 2401 2108 2425 auctor
2126 2394 2159 2425 in
2183 2404 2219 2426 ea
2246 2405 2279 2426 se
2302 2396 2404 2427 virtu-

1330 2445 1396 2470 tum
1421 2439 1587 2470 Summam
1611 2439 1881 2477 elucubratumm,
1901 2445 2054 2480 tanquam
2077 2438 2339 2480 Supplementum
2363 2439 2404 2471 ad

1330 2484 1411 2515 hanc
1426 2483 1578 2514 Summae
1602 2492 1677 2514 suae
1697 2482 1941 2524 quadripartitae
1960 2482 2103 2514 Tertiam
2117 2490 2250 2524 partem.
2272 2483 2404 2515 Titulus

1330 2535 1387 2567 est,
1403 2528 1443 2559 de
1456 2529 1640 2568 praeceptis
1655 2527 1879 2558 ordinantibus
1895 2528 2112 2558 intentionem.
2135 2528 2226 2559 Hanc
2250 2527 2404 2559 nimirum

1330 2572 1518 2613 promiserat
1533 2571 1680 2603 Halensis
1695 2571 1915 2612 quaestionem
1931 2571 1964 2602 in
1984 2571 2120 2612 prologo
2137 2572 2331 2613 quaestionis
2341 2582 2403 2604 Lxx.

1330 2617 1410 2647 Item
1435 2617 1522 2647 circa
1545 2616 1716 2656 generalia
1726 2621 1902 2656 praecepta
1918 2615 1996 2656 legis
2012 2616 2229 2656 Evangelicae,
2245 2617 2402 2657 inquiens,

1334 2674 1348 2689 ι
1367 2660 1516 2700 procedet
1539 2659 1702 2700 inquisitio
1736 2660 1912 2690 secundum
1945 2659 2090 2690 ordinem
2113 2660 2320 2700 Evangelicae
2343 2667 2404 2691 tra-

1333 2716 1347 2731 »
1367 2703 1512 2734 ditionis:
1537 2703 1570 2733 in
1593 2714 1657 2744 qua
1680 2703 1785 2743 primo
1809 2702 2024 2743 disponuntur
2046 2710 2211 2744 praecepta
2234 2704 2279 2734 ad
2300 2704 2403 2735 deter-

1333 2759 1348 2774 »
1369 2748 1574 2778 minationem
1592 2747 1811 2778 faciendorum
1835 2753 1866 2777 et
1883 2746 2098 2785 vitandorum,
2115 2753 2345 2788 consequenter
2359 2747 2405 2779 ad

1333 2804 1347 2819 ι
1368 2791 1582 2822 ordinandam
1617 2792 1823 2822 intentionem
1857 2790 2075 2821 faciendorum
2111 2797 2141 2822 et
2178 2791 2403 2830 vitandorum;

1333 2848 1347 2863 »
1368 2835 1478 2866 Matth.
1495 2845 1526 2874 v,
1542 2835 1714 2873 Attendite,
1731 2845 1772 2866 ne
1795 2835 1949 2866 iustitiam
1975 2840 2113 2866 vestram
2127 2835 2269 2876 faciatis
2292 2845 2401 2867 coram

1333 2893 1347 2908 »
1367 2879 1556 2910 hominibus.
1579 2891 1593 2906 ι
1622 2879 1775 2910 Eiusdem
1807 2878 2000 2920 quaestionis
2023 2889 2118 2909 vam
2148 2879 2322 2920 prologum
2349 2880 2402 2911 de-

1330 2924 1447 2956 scribo:
1469 2937 1484 2953 «
1502 2923 1682 2961 Attendite,
1709 2933 1749 2954 ne
1772 2924 1926 2954 iustitiam
1960 2928 2098 2954 vestram
2119 2923 2259 2964 faciatis
2290 2933 2400 2956 coram

1331 2981 1347 2996 ›
1366 2968 1556 3006 hominibus,
1582 2973 1617 2999 ut
1641 2967 1812 2999 videamini
1827 2967 1867 2998 ab
1886 2968 1932 2998 eis
1945 2965 2071 3010 (Matth.
2088 2965 2132 3010 v).
2150 2968 2211 2999 Hic
2226 2967 2402 3009 disponun—

1333 3025 1347 3040 »
1367 3019 1419 3044 tur
1441 3018 1607 3053 praecepta
1629 3012 1673 3043 ad
1696 3011 1910 3042 ordinandam
1945 3012 2151 3042 intentionem
2183 3012 2403 3044 faciendorum

1332 3069 1346 3084 ι·
1367 3063 1398 3088 et
1420 3057 1633 3088 vitandorum.
1655 3055 1829 3087 Ordinatur
1852 3062 1960 3087 autem
1983 3055 2154 3096 tripliciter,
2178 3063 2337 3098 quantum
2359 3055 2404 3088 ad

1334 3114 1348 3129 »
1368 3101 1602 3139 rectitudinem,
1625 3106 1782 3142 quantum
1805 3100 1849 3131 ad
1871 3100 2104 3141 simplicitatem
2125 3107 2156 3131 et
2179 3107 2337 3142 quantum
2358 3100 2404 3132 ad

1333 3158 1347 3173 2·
1367 3145 1589 3176 discretionem
1614 3151 1698 3176 etc.»
1727 3144 1818 3182 Quae
1842 3150 1916 3175 sunt
1949 3144 2091 3175 eiusdem
2115 3145 2309 3186 quaestionis
2338 3145 2403 3176 tria

1331 3189 1493 3227 membra,
1527 3189 1559 3219 in
1594 3189 1672 3219 alios
1705 3188 1852 3219 articulos
1884 3188 2010 3219 tributa.
2044 3189 2079 3219 ln
2117 3189 2200 3220 calce
2232 3188 2354 3220 articuli
2380 3197 2404 3219 11

1332 3233 1466 3264 membri
1489 3243 1522 3263 111
1550 3232 1627 3264 haec
1650 3232 1824 3263 habentur:
1849 3232 1892 3263 Et
1921 3233 1981 3264 hoc
1997 3232 2120 3274 sufficit
2142 3233 2183 3264 de
2208 3233 2402 3274 praeceptis.

1332 3276 1485 3315 Quaestio
1519 3276 1661 3318 sequitur
1692 3286 1762 3306 Lxrx
1799 3276 1840 3307 de
1869 3278 1982 3318 gratia
2014 3277 2158 3308 absolute
2188 3277 2401 3309 considerata.

1332 3321 1416 3352 Hinc
1439 3321 1546 3362 palam
1575 3320 1611 3352 fit
1646 3326 1910 3362 compertumque
1950 3321 2107 3362 promissa
2136 3321 2240 3361 varia,
2264 3330 2345 3362 quae
2368 3319 2402 3350 in

1332 3365 1473 3406 prologis
1501 3364 1726 3406 quaestionum
1750 3365 1915 3404 habentur,
1935 3365 1968 3395 in
1991 3365 2053 3396 hoc
2077 3365 2192 3396 eodem
2214 3374 2309 3406 opere
2331 3372 2402 3405 par-

1331 3410 1390 3440 tim
1413 3410 1535 3450 expleta
1558 3419 1644 3448 esse,
1669 3419 1735 3440 non
1767 3409 1892 3440 omnia:
1922 3409 2137 3440 desiderantur
2164 3409 2283 3451 quippe
2306 3417 2401 3449 quae-

1332 3454 1450 3485 stiones
1466 3453 1506 3484 de
1508 3454 1691 3495 praeceptis
1700 3453 1874 3495 Evangelii
1887 3453 2077 3495 specialibus
2080 3462 2296 3494 personarum
2301 3461 2400 3492 prae-

1332 3498 1522 3536 sidentium,
1547 3498 1587 3529 de
1610 3497 1813 3529 iudicialibus
1841 3497 1943 3539 deque
1965 3497 2125 3535 consiliis,
2150 3497 2188 3527 de
2207 3495 2322 3538 quibus
2346 3505 2401 3536 pe-

1333 3549 1494 3574 racturum
1517 3552 1550 3573 se
1575 3542 1735 3583 pollicitus
1755 3542 1855 3573 fuerat
1878 3541 2024 3573 Halensis
2042 3541 2076 3572 in
2092 3540 2228 3582 prologo
2240 3539 2403 3581 quaestio-

1334 3586 1382 3617 nis
1405 3597 1445 3617 ιι
1468 3593 1499 3617 et
1518 3596 1579 3617 Lxx.

1401 3630 1463 3662 Sed
1486 3630 1562 3661 haec
1585 3630 1653 3661 eius
1676 3629 1832 3670 promissa
1855 3629 1923 3669 lege
1947 3635 1979 3660 et
2001 3627 2155 3669 expende:
2173 3627 2324 3659 Summae
2347 3627 2402 3658 ali-
