2548 4192
181 288 298 313 CXXXII

180 356 407 396 manuscriptis
437 355 578 394 antiquis
610 358 640 384 et
671 352 772 383 bonae
805 357 899 382 notae
932 350 990 381 sub
1023 351 1092 380 eius
1125 350 1253 379 nomine

179 401 328 431 inveniri.

246 445 360 481 Canon
383 443 461 473 alter
484 443 522 472 ab
547 441 661 472 eodem
685 439 817 471 Oudino
842 438 1053 479 praescriptus
1070 437 1114 467 sic
1138 437 1252 467 habet:

177 490 247 520 Nec
261 488 413 519 audiendi
426 492 502 518 sunt
515 487 689 526 scriptores
703 489 858 520 recentes,
870 483 926 522 qui
935 492 960 513 s.
979 483 1118 512 Thomae
1131 483 1252 521 scripta

178 534 219 564 ab
241 534 382 573 antiquis
403 532 521 562 collata
536 529 694 570 auferunt
712 538 754 558 ex
767 528 905 568 proprio
925 527 1038 566 capite,
1059 526 1179 566 absque
1197 535 1251 555 ra-

179 578 317 609 tionibus
331 577 452 606 idoneis
475 580 533 605 aut
555 573 826 608 demonstrativis,
845 572 892 601 uti
915 575 1025 600 nostro
1045 571 1104 600 isto
1123 570 1254 600 saeculo

179 632 200 652 a
224 621 388 652 nonnullis
402 620 533 660 factum
567 623 622 648 est.
649 616 774 653 Quibus
803 614 906 645 verbis
940 624 1036 644 nemo
1070 624 1137 644 non
1169 614 1255 644 videt

180 666 384 707 potissimum
407 662 509 693 notari
532 662 662 691 Petrum
686 660 724 690 de
747 659 839 690 Alva.
856 661 1007 689 Attamen
1030 658 1254 688 limitationem

180 710 282 740 addit:
309 709 382 739 Nisi
405 711 556 743 recentes,
582 704 739 745 inquiens,
754 703 894 743 probent
918 703 1040 733 idoneis
1063 713 1103 733 ac
1125 703 1254 733 demon-

179 754 323 785 strativis
351 750 528 782 rationibus
552 754 674 780 veteres
700 749 875 788 scriptores
899 748 931 777 in
962 756 1021 777 suo
1045 747 1180 787 Syllabo
1205 747 1255 777 vel

180 797 304 828 calculo
327 796 473 835 deceptos
479 794 598 835 fuisse.
617 795 668 823 An
692 802 767 832 ergo
791 792 885 822 Petro
910 791 948 821 de
972 791 1052 821 Alva
1067 798 1098 821 et
1116 791 1176 831 ipsi
1193 791 1254 822 Ca-

180 841 288 871 simiro
304 839 435 870 Oudino
455 844 580 878 praesto
600 836 717 867 fuerint
741 836 929 867 huiusmodi
953 837 1096 866 rationes
1119 835 1254 866 idoneae

179 890 237 916 aut
259 884 540 920 demonstrativae,
555 881 672 922 quibus
696 880 834 921 permoti
858 880 934 910 haec
958 880 1106 910 Thomae
1130 880 1253 920 eripue-

179 930 241 959 rint
257 927 432 968 Opuscula,
449 925 759 966 adiudicavefintque
775 925 825 955 vel
843 924 1030 955 Innocentio
1047 925 1100 962 111,
1115 925 1166 955 vel
1179 925 1252 955 Ale—

178 973 297 1004 xandro
322 972 360 1002 de
379 971 487 1009 Hales,
506 970 556 1000 vel
580 970 720 1001 Henrico
745 970 784 1000 de
807 967 999 1000 Wrimaria?

246 1009 500 1056 Manuscriptum
516 1014 632 1045 scilicet
656 1014 800 1045 codicem
824 1013 911 1044 affert
930 1014 1020 1052 Alva,
1038 1013 1094 1054 qui
1118 1014 1254 1044 Lovanii

179 1061 266 1102 apud
290 1071 314 1091 s.
339 1060 513 1091 Martinum
536 1059 734 1095 adservatur,
758 1058 791 1088 in
816 1058 960 1088 exteriori
985 1064 1201 1098 compactura,
1218 1065 1255 1089 ut

179 1106 232 1143 ait,
257 1105 462 1145 inscriptum:
487 1104 696 1134 Innocentius
719 1104 780 1134 ΡΡ.
804 1112 903 1143 super
926 1103 1072 1133 Psalmos
1084 1104 1253 1143 poeniten-

179 1150 291 1181 tiales:
310 1151 383 1180 item
407 1149 575 1189 Expositio
598 1157 697 1188 super
719 1148 819 1178 Pater
842 1153 968 1185 noster,
993 1148 1062 1178 Ave
1088 1148 1201 1178 Maria
1225 1153 1255 1178 et

182 1195 287 1225 Credo
317 1195 349 1224 in
373 1194 489 1224 Deum.
524 1193 628 1223 Immo
662 1192 890 1222 animadvertat
921 1192 1020 1222 lector
1052 1192 1196 1222 codicem
1219 1192 1254 1222 il-

179 1240 259 1277 lum,
283 1245 361 1269 teste
385 1238 521 1268 Martino
546 1238 698 1278 Hameyo
721 1237 841 1267 Batavo
866 1236 944 1267 Ord.
965 1236 1104 1267 Praedic.
1126 1236 1159 1266 in
1179 1237 1254 1276 Epi-

180 1284 260 1315 stola
283 1282 482 1323 apologetica
505 1282 545 1312 ad
567 1282 698 1312 Petrum
717 1281 756 1311 de
779 1281 877 1319 Alva,
901 1281 985 1322 typis
1015 1281 1098 1311 edita
1126 1281 1254 1311 Bruxel-

178 1328 216 1358 lis
240 1338 325 1358 anno
356 1328 458 1366 1664,
483 1327 526 1357 ita
549 1326 664 1366 pariter
686 1326 719 1355 in
743 1325 884 1356 interiori
918 1332 1142 1365 compacturae
1166 1332 1254 1365 parte

179 1372 368 1412 inscriptum
399 1371 480 1411 legi:
505 1371 714 1401 Innocentius
741 1370 830 1410 Papa
858 1379 957 1410 super
986 1369 1124 1400 Psalmis
1141 1371 1254 1410 poeni-

180 1417 384 1454 tentialibus;
402 1423 473 1446 tum
496 1422 589 1446 vero:
610 1415 715 1455 Super
729 1415 797 1444 Ave
819 1415 943 1451 Maria,
963 1423 1062 1454 super
1079 1414 1178 1444 Pater
1197 1424 1253 1445 no-

179 1467 256 1499 ster,
281 1471 379 1501 super
405 1460 510 1491 Credo
530 1461 561 1490 in
577 1460 694 1496 Deum,
709 1468 808 1499 super
825 1458 930 1488 Credo
950 1459 982 1488 in
998 1458 1154 1498 Spiritum
1170 1458 1252 1489 San-

180 1511 277 1543 ctum,
301 1515 400 1546 super
421 1505 577 1535 Articulis
590 1503 685 1544 fidei,
709 1513 808 1543 super
831 1502 1052 1533 Sacramentis
1074 1502 1251 1540 Ecclesiae,

179 1560 278 1591 super
299 1551 398 1580 Pater
421 1555 530 1580 noster
546 1558 610 1589 per
632 1548 841 1578 auctoritates
864 1548 1054 1584 Doctorum,
1080 1548 1253 1578 Methodus

180 1594 369 1636 conferendi
391 1594 576 1625 calendario
600 1598 630 1623 et
653 1592 830 1623 mobilibus.
854 1592 954 1632 Atqui
979 1601 1075 1622 nemo
1100 1592 1250 1632 prudens,

179 1639 235 1680 qui
251 1639 284 1669 in
300 1638 484 1669 huiusmodi
502 1637 747 1677 inscriptionum
762 1637 899 1667 modum
916 1636 1084 1667 intenderit
1094 1636 1251 1675 animum,

179 1684 285 1714 statim
309 1693 374 1713 non
398 1682 503 1713 videat
525 1681 691 1722 opuscula
714 1681 769 1711 illa
792 1687 914 1721 praeter
937 1681 1095 1721 primum,
1115 1691 1181 1711 non
1206 1691 1252 1711 re-

179 1728 251 1759 ferri
275 1728 321 1758 uti
345 1727 450 1758 foetus
474 1726 650 1757 innocentii
674 1726 789 1766 Papae,
814 1726 870 1756 sed
893 1725 939 1756 uti
971 1732 1119 1756 contenta
1142 1725 1175 1755 in
1198 1736 1252 1756 eo-

179 1773 253 1803 dem
276 1772 460 1809 volumine,
485 1780 626 1812 quorum
659 1770 801 1811 primum
824 1770 864 1800 ad
887 1770 1054 1800 laudatum
1078 1770 1251 1801 Summum

178 1816 367 1848 Pontificem
390 1822 519 1856 spectat.
537 1818 583 1846 Ac
600 1825 675 1845 sane
692 1815 876 1845 Ludovicus
897 1815 990 1845 Iacob
1006 1815 1039 1845 in
1055 1815 1253 1846 Bibliotheca
1268 1840 1270 1842 .

179 1861 359 1902 pontificia,
385 1860 576 1892 Guillelmus
599 1859 686 1890 Cave
702 1859 735 1890 in
759 1859 900 1890 Historia
915 1859 1063 1890 litteraria
1079 1866 1111 1890 et
1127 1859 1151 1889 F
1153 1860 1252 1890 ranci-

179 1916 250 1937 scus
273 1905 388 1945 Pagius
411 1905 445 1935 in
461 1904 619 1935 Breviario
644 1903 1177 1944 historico-chronologico—critico,
1203 1905 1252 1934 In-

179 1950 318 1981 nocentii
334 1949 432 1980 Tertii
452 1959 549 1989 opera
567 1949 677 1980 omnia
700 1955 906 1987 recensentes,
924 1955 994 1979 tum
1017 1949 1166 1989 genuina,
1181 1955 1252 1979 tum

179 1995 275 2026 etiam
298 1994 405 2032 dubia,
430 1994 494 2024 sive
518 2003 600 2035 quae
629 1993 714 2034 typis
743 1993 825 2024 edita
849 2000 924 2024 sunt
953 1993 1018 2023 sive
1042 2003 1124 2034 quae
1148 1993 1251 2024 adhuc

178 2040 211 2070 in
235 2039 433 2070 bibliothecis
456 2049 531 2069 mss.
557 2037 754 2076 delitescunt,
779 2038 982 2078 superiorum
1005 2038 1250 2078 opusculorum,

179 2085 218 2114 de
232 2083 348 2124 quibus
363 2083 499 2123 agimus,
516 2082 714 2113 mentionem
728 2082 851 2113 nullam
869 2083 1026 2123 ingerunt.
1038 2082 1179 2120 Accedit,
1197 2093 1251 2123 pe-

179 2128 316 2159 nultimo
341 2128 395 2158 illo
419 2127 452 2158 in
472 2127 642 2167 opusculo,
657 2127 747 2168 quod
761 2127 941 2158 inscribitur
956 2137 1055 2167 super
1077 2127 1175 2158 Pater
1194 2138 1250 2158 no-

177 2178 244 2204 ster
265 2182 329 2213 per
360 2173 569 2202 auctoritates
600 2172 797 2209 Doctorum,
822 2172 929 2212 ipsum
961 2172 1127 2202 Thomam
1150 2172 1250 2213 Aqui-

177 2224 296 2255 natem,
310 2217 439 2247 laudato
464 2217 615 2257 Harneyo
635 2216 839 2254 admonente,
860 2216 996 2256 allegari,
1013 2216 1068 2257 qui
1093 2223 1167 2257 post
1182 2217 1251 2247 obi-

177 2269 247 2292 tum
272 2261 447 2292 Innocentii
471 2267 563 2291 natus
593 2267 659 2298 est;
683 2261 829 2301 adeoque
853 2260 1018 2301 perspicue
1047 2268 1190 2292 constare
1214 2271 1250 2292 ea

178 2306 286 2337 omnia
311 2305 465 2346 opuscula
496 2305 694 2335 sanctissimo
718 2304 865 2336 Pontifici
889 2305 1015 2336 attribui
1049 2315 1115 2336 non
1144 2315 1248 2346 posse.

177 2350 275 2381 Addit
298 2350 460 2380 Echardus
490 2349 615 2380 minora
645 2350 803 2390 praedicta
836 2359 933 2390 opera
956 2349 989 2380 in
1015 2350 1125 2380 codice
1149 2350 1249 2390 Regio

178 2405 237 2425 ms.
255 2395 318 2424 iam
342 2404 380 2424 eo
404 2401 559 2434 tempore,
579 2404 645 2434 quo
664 2394 772 2435 ipsum
787 2394 867 2425 vidit
880 2394 971 2432 Alva,
988 2394 1086 2425 sancti
1102 2394 1250 2426 Thomae

178 2439 310 2469 nomine
339 2445 522 2478 praenotata
558 2438 675 2476 fuisse,
711 2449 751 2469 ne
787 2438 859 2480 quis
893 2439 925 2469 in
955 2446 1084 2470 auctore
1124 2446 1247 2470 erraret.

177 2484 302 2514 Praeter
324 2483 483 2513 Parisinos
507 2482 644 2523 denique
668 2483 803 2521 codices,
820 2483 935 2514 fatetur
962 2483 1030 2524 ipse
1053 2484 1249 2514 adversarius

175 2528 257 2558 Alva
281 2527 358 2557 alios
391 2533 531 2567 prostare
565 2537 639 2558 cum
671 2527 818 2558 Thomae
851 2528 1018 2568 Aquinatis
1051 2528 1183 2559 nomine
1216 2528 1248 2558 in

176 2571 374 2602 bibliothecis
410 2571 562 2611 Belgicis,
588 2571 706 2602 scilicet
734 2572 919 2602 Parcensem
952 2573 1039 2612 apud
1071 2573 1248 2603 Sanderum

177 2623 209 2647 et
225 2616 543 2647 Corsenduncanum.
572 2616 637 2653 lam
653 2625 728 2655 ergo
757 2616 790 2646 in
819 2626 909 2646 auras
941 2616 1026 2646 abire
1059 2624 1140 2657 puto
1166 2617 1247 2648 Petri

176 2661 216 2691 de
235 2660 316 2691 Alva
338 2660 504 2698 rationem,
520 2659 658 2701 siquam
677 2660 728 2690 ille
744 2661 890 2691 idoneam
914 2666 945 2691 et
963 2661 1247 2692 demonstrativam

176 2705 319 2736 iactabat.
1154 2712 1158 2714 ’

244 2751 296 2780 An
319 2748 419 2788 magis
442 2749 615 2789 propitiam
638 2748 788 2780 Oudinus
811 2748 924 2779 habeat
953 2747 1150 2780 Minervam?
1173 2749 1248 2780 Non

177 2794 238 2824 alia
256 2800 380 2834 praesto
404 2793 484 2823 ratio
508 2794 551 2824 illi
581 2800 645 2831 est,
670 2793 730 2823 nisi
754 2802 836 2834 quae
859 2793 986 2824 ducitur
1015 2803 1052 2824 ex
1076 2793 1249 2824 manuscri-

178 2838 239 2879 ptis
263 2837 454 2876 Bodleianis,
469 2837 502 2868 in
521 2838 639 2879 quibus
654 2837 765 2868 similis
789 2837 965 2877 argumenti
989 2838 1145 2878 opuscula
1161 2847 1249 2878 prae—

179 2889 330 2913 notantur
353 2882 484 2912 nomine
508 2882 637 2913 Hem-ici
662 2882 700 2912 de
723 2881 906 2913 Wrimaria.
924 2885 966 2913 At
989 2882 1034 2912 illi
1065 2889 1250 2923 argumenta

178 2936 324 2968 propone
349 2927 519 2965 solvenda,
544 2937 625 2968 quae
652 2933 839 2967 sequuntur:
869 2937 894 2957 1.
919 2927 1079 2957 Praedicta
1107 2927 1250 2968 quinque

179 2971 343 3012 opuscula
368 2971 455 3002 fateri
479 2971 604 3011 cogitur
627 2971 777 3002 Oudinus
801 2972 833 3001 in
859 2972 1087 3011 manuscriptis
1109 2973 1251 3012 antiquis

179 3021 210 3046 et
239 3016 340 3046 bonae
372 3021 466 3046 notae
497 3017 636 3047 inveniri
659 3015 717 3046 sub
750 3015 890 3046 Tkomae
914 3017 1063 3046 nomine:
1087 3025 1142 3046 cur
1172 3016 1251 3046 alios

179 3070 253 3099 ergo
278 3059 431 3100 praeferat
447 3060 571 3091 codices
587 3060 649 3090 alio
674 3059 806 3090 nomine
825 3058 1049 3100 praenotatos?
1067 3070 1095 3091 2.
1115 3060 1251 3091 Codices

179 3104 275 3135 etiam
290 3103 375 3134 affert
398 3104 450 3135 ille
466 3115 503 3135 ex
520 3105 631 3135 eadem
651 3104 842 3135 bibliotheca
861 3104 1044 3142 Bodleiana,
1065 3104 1120 3145 qui
1141 3105 1251 3145 Expo-

179 3150 324 3179 sitionem
350 3148 502 3189 Symboli,
520 3149 660 3190 itemque
677 3149 783 3179 decem
801 3149 1050 3189 Praeceptorum
1075 3149 1158 3190 legis
1178 3149 1251 3180 Ale-

177 3193 299 3223 xandro
323 3193 361 3223 de
386 3193 481 3223 Hales
514 3193 664 3224 tributam
697 3193 860 3224 exhibent:
885 3203 942 3224 cur
967 3203 1043 3224 vero
1067 3200 1098 3224 et
1121 3193 1251 3224 Halensi

180 3244 210 3268 et
226 3236 377 3278 Aquinati
394 3238 506 3277 ereptis
523 3238 688 3278 praedictis
704 3237 888 3278 opusculis,
904 3247 939 3268 ea
957 3238 1096 3268 Henrico
1113 3238 1151 3268 de
1166 3238 1251 3268 Wri-

180 3281 279 3311 maria
294 3281 502 3312 adiudicanda
512 3280 720 3322 pronunciat?
737 3283 765 3313 3.
778 3282 865 3312 Haec
880 3282 1055 3322 Opuscula,
1066 3292 1148 3324 quae
1162 3282 1251 3313 Tho-

180 3335 251 3356 mae
275 3326 442 3367 Aquinatis
473 3326 603 3357 nomine
627 3333 658 3358 et
680 3326 808 3357 Henrici
839 3327 878 3357 de
902 3327 1073 3357 Wrimaria
1104 3327 1252 3367 insignita

179 3370 327 3409 leguntur
349 3370 382 3400 in
406 3371 579 3409 codicibus,
604 3378 659 3402 aut
682 3371 792 3401 eadem
816 3371 951 3402 omnino
983 3378 1057 3402 sunt
1085 3378 1140 3402 aut
1170 3378 1251 3402 certe

180 3414 317 3445 diversa:
335 3425 438 3456 neque
462 3415 547 3446 enim
571 3415 710 3446 insolens
735 3422 781 3446 est
804 3425 899 3456 super
915 3415 1035 3446 eisdem
1058 3415 1251 3456 argumentis

181 3458 438 3490 Commentarios
462 3460 553 3490 edere
576 3460 743 3501 scriptores
767 3460 884 3500 plures,
909 3461 1021 3491 eadem
1044 3467 1099 3492 aut
1122 3460 1251 3501 suppari

182 3509 280 3533 aetate
303 3505 461 3543 degentes,
478 3504 510 3534 in
529 3505 640 3535 eadem
664 3504 826 3545 provincia
849 3511 904 3536 aut
923 3505 1023 3535 domo
1047 3512 1078 3536 et
1101 3505 1132 3535 in
1156 3505 1251 3545 longe

183 3546 296 3577 dissitis
319 3548 509 3587 regionibus.
536 3549 568 3580 Si
593 3549 714 3579 diversa
746 3549 823 3587 sint,
848 3549 919 3590 quis
949 3559 1024 3589 ergo
1058 3559 1124 3580 non
1146 3549 1252 3580 videat

182 3599 297 3620 vanam
327 3592 515 3633 futilemque
545 3593 666 3624 Oudini
700 3591 933 3624 obiectionem?
956 3594 989 3624 Si
1020 3594 1142 3632 eadem,
1172 3593 1250 3624 ratio

183 3635 343 3674 quaeritur
366 3636 479 3667 idonea
502 3642 559 3667 aut
577 3637 839 3675 demonstrativa,
864 3647 921 3668 cur
943 3638 1092 3678 neglectis
1117 3638 1251 3669 reiectis-

898 269 1359 308 DISSERTATIONES
1390 270 1638 306 CRITICAE

1310 358 1374 389 que
1397 349 1559 380 codicibus
1590 351 1819 391 manuscriptis
1841 351 1982 391 antiquis
2005 356 2036 381 et
2062 351 2163 381 bonae
2187 356 2301 389 notae,
2331 351 2387 392 qui

1310 402 1346 422 ea
1369 393 1517 424 Thomae
1541 401 1651 424 nostro
1676 394 1862 432 attribuunt,
1879 395 2051 426 adiudicari
2072 395 2213 426 Henrico
2238 396 2276 426 de
2300 396 2387 426 Wri-

1310 437 1409 467 maria
1433 436 1588 468 debeant?
1603 438 1652 468 Eo
1671 438 1722 468 vel
1738 439 1876 469 maxime
1899 440 1989 480 quod
2012 439 2097 470 hisce
2124 440 2287 470 codicibus
2312 450 2387 471 con—

1309 488 1425 512 sonant
1447 489 1591 512 veterum
1607 482 1805 521 testimonia,
1825 483 1881 524 qui
1897 493 1964 514 non
1984 484 2091 514 solum
2115 484 2196 515 inter
2219 494 2387 524 germanos

1309 526 1479 566 Aquinatis
1503 526 1607 557 foetus
1627 534 1798 557 numerant
1813 527 1990 567 praedictos
2007 528 2318 568 Commentariolos;
2333 539 2386 560 ve—

1309 579 1382 599 rum
1407 580 1520 601 eorum
1543 570 1671 601 initium
1694 571 1844 609 referunt,
1869 581 1990 613 eosque
2012 573 2159 612 legebant
2182 573 2215 603 in
2239 584 2306 604 uno
2330 584 2386 604 vo-

1308 613 1431 644 lumine
1455 615 1519 644 iam
1543 615 1704 646 collectos:
1721 625 1752 655 4.
1770 618 1814 646 At
1835 616 1913 646 haec
1936 616 2117 648 tribuebant
2139 618 2215 648 divo
2239 618 2387 649 Thomae

1310 657 1476 698 opuscula
1494 659 1701 690 Ptolomaeus
1717 660 1881 698 Lucensis,
1899 661 2033 691 loannes
2057 662 2096 692 de
2114 661 2295 701 Columna,
2312 663 2386 693 Ber-

1309 702 1427 732 nardus
1457 702 1636 742 Guidonis,
1666 704 1832 742 Trivetus,
1858 705 2055 744 Logotheta,
2080 716 2119 736 eo
2150 713 2295 747 tempore
2319 717 2386 748 quo

1308 745 1407 776 vitam
1426 747 1538 786 agebat
1567 747 1782 788 florebatque,
1807 758 1929 789 suaque
1958 749 2071 780 edebat
2101 760 2198 791 opera
2228 752 2386 782 Henricus

1309 790 1348 820 de
1378 790 1567 821 Wrimaria:
1597 801 1638 821 an
1668 792 1837 822 verisimile
1868 792 1979 831 fuerit,
2004 794 2124 825 alienos
2155 794 2260 826 foetus
2290 796 2386 826 tribui

1308 834 1457 865 Thomae
1480 835 1519 865 ab
1542 835 1604 865 illis
1628 836 1788 875 potuisse,
1812 836 1869 876 qui
1891 836 1972 875 illis,
1996 844 2033 868 ut
2055 838 2098 869 ita
2126 839 2250 878 dicam,
2275 840 2386 870 diebus

1309 879 1537 918 spargebantur
1559 879 1591 909 in
1615 880 1731 919 vulgus
1755 887 1786 910 et
1809 880 1913 911 adhuc
1928 881 2009 911 inter
2027 882 2119 913 vivos
2142 890 2307 923 parentem
2329 884 2384 915 ha-

1308 921 1444 954 bebant?
1468 923 1603 954 Laudati
1633 924 1754 965 quippe
1784 931 1910 955 nostrae
1940 925 2042 965 gentis
2073 927 2240 967 scriptores
2268 928 2309 958 ad
2332 938 2386 958 an—

1309 978 1389 998 num
1418 969 1500 998 1330
1525 968 1646 999 circiter
1667 969 1766 1000 vitam
1790 969 1962 1007 duxerunt3
1980 977 2011 1000 et
2027 971 2207 1010 Logotheta
2222 972 2309 1002 testis
2327 982 2386 1003 vo-

1309 1019 1501 1043 catus-anno
1524 1013 1606 1053 1319
1623 1013 1656 1043 in
1672 1014 1826 1044 Processu
1847 1014 2108 1053 canonizationis,
2125 1015 2272 1055 Operum
2295 1016 2386 1047 Tho-

1309 1067 1391 1095 mae,
1416 1067 1498 1098 quae
1522 1064 1663 1096 noverat,
1681 1058 1862 1098 catalogum
1878 1058 1994 1097 texuit;
2014 1066 2045 1090 et
2063 1060 2221 1090 Henricus
2240 1060 2280 1091 de
2298 1060 2386 1091 Wri—

1309 1102 1418 1139 maria,
1443 1101 1576 1133 Oudino
1601 1102 1626 1132 si
1650 1103 1808 1133 credimus
1831 1103 1905 1134 loco
1930 1103 2036 1142 citato,
2054 1105 2142 1135 circa
2165 1115 2290 1135 annum
2306 1114 2385 1147 1290

1310 1151 1340 1176 et
1363 1146 1446 1177 1300
1471 1146 1619 1177 florebat:
1636 1147 1739 1178 immo
1749 1148 1872 1187 floruit
1895 1148 1950 1178 ille
1967 1148 2060 1179 valde
2074 1158 2176 1179 senex
2188 1159 2277 1180 anno
2298 1150 2384 1181 1330

1310 1197 1346 1221 ut
1377 1190 1445 1231 ipse
1478 1190 1628 1222 Oudinus
1660 1192 1704 1222 ait
1735 1192 1768 1222 in
1801 1192 2027 1233 supplemento
2063 1194 2103 1223 ad
2135 1193 2384 1225 Bellarminum:

1309 1235 1481 1276 ipsumque
1514 1236 1647 1266 demum
1679 1246 1766 1267 anno
1795 1237 1881 1274 1340
1905 1237 2063 1268 claruisse
2085 1238 2217 1269 adnotat
2239 1239 2385 1269 Possevi-

1310 1289 1370 1310 nus
1399 1286 1490 1310 tomo
1523 1281 1549 1310 11
1573 1283 1753 1321 Apparatus
1785 1287 1815 1312 et
1845 1281 2002 1312 consentit
2025 1282 2219 1313 Guillelmus
2242 1282 2329 1314 Cave
2352 1283 2385 1313 in

1309 1323 1452 1355 Historia
1469 1325 1633 1356 litteraria:
1658 1335 1725 1366 quo
1749 1335 1857 1356 rursus
1881 1336 1966 1356 anno
1996 1327 2079 1366 1340
2103 1327 2153 1358 vel
2177 1327 2287 1367 paullo
2311 1334 2386 1368 post

1308 1368 1372 1398 vita
1395 1369 1504 1408 ipsum
1527 1369 1677 1409 migrasse
1701 1370 1851 1401 Oudinus
1870 1369 2026 1401 coniectat
2049 1371 2083 1401 in
2106 1371 2251 1402 eiusdem
2267 1371 2384 1412 Elogio

1308 1412 1340 1442 in
1356 1412 1552 1444 Bibliotheca
1563 1413 1776 1454 Scriptorum:
1796 1416 1824 1446 5.
1842 1415 1927 1446 Hinc
1941 1425 2017 1446 vero
2040 1425 2078 1446 ex
2092 1416 2178 1446 varia
2193 1416 2386 1457 chronogra-

1309 1456 1384 1496 phia
1407 1458 1537 1488 Henrici
1562 1457 1652 1488 facile
1676 1459 1836 1499 colligitur
1864 1459 2022 1500 praedicta
2044 1460 2189 1501 quinque
2219 1461 2386 1501 Opuscula

1307 1501 1404 1541 longe
1437 1508 1525 1540 ante,
1549 1512 1649 1543 quam
1679 1503 1771 1534 editis
1801 1504 1952 1544 operibus
1982 1504 2050 1544 ipse
2079 1503 2204 1536 floreret
2227 1505 2385 1536 Henricus

1309 1545 1347 1575 de
1371 1546 1554 1585 Wriman’a,
1571 1547 1630 1577 sub
1646 1547 1779 1578 nomine
1802 1548 1866 1578 divi
1890 1548 2038 1579 Thomae
2053 1548 2242 1587 innotuisse,
2259 1550 2385 1580 eadem-

1308 1599 1371 1630 que
1394 1589 1428 1620 in
1452 1601 1519 1621 uno
1536 1591 1600 1621 iam
1615 1591 1782 1622 volumine
1805 1592 1947 1631 collecta,
1962 1592 2185 1624 testimonium
2201 1594 2386 1634 perhibente

1307 1634 1497 1666 Ptolomaeo
1514 1635 1661 1666 Lucensi:
1678 1637 1710 1667 6.
1728 1636 1827 1677 Atqui
1846 1637 1979 1667 demum
2003 1647 2040 1668 ex
2063 1637 2194 1668 laudato
2209 1638 2384 1669 Possevino

1308 1686 1431 1710 constat
1454 1680 1640 1711 Tractatum
1663 1681 1704 1711 de
1725 1681 1832 1712 decem
1855 1681 2039 1722 Praeceptis
2062 1682 2146 1723 legis
2168 1682 2309 1713 Henrico
2331 1682 2386 1714 tri-

1307 1724 1423 1754 butum
1446 1724 1542 1764 longe
1566 1725 1727 1756 diversum
1750 1735 1817 1756 esse
1841 1726 1880 1756 ab
1904 1736 1943 1756 eo
1967 1726 2023 1767 qui
2039 1726 2188 1758 Thomae
2205 1733 2316 1758 nostro
2331 1727 2385 1758 ad-

1307 1768 1462 1799 scribitur.
1487 1769 1542 1800 Ait
1564 1769 1684 1810 quippe
1707 1770 1899 1801 Possevinus
1923 1770 1956 1801 in
1980 1770 2114 1802 huiusce
2138 1771 2277 1802 auctoris
2301 1771 2385 1803 elen-

1307 1812 1368 1843 cho
1393 1821 1546 1853 operum:
1563 1814 1614 1844 De
1632 1814 1740 1845 decem
1751 1816 1935 1855 praeceptis
1953 1815 2005 1846 lib.
2023 1815 2053 1853 I,
2067 1816 2155 1847 Audi
2169 1816 2276 1848 Israel
2281 1824 2294 1854 ;
2310 1826 2386 1848 cum

1306 1857 1395 1887 aliter
1417 1857 1623 1898 Opusculum
1646 1859 1795 1889 Thomae
1818 1859 2013 1900 adscriptum
2037 1860 2187 1901 incipiat,
2213 1861 2291 1891 Tria
2308 1866 2386 1892 sunt

1305 1902 1428 1932 homini
1450 1903 1632 1934 necessaria
1651 1903 1696 1934 ad
1713 1904 1860 1934 salutem.
1879 1904 1941 1935 Sed
1965 1911 1996 1935 et
2018 1904 2162 1935 eiusdem
2185 1904 2316 1936 Henrici
2331 1915 2384 1936 ex-

1306 1946 1482 1986 positiones
1509 1947 1677 1979 Orationis
1702 1948 1893 1979 Dominicae
1916 1953 1947 1979 et
1969 1949 2148 1990 Angelicae
2170 1949 2385 1981 Salutationis

1306 1990 1349 2021 ita
1372 1998 1511 2022 recenset
1533 1992 1736 2030 Possevinus,
1753 1999 1789 2023 ut
1804 1993 1960 2033 opuscula
1979 1993 2100 2024 diversa
2123 1993 2307 2024 videantur:
2324 1993 2383 2025 sci—

1305 2035 1388 2073 licet,
1403 2045 1502 2076 super
1518 2035 1706 2068 Orationem
1721 2038 1924 2068 Dominicam
1941 2038 1993 2068 lib.
2004 2037 2055 2069 II:
2064 2038 2170 2079 Super
2187 2039 2256 2069 Ave
2270 2039 2383 2070 Maria

1306 2080 1357 2110 lib.
1378 2080 1416 2118 J;
1430 2089 1488 2111 nec
1512 2081 1598 2111 enim
1621 2081 1654 2112 in
1677 2081 1774 2112 libros
1797 2081 1914 2113 tributa
1942 2089 2032 2120 sunt,
2056 2092 2139 2124 quae
2171 2082 2317 2114 feruntur
2344 2083 2383 2114 de

1305 2124 1354 2154 his
1377 2125 1572 2164 argumentis
1596 2125 1703 2166 Opera
1719 2137 1744 2157 s.
1762 2126 1920 2157 Thomae.
1938 2126 1970 2158 Si
1987 2126 2066 2168 quid
2085 2136 2160 2167 ergo
2179 2127 2327 2168 augurari
2342 2127 2381 2158 li-

1306 2175 1388 2207 ceat,
1413 2169 1481 2200 fore
1504 2177 1601 2210 puto,
1626 2177 1663 2201 ut
1685 2170 1833 2211 prudenti
1858 2170 1974 2212 cuique
1997 2171 2194 2213 cordatoque
2217 2171 2286 2202 viro
2315 2171 2381 2203 ido-

1306 2223 1386 2244 neae
1407 2219 1466 2244 aut
1488 2214 1760 2246 demonstrativae
1783 2215 1949 2246 videantur
1972 2215 2110 2246 rationes
2124 2215 2246 2255 allatae,
2263 2215 2382 2258 quibua

1305 2258 1469 2289 Thomam
1489 2259 1632 2300 quinque
1651 2259 1905 2300 Opusculorum,
1922 2260 1962 2290 de
1980 2260 2098 2301 quibus
2117 2260 2253 2302 agimuS,
2268 2269 2382 2292 verum

1304 2309 1469 2334 auctorem
1492 2313 1560 2334 esse
1583 2304 1736 2335 hactenus
1757 2304 1974 2335 disseruimus.

1702 2399 1902 2438 CAPUT
1931 2401 1982 2438 11.
2026 2411 2033 2418 ·

1304 2497 1550 2523 Animadversiones
1582 2497 1607 2522 in
1638 2497 1834 2530 Expositionem
1866 2497 2030 2523 Salutationie
2058 2497 2206 2531 Angelicae.
2230 2497 2382 2533 Sphnlmm

1376 2533 1554 2563 emendantur,
1563 2532 1639 2566 queis
1649 2538 1770 2566 corrupta
1780 2533 1931 2566 prodierunt
1938 2539 2056 2559 vetemm
2065 2533 2255 2559 haeretieorum
2266 2534 2380 2566 nomina,

1375 2569 1421 2602 qui
1440 2568 1594 2594 refelluntur
1611 2569 1638 2593 in
1657 2568 1794 2601 opusculo
1811 2569 1845 2594 de
1863 2569 1984 2595 Articulis
2003 2568 2063 2595 fidei
2081 2574 2109 2595 et
2125 2569 2308 2596 Sao-amentia.

1305 2659 1328 2690 l.
1433 2661 1454 2690 d
1478 2660 1721 2700 Expositionem
1736 2659 1941 2692 Salutationis
1960 2660 2130 2701 Angelicae
2148 2661 2238 2702 quod
2259 2660 2380 2700 attinet,

1435 2705 1607 2735 nonnullae
1640 2704 1932 2745 praetermittendae
1972 2715 2039 2735 non
2077 2711 2152 2735 sunt
2183 2705 2381 2736 animadver-

1304 2748 1420 2779 siones.
1447 2748 1506 2779 His
1537 2748 1640 2779 verbis
1666 2758 1764 2779 suum
1788 2749 1911 2779 orditur
1936 2748 2143 2789 opusculum
2167 2759 2191 2780 s.
2213 2749 2381 2781 Thomas:

1309 2806 1323 2820 ι
1345 2794 1414 2823 Ave
1436 2793 1548 2823 Maria
1571 2794 1683 2834 gratia
1698 2793 1816 2833 plena,
1843 2793 2004 2824 Dominus
2023 2798 2138 2824 tecum.
2166 2794 2201 2824 In
2220 2793 2280 2824 ista
2298 2793 2381 2825 salu-

1309 2850 1323 2864 »
1345 2837 1465 2868 tatione
1489 2837 1692 2868 continentur
1719 2837 1798 2868 tria:
1829 2847 1928 2868 unam
1958 2844 2082 2878 partem
2115 2837 2189 2869 fecit
2218 2838 2381 2878 Angelus,

1308 2894 1323 2908 »
1345 2881 1463 2912 scilicet
1481 2882 1549 2912 Ave
1572 2883 1684 2922 gratia
1703 2882 1816 2922 plena,
1844 2882 2005 2913 Dominus
2021 2887 2139 2920 tecum,
2165 2883 2330 2914 benedicta
2345 2888 2380 2914 tu

1308 2938 1322 2953 »
1346 2927 1378 2956 in
1399 2926 1587 2956 mulieribus
1596 2933 1608 2962 ,·
1627 2926 1722 2956 aliam
1738 2933 1860 2966 partem
1877 2926 1950 2957 fecit
1965 2926 2125 2958 Elisabeth
2140 2933 2240 2958 mater
2255 2927 2382 2958 loannis

1308 2983 1322 2998 »
1345 2970 1523 3011 Baptistae,
1548 2969 1665 3001 scilicet
1696 2971 1890 3002 Benedictus
1913 2970 2052 3012 fructus
2081 2972 2203 3002 ventris
2236 2972 2297 3010 tui,·
2320 2977 2382 3003 ter·

1308 3027 1323 3042 »
1345 3015 1422 3045 tiam
1446 3021 1568 3056 partem
1597 3014 1716 3045 addidit
1739 3015 1895 3053 Ecclesia,
1920 3015 2038 3046 scilicet
2061 3017 2192 3047 Maria:
2215 3025 2290 3047 nam
2314 3017 2381 3047 An-

1309 3072 1322 3087 »
1345 3059 1434 3099 gelus
1458 3069 1524 3089 non
1555 3059 1649 3096 dixit,
1673 3060 1741 3090 Ave
1764 3060 1875 3090 Maria
1883 3067 1897 3097 ,·
1918 3060 1974 3090 sed
1997 3061 2065 3091 Ave
2092 3061 2204 3102 gratia
2229 3061 2341 3102 plena.
2361 3072 2377 3089 υ

1306 3104 1392 3134 Haec
1415 3103 1469 3134 illa
1491 3110 1567 3134 sunt
1588 3104 1694 3142 verba,
1718 3113 1801 3145 quae
1825 3103 2068 3135 Commentario
2093 3115 2153 3136 suo
2171 3105 2319 3136 Thomas
2341 3104 2379 3137 il-

1305 3148 1432 3186 lustrat;
1456 3157 1561 3189 neque
1585 3148 1689 3179 ullum
1711 3148 1880 3179 verbulum
1904 3148 2008 3186 addit,
2031 3149 2121 3190 quod
2152 3149 2269 3180 indicet
2291 3147 2379 3180 addi·

1304 3199 1483 3223 tamentum
1506 3192 1598 3230 illud,
1622 3192 1742 3223 Sancta
1767 3193 1878 3224 Maria
1901 3194 2012 3224 Mater
2033 3194 2097 3224 Dei
2119 3200 2178 3225 etc.
2198 3193 2312 3235 Angeli
2331 3202 2380 3224 aa·

1306 3236 1418 3267 lutatio
1441 3243 1472 3267 et
1499 3237 1593 3267 verba
1617 3236 1814 3268 Elisabethae
1838 3237 1934 3268 simul
1957 3237 2064 3269 iuncta
2087 3238 2236 3278 leguntur
2263 3237 2296 3268 in
2319 3236 2379 3269 Of·

1306 3281 1447 3319 fertorio,
1463 3287 1499 3312 ut
1512 3291 1677 3319 vocamus,
1693 3281 1786 3312 feriae
1802 3289 1932 3323 quartae
1947 3288 2021 3323 post
2034 3282 2240 3314 Dominicam
2253 3281 2379 3314 tertiam

1306 3326 1470 3356 Adventus
1492 3326 1577 3366 apud
1596 3325 1788 3366 Gregorium
1807 3327 1961 3366 Magnum
1977 3326 2010 3357 in
2027 3326 2277 3368 Antiphonario:
2293 3325 2378 3357 unde

1305 3376 1336 3401 et
1359 3369 1593 3401 coniunctionis
1617 3370 1701 3401 illius
1725 3377 1836 3401 auctor
1865 3371 1988 3411 primus
2017 3371 2142 3402 videtur
2164 3371 2232 3412 ipse
2255 3370 2376 3410 Grego-

1305 3414 1380 3445 n’us.
1398 3415 1498 3452 Quod
1521 3414 1681 3456 reliquum
1704 3421 1761 3453 est,
1781 3415 2035 3446 additamentum
2052 3415 2144 3453 illud,
2165 3415 2285 3446 Sancta
2304 3414 2378 3444 Ma·

1306 3460 1356 3489 ria
1380 3460 1492 3490 Mater
1513 3460 1576 3490 Dei
1598 3469 1658 3490 ora
1676 3469 1741 3500 pro
1757 3460 1856 3498 nobis,
1875 3460 2014 3491 Baronio
2030 3459 2056 3491 si
2079 3459 2238 3491 credimus
2260 3457 2300 3488 ad
2323 3467 2378 3488 an-

1305 3513 1385 3534 num
1408 3504 1469 3543 43¹
1499 3513 1589 3535 num.
1613 3515 1671 3546 ¹79
1691 3505 1850 3545 accepisse
1865 3504 1898 3535 in
1915 3503 2063 3536 Concilio
2082 3502 2246 3544 Ephesino
2268 3508 2378 3533 contra

1304 3547 1490 3578 Nestorium
1513 3549 1668 3580 celebrato
1693 3549 1839 3580 creditur
1852 3549 2011 3590 Angelica
2026 3548 2196 3579 Saluiano.
2207 3547 2284 3577 Post
2299 3546 2378 3577 illud

1305 3592 1490 3623 Concilium
1507 3593 1650 3623 Mariam
1667 3594 1808 3624 Matrem
1825 3593 1889 3624 Dei
1906 3592 2055 3623 omnium
2070 3591 2214 3622 fidelium
2233 3600 2288 3621 ore
2302 3590 2375 3621 ferri

1306 3636 1508 3667 consuevisse
1537 3637 1646 3667 nullus
1676 3636 1806 3667 dubito:
1838 3643 1870 3667 at
1891 3635 2060 3676 Angelicae
2089 3634 2277 3666 salutationi
2307 3644 2378 3665 earn
