2548 4192
2372 262 2406 286 lx

183 327 404 381 consilio
444 324 803 378 administrari.
826 324 1065 376 Iamvero
1099 344 1217 376 curn
1258 323 1336 375 his
1377 322 1677 375 insanientis
1705 322 1973 374 doctrinae
2005 324 2261 393 magistris
2301 347 2406 378 ma-

182 411 297 452 ture
338 397 610 467 congressi
649 407 770 449 sunt
808 395 1071 464 sapientes
1110 395 1221 463 viri,
1254 415 1389 463 quos
1427 394 1744 463 Apologetas
1783 394 2133 464 nominamus,
2166 397 2269 466 qui,
2302 398 2407 450 fide

183 481 488 541 praeeunte,
511 469 578 521 ab
601 468 830 520 humana
850 487 1066 535 quoque
1088 467 1342 536 sapientia
1363 477 1671 536 argumenta
1695 478 2046 535 sumpserunt,
2070 467 2262 535 quibus
2285 490 2407 521 con-

183 543 472 610 stituerent,
495 560 657 593 unum
687 540 893 607 Deum,
922 539 1063 591 omni
1103 539 1485 608 perfectionum
1515 559 1711 607 genere
1751 539 2251 608 praestantissimum
2293 561 2408 593 esse

185 613 494 681 colendum,
526 633 609 664 res
631 632 817 664 omnes
858 632 885 663 e
913 611 1072 663 nihilo
1115 611 1460 680 omnipotenti
1492 610 1678 662 virtute
1709 610 2010 679 productaS,
2038 610 2169 663 illius
2199 612 2407 682 'sapien-

184 686 252 739 tia
289 686 501 755 vigere,
538 683 876 753 singulasque
917 683 984 735 ad
1024 683 1270 752 proprios
1311 683 1442 735 fines
1483 682 1634 752 dirigi
1683 703 1744 734 ac
1793 682 2409 754 moveri.—Principem

184 758 316 810 inter
354 757 469 809 illos
510 756 608 808 sibi
649 756 824 808 locum
865 755 1095 807 vindicat
1134 755 1185 807 S.
1217 755 1460 807 lustz'nus
1499 765 1720 823 martyr,
1758 754 1846 822 qui
1886 766 2233 823 posteaquam
2275 757 2408 809 cele—

185 829 439 882 berrimas
470 848 784 898 graecorum
806 827 1150 895 Academias,
1173 827 1321 895 quasi
1354 826 1694 895 experiendO,
1718 826 1997 895 lustrasset,
2019 827 2286 896 plenoque
2318 849 2409 881 ore

185 901 391 954 nonnisi
433 921 497 953 ex
536 899 776 952 revelatis
799 899 1064 967 doctrinis,
1087 910 1143 951 ut
1182 899 1323 951 idem
1363 898 1476 967 ipse
1497 897 1698 965 fatetur,
1720 898 1989 950 veritatem
2022 899 2209 951 hauriri
2250 921 2409 970 posse

185 972 516 1044 pervidisset,
547 972 656 1024 illas
697 982 807 1023 toto
847 971 1003 1023 animi
1043 971 1234 1022 ardore
1277 969 1610 1038 complexus,
1639 969 1906 1021 calumniis
1946 971 2213 1039 purgavit,
2244 993 2410 1041 penes

186 1045 555 1098 Romanorum
594 1043 944 1111 Imperatores
984 1042 1170 1094 acriter
1210 1042 1536 1110 copioseque
1569 1040 1817 1109 defendit,
1842 1052 1892 1093 et
1922 1062 2026 1093 non
2054 1063 2223 1111 pauca
2261 1065 2409 1113 grae-

188 1135 370 1169 corum
410 1114 850 1184 philosophorum
891 1113 1029 1166 dicta
1069 1133 1187 1165 curn
1229 1113 1302 1165 eis
1343 1112 1654 1181 composuit.
1697 1112 1867 1182 Quod
1909 1124 1959 1165 et
2004 1114 2333 1183 Quadratus,
2362 1127 2412 1168 et

184 1186 468 1254 Aristides,
479 1185 737 1238 Hermias
758 1197 808 1237 et
827 1185 1204 1252 Athenagoras
1224 1205 1321 1254 per
1341 1184 1467 1236 illud
1489 1195 1696 1253 tempus
1719 1184 1932 1253 egregie
1955 1186 2412 1254 praestiterunt.—

186 1258 380 1327 Neque
421 1258 677 1314 minorem
718 1257 768 1309 in
798 1256 986 1309 eadem
1027 1277 1184 1309 causa
1221 1256 1442 1325 gloriam
1471 1256 1696 1325 adeptus
1726 1267 1803 1308 est
1831 1257 2096 1326 lrenaeus,
2120 1270 2312 1328 martyr
2338 1260 2412 1312 in-

186 1330 371 1399 vietus,
392 1329 665 1382 Ecclesiae
687 1328 1067 1398 Lugdunensis
1088 1328 1347 1381 Pontifex:
1371 1328 1459 1396 qui
1489 1349 1607 1381 cum
1629 1339 1838 1380 strenue
1868 1329 2111 1382 refutaret
2137 1351 2412 1400 perversas

188 1401 515 1456 orientalium
556 1401 857 1470 opiniones,
900 1400 1278 1453 Gnosticorum
1319 1421 1483 1470 opera
1522 1421 1618 1470 per
1657 1400 1788 1453 fines
1828 1401 2027 1453 romani
2069 1402 2269 1471 imperii
2310 1404 2412 1456 dis-

189 1473 484 1542 seminatas,
506 1474 734 1541 origines
752 1473 1031 1525 haereseon
1053 1473 1392 1540 singularum
1413 1475 1654 1542 (auctore
1671 1472 2048 1544 Hieronymo),
2067 1483 2117 1526 et
2138 1494 2203 1526 ex
2227 1476 2415 1543 quibus

180 1545 607 1616 philosophorum
630 1545 879 1614 fontibus
913 1546 1258 1597 emanarint...
1287 1544 1572 1612 explicavit
1593 1544 1792 1615 (Epist.
1814 1545 1882 1597 ad
1903 1545 2122 1616 Magn).
2147 1581 2216 1585 —
2237 1547 2413 1600 Nemo

189 1624 364 1671 autem
404 1638 510 1670 non
551 1617 698 1670 novit
743 1616 1018 1670 Clementis
1041 1616 1415 1669 Alexandrini
1448 1616 1846 1686 disputationes,
1888 1638 2018 1685 quas
2054 1617 2194 1671 idem
2224 1619 2414 1671 Hiero-

190 1709 379 1759 nymus
405 1689 499 1757 sic,
521 1689 736 1742 honoris
768 1709 939 1757 causa,
963 1700 1362 1741 commemorat:
1410 1688 1563 1755 Quid
1584 1689 1640 1741 in
1672 1689 1780 1741 illis
1810 1689 2072 1742 indoctum
2088 1693 2122 1742 Ρ
2159 1691 2259 1743 imo
2289 1692 2424 1760 quia'

190 1781 295 1816 non
333 1761 397 1814 de
433 1761 605 1814 media
640 1760 976 1829 philosophia
1015 1763 1138 1813 ests>
1176 1760 1340 1829 (Loc.
1364 1760 1469 1831 cit.)
1508 1760 1677 1813 Multa
1716 1761 1828 1830 ipse
1870 1761 2085 1829 quidem
2126 1762 2414 1816 incredibili

188 1832 437 1887 varietate
477 1832 720 1886 disseruit
748 1832 816 1885 ad
849 1832 1591 1903 condendam-philosophiae
1633 1832 1920 1901 historiam,
1960 1833 2027 1886 ad
2063 1846 2226 1887 artem
2258 1835 2415 1888 diale-

191 1904 376 1960 cticam
416 1905 509 1958 rite
550 1905 931 1973 exercendam,
978 1904 1046 1957 ad
1087 1905 1428 1958 concordiam
1469 1905 1680 1957 rationis
1721 1926 1839 1957 cum
1881 1905 1986 1958 fide
2037 1907 2415 1960 conciliandam

190 1975 558 2031 utilissima.'—
579 1976 740 2029 Hunc
779 1988 990 2030 secutus
1031 1976 1299 2046 Origenes,
1327 1977 1540 2030 scholae
1571 1977 1968 2030 Alexandrinae
2004 1979 2303 2049 magisterio
2344 1980 2417 2032 in-

190 2048 370 2119 signiS‚
391 2069 704 2119 graecorum
728 2060 778 2102 et
799 2048 1125 2102 orientalium
1149 2049 1398 2102 doctrinis
1430 2049 1824 2118 eruditissimuS,
1847 2050 2094 2119 perplura
2123 2051 2416 2121 eademque

190 2119 456 2175 laboriosa
486 2120 651 2174 edidit
670 2121 953 2190 volumina,
976 2121 1165 2174 divinis
1195 2121 1372 2174 litteris
1402 2121 1758 2191 explanandis,
1781 2122 2047 2191 sacrisque
2078 2123 2417 2193 dogmatibus

191 2192 505 2248 illustrandis
545 2193 846 2246 mirabiliter
867 2205 1193 2263 opportuna3
1225 2214 1361 2262 quae
1391 2194 1510 2246 licet
1540 2194 1824 2262 erroribus,
1866 2195 2047 2247 saltem
2078 2206 2134 2248 ut
2163 2216 2299 2248 nunc
2331 2217 2416 2249 ex-

191 2275 315 2334 tant,
347 2265 562 2318 omnino
590 2285 697 2318 non
734 2277 937 2334 vacent,
960 2286 1206 2336 magnam
1238 2277 1411 2319 tamen
1445 2266 1864 2335 complectuntur
1892 2266 1998 2318 vim
2029 2268 2415 2338 sententiarum,

191 2336 384 2406 quibus
423 2337 682 2390 naturales
721 2338 965 2391 veritates
1006 2350 1057 2391 et
1085 2358 1306 2391 numero
1343 2349 1394 2390 et
1419 2337 1658 2390 firmitate
1693 2339 2278 2409 augentur.—Pugnat
2298 2361 2416 2393 curn

191 2408 464 2463 haereticis
501 2409 554 2461 Τ
543 2410 863 2462 ertullzanus
901 2410 1206 2462 auctoritate
1247 2430 1510 2462 sacrarum
1539 2410 1881 2479 Litterarum,
1923 2431 2042 2463 cum
2063 2411 2416 2482 philosophis,

193 2491 391 2534 mutato
431 2501 697 2535 armorum
736 2502 958 2551 genere,
1002 2482 1394 2551 philosophice,
1444 2482 1541 2534 hos
1580 2493 1754 2534 autem
1794 2493 1897 2534 tam
1938 2494 2087 2535 acute
2129 2495 2180 2536 et
2218 2484 2418 2537 erudite

193 2552 472 2622 convincit,
512 2564 568 2605 ut
606 2553 792 2606 iisdem
832 2554 1004 2623 palam
1045 2553 1375 2622 fidenterque
1407 2553 1640 2606 obiiciat:
1679 2554 1866 2622 Neque
1893 2555 1956 2607 a'e
1983 2556 2216 2625 scientia,
2257 2577 2420 2625 neque

191 2623 256 2678 de
291 2623 589 2694 disciplina,
630 2634 692 2677 ut
716 2627 944 2695 putatis,
984 2646 1281 2695 aequamur
1315 2625 1636 2696 (Apologet.
1658 2630 1699 2694 ξ.
1722 2630 1918 2697 46).——
1938 2627 2211 2680 Arnobius
2241 2628 2416 2698 etiam,

190 2695 415 2767 vulgatis
454 2697 709 2750 adversus
742 2697 979 2751 Gentiles
1018 2698 1184 2766 libris,
1217 2709 1267 2750 et
1302 2697 1623 2751 Lactantius
1650 2698 1838 2751 divinis
1873 2700 2179 2768 praesertim
2216 2700 2418 2753 Institu-

191 2767 447 2837 tionibus,
486 2769 598 2838 pari
639 2769 939 2838 eloquentia
977 2782 1028 2823 et
1074 2770 1269 2823 robore
1309 2770 1562 2840 dogmata
1594 2791 1655 2824 ac
1690 2782 1974 2841 praecepta
2017 2772 2301 2825 catholicae
2339 2794 2417 2825 sa-

191 2840 417 2910 pientiae
438 2841 760 2911 p'ersuadere
782 2842 1084 2908 hominibus
1113 2854 1323 2895 strenue
1345 2843 1589 2912 nituntur,
1618 2864 1724 2895 non
1751 2843 1824 2895 sic
1852 2843 2241 2913 philosophiam
2271 2865 2417 2897 ever-

193 2923 376 2982 tentes,
398 2924 456 2966 ut
473 2911 790 2967 Academici
819 2915 990 2967 solent
1010 2915 1159 2985 (Inst.
1183 2915 1301 2984 VII,
1324 2935 1434 2984 cap.
1457 2917 1529 2986 7),
1551 2915 1647 2968 sed
1678 2915 1864 2984 partim
1895 2916 2000 2968 suis
2030 2916 2200 2985 armis,
2231 2917 2418 2986 partim

193 3003 321 3037 vero
344 3005 409 3038 ex
428 2985 869 3055 philosophorum
908 2987 1041 3039 inter
1069 3007 1126 3039 se
1158 2987 1547 3039 concertatione
1579 2988 1799 3057 sumptis
1832 3008 1924 3040 eos
1956 2988 2281 3041 revincentes
2304 2989 2417 3059 (De

196 3055 316 3124 opis.
335 3056 460 3126 Dei,
492 3078 603 3127 cap.
628 3060 734 3128 21).
752 3093 823 3098 —
845 3058 1004 3129 Quae
1032 3070 1207 3112 autem
1238 3059 1306 3112 de
1334 3059 1507 3111 anima
1546 3059 1792 3128 humana,
1834 3060 1901 3112 de
1931 3060 2118 3112 divinis
2147 3061 2417 3130 attributis,

195 3126 412 3195 aliisque
442 3129 650 3182 maximi
689 3131 941 3183 momenti
969 3131 1382 3200 quaestionibus,
1418 3152 1641 3200 magnus
1670 3131 2014 3184 Athanasius
2045 3143 2095 3184 et
2123 3132 2416 3201 Chrysosto-

194 3218 313 3251 mus
351 3211 617 3253 oratorum
647 3203 910 3272 princeps,
941 3203 1134 3272 scripta
1163 3203 1498 3272 reliquerunt,
1527 3203 1610 3272 ita,
1639 3203 1871 3256 omniurn
1903 3204 2112 3273 iudicio,
2145 3205 2416 3273 exce'llunt,

195 3281 251 3322 ut
289 3291 459 3339 prope
499 3272 621 3325 nihil
660 3274 728 3326 ad
767 3274 973 3327 illorum
1011 3275 1348 3335 subtilitatem
1389 3287 1439 3327 et
1479 3275 1686 3344 copiam
1726 3275 1850 3327 addi
1890 3297 2050 3345 posse
2086 3276 2418 3329 videatur.—

194 3341 265 3394 Et
285 3362 351 3394 ne
373 3342 590 3412 singulis
611 3346 948 3398 recensendis
970 3346 1111 3399 nimii
1133 3347 1310 3415 simus,
1332 3367 1659 3399 summorum
1681 3368 1900 3399 numero
1923 3348 2169 3417 virorum,
2193 3369 2417 3416 quorum

197 3425 275 3466 est
312 3415 507 3467 mentio
546 3414 694 3484 facta,
733 3417 1067 3486 adiungimus
1096 3418 1362 3470 Basilium
1401 3439 1651 3488 magnum
1687 3430 1738 3470 et
1777 3430 2055 3487 utrumque
2094 3420 2417 3489 Gregorium,

196 3485 300 3554 qui,
342 3507 461 3539 cum
500 3487 747 3556 Athenis,
789 3508 852 3540 ex
892 3489 1157 3541 domicilio
1198 3490 1353 3542 totius
1393 3490 1738 3558 humanitatis,
1770 3490 2015 3543 exiissent
2052 3491 2418 3561 philosophiae

197 3557 366 3610 omnis
405 3570 658 3628 apparatu
698 3559 891 3612 affatim
931 3560 1184 3629 instructi,
1214 3582 1344 3629 quas
1373 3561 1471 3613 sibi
1503 3561 1726 3630 quisque
1759 3562 2026 3615 doctrinae
2058 3584 2190 3632 opes
2220 3564 2418 3616 inflam-

197 3640 337 3682 mato
377 3630 551 3683 studio
580 3643 874 3700 pepererat,
905 3652 992 3684 eas
1021 3632 1090 3685 ad
1121 3633 1411 3692 haereticos
1442 3633 1767 3703 refutandos,
1799 3634 2252 3704 instituendosque
2288 3636 2418 3688 chri-

340 3730 410 3763 Opp.
430 3731 461 3755 D.
476 3731 592 3756 Tanna
611 3731 643 3756 T.
663 3732 682 3756 1.
