2788 4204
87 367 97 375 ⁶
111 364 175 387 Unde
185 365 261 386 omitt.
277 371 300 389 u;

86 399 101 413 Ν
109 391 267 439 ιέῑῆιὲἰῐαέιριῖς
274 397 298 412 u:

85 425 207 472 {iugulare
238 434 301 471 large

89 474 210 501 sumptum-
257 476 299 500 pro

87 497 190 527 quolibet
205 496 299 518 lnferlo-

87 530 115 545 ri.

87 586 95 594 ·
117 559 256 606 Cossi-t:
279 585 302 605 et

88 610 167 637 sing.,·
183 617 230 636 νας
248 615 302 631 esse

91 636 180 664 singul.

86 662 207 690 Repugnat
230 668 302 692 genus

89 689 151 719 sine·
174 690 302 716 pluralitate

89 721 228 743 specierum.

88 744 96 751 '¹
113 748 167 763 utu:
183 741 303 769 opposito-

88 774 146 789 rum.
158 779 168 784 -
181 774 187 788 1
199 775 204 789 :
224 769 300 795 oport.

88 797 156 815 tunc.
166 811 171 815 .
181 809 187 815 t
209 794 232 815 in
252 796 302 815 nat.

91 820 154 848 quod
160 820 260 841 alterum
270 820 303 840 si-

92 847 186 868 militer.
198 849 230 868 ut.

92 910 100 917 '
116 907 216 935 Cap.111,
228 914 252 928 n.
261 913 282 928 2.
291 919 301 923 -

92 934 186 955 Comm.
211 940 230 955 s.
256 933 301 955 Th.

91 961 142 981 lect.
157 966 186 981 tv.

91 989 99 996 “
115 992 134 1007 1:
146 992 199 1013 per.

89 1042 140 1072 Una
167 1042 255 1072 species
278 1042 301 1063 in

90 1074 159 1090 unico
174 1068 301 1090 individuo.

90 1170 98 1178 ·
106 1168 234 1195 Cs.Per1’h.,
243 1169 302 1196 lib.1,

86 1196 137 1217 lect.
152 1201 174 1222 x,
186 1201 209 1216 n.
223 1201 243 1223 5.

189 1231 199 1247 ε

88 1280 99 1289 '⁴
109 1284 234 1300 aacnfflos:
258 1278 301 1299 Se-

91 1305 180 1326 cundus
195 1306 280 1326 autem.

93 1386 98 1392 ·
111 1383 186 1405 Rebus
197 1390 225 1404 ex
233 1384 302 1405 codd.

188 1411 203 1440 t:

88 1447 96 1455 ·
105 1445 181 1476 Codd.
189 1447 300 1471 (exc.fflt):

85 1473 209 1519 ³2⁰a²¹5²tz
220 1504 233 1519 Ρ
243 1505 247 1519 ;
259 1503 300 1518 ..-

88 1524 206 1551 signetur;
215 1530 230 1546 ιε
237 1525 300 1545 assi-

85 1552 184 1577 gnatur.

332 233 404 279 184

328 311 423 349 inest
451 310 620 357 animali,
650 309 899 358 assignaretur
925 317 966 345 ut
993 309 1204 345 universale
1222 309 1393 356 primum

326 364 484 411 homini,
501 364 604 400 nullo
625 364 697 400 alio
714 362 866 399 animali
886 362 1073 398 existente.
1091 361 1201 398 Unde
1224 361 1244 382 '¹‘
1261 370 1394 399 notan-

329 418 421 456 dum
465 418 569 465 quod
605 416 799 466 singulare
834 415 896 451 hic
933 415 1032 462 large
1070 413 1250 462 accipitur
1282 420 1296 441 ⁷
1323 428 1394 464 pro

327 471 496 518 quolibet
531 469 715 515 inferiori,
745 467 839 504 sicut
866 468 896 504 si
924 466 1067 515 species
1096 466 1239 503 dicatur
1271 467 1395 516 singu-

328 526 404 562 lare
436 524 455 544 *
484 525 553 560 sub
597 533 732 570 genere
769 528 999 557 contentum.
1020 540 1044 547 -
1064 520 1134 556 Vel
1167 528 1291 567 potest
1323 521 1395 558 dici

328 577 432 626 quod
474 589 553 614 non
582 584 635 612 est
670 573 848 622 possibile
877 572 1046 609 invenire
1070 573 1225 621 aliquod
1254 586 1393 622 genus,

329 631 433 667 cuius
461 643 537 667 una
565 635 710 666 tantum
744 627 789 663 sit
816 626 971 675 speeies.
1012 626 1142 663 Genus
1171 627 1273 664 enim
1302 626 1395 664 divi-

329 684 427 721 ditur
454 683 492 720 in
511 681 653 731 species
672 693 740 729 per
755 679 948 729 oppositas
968 678 1216 725 differentia&
1247 689 1397 729 oportet

329 745 467 781 autem,
485 735 515 772 si
529 747 649 773 unum
666 733 940 772 contrariorum
957 735 975 751 ‘³²'
993 732 1183 770 invenitur
1197 732 1235 770 in
1249 742 1394 781 natura,

331 798 366 826 et
394 789 579 836 reliquum
609 786 768 824 inveniri
787 785 811 833 δ,
833 794 874 822 ut
900 793 1003 834 patet
1021 798 1090 835 per
1118 787 1395 835 Philosophum

328 843 367 879 in
396 844 426 879 II
456 844 515 879 De
534 842 637 878 caelo
658 847 693 878 et
715 840 855 877 mundo
885 839 917 884 *;
940 846 976 875 et
999 839 1085 877 ideo
1106 841 1136 877 si
1155 853 1231 878 una
1251 840 1396 889 species

328 895 533 941 invenitur,
563 894 753 931 invenitur
785 902 821 930 et
849 891 930 928 alia.
967 893 1052 930 Una
1087 902 1214 931 autem
1252 892 1396 942 species

330 948 506 986 dividitur
526 948 592 987 in*
612 946 763 984 diversa
779 945 972 984 individua
986 958 1055 996 per
1074 946 1300 984 divisionem
1316 958 1396 983 ma-

329 1001 454 1038 teriae.
478 1001 669 1048 Contingit
688 1009 815 1038 autem
835 1008 953 1037 totam
970 1001 1168 1037 materiam
1184 1000 1294 1037 alicui
1313 1011 1396 1048 spe-

330 1053 398 1090 ciei
425 1055 765 1105 proportionatam,
792 1054 862 1091 sub
891 1065 968 1090 uno
998 1053 1193 1091 individuo
1224 1065 1396 1102 compre-

328 1107 455 1154 hendi,
486 1117 522 1146 et
549 1117 639 1146 tunc
667 1121 745 1146 non
766 1117 820 1146 est
839 1107 909 1145 nisi
927 1118 1048 1143 unum
1074 1107 1311 1144 individuum
1327 1106 1397 1142 sub

328 1172 405 1196 una
424 1163 548 1211 specie
571 1163 601 1199 ³²⁶.
622 1162 734 1200 Unde
755 1170 790 1199 et
815 1162 1003 1211 signanter
1031 1160 1078 1197 de
1099 1159 1273 1209 singulari
1292 1171 1398 1196 men-

329 1212 472 1252 tionem
501 1216 588 1253 facit
615 1221 637 1252 ‘.

381 1279 418 1314 4.
450 1269 648 1306 Secundus
665 1269 685 1290 *
712 1268 850 1305 modus
880 1276 946 1314 est,
976 1266 1130 1315 quando
1159 1275 1213 1302 est
1241 1265 1397 1314 quidem

329 1321 498 1370 accipere
528 1323 598 1359 sub
628 1321 754 1369 aliquo
771 1319 967 1358 communi
986 1320 1105 1356 multa
1123 1319 1312 1366 inferiora,
1330 1318 1396 1355 sed

328 1380 457 1411 tamen
494 1375 585 1412 illud
624 1382 678 1413 est
713 1387 919 1412 commune
957 1373 1257 1418 innominatum,
1292 1371 1396 1419 quod

328 1425 516 1465 invenitur
535 1428 572 1465 in
593 1429 705 1465 rebus
731 1430 751 1450 *
770 1426 1028 1466 differentibus
1048 1426 1172 1475 specie
1198 1426 1222 1462 ζ.
1245 1424 1349 1461 Sicut
1368 1423 1398 1460 si

327 1480 488 1517 animali
503 1493 582 1518 non
602 1490 699 1519 esset
718 1493 860 1519 nomen
875 1480 1097 1528 impositum
1114 1479 1144 1525 ²²,
1163 1487 1199 1516 et
1215 1476 1396 1522 sensibile,

328 1533 432 1582 quod
454 1542 508 1571 est
525 1534 723 1585 proprium
750 1535 934 1580 animalis,
956 1533 1205 1582 assignaretur
1219 1532 1239 1553 ’¹³
1257 1539 1298 1567 ut
1315 1529 1397 1566 uni-

327 1701 437 1734 generis.
453 1701 531 1731 Quod
546 1701 567 1725 si
583 1701 615 1726 de
627 1701 750 1733 singulari
759 1701 928 1727 solummodo
938 1701 1104 1726 Aristotelem
1118 1699 1323 1732 interpretemur,
1334 1698 1398 1724 illud

327 1737 374 1762 erit
393 1737 530 1768 singulare,
551 1737 622 1769 quod
641 1736 795 1769 supponitur
814 1737 922 1761 existere
939 1736 1046 1761 unicum
1065 1735 1114 1760 sub
1134 1742 1181 1759 sua
1200 1734 1295 1768 specie,
1310 1739 1339 1759 ut
1357 1741 1398 1759 se-

327 1772 412 1797 cundo
431 1771 609 1796 animadvertit
628 1779 649 1796 s.
659 1771 787 1796 Thomas.
802 1772 861 1802 Quo
875 1778 956 1796 sensu
975 1771 1052 1796 etiam
1070 1776 1141 1803 patet
1158 1770 1224 1795 ratio
1236 1769 1397 1794 Axistotelis:

327 1812 393 1832 errat
412 1805 480 1832 enim
499 1807 636 1831 manifeste
650 1807 695 1839 qui
709 1806 831 1839 singulari
846 1807 882 1832 illi
901 1806 989 1832 tribuit
1007 1812 1035 1831 ut
1047 1813 1101 1838 per
1119 1813 1147 1831 se
1160 1806 1252 1838 primo
1266 1805 1337 1846 quod
1351 1812 1398 1838 per

327 1851 356 1868 se
375 1843 459 1875 primo
479 1847 519 1867 est
537 1842 631 1874 speciei
651 1842 700 1867 sub
720 1849 769 1883 qua
790 1842 881 1867 existit.
895 1840 980 1868 ’Ὀταν
998 1839 1013 1874 ἢ
1029 1838 1106 1876 μηδὲν
1125 1835 1141 1875 ᾖ
1159 1839 1248 1873 λαβεῖν
1269 1839 1396 1873 ανώτερον

327 1875 397 1919 παρὰ
416 1874 446 1902 τὸ
467 1875 524 1902 καθ’
546 1876 654 1902 ἕκαστον
674 1875 688 1909 ἢ
706 1885 738 1902 τα
753 1875 810 1902 καθ’
832 1876 943 1903 Exacta:
964 1885 986 1902 e.
1001 1885 1035 1910 g.,
1050 1873 1072 1901 εἰ
1086 1874 1126 1910 τρί
1144 1884 1210 1901 ωνον
1229 1873 1263 1910 μὴ
1282 1871 1311 1909 ἦν
1328 1870 1396 1900 ἄλλο

326 1911 341 1945 ἢ
362 1911 507 1942 ισοσκελέςε
523 1913 544 1937 si
559 1920 613 1937 non
631 1918 702 1938 esset
720 1913 839 1938 videlicet
851 1911 931 1946 (iuxta
949 1912 1102 1945 praemissa,
1139 1919 1185 1936 ταν
1200 1912 1262 1944 etc.)
1282 1911 1398 1944 accipere

327 1949 406 1974 alium
424 1949 582 1980 triangulum
600 1954 702 1980 praeter
719 1949 833 1981 speciem
852 1948 972 1980 trianguli
986 1948 1117 1978 isoscelis,
1131 1952 1175 1972 aut
1186 1952 1295 1980 ,praeter
1309 1947 1396 1979 singu-

328 1985 408 2009 larem
428 1984 584 2016 triangulum
604 1984 750 2014 isoscelem,
770 1989 795 2008 et
813 1983 872 2008 huic
891 1984 1087 2008 concluderetur
1103 1983 1194 2008 inesse.
1203 1989 1256 2014 per
1269 1990 1297 2008 se
1305 1982 1398 2015 primo

327 2019 423 2045 habere
442 2024 494 2044 tres
513 2019 623 2051 angulos
643 2018 744 2043 duobus
763 2019 839 2044 rectis
858 2019 989 2051 aequales,
1005 2026 1064 2043 cum
1083 2017 1238 2050 tamenssipsi
1257 2018 1308 2043 hoc
1326 2025 1398 2043 com-

326 2060 396 2088 petat
414 2059 543 2087 quatenus
566 2059 606 2079 est
624 2054 779 2086 triangulus,
799 2054 873 2079 cuius
887 2061 939 2086 per
957 2061 985 2079 se
998 2054 1091 2086 primo
1110 2058 1149 2078 est
1167 2053 1263 2078 habere
1281 2058 1334 2078 tres
1353 2060 1398 2078 an-

327 2090 403 2123 gulos
422 2090 543 2122 aequales
563 2089 666 2114 duobus
684 2090 769 2115 rectis.

381 2125 508 2150 Addimus
523 2125 634 2157 denique
649 2132 716 2157 quae
734 2125 760 2149 in
779 2124 893 2158 priorem
907 2129 1005 2149 textum
1023 2124 1169 2149 Aristotelis
1184 2120 1259 2155 (ὅταν
1272 2123 1331 2156 etc.)
1351 2123 1397 2147 ha-

327 2161 372 2186 bet
385 2160 506 2185 Albertus
519 2160 604 2192 Magn.
619 2160 645 2184 in
658 2160 668 2184 Ι
682 2160 792 2190 Foster„
803 2165 874 2185 tract.
889 2160 917 2190 11,
933 2167 989 2192 cap.
999 2167 1044 2184 xm
1063 2160 1133 2192 (pag.
1148 2158 1219 2191 543).
1239 2159 1328 2184 Refert
1340 2159 1397 2191 ipse

327 2196 475 2221 versionem
494 2195 606 2220 Boethii:
629 2196 694 2220 Cum
708 2198 757 2220 aut
769 2195 845 2220 aliud
864 2195 930 2220 nihil
947 2195 982 2220 sit
999 2195 1120 2227 accipere
1133 2202 1151 2219 a
1164 2195 1298 2226 superiori
1315 2197 1398 2220 extra

327 2231 471 2264 singulare,
487 2231 528 2256 vel
545 2230 704 2263 singularia,
717 2234 766 2255 aut
781 2235 837 2262 etc.;
852 2233 878 2256 et
896 2230 1024 2255 arabicam
1038 2230 1240 2260 translationem,
1254 2237 1334 2263 quam
1348 2237 1397 2255 ex-

322 2267 403 2299 ponit
420 2266 617 2299 Alpharabius,
642 2273 752 2299 nempe:
780 2266 873 2291 Cum...
892 2269 975 2291 extra
993 2266 1130 2299 singulare
1148 2273 1228 2298 quam
1246 2266 1397 2299 singulare,

328 2305 375 2327 aut
394 2307 456 2327 etc.:
476 2309 513 2332 ac,
529 2301 644 2334 exposito
658 2306 728 2327 textu
741 2301 886 2326 secundum
901 2301 1031 2334 duplicem
1044 2301 1110 2326 hanc
1123 2301 1280 2332 versionem,
1290 2300 1398 2333 planio-

329 2344 385 2362 rem
400 2337 460 2362 dicit
474 2342 499 2362 et
512 2337 718 2362 communiorem
735 2336 922 2370 expositionem
937 2336 1093 2369 Alpharabii.
1112 2336 1210 2361 Textus
1225 2341 1312 2361 tamen
1324 2343 1397 2369 grae-

329 2380 374 2397 cus
388 2372 477 2398 habet:
494 2372 608 2402 Quando
623 2376 672 2397 aut
686 2372 751 2398 nihil
764 2372 801 2397 sit
813 2372 933 2404 accipere
946 2372 1067 2404 superius
1077 2375 1189 2404 praeter
1201 2372 1339 2405 singulare
1349 2374 1398 2396 aut

328 2405 583 2440 singularia:‘'0rav
597 2405 612 2439 ἢ
628 2404 704 2441 μηδὲν
718 2401 734 2442 ᾖ
748 2405 836 2439 λαβεῖν
848 2401 976 2440 ἀνώτερον
991 2405 1062 2441 παρὰ
1077 2404 1107 2432 τὸ
1126 2405 1189 2432 καθ’
1208 2405 1318 2432 ἕκαστον
1333 2403 1348 2439 ἢ
1363 2404 1396 2431 τὰ

329 2441 387 2468 καθ’
408 2441 516 2473 ἕκαστα,
536 2440 550 2474 ἢ
571 2447 646 2468 etc.·-
660 2442 746 2472 Quam
770 2442 875 2475 quidem
899 2442 1037 2467 lectionem
1060 2442 1137 2467 refert
1155 2450 1177 2467 s.
1192 2442 1309 2467 Thomas
1328 2449 1397 2473 cum,

329 2486 388 2503 eam
406 2478 568 2511 exponendo,
587 2478 633 2502 ait:
651 2478 716 2502 Cum
731 2477 797 2502 nihil
814 2477 889 2502 aliud
907 2478 943 2503 sit
961 2478 1080 2509 accipere
1093 2478 1140 2502 sul>
1154 2478 1244 2510 aliquo
1263 2477 1398 2502 communi

330 2513 412 2546 (quod
431 2519 470 2538 est
490 2508 629 2546 ἀνώτερον)
644 2520 724 2545 quam
742 2512 791 2538 hoc
803 2513 949 2545 singulare.
969 2513 1001 2537 Et
1015 2513 1041 2537 in
1054 2513 1123 2538 hunc
1135 2521 1244 2538 sensum
1258 2513 1334 2538 vertit
1347 2512 1396 2538 Pa-

330 2548 398 2574 cius:
417 2549 472 2573 Aut
489 2549 597 2581 quando
616 2548 643 2573 in
663 2555 716 2573 uno
733 2554 830 2580 genere
849 2555 903 2572 una
921 2550 961 2572 est
979 2554 1021 2573 res
1039 2548 1153 2582 singula,
1173 2548 1206 2573 ob
1225 2548 1303 2581 idque
1320 2555 1396 2580 supe-

330 2584 386 2609 rius
405 2590 437 2608 ea
455 2583 557 2616 aliquid
580 2583 667 2615 accipi
685 2590 736 2608 non
758 2586 857 2615 potest.
881 2584 936 2607 Aut
954 2590 1013 2608 cum
1033 2588 1081 2608 etc.
1105 2583 1186 2616 (Opp.
1201 2583 1280 2608 Arist.
1294 2588 1357 2608 tom.
1373 2583 1396 2614 1,

329 2619 465 2652 Analytic.
475 2619 620 2651 posterior.
631 2618 675 2643 lib.
685 2618 703 2649 l,
714 2625 770 2650 cap.
783 2626 808 2649 v,
818 2625 876 2650 pag.
894 2617 977 2643 183.-
986 2618 1107 2643 Aureliae
1115 2618 1295 2651 Allobrogum,
1310 2616 1397 2651 1607).

382 2654 410 2688 γ)
430 2654 483 2680 Hic
500 2655 577 2687 large
599 2653 730 2686 accipitur
756 2658 804 2678 etc.
829 2653 893 2678 Cod.
907 2653 928 2677 Β
953 2653 1043 2678 habet:
1067 2653 1110 2678 hic
1133 2654 1210 2686 large
1237 2653 1397 2682 assumitur,

330 2689 475 2722 accipitum
499 2694 525 2714 et
543 2694 583 2714 est
605 2689 701 2714 inutilis
725 2689 856 2722 repetitio:
876 2689 908 2713 ad
933 2696 1013 2721 quam
1037 2688 1182 2713 evitandam
1205 2689 1305 2714 additur
1328 2688 1398 2714 enim

330 2725 355 2749 in
371 2730 431 2751 nota
440 2725 587 2757 marginali,
602 2730 630 2749 ut
639 2725 778 2756 legeretur:
793 2724 835 2749 hic
844 2724 920 2757 large
932 2724 1094 2749 assumitur:
1106 2723 1238 2755 accipitur
1248 2723 1319 2749 enim
1328 2728 1376 2748 etc.
1387 2737 1397 2742 -

329 2760 379 2785 Alii
399 2761 473 2786 codd.
494 2761 582 2792 legunt
600 2767 660 2784 cum
672 2759 758 2790 Piana,
774 2759 822 2784 nisi
841 2759 913 2792 quod
931 2759 989 2784 loco
1002 2759 1133 2791 accipitur
1147 2759 1204 2784 cod.
1216 2759 1240 2783 Κ
1259 2759 1336 2784 habet
1354 2765 1397 2784 ac-

329 2795 403 2828 cipit.
417 2796 499 2821 Codd.
513 2795 654 2826 CKLQRT
672 2795 756 2820 omitt.
774 2795 863 2827 1arge‚·
882 2794 903 2819 N
923 2802 976 2819 om.
995 2794 1037 2819 hic
1055 2795 1139 2827 large.

382 2830 408 2865 δ)
429 2831 460 2856 Si
478 2838 560 2856 unum
578 2830 778 2856 contrariorum
797 2834 846 2855 etc.
866 2827 925 2855 Τῶν
943 2827 992 2863 γὰρ
1013 2826 1132 2854 ἐναντίων
1146 2823 1168 2853 εἷ
1186 2824 1293 2862 θάτερον
1313 2827 1396 2863 φύσει,

331 2860 428 2900 ἀνάγκη
453 2863 496 2891 καὶ
524 2862 631 2899 θάτερον
654 2858 718 2891 εἶναι
743 2863 830 2899 φύσει,
851 2861 894 2890 ἐάν
920 2872 965 2898 περ
991 2858 1007 2899 ᾖ
1035 2861 1166 2895 ἐναντίον,
1189 2861 1232 2889 καὶ
1251 2857 1316 2890 εἷναί
1341 2872 1398 2889 τινα

330 2898 412 2927 axi-:053
430 2900 512 2935 φύσιν.
527 2901 596 2926 Haec
614 2901 694 2926 verba
713 2901 786 2926 citata
804 2907 834 2925 ex
852 2900 874 2924 11
888 2900 930 2925 De
943 2900 1016 2925 caelo
1033 2903 1060 2925 et
1079 2899 1177 2924 mundo
1196 2907 1219 2924 s.
1233 2899 1350 2924 Thomas
1363 2899 1398 2924 ib.

331 2938 388 2962 lect.
403 2944 429 2962 tv
448 2937 482 2962 ita
500 2936 646 2969 exponitr«
661 2936 688 2961 Si
706 2943 789 2961 unum
809 2935 996 2966 contrariorum
1015 2940 1055 2960 est
1072 2934 1098 2959 in
1116 2939 1214 2965 natura,
1233 2942 1341 2960 necesse
1359 2940 1399 2960 est

331 2981 346 2996 »
361 2972 438 2998 etiam
456 2972 527 3009 quod
545 2972 655 2997 alterum
669 2971 702 2996 sit
719 2971 746 2996 in
764 2976 866 3002 natura3
886 2975 912 2996 et
930 2970 980 2995 hoc
998 2970 1104 3003 quidem
1122 2969 1215 3003 probat
1233 2969 1283 2994 sic:
1303 2970 1362 3003 quia
1376 2970 1398 2995 si

332 3017 346 3031 »
362 3008 394 3032 sit
412 3007 518 3040 al‘ffruod
537 3007 736 3038 contrariorum,
758 3013 864 3031 necesse
883 3010 923 3030 est
941 3006 1011 3038 quod
1030 3005 1063 3030 sit
1081 3005 1167 3038 aliqua
1185 3010 1274 3030 natura
1293 3005 1316 3030 ei
1335 3005 1397 3030 sub-

333 3053 346 3067 »
361 3043 434 3074 iecta,
448 3048 477 3067 ut
492 3047 562 3075 patet
580 3050 611 3067 ex
626 3043 635 3067 1
647 3042 785 3076 Physimr.
805 3041 874 3073 (lect.
886 3041 928 3073 x);
947 3046 986 3066 est
1000 3045 1087 3066 autem
1106 3041 1197 3065 eadem
1212 3041 1319 3066 materia
1335 3048 1397 3066 con-

333 3089 345 3101 ,
361 3078 510 3107 tration-um,
529 3082 558 3102 ut
575 3077 671 3102 ibidem
695 3077 852 3106 ostenditur;
877 3081 903 3101 et
920 3075 957 3101 sic
975 3080 1079 3109 oportet
1101 3076 1173 3109 quod
1192 3076 1297 3101 materia
1321 3075 1398 3101 unius

332 3122 346 3137 2
362 3113 480 3138 contrarii
499 3112 591 3138 habeat
609 3112 750 3146 potentiam
769 3112 801 3137 ad
819 3111 888 3136 aliud
907 3111 1071 3143 contrarium,
1091 3116 1116 3136 et
1134 3111 1171 3136 sic
1190 3116 1279 3144 posset
1297 3118 1358 3136 esse
1371 3111 1399 3136 in

333 3159 345 3172 ›
360 3153 458 3174 natura.
483 3148 558 3174 Unde
576 3155 638 3173 cum
661 3147 724 3173 nihil
742 3147 776 3172 ait
798 3147 893 3172 frustra
915 3146 941 3171 in
966 3151 1070 3177 namra,
1096 3154 1204 3172 necesse
1221 3151 1261 3172 est
1286 3147 1356 3179 quod
1375 3146 1398 3172 si

332 3193 346 3208 »
359 3192 442 3209 unum
461 3183 647 3209 contrariorum
667 3188 714 3214 est,
729 3182 800 3216 quod
819 3187 844 3207 et
861 3182 991 3214 reliquum
1011 3182 1051 3207 sit.
1063 3192 1077 3205 ›

384 3218 406 3254 ε)
430 3219 504 3244 Unde
526 3222 552 3244 et
565 3218 704 3252 signanter
722 3223 771 3244 etc.
785 3217 895 3243 Codices
914 3217 979 3242 hanc
993 3217 1113 3242 exhibent
1131 3217 1268 3242 lectionem
1283 3217 1397 3248 Pianam,

332 3262 399 3287 quae
414 3259 439 3280 et
452 3254 587 3287 perspicua
599 3259 647 3284 est,
662 3258 686 3279 et
702 3258 743 3279 est
756 3253 886 3278 conclusio
901 3252 1118 3286 praecedentium.
1127 3265 1146 3273 -
1155 3253 1178 3277 K
1193 3252 1266 3285 legit:
1281 3252 1351 3278 unde
1370 3252 1397 3278 in

331 3293 459 3322 quantum
474 3289 594 3322 pertinet
611 3289 648 3314 ad
666 3289 734 3314 illud
756 3288 914 3319 subiectum,
935 3288 1003 3314 sicut
1020 3287 1174 3320 passionem
1187 3288 1323 3321 trianguli
1330 3295 1398 3321 pro-

333 3326 378 3350 bat
396 3325 428 3350 de
440 3325 537 3358 figura
554 3328 581 3350 et
595 3324 726 3353 isocheles,
741 3324 880 3357 signanter
894 3328 941 3348 etc.
958 3323 1058 3357 Nempe
1077 3323 1214 3349 distractus
1231 3323 1398 3349 amanuensis

332 3360 410 3385 verba
428 3360 604 3393 praecedentis
618 3359 734 3385 lectionis
748 3367 773 3384 n.
783 3358 808 3390 8,
823 3359 882 3384 huic
899 3358 1003 3384 lectioni
1022 3358 1158 3390 immiscet,
1173 3363 1198 3384 et
1210 3358 1323 3384 absurda
1337 3366 1397 3392 pro·

333 3395 389 3420 fert.
402 3408 421 3416 —·
434 3395 515 3420 Codd.
536 3395 621 3420 CMN:
641 3395 711 3421 unde
735 3395 875 3428 signanter
893 3399 954 3426 etc.;
974 3394 998 3419 1:
1018 3395 1087 3420 unde
1106 3394 1280 3428 singulariter
1298 3394 1332 3420 de
1344 3394 1398 3419 rin-

333 3430 424 3463 gulari
441 3431 564 3455 ete-H:
584 3431 741 3456 mentionem
754 3430 830 3464 fecit.

386 3465 411 3497 ζ)
432 3466 486 3491 Sed
504 3469 592 3491 tamen
612 3466 678 3491 illud
695 3469 735 3491 est
748 3472 886 3491 commune
905 3465 1100 3491 innominatum
1113 3468 1189 3490 etc.-
1201 3464 1398 3490 ABCDEIKLO

335 3500 439 3530 QRST:
458 3501 505 3526 sed
519 3504 606 3526 tamen
622 3501 642 3532 (l
655 3509 708 3526 om.
724 3501 824 3533 tamen)
839 3501 905 3526 illud
922 3507 1060 3526 commune
1078 3500 1272 3526 innominatum
1290 3503 1345 3530 ειη
1358 3500 1397 3525 1-1:

335 3535 401 3559 illud
414 3542 551 3561 commune
562 3539 601 3561 est
615 3536 808 3561 innominatum
814 3543 822 3565 ;
837 3535 874 3560 G:
886 3535 1080 3561 innominatum
1095 3538 1135 3560 est
1145 3542 1283 3561 commune
1296 3535 1400 3561 illud.-

336 3570 409 3600 Quae
421 3569 461 3595 hic
475 3570 585 3596 breviter
602 3570 750 3603 perstringit
768 3578 790 3596 s.
805 3570 922 3596 Thomas
935 3570 1025 3596 fusiori
1038 3571 1137 3595 calamo
1150 3570 1254 3603 exponit
1272 3570 1297 3595 b.
1307 3570 1399 3596 Alber-

916 231 1303 268 POSTERIORUM
1330 231 1759 269 ANALYTICORUM
1788 233 1883 269 LIB.
1914 234 1928 268 Ι

1446 312 1594 347 versale
1616 311 1788 358 primum
1818 310 1876 347 his
1896 322 1994 358 quae
2010 311 2079 348 sub
2101 310 2255 347 animali
2270 311 2518 359 continentur,

1447 364 1509 400 vel
1538 364 1687 401 divisim
1715 365 1778 401 vel
1808 364 2051 401 coniunctim.

1506 419 1537 453 5.
1559 418 1711 454 Tertius
1731 419 1870 455 modus
1901 426 1965 464 est,
1987 417 2141 465 quando
2170 416 2261 453 illud
2290 418 2338 454 de
2352 429 2430 466 quo
2455 418 2519 454 de-

1449 477 1679 507 monstratur
1697 470 1849 519 aliquid,
1864 478 1906 507 ut
1924 469 2135 507 universale
2155 469 2335 519 primum,
2351 482 2391 507 se
2405 470 2521 507 habet

1449 523 1498 560 ad
1527 523 1565 560 id
1581 524 1601 544 ’⁸
1620 524 1724 571 quod
1754 524 2033 560 demonstratur
2057 522 2103 559 de
2126 536 2185 570 eo,
2206 523 2300 560 sicut
2328 530 2450 560 totum
2470 523 2518 560 ad

1448 584 1608 624 partem.
1626 576 1730 613 Sicut
1754 577 1783 613 si
1793 588 1905 625 posse
1935 577 2062 613 videre
2090 576 2339 624 assignaretur
2367 576 2520 613 animali

1449 637 1490 666 ut
1517 629 1730 666 universale
1758 629 1937 678 primum.
1974 629 2066 665 Non
2095 629 2197 666 enirn
2232 641 2348 666 omne
2378 629 2519 666 animal

1449 690 1573 730 potest
1595 682 1737 719 videre.
1758 683 1861 719 Inest
1878 682 1977 720 enim
1995 683 2014 703 ’¹‘
2028 682 2096 728 his,
2125 694 2223 731 quae
2239 688 2327 720 sunt
2344 683 2381 719 in
2395 687 2518 731 parte,

1450 735 1545 772 idest
1564 746 1662 782 quae
1683 735 1956 784 particulariter
1975 743 2011 771 et
2029 747 2108 781 non
2131 735 2390 773 universaliter
2410 735 2520 772 alicui

1450 787 1619 824 subiecto
1649 788 1892 835 conveniunt,
1913 789 2191 833 demonstratio,
2217 788 2312 825 idest
2330 788 2435 837 quod
2455 788 2519 826 de-

1451 840 1651 877 monstrari
1665 841 1821 890 possint,
1839 849 1875 877 et
1891 841 1957 877 erit
1976 840 2132 889 quidem
2149 843 2169 863 *
2185 840 2456 878 demonstratio
2475 842 2521 878 de

1451 894 1565 939 omni,
1578 906 1656 930 non
1670 902 1799 930 tamen
1815 902 1987 942 respectu
2002 894 2112 930 huius
2128 894 2175 931 de
2190 905 2267 941 quo
2285 893 2520 931 demonstra-

1450 954 1520 983 tur.
1549 948 1663 983 Posse
1692 947 1793 984 enim
1820 947 1948 983 videre
1977 947 2256 984 demonstratur
2284 947 2439 995 quidem
2472 947 2520 984 de

1439 999 1576 1047 aliquo
1605 999 1881 1046 universaliter,
1917 1012 1996 1036 non
2028 1008 2158 1037 tamen
2186 999 2445 1038 universaliter
2473 1000 2520 1037 de

1452 1052 1616 1099 animali,
1643 1052 1737 1089 sicut
1765 1053 1811 1090 de
1842 1064 1888 1090 eo
1920 1052 1979 1089 cui
2006 1053 2132 1101 primo
2149 1053 2279 1091 *insit
2301 1054 2350 1090 Et
2370 1052 2523 1102 exponit

1452 1105 1542 1154 quid
1577 1105 1622 1142 sit
1649 1106 1838 1154 primum,
1874 1106 2086 1143 secundum
2114 1108 2218 1155 quod
2248 1105 2520 1145 demonstratio

1452 1159 1577 1205 fertur,
1607 1159 1711 1207 quod
1742 1167 1796 1196 est
1823 1159 2036 1196 universale
2055 1159 2223 1208 primum
2237 1166 2263 1197 ⁷¹.

1506 1212 1541 1248 6.
1573 1212 1768 1258 Secundo3
1798 1212 1865 1248 ibi:
1887 1213 1929 1248 Si
1946 1213 2063 1262 igitur
2082 1220 2164 1259 etc„
2186 1212 2375 1261 subiungit
2395 1224 2520 1249 exem-

1452 1265 1515 1314 pla
1543 1264 1591 1302 ad
1619 1265 1832 1314 praedictos
1870 1265 2021 1312 modos,
2052 1273 2088 1302 et
2114 1265 2240 1315 primo
2274 1266 2322 1303 ad
2350 1265 2519 1312 tertium,

1453 1318 1581 1355 dicens
1609 1318 1735 1366 quod,
1770 1318 1800 1354 si
1828 1318 1912 1366 quis
1946 1319 2179 1356 demonstret
2206 1319 2254 1357 de
2279 1318 2384 1355 lineis
2412 1317 2522 1355 rectis

1451 1370 1556 1418 quod
1585 1383 1659 1408 non
1679 1371 1911 1418 intercidant,
1932 1371 2028 1410 idest
2046 1374 2154 1409 non*
2166 1379 2402 1419 concurrant,
2421 1371 2521 1409 vide-

1452 1424 1551 1460 bitur
1577 1424 1792 1460 huiusmodi
1817 1436 1895 1462 esse
1913 1425 2191 1472 demonstratio,
2213 1426 2352 1463 scilicet
2369 1424 2521 1461 univer-

1453 1475 1537 1513 salis
1574 1475 1706 1525 primi,
1745 1485 1900 1526 propter
1933 1479 2008 1515 hoc
2042 1479 2147 1527 quod
2180 1491 2259 1516 non
2296 1489 2520 1516 concurrere

1452 1529 1546 1566 inest
1562 1529 1749 1577 aliquibus
1772 1529 1878 1566 lineis
1897 1532 2006 1568 rectis
2019 1529 2044 1568 ⁰.
2061 1533 2154 1569 Non
2173 1539 2302 1569 autem
2321 1532 2401 1569 ita*
2411 1530 2516 1580 quod

1450 1703 1492 1723 tus
1506 1699 1592 1732 Magn.
1606 1699 1632 1723 in
1647 1699 1657 1724 1
1671 1699 1781 1730 Foster„
1796 1704 1868 1725 tract.
1879 1699 1914 1730 11,
1928 1707 1984 1733 cap.
1998 1707 2052 1730 xm,
2067 1699 2140 1724 cuius
2154 1699 2234 1725 verba
2247 1699 2358 1725 libenter
2376 1699 2523 1726 nausea-ibi·

1450 1742 1518 1758 mus.
1539 1744 1551 1757 κ
1568 1734 1728 1760 Universalis
1743 1735 1853 1768 aliquid,
1869 1735 1962 1768 inquit,
1978 1735 2107 1760 invenitur
2125 1740 2195 1760 extra
2213 1734 2366 1768 particulare
2383 1743 2476 1767 unum,
2490 1742 2524 1761 eo

1453 1779 1465 1792 ι
1482 1769 1554 1802 quod
1572 1770 1654 1795 multa
1671 1769 1750 1795 habet
1767 1775 1825 1795 actu
1844 1771 1885 1796 vel
1905 1770 2019 1804 potentia
2039 1770 2209 1804 particularia,
2228 1770 2255 1796 in
2273 1770 2369 1804 quibus
2388 1775 2429 1796 est
2446 1775 2473 1796 et
2490 1770 2524 1796 de

1453 1813 1467 1828 z>
1483 1805 1577 1837 quibus
1595 1805 1764 1838 praedicatur.
1787 1805 1839 1830 Sed
1857 1805 1907 1831 hoc
1926 1813 2080 1837 commune,
2101 1806 2133 1831 de
2152 1813 2205 1838 quo
2224 1805 2358 1839 probanda
2376 1810 2417 1832 est
2434 1805 2523 1840 passio

1452 1848 1466 1863 ι
1480 1840 1694 1873 (praedicatum)
1708 1840 1931 1866 indenominatum
1950 1846 1991 1866 est
2008 1849 2062 1866 uno
2081 1840 2213 1866 communi
2231 1845 2258 1866 et
2277 1841 2388 1867 univoco
2407 1841 2522 1874 nomin,

1452 1884 1466 1898 »
1482 1875 1627 1900 secundum
1652 1876 1724 1909 quod
1742 1875 1831 1909 ipsum
1855 1875 2004 1901 universale
2028 1881 2068 1901 est
2086 1876 2112 1901 in
2130 1876 2208 1901 rebus
2234 1876 2320 1909 specie
2345 1876 2522 1902 differentibus

1453 1919 1467 1934 »
1482 1911 1583 1944 (Sicut,
1602 1918 1625 1936 e.
1639 1918 1676 1944 g.‚
1690 1918 1775 1945 genus
1783 1912 1945 1944 proximum
1960 1911 2032 1940 muli,
2047 1911 2117 1937 asini
2130 1914 2156 1937 et
2174 1911 2234 1944 equi
2247 1914 2287 1937 est
2299 1911 2525 1944 innominatum).·

1453 1954 1467 1970 ›
1483 1951 1508 1971 et
1522 1946 1544 1971 si
1558 1946 1651 1972 habeat
1664 1954 1747 1971 unum
1761 1954 1867 1978 nomen,
1878 1947 1941 1972 illud
1955 1946 2003 1972 erit
2016 1946 2188 1980 aequivocum
2201 1947 2243 1972 vel
2257 1947 2402 1980 analogum
2417 1947 2443 1972 in
2456 1947 2521 1978 illis}

1453 1990 1467 2005 ›
1483 1987 1508 2007 et
1521 1981 1571 2006 hoc
1584 1989 1681 2007 nomen
1695 1989 1748 2007 non
1763 1987 1803 2007 est
1821 1981 1972 2015 simpliciter
1989 1985 2078 2011 unum,
2094 1982 2141 2007 sed
2158 1982 2314 2015 simpliciter
2332 1987 2373 2008 est
2391 1982 2482 2014 multa,
2495 1986 2524 2008 et

1452 2025 1466 2040 »
1481 2016 1625 2042 secundum
1639 2017 1705 2050 quid
1719 2022 1759 2042 est
1771 2025 1862 2048 unum,
1873 2017 1940 2042 sicut
1953 2018 1986 2042 de
1999 2017 2105 2042 nomine
2119 2017 2263 2050 aequivoco
2276 2017 2303 2042 in
2315 2017 2521 2044 Praedicamen-

1452 2061 1466 2076 »
1482 2053 1516 2078 tis
1531 2057 1557 2078 et
1566 2052 1592 2078 in
1601 2051 1690 2078 Perih.
1703 2052 1764 2086 (Cs.
1772 2052 1830 2078 lect.
1840 2060 1866 2083 v,
1876 2060 1903 2078 n.
1914 2059 1954 2087 19,
1965 2055 1992 2078 et
2000 2059 2055 2083 vm,
2065 2060 2091 2078 n.
2104 2053 2160 2085 14)
2175 2057 2215 2078 est
2228 2052 2436 2078 determinatum.
2450 2052 2522 2079 Sicut

1453 2096 1467 2111 ι
1482 2087 1532 2113 hoc
1550 2087 1638 2121 ipsum
1656 2094 1702 2113 ens
1721 2093 1761 2113 est
1779 2087 1805 2112 in
1819 2095 1915 2120 genere
1928 2093 1954 2113 et
1971 2087 2058 2121 specie
2072 2087 2257 2118 differentibus,
2272 2093 2298 2114 et
2316 2093 2356 2114 est
2373 2095 2456 2113 unum
2467 2095 2523 2122 per

1453 2131 1467 2147 >
1482 2123 1636 2156 analogiam
1650 2123 1675 2148 in
1686 2122 1744 2148 illis.
1755 2122 1787 2147 Et
1800 2122 1850 2148 hoc
1865 2123 1944 2148 modo
1959 2130 2013 2156 quo
2028 2130 2109 2148 unum
2122 2123 2198 2148 estin
2212 2130 2242 2148 se
2253 2129 2322 2149 extra
2331 2122 2376 2148 illa
2389 2123 2416 2148 in
2425 2122 2521 2157 quibus

1452 2167 1466 2182 ›
1482 2163 1530 2189 est,
1545 2158 1637 2183 accidit
1654 2158 1677 2183 ei
1695 2158 1781 2191 aliqua
1799 2158 1895 2191 passio,
1911 2166 1978 2191 quae
1996 2163 2103 2191 propter
2119 2157 2170 2183 hoc
2187 2163 2292 2192 putatur
2308 2165 2368 2184 esse
2385 2157 2522 2190 inferior-ts,

1453 2202 1466 2218 ›
1482 2193 1544 2227 quia
1557 2201 1611 2219 non
1630 2193 1772 2219 secundum
1787 2193 1858 2219 illam
1872 2193 1998 2219 rationem
2014 2201 2082 2226 quae
2094 2193 2162 2219 inest
2175 2193 2220 2224 illi,
2235 2193 2364 2219 invenitur
2375 2193 2402 2219 in
2420 2193 2480 2226 alio,
2495 2198 2523 2220 et

1453 2239 1466 2252 ι
1482 2234 1586 2263 putatur
1596 2229 1772 2254 demonstrata
1781 2237 1841 2254 esse
1850 2229 1883 2254 de
1892 2229 2030 2254 universali
2039 2229 2185 2255 secundum
2195 2229 2290 2262 ipsum
2297 2229 2402 2263 quando
2412 2229 2522 2255 demon—

1453 2275 1465 2288 ι
1482 2269 1560 2290 strata
1579 2269 1620 2290 est
1638 2265 1670 2290 de
1688 2264 1847 2298 particulari;
1863 2269 1889 2290 et
1906 2264 1965 2289 ideo
1984 2264 2074 2289 accidit
2092 2272 2171 2296 error,
2190 2264 2251 2298 quia
2268 2264 2320 2290 hoc
2338 2272 2392 2290 non
2416 2269 2456 2290 est
2478 2263 2521 2291 ita.

1453 2310 1465 2324 ι
1481 2300 1514 2325 Et
1532 2300 1676 2326 secundum
1695 2299 1761 2324 hanc
1775 2305 1893 2325 nami-am
1912 2307 2080 2325 communem
2093 2299 2120 2325 in
2134 2300 2224 2326 multis
2243 2299 2355 2326 diversis
2373 2299 2523 2326 rationibus

1452 2344 1466 2359 ι)
1482 2335 1633 2361 existentem
1648 2339 1674 2360 et
1685 2342 1738 2360 non
1752 2335 1778 2360 in
1791 2343 1844 2360 uno
1853 2334 1954 2368 primo,
1969 2342 2016 2360 ens
2030 2339 2070 2360 est
2083 2334 2230 2361 subiectum
2242 2334 2405 2369 Metaphys„
2420 2336 2453 2360 de
2466 2342 2522 2369 quo

1452 2381 1466 2395 »
1480 2370 1592 2396 creditur
1604 2370 1748 2396 secundum
1763 2370 1850 2403 ι’ρειιηι
1869 2370 1956 2404 passio
1969 2377 2029 2396 esse
2042 2370 2226 2402 demonstrata,
2240 2371 2345 2404 quando
2359 2375 2399 2396 est
2413 2370 2522 2396 demon-

1452 2417 1465 2430 »
1482 2411 1560 2432 strata
1573 2406 1605 2431 de
1613 2405 1764 2431 substantia
1777 2413 1845 2439 quae
1859 2411 1900 2431 est
1910 2405 2062 2440 simpliciter
2075 2413 2129 2432 ens.
2143 2405 2177 2431 Et
2189 2405 2232 2431 hic
2244 2410 2285 2432 est
2307 2413 2387 2437 error,
2400 2405 2461 2439 quia
2474 2412 2523 2433 ens

1452 2452 1465 2466 »
1481 2441 1625 2467 secundum
1644 2441 1730 2474 ipsum
1749 2446 1819 2466 extra
1837 2441 2009 2467 substantiam
2028 2446 2082 2472 est,
2103 2440 2177 2466 cuius
2196 2445 2257 2467 sunt
2271 2441 2367 2467 multae
2385 2441 2522 2475 passiones

1452 2486 1466 2502 »
1480 2477 1566 2510 (puta,
1590 2483 1646 2502 esse
1665 2483 1770 2506 verum,
1794 2476 1902 2506 bonum,
1927 2484 2021 2506 unum,
2045 2476 2160 2509 aliquid)
2178 2484 2246 2510 quae
2267 2476 2412 2503 secundum
2435 2476 2522 2509 ἕνεκα

1453 2523 1465 2536 ι
1479 2509 1638 2538 suBstantiae
1651 2517 1676 2537 et
1684 2511 1778 2544 primo
1791 2519 1845 2537 non
1859 2511 2015 2537 conveniunt
2030 2520 2044 2535 s
2061 2511 2141 2545 (Opp.
2156 2516 2220 2537 torn.
2233 2512 2252 2542 1,
2265 2519 2324 2545 pag.
2341 2511 2404 2543 543,
2419 2512 2469 2537 col.
2484 2509 2521 2547 2).

1503 2548 1531 2580 η)
1550 2547 1611 2572 Non
1631 2550 1719 2573 tamen
1744 2550 1863 2580 respectu
1891 2552 1940 2572 etc.
1963 2547 2011 2572 Est
2029 2546 2105 2572 lectio
2127 2547 2221 2577 codd.,
2237 2547 2324 2580 'quam
2349 2546 2521 2580 praemlimua

1450 2583 1559 2608 Pianae:
1578 2589 1630 2608 non
1650 2586 1738 2608 tamen
1758 2585 1877 2615 respectu
1896 2582 1966 2611 eius,
1987 2582 2059 2615 quod
2083 2581 2298 2612 demonstratur,-
2319 2581 2380 2607 CM:
2402 2585 2522 2614 rewectu

1450 2618 1567 2644 eiusdem
1586 2623 1648 2648 etc.;
1666 2617 1692 2642 in
1707 2622 1783 2643 ceter.
1801 2622 1830 2642 ut
1843 2617 1885 2643 alii
1899 2617 2010 2643 codices.
2025 2631 2045 2636 -
2060 2616 2210 2642 immediate
2228 2621 2315 2642 autem
2333 2622 2394 2650 post
2412 2617 2520 2642 demon-

1450 2656 1563 2683 stratur,
1574 2653 1631 2678 cod.
1641 2653 1667 2678 M
1680 2653 1860 2686 prosequitur:
1874 2652 1938 2685 quia
1946 2659 2026 2684 posse
2040 2652 2131 2678 videre
2143 2652 2351 2682 demonstratur,
2365 2658 2416 2677 non
2431 2655 2521 2678 tamen

1452 2687 1638 2714 universaliter
1657 2687 1689 2713 de
1705 2687 1796 2720 aliquo
1807 2687 1920 2713 animali
1932 2688 2001 2714 sicut
2014 2687 2058 2713 cui
2070 2687 2191 2720 primum
2206 2687 2277 2713 insit.
2293 2700 2313 2707 -
2326 2686 2395 2712 Infra
2409 2687 2523 2720 denique

1451 2724 1486 2749 P:
1503 2726 1530 2748 et
1548 2723 1660 2755 exponit
1677 2722 1743 2755 quid
1760 2723 1796 2748 sit
1809 2722 1930 2755 primum
1950 2721 1996 2756 (N,
2017 2722 2126 2755 scilicet)
2145 2722 2289 2756 secundum
2308 2722 2382 2756 quod
2400 2720 2449 2756 (H,
2468 2722 2523 2784 est}

1451 2758 1643 2784 demonstratio
1655 2757 1749 2792 fertur
1767 2756 1809 2792 (Β,
1812 2758 1885 2792 sen,-
1903 2758 1941 2789 H,
1959 2758 2072 2788 scilicet;
2085 2758 2112 2788 S,
2119 2758 2213 2792 fertur
2228 2755 2267 2792 (ἶ)
2282 2757 2348 2783 corri
2367 2775 2374 2782 .
2389 2757 2415 2783 in
2433 2757 2484 2788 sin

1451 2793 1543 2826 corrig.
1557 2793 1584 2818 in
1595 2793 1633 2826 fit
1646 2798 1671 2818 et
1685 2800 1766 2826 marg.
1781 2793 1882 2818 additur
1900 2793 1936 2822 d„
1950 2792 2000 2818 hoc
2015 2798 2067 2823 est,
2086 2791 2192 2827 dicens)
2207 2792 2280 2826 quod
2292 2796 2332 2819 est
2381 2812 2388 2824 ,
2403 2793 2440 2819 ad
2454 2793 2524 2820 illud

1451 2828 1523 2862 quod
1536 2831 1591 2858 est,·
1605 2828 1649 2853 CD
1664 2836 1754 2861 marg„
1768 2828 1806 2853 ad
1820 2828 1849 2854 id
1862 2828 1934 2862 quod
1947 2832 2001 2858 ests
2015 2828 2052 2859 R,
2065 2828 2138 2854 circa
2152 2827 2219 2854 illud
2232 2828 2304 2862 quod
2316 2831 2369 2858 ειη
2387 2828 2414 2853 Μ
2427 2828 2524 2855 omittit

1451 2863 1507 2899 est)
1531 2863 1678 2889 universale
1698 2863 1828 2895 primum.
1841 2877 1861 2882 —
1874 2863 2026 2889 Lectionem
2043 2863 2162 2895 Pianam,
2181 2871 2261 2896 quam
2279 2863 2443 2890 immutatam
2461 2860 2521 2891 reti-

1452 2906 1559 2930 nemus,
1577 2898 1654 2924 ceteri
1673 2898 1770 2924 habent
1788 2898 1898 2924 codices.

1503 2933 1527 2967 0)
1548 2934 1619 2960 Inest
1636 2934 1768 2967 aliquibus
1787 2934 1862 2960 lineis
1881 2934 1969 2960 rectis.
1988 2934 2017 2960 In
2031 2933 2090 2960 cod.
2108 2935 2130 2960 B
2148 2933 2250 2960 additur
2269 2934 2295 2960 in
2307 2933 2424 2967 margine
2441 2934 2519 2962 inter·

1451 2969 1552 3000 lineari,
1569 2969 1668 2995 scilicet
1686 2969 1840 3002 parallelis:
1862 2977 1930 3003 quae
1948 2975 1988 2995 est
2005 2970 2095 2995 notula
2116 2969 2280 2996 amanuensis
2298 2969 2340 2995 vel
2359 2969 2465 2995 alterius
2482 2969 2520 2996 le-

1451 3005 1536 3036 ctoris,
1546 3005 1624 3030 textui
1638 3013 1689 3030 non
1699 3005 1844 3030 inserenda.
1857 3005 1895 3030 Ea
1909 3005 1979 3030 enim
1990 3012 2084 3030 omnes
2093 3005 2136 3030 alii
2149 3005 2250 3030 codices
2263 3009 2363 3036 careum
2377 3009 2403 3030 et
2416 3004 2522 3032 aliunde

1451 3046 1491 3066 est
1508 3039 1651 3073 superflua,
1671 3040 1731 3073 quia
1749 3039 1835 3066 statim
1854 3048 1877 3066 s.
1891 3039 2009 3066 Thomas
2027 3039 2136 3074 explicat
2154 3041 2226 3074 quod
2248 3040 2331 3065 lineae
2348 3041 2434 3066 rectae
2451 3047 2520 3074 quae

1451 3084 1504 3101 non
1518 3080 1671 3101 concurrunt
1685 3080 1746 3101 sunt
1763 3082 1846 3108 aeque
1866 3075 1995 3102 distantes
2013 3083 2061 3102 seu
2073 3076 2230 3109 parallelae.
2240 3088 2260 3094 —
2269 3075 2400 3108 Sylvester
2414 3075 2519 3102 Meum·

1450 3111 1477 3136 in
1491 3111 1500 3136 l
1515 3111 1625 3141 Foster„
1645 3119 1700 3144 cap.
1714 3119 1740 3141 v,
1754 3119 1780 3136 n.
1794 3118 1813 3143 4
1826 3111 1872 3136 ait:
1893 3121 1906 3134 ι
1916 3111 2073 3144 Exemplum
2091 3111 2157 3137 tertii
2170 3111 2250 3142 modi,
2265 3110 2310 3144 qui
2329 3115 2370 3136 est
2387 3109 2521 3137 obsonia-

1452 3155 1466 3171 »
1481 3146 1580 3177 simus,
1605 3146 1748 3171 desumitur
1771 3154 1802 3172 ex
1820 3146 1996 3180 propositione
2014 3154 2070 3173 xxtx
2088 3146 2146 3172 libri
2164 3147 2175 3172 1
2194 3146 2316 3172 Euclidis.
2333 3154 2347 3170 »
2367 3145 2426 3172 Non
2511 3145 2520 3152 ⁵

1450 3181 1602 3207 Aristoteles
1620 3189 1652 3207 ex
1669 3181 1776 3207 Euclide
1794 3182 1943 3215 exemplum
1961 3181 2110 3215 sumpserit,
2129 3186 2168 3208 est
2187 3181 2257 3207 enim
2274 3181 2381 3207 Euclide
2399 3180 2522 3213 anterior,

1451 3217 1497 3243 sed
1516 3217 1577 3250 quia
1594 3216 1680 3250 potius
1699 3222 1917 3243 commentatores
1931 3217 2003 3243 illam
2017 3216 2221 3251 propositionem
2235 3216 2349 3242 Euclidia
2367 3223 2521 3250 assumpeea

1450 3257 1511 3278 runt
1528 3253 1561 3278 sd
1579 3252 1759 3286 explicandum
1772 3252 1919 3278 Aristotelis
1934 3253 2093 3287 exemplum.
2106 3252 2183 3284 Quod
2197 3252 2304 3286 quidem
2321 3251 2414 3285 exponi
2431 3255 2520 3286 potest

1450 3288 1623 3322 supponendo
1647 3287 1743 3313 lineam
1765 3287 1963 3314 intersecantem
1981 3288 2063 3314 lineas
2081 3293 2172 3319 rectas,
2190 3292 2216 3312 et
2234 3287 2435 3313 consumentem
2458 3293 2519 3313 mm

1450 3323 1514 3357 ipsis
1539 3328 1582 3349 aut
1600 3323 1710 3356 angulos
1733 3327 1831 3354 rectos,
1857 3328 1900 3349 aut
1923 3331 2055 3349 summam
2077 3323 2232 3356 angulorum
2251 3322 2343 3356 (puta,
2362 3328 2455 3348 eomm
2470 3320 2518 3355 qui

1451 3363 1511 3384 sunt
1528 3358 1620 3384 interni
1638 3358 1671 3384 ad
1690 3358 1796 3384 easdem
1814 3358 1917 3392 partes)
1936 3359 2072 3392 aequalem
2091 3358 2194 3384 duobus
2212 3357 2298 3384 rectis.
2322 3357 2350 3383 Si
2372 3355 2431 3390 quis
2454 3362 2520 3389 ergo

1451 3399 1606 3421 mensu-aret
1623 3393 1704 3420 lineas
1723 3401 1783 3420 esse
1801 3394 1936 3427 parallelas
1956 3401 1987 3419 ex
2005 3401 2037 3420 eo
2055 3393 2224 3419 solummodo
2243 3393 2315 3427 quod
2330 3391 2397 3418 lina
2415 3397 2460 3416 eas
2477 3389 2519 3416 ia—

1450 3434 1581 3455 tersecans
1595 3429 1726 3455 constituit
1739 3429 1850 3462 angulos
1863 3434 1955 3460 rectos,
1966 3437 2020 3455 non
2033 3429 2154 3462 probaret
2164 3432 2329 3462 assumptum
2342 3433 2389 3460 per
2401 3424 2518 3451 medium

1451 3465 1623 3498 adaequatum
1635 3464 1819 3498 parallelismo,
1831 3465 1878 3490 sed
1892 3472 1938 3498 per
1950 3464 2066 3490 medium
2079 3465 2166 3490 minus
2178 3462 2337 3494 universnm
2352 3465 2378 3487 et
2390 3460 2450 3486 ideo
2464 3468 2518 3493 non

1451 3500 1572 3533 probaret
1589 3499 1622 3525 de
1640 3500 1726 3530 omni,
1745 3499 1796 3525 hoc
1813 3504 1855 3526 est
1879 3500 1912 3526 de
1933 3499 2056 3525 omnibus
2081 3498 2155 3525 linei·
2176 3497 2307 3532 parallelis
2325 3495 2520 3527 universaliter,

1451 3535 1570 3568 quamvis
1593 3535 1783 3561 demonstraret
1804 3535 1983 3561 universaliter
2001 3534 2034 3560 de
2051 3534 2194 3568 aliquibus,
2217 3539 2311 3566 nempe
2333 3531 2366 3557 de
2383 3530 2434 3557 illis
2457 3538 2520 3557 cum

1451 3570 1547 3604 quibus
1565 3570 1631 3596 linea
1648 3571 1805 3596 intersecans
1823 3569 1918 3596 format
1935 3570 2043 3604 angulos
2061 3574 2157 3595 rectos.

2545 539 2590 561 'Id
2596 540 2760 565 exeodd..exc.

2546 573 2586 588 no.
2593 578 2603 582 -
2610 573 2671 588 uu:
2687 566 2753 589 illud.

2546 700 2556 711 “
2566 698 2705 721 Codd.-ro:
2715 704 2762 720 au-

2547 727 2617 747 tem.-
2624 725 2662 747 Cf.
2675 729 2732 747 text.

2549 858 2557 866 ·
2567 864 2588 879 Ρ.
2599 863 2648 879 om.
2659 857 2765 885 quidem-

2550 1071 2559 1079 ·
2573 1075 2617 1091 ou:
2628 1068 2747 1096 primun.⁴

2546 1384 2559 1395 ⁴*
2574 1389 2602 1406 a:
2622 1383 2687 1406 idest
2699 1384 2768 1413 quod

2546 1551 2558 1562 ⁶
2568 1557 2596 1572 n:
2615 1553 2653 1573 est
2664 1551 2709 1574 ita.
