2548 4192
917 253 971 289 IN
1002 254 1039 290 S.
1062 253 1303 291 THOMAM
1330 254 1654 301 AQUINATEM

279 334 307 364 3.
326 333 379 364 De
400 332 576 364 meroribus
599 341 770 372 corporum
794 332 990 365 caelestium.

273 387 305 417 4.
325 378 516 408 Dominicae
532 377 735 417 precationis
746 377 806 416 pia
830 376 1002 408 admodum
1027 383 1057 408 et
1080 377 1208 407 erudita
1225 387 1279 407 ex-

200 422 362 463 planaria.

277 467 307 497 5.
325 466 378 496 De
399 470 517 505 septem
537 464 745 505 petitionibus
767 466 924 495 orationis
946 465 1147 496 Dominicae.

273 510 306 540 6.
325 509 446 540 Mundi
467 510 629 540 machina.

275 564 307 595 7.
327 553 460 584 Summa
484 553 524 584 de
539 553 685 584 essentiis
701 554 930 591 essentiarum,
954 553 1036 584 duos
1059 553 1092 583 in
1115 553 1212 584 libros
1228 553 1280 584 tri-

207 599 293 629 buta.
319 597 486 628 Altissirno
510 597 587 628 haec
611 597 721 628 omnia
744 604 775 628 et
797 597 921 637 singula
944 605 1133 638 premuntur
1156 598 1280 628 silentio

209 642 296 683 apud
318 648 437 673 veteres
461 649 590 672 omnes:
611 642 650 672 ab
674 641 772 672 sancti
795 642 942 679 Thomae
975 642 1057 683 stylo
1082 642 1282 673 abhorrentia

208 696 309 728 quam
330 686 479 725 maxime,
504 686 712 727 eiusdemque
736 686 895 717 doctrinae
919 693 974 718 aut
997 687 1205 727 repugnantia
1227 693 1282 717 aut

209 730 316 762 minus
341 740 492 762 consona.
516 731 594 762 Post
616 730 716 771 ipsius
747 730 873 761 obitum
903 730 1008 772 aliqua
1031 731 1145 771 scripta
1173 731 1280 761 fuere:

209 774 325 807 fabulis
348 775 409 806 alia
431 782 560 814 scatent,
584 785 666 816 quae
689 775 749 805 sub
772 775 904 806 nomine
933 775 1110 815 gravissimi
1133 775 1282 806 Doctoris

209 819 378 860 Aquinatis
401 819 494 860 prodi
517 820 661 860 potuisse
680 819 922 860 indignandum.

276 864 336 894 His
360 864 513 894 accedunt
536 865 576 894 ad
601 863 783 895 alchimiam
805 863 995 904 pertinentia
1010 864 1165 894 nonnulla
1189 863 1280 904 Opu-

210 908 307 939 scula.
324 908 435 939 Potior
457 908 582 940 videtur
609 909 924 940 Tractatus-domini
951 909 1091 939 Thomae
1113 909 1284 949 Aquinatis

2262 267 2403 293 CCvan

1337 332 1416 364 Ord.
1434 333 1551 364 Praed.
1568 333 1664 363 datus
1676 332 1788 374 fratri
1802 333 1964 364 Rainaldo
1986 334 2072 363 socio
2091 334 2231 364 eiusdem
2258 334 2401 372 Ordinis,

1333 377 1506 408 declarans
1528 377 1656 408 modum
1680 387 1772 418 quem
1798 383 1906 408 tenere
1928 377 2035 414 debet,
2063 378 2172 408 volens
2196 378 2345 409 laborare
2368 380 2400 409 in

1334 422 1496 452 alchimia.
1521 422 1630 452 Exstat
1652 421 1686 451 in
1709 421 1849 452 Theatro
1874 421 2083 452 chimicorum
2106 427 2198 452 tomo
2222 422 2273 452 111.
2299 422 2328 452 Is
2349 432 2405 462 per

1334 465 1439 496 otium
1462 476 1480 496 a
1503 476 1555 496 me
1579 466 1713 496 collatus
1737 476 1811 496 curn
1835 476 1894 496 ms.
1912 465 2147 507 codice‚1quem
2170 465 2311 506 possidet
2333 466 2404 497 inu-

1334 509 1505 541 strissimus
1521 510 1710 541 Laurentius
1726 520 1744 540 a
1758 510 1871 548 Turre,
1887 510 2026 541 Neriano
2041 510 2195 541 Sodalitio
2212 509 2300 541 Utini
2314 510 2405 540 Prae-

1334 554 1469 594 posstus,
1489 554 1613 584 mendis
1636 554 1880 595 quamplurimis
1904 554 2022 595 detergi
2045 561 2159 595 potest.
2180 567 2195 582 κ
2216 554 2266 585 Sic
2289 563 2402 594 nempe

1337 610 1352 625 »
1374 598 1568 639 quibusdam
1597 598 1768 629 audacibus
1791 598 1911 639 placuit
1938 609 2004 629 non
2026 599 2133 629 solum
2156 598 2406 639 praestigiatores

1337 655 1352 669 ³>
1375 642 1492 683 (verba
1514 648 1590 673 sunt
1612 642 1794 684 Echardi),
1814 644 1869 674 sed
1893 650 1923 674 et
1945 643 2156 684 sycophantas
2178 653 2280 683 agere,
2297 648 2405 673 sancto

1337 699 1352 714 »
1374 687 1522 717 Thomae
1545 687 1731 718 huiusmodi
1754 688 1966 728 propudiosas
1989 687 2225 718 lucubrationes
2254 686 2403 727 affingen-

1337 743 1352 758 »
1375 732 1429 769 do,
1447 738 1483 762 ut
1505 741 1580 761 suae
1603 731 1662 762 arti
1685 742 1703 761 a
1732 738 1821 762 tanto
1852 732 1982 762 nomine
2006 731 2191 762 auctoritate
2221 731 2405 769 conciliata,

1338 787 1353 802 »
1376 775 1444 806 eius
1467 776 1656 806 exercendae
1678 776 1837 815 pudorem
1860 777 1973 816 procul
2003 776 2216 807 amandarent.
2241 775 2304 806 Sed
2326 775 2406 805 nihil

1338 832 1353 847 »
1373 826 1514 860 egerunt.
1534 832 1548 847 »
1567 822 1686 850 Actum
1708 829 1783 850 vero
1815 820 1889 851 satis
1912 821 1951 850 de
1974 820 2151 851 minoribus
2174 820 2322 851 Thomae
2345 829 2404 850 no-

1336 863 1390 894 stri
1414 863 1592 904 Operibus:
1621 873 1763 904 quorum
1785 864 1846 894 alia
1868 874 2016 904 germana
2037 875 2072 895 ac
2096 864 2215 895 sincera
2236 863 2406 894 vindicavi-

1336 915 1424 939 mus:
1446 908 1542 938 dubia
1556 907 1714 948 quaedam
1729 914 1760 938 et
1774 908 1834 938 alia
1848 918 1977 948 prorsus
1991 908 2157 939 reiicienda
2172 908 2378 940 ostendimus.
