2788 4204
341 248 392 284 72

1110 240 1228 276 PERI
1259 239 1606 276 HERMENEIAS
1645 240 1739 277 LIB.
1770 241 1784 276 1

950 411 1250 467 LEcT10
1289 410 1924 485 DECIMAQUINTA

707 548 787 588 EX
820 547 998 587 MODO
1035 546 1162 599 QUO
1197 547 1462 589 VERITAS
1496 548 1570 589 SE
1603 549 1810 590 HABET
1845 550 2026 591 CIRCA
2059 550 2175 592 RES

351 626 788 668 CONCLUDITUR
822 626 1134 679 QUALITER
1161 626 1426 668 VERITAS
1454 627 1528 669 SE
1555 629 1808 670 HABEAT
1837 630 2018 671 CIRCA
2051 631 2530 674 PROPOSITIONES

344 755 387 786 Τό
412 755 471 799 μὲν
495 754 550 786 οὖν
576 751 661 785 εἶναι
686 753 727 787 τὸ
753 753 801 795 όν,
830 752 912 786 ὅταν
933 753 966 797 ᾖ,
985 756 1043 786 καὶ
1062 754 1103 787 τὸ
1120 754 1167 797 μή
1187 753 1221 787 ὃν
1239 754 1286 798 μὴ
1304 751 1403 796 εἶναι,

411 798 493 832 ὅταν
518 798 566 843 μή
586 796 619 842 ᾗ,
641 797 788 844 άνάγκη·
810 799 847 831 οὐ
864 799 930 843 μὴν
950 799 1028 832 οὔτε
1046 799 1087 833 τὸ
1107 798 1141 831 ὂν
1162 798 1253 832 ἅπαν
1273 798 1404 845 ἀνάγκη

409 841 494 875 εἶναι
524 843 603 877 οὔτε
629 843 670 876 τὸ
695 843 742 888 μή
770 842 804 876 ὃν
829 844 876 888 μή
902 841 998 876 εἶναι·
1027 845 1065 876 οὗ
1089 844 1154 890 γάρ
1176 843 1306 878 ταύτόν
1332 845 1405 879 ἐστι

408 888 449 921 τὸ
468 888 502 920 ὃν
519 887 610 921 ἅπαν
629 885 714 920 εἶναι
733 887 768 929 ἐξ
788 888 951 935 ἀνάγκης,
972 887 1029 921 ὅτε
1048 889 1135 931 ἔστι,
1154 891 1211 921 καὶ
1230 889 1270 922 τὸ
1292 890 1405 928 ἀπλῶς

407 930 492 965 εἶναι
519 933 552 974 ἐξ
580 932 742 979 ἀνάγκης.
765 934 903 978 Ὁμοίως
928 930 966 965 δὲ
989 936 1047 965 καὶ
1073 935 1128 966 ἐπὶ
1147 934 1209 966 τοῦ
1227 934 1274 978 μή
1294 934 1403 973 ὄντος.

339 1023 405 1054 Καὶ
430 1022 485 1053 ἐπὶ
511 1022 573 1060 τῆς
600 1021 809 1067 ἀντιφάσεως
829 1023 845 1054 ὁ
864 1022 968 1060 αὐτὸς
993 1021 1107 1069 λόγος·
1127 1020 1212 1055 εἶναι
1230 1023 1289 1068 μὲν
1315 1022 1336 1061 ἦ
1355 1023 1402 1068 μη

406 1063 491 1098 εἶναι
518 1066 625 1109 ἅπαν,
646 1066 789 1113 ἀνάγκη·
812 1069 869 1099 καὶ
888 1066 1022 1099 ἔσεσθαί
1039 1080 1092 1114 γε,
1111 1066 1132 1106 ἦ
1151 1068 1210 1113 μή·
1232 1069 1270 1101 οὐ
1314 1068 1405 1102 ε’ντοι

405 1105 566 1143 διελόντα
583 1124 621 1158 γε
647 1113 751 1144 εἰπεῖν
777 1111 919 1157 θάτερον
939 1112 1141 1158 ἀναγκαῖον.
1159 1113 1257 1159 Λέγω
1303 1114 1316 1146 ἑ
1335 1115 1403 1146 οἷον

407 1154 539 1202 ἀνάγκη
565 1157 624 1199 μὲν
651 1156 783 1189 ἔσεσθαι
806 1161 1000 1203 ναυμαχίαν
1019 1158 1131 1203 αὔριον
1151 1157 1171 1195 ἦ
1189 1159 1237 1203 μή
1256 1158 1402 1191 ἔσεσθαι·

406 1201 443 1232 οὗ
469 1200 586 1244 με’ντοι
612 1201 745 1234 ἔσεσθαί
770 1214 808 1248 γε
835 1201 878 1234 αὔ
900 1213 948 1234 ιον
973 1206 1167 1249 ναυμαχίαν
1202 1204 1402 1250 ἀναγκαῖον,

405 1240 484 1277 οὐδὲ
508 1245 555 1290 μή
580 1245 747 1292 γενέσθαι·
775 1215 954 1293 γενέσὲται
979 1247 1110 1292 μέντοι,
1130 1247 1151 1285 ἦ
1169 1249 1216 1293 μη
1234 1247 1402 1295 γενέσθαι,

407 1291 607 1337 ἀναγκαῖον.

330 1379 420 1412 ‘'Oa-‘r'
443 1380 514 1412 ἐπεὶ
541 1381 660 1424 ὁμοίως
679 1382 708 1412 οἱ
725 1379 822 1426 λόγοι
841 1379 985 1422 ἀληθεῖς,
1005 1380 1114 1425 ὥσπερ
1132 1381 1180 1414 τά
1196 1380 1401 1437 πράγματα,

403 1420 506 1462 δῆλον
537 1424 610 1466 ὅτι,
632 1424 694 1457 ὅσα
713 1424 820 1462 οὕτως
838 1426 921 1470 ἔχει,
940 1425 1041 1466 ὥστε,
1063 1425 1193 1470 ὁπότερ’
1212 1438 1326 1471 ετυχε,
1344 1429 1403 1458 καὶ

403 1470 576 1503 τάναντία
602 1465 810 1514 ἐνδέχεσθαι,
838 1470 969 1517 ἀνάγκη
996 1472 1116 1515 ὁμοίως
1142 1471 1230 1516 ἔχειν
1254 1472 1313 1503 καὶ
1338 1471 1402 1508 τήν

404 1515 596 1559 ἀντίφασιν.
614 1514 716 1559 Ὅπερ
734 1514 908 1559 συμβαίνει
931 1515 986 1547 ἐπὶ
1004 1519 1075 1554 τοῖς
1101 1515 1147 1560 μή
1179 1516 1230 1549 ἀεὶ
1261 1514 1365 1557 οὖσιν,
1381 1515 1402 1553 ἦ

402 1559 449 1604 μή
469 1560 521 1592 ἀεὶ
546 1559 592 1604 μη
618 1558 721 1592 οὖσιν.
749 1559 886 1593 Τούτων
910 1560 974 1605 γάρ
1007 1560 1138 1607 ἀνάγκη
1169 1561 1228 1604 μὲν
1259 1560 1402 1606 θάτερον

401 1603 513 1648 μόριον
544 1605 607 1641 τῆς
640 1604 847 1646 ἀντιφάσεως
878 1603 998 1643 ἀληθὲς
1027 1602 1112 1638 εἶναι
1149 1604 1170 1643 ἦ
1195 1601 1333 1650 ψεῦδος,
1364 1607 1402 1639 οὐ

401 1648 517 1693 μέντοι
543 1645 622 1681 τόδε
645 1648 666 1686 ἣ
685 1644 778 1691 τόδε,
807 1650 875 1683 ἀλλ’
906 1649 1036 1695 ὁπότερ’
1058 1650 1170 1695 ἔτυχε·
1189 1653 1247 1683 καὶ
1272 1652 1401 1696 μᾶλλον

400 1694 459 1737 μὲν
480 1693 588 1731 ἀληθῆ
607 1694 670 1731 τήν
689 1694 821 1740 ἑτέραν,
842 1695 880 1727 οὗ
897 1694 1015 1739 μέντοι
1033 1690 1098 1733 ἤδη
1116 1693 1225 1734 ἀληθῆ
1244 1694 1265 1732 ἦ
1282 1691 1400 1740 ψευδῆ·

332 1781 419 1816 ὥστε
446 1778 549 1820 δῆλον
582 1782 636 1816 ὅτι
668 1783 728 1816 οὐκ
761 1782 912 1830 ἀνάγκη,
940 1783 1052 1822 πάσης
1085 1783 1312 1829 καταφάσεως
1344 1788 1401 1818 καὶ

402 1827 602 1873 ἀποφάσεως
633 1830 700 1862 τῶν
727 1828 963 1873 ἀντικειμένων
994 1829 1058 1866 τήν
1083 1830 1141 1874 μὲν
1169 1829 1300 1871 ἀληθῆ,
1336 1830 1400 1867 την

399 1867 437 1904 δὲ
461 1868 565 1917 ψευδῆ
583 1870 681 1907 εἶναι.
707 1874 752 1906 Οὐ
771 1873 849 1920 γάρ,
869 1873 979 1918 ὥσπερ
997 1875 1052 1908 ἐπὶ
1070 1875 1136 1907 τῶν
1156 1875 1275 1916 ὄντων,
1295 1874 1402 1913 οὕτως

401 1917 470 1963 ἔχει
494 1920 553 1950 καὶ
579 1919 634 1951 ἐπὶ
659 1919 725 1951 τῶν
751 1918 797 1962 μή
824 1918 921 1951 ὅντον
947 1918 1024 1963 μέν,
1051 1915 1204 1953 δυνατῶν
1221 1915 1259 1952 δὲ
1276 1917 1362 1952 εἶναι
1380 1919 1402 1957 ἦ

399 1963 446 2006 μή
473 1959 572 2005 εἶναι,
602 1964 669 1996 ἀλλ’
698 1962 808 2008 ὥσπερ
833 1965 979 2008 εἴρηται.

393 2105 541 2133 Smopsrs.
559 2121 593 2125 —
609 2105 821 2141 Argumentum
844 2112 872 2133 et
886 2105 988 2133 divisio
1003 2112 1105 2134 textus.
1119 2121 1141 2128 -
1155 2113 1182 2134 2.
1198 2105 1358 2134 Necessitas
1373 2105 1403 2134 in

332 2146 433 2180 rebus,
456 2145 512 2173 alia
526 2151 569 2172 est
582 2145 722 2179 absoluta,
744 2145 799 2173 alia
813 2152 855 2173 est
870 2155 910 2174 ex
926 2146 1121 2183 suppositione
1126 2156 1136 2180 ;
1156 2146 1232 2174 idem
1248 2146 1403 2174 dicendum

332 2185 368 2212 de
390 2185 657 2222 impossibilitate.-
674 2186 698 2213 3.
715 2185 874 2213 Necessitas
895 2192 923 2213 et
943 2185 1047 2214 veritas
1067 2186 1096 2213 in
1111 2187 1197 2214 rebus
1218 2195 1269 2222 per
1283 2195 1402 2222 compa—

331 2225 473 2253 rationem
495 2226 532 2253 ad
560 2225 671 2253 illarum
694 2225 842 2261 oppositas
864 2232 1025 2262 sequuntur
1052 2226 1128 2262 leges
1149 2225 1400 2254 contradictionis:

332 2265 400 2301 quia
421 2265 527 2293 scilicet
545 2265 618 2293 sicut
639 2265 816 2301 impossibile
837 2271 880 2293 est
901 2266 1124 2294 contradictoria
1146 2266 1231 2294 simul
1252 2275 1314 2294 esse
1335 2275 1402 2294 vera

332 2305 376 2332 vel
390 2305 468 2340 falsa,
483 2305 523 2333 ita
536 2304 714 2341 impossibile
729 2312 771 2333 est
789 2315 849 2333 rem
864 2315 959 2342 neque
974 2315 1035 2334 esse
1050 2315 1145 2342 neque
1159 2316 1220 2334 non
1235 2315 1306 2334 esse.
1323 2306 1401 2334 Con-

333 2351 486 2381 sequenter
511 2354 627 2373 necesse
654 2352 710 2380 est,
738 2345 909 2373 disiunctive
930 2346 1097 2382 loquendo,
1126 2355 1187 2374 rem
1208 2346 1252 2374 vel
1274 2355 1336 2374 esse
1357 2346 1401 2374 vel

333 2394 394 2413 non
415 2394 487 2412 esse.
511 2385 702 2418 Disiuncffve,
726 2385 861 2422 inquam,
883 2394 944 2413 non
964 2392 1062 2414 tamen
1083 2386 1214 2414 divisim:
1229 2386 1297 2423 quia
1316 2386 1339 2414 si
1357 2386 1400 2414 di-

597 2636 893 2686 impossibilibus
907 2638 939 2684 ³⁸,
966 2637 1154 2674 concludit
1186 2637 1396 2675 veritatem.

589 2691 665 2728 duo
683 2690 784 2727 facit:
806 2690 895 2738 quia
915 2690 1015 2727 enim
1032 2691 1333 2738 argumentando
1349 2691 1399 2728 ad

331 2742 576 2792 impossibile,
596 2752 832 2793 processerat
851 2744 898 2780 ab
920 2743 1246 2780 enunciationibus
1261 2744 1310 2780 ad
1326 2756 1396 2791 res,

333 2804 368 2833 et
391 2796 467 2833 iam
485 2797 505 2817 ’¹‘
524 2804 739 2834 removerat
767 2796 1071 2833 inconvenientia
1095 2797 1192 2845 qu'ae
1218 2796 1315 2833 circa
1339 2809 1398 2834 res

331 2849 603 2899 sequebantur3
620 2863 732 2896 nunc,
750 2850 882 2887 ordine
894 2862 1079 2886 converso
1090 2850 1121 2896 ³²,
1132 2849 1257 2898 primo
1274 2857 1397 2886 osten-

333 2903 385 2940 dit
413 2904 570 2951 qualiter
598 2916 637 2940 se
666 2904 804 2940 habeat
831 2903 969 2940 veritas
991 2903 1088 2939 circa
1116 2915 1192 2949 res;
1214 2902 1395 2950 secundo,

333 2956 491 3005 qualiter
505 2970 544 2994 se
559 2957 697 2993 habeat
711 2956 849 2994 veritas
866 2956 993 2993 circa*
1009 2956 1310 3002 enunciationes;
1327 2956 1395 2993 ibi:

337 3011 463 3052 Quare
487 3011 665 3059 quoniam
695 3010 883 3047 orationes
905 3021 1019 3046 verae
1042 3011 1160 3046 sunt·
1191 3017 1258 3046 etc.
1287 3009 1397 3046 Circa

331 3063 500 3112 primum
521 3063 597 3100 duo
618 3063 721 3100 sacit:
748 3063 886 3112 primo,
908 3062 1071 3099 ostendit
1090 3062 1248 3111 qualiter
1270 3075 1310 3099 se
1330 3063 1395 3099 ha-

332 3117 446 3152 beant
463 3117 602 3153 veritas
623 3124 658 3153 et
677 3116 879 3165 necessitas
900 3116 997 3152 circa
1018 3128 1077 3152 res
1105 3116 1276 3153 absolute
1307 3127 1395 3152 con-

332 3169 528 3216 sideratas;
551 3169 731 3215 secundo,
753 3169 911 3218 qualiter
936 3181 975 3205 se
996 3169 1161 3205 habeant
1176 3168 1273 3205 circa
1294 3181 1357 3205 eas
1374 3170 1394 3188 ⁴‘

330 3234 399 3271 per
428 3222 752 3271 comparationem
782 3222 830 3259 ad
859 3234 927 3258 sua
961 3221 1151 3271 opposita3
1182 3221 1250 3258 ibi:
1280 3222 1332 3258 Et
1357 3221 1394 3258 in

332 3276 622 3313 contradictione
649 3275 778 3312 eadem
808 3276 903 3312 ratio
933 3281 987 3311 est
1003 3275 1023 3295 ’¹‘
1051 3282 1119 3311 etc.

387 3340 420 3365 2.
443 3329 541 3365 Dicit
570 3341 657 3376 ergo
686 3328 823 3378 primo,
852 3328 958 3377 quasi
988 3340 1031 3364 ex
1059 3327 1276 3376 praemissis
1305 3340 1393 3364 con-

93 2671 304 2719 ὶῶιεῂίνζιροπίὺἰιί-

92 2817 101 2825 '
112 2823 137 2837 1³:
150 2818 173 2837 et
181 2817 236 2843 quia
247 2816 303 2837 iam.

96 2870 104 2878 ·
114 2875 140 2890 A:
154 2869 190 2889 hic
195 2869 307 2896 procedit

93 2895 178 2916 ordine
207 2901 304 2916 conver-

92 2928 128 2943 so.
139 2933 148 2937 -
166 2927 209 2942 acu
229 2921 304 2943 omitt.

92 2954 152 2969 nunc
169 2951 190 2968 et
205 2948 249 2969 hic.

94 2976 101 2983 ·
113 2981 138 2995 ,ιε
158 2974 260 3001 qualiter
278 2980 305 2995 se

94 3001 196 3021 habeant
203 3007 242 3021 res
257 3001 303 3022 cir-

94 3030 183 3074 f‘sss:
194 3060 216 3079 4.

95 3194 105 3203 ⁸
116 3199 195 3214 ιιι-Λα
207 3200 265 3215 rese
274 3200 303 3215 a:

95 3225 123 3240 ea
139 3220 187 3245 (Cf.
199 3227 221 3241 n.
233 3224 262 3247 3).

94 3300 103 3307 '
115 3298 184 3319 Num.
194 3303 214 3325 3.

385 3448 413 3483 α)
434 3450 594 3481 Impossibile
618 3454 657 3475 est
680 3455 726 3475 etc.
752 3451 787 3475 Ita
807 3451 880 3475 codd.
904 3455 930 3475 et
952 3451 1010 3475 edd.
1030 3450 1217 3475 Ven.-Editio
1237 3450 1327 3475 Piana:
1346 3450 1395 3476 im-

328 3485 452 3515 possibile
468 3485 530 3509 dum
545 3489 597 3514 est,
617 3485 684 3510 illud
701 3486 780 3510 simul
794 3491 840 3510 etc.
857 3486 956 3510 Revera
970 3486 1033 3510 illud
1048 3486 1110 3511 dum
1125 3489 1164 3511 est
1178 3485 1338 3518 superfluum
1357 3486 1394 3510 vi-

334 3519 415 3549 detur,
435 3520 494 3551 quia
512 3521 681 3552 praemittitur
699 3521 722 3545 si
740 3521 843 3553 aliquid
862 3525 908 3550 est,
929 3521 1109 3553 etlapponitur
1121 3521 1212 3550 simul,
1227 3521 1291 3546 sicut
1306 3529 1394 3546 revera

1460 756 1585 796 *Igitur
1608 767 1674 788 esse
1698 757 1787 798 quod
1811 764 1874 796 est,
1898 759 2028 799 quando
2046 766 2107 798 est,
2123 767 2154 791 et
2171 770 2238 790 non
2262 770 2328 791 esse
2351 761 2441 802 quod
2463 771 2530 792 non

1528 808 1584 840 est,
1609 802 1738 842 quando
1762 811 1829 832 non
1853 808 1910 841 est,
1935 813 2060 834 necesse
2084 811 2144 835 est:
2169 805 2224 835 sed
2242 814 2309 835 non
2329 813 2425 836 omne
2440 807 2530 847 quod

1528 853 1584 885 est,
1609 855 1735 881 necesse
1759 853 1805 878 est
1828 856 1906 884 esse,
1931 857 1988 878 nec
2012 857 2108 878 omne
2132 849 2221 889 quod
2242 858 2309 879 non
2328 856 2384 888 est,
2404 860 2530 881 necesse

1528 897 1574 921 est
1597 901 1663 921 non
1688 898 1771 921 esse:
1796 901 1863 921 non
1888 890 1974 921 enim
1998 891 2083 922 idem
2100 900 2156 931 est,
2173 903 2271 923 omne
2295 893 2384 934 quod
2407 901 2454 924 est
2476 904 2530 925 ne-

1528 935 1661 966 cessario
1686 946 1763 973 esse,
1784 936 1914 976 quando
1939 942 1995 974 est,
2020 943 2051 967 et
2074 936 2257 977 simpliciter
2276 947 2343 967 esse
2366 947 2404 968 ex
2422 948 2530 969 neces-

1527 980 1626 1011 sitate.
1650 980 1800 1011 Similiter
1823 987 1931 1011 autem
1955 987 1985 1011 et
2007 981 2040 1011 in
2065 991 2103 1012 eo
2127 982 2216 1022 quod
2239 991 2306 1012 non
2329 988 2385 1013 est.

1460 1025 1500 1055 Et
1523 1024 1556 1055 in
1581 1024 1828 1056 contradictione
1851 1025 1963 1056 eadem
1979 1026 2059 1056 ratio
2079 1033 2134 1057 est.
2154 1027 2231 1058 Esse
2246 1026 2378 1067 quidem
2397 1026 2448 1057 vel
2463 1037 2530 1059 non

1527 1079 1594 1100 esse
1618 1079 1715 1100 omne
1738 1079 1864 1100 necesse
1889 1076 1949 1107 est;
1974 1077 2004 1101 et
2027 1070 2172 1102 futurum
2197 1081 2263 1102 esse
2284 1071 2335 1101 v'el
2353 1081 2420 1102 non
2444 1079 2530 1110 esse;

1526 1124 1593 1144 non
1616 1121 1722 1145 tamen
1747 1114 1901 1154 contingit
1924 1114 2117 1146 dividentem
2141 1116 2242 1147 dicere
2265 1115 2399 1146 alterum
2422 1126 2531 1148 neces-

1527 1159 1655 1189 sarium.
1680 1159 1760 1189 Dico
1784 1165 1903 1198 autem,
1927 1166 1964 1190 ut
1987 1169 2112 1190 necesse
2135 1167 2182 1191 est
2204 1160 2334 1201 quidem
2358 1170 2425 1191 esse
2444 1160 2531 1192 futu-

1527 1214 1600 1234 rum
1630 1204 1750 1234 bellum
1778 1204 1887 1235 navale
1916 1214 1982 1234 cras
2014 1204 2065 1234 vel
2088 1215 2155 1235 non
2185 1205 2330 1236 futurum
2361 1213 2444 1236 esse:
2475 1206 2529 1236 sed

1527 1259 1593 1279 non
1617 1249 1762 1279 futurum
1786 1258 1852 1279 esse
1881 1258 1947 1280 cras
1971 1249 2091 1279 bellum
2114 1250 2224 1280 navale
2248 1259 2373 1280 necesse
2404 1257 2450 1281 est
2479 1250 2530 1280 vel

1526 1304 1603 1330 non,
1624 1293 1768 1324 futurum
1792 1301 1878 1333 esse;
1903 1294 2048 1324 futurum
2076 1301 2184 1325 autern
2211 1294 2261 1325 vel
2290 1304 2356 1325 esse
2383 1294 2434 1325 vel
2462 1304 2529 1326 non

1527 1349 1594 1369 esse
1618 1348 1743 1369 necesse
1768 1345 1822 1370 est.

1459 1384 1565 1421 Quare
1589 1383 1743 1424 quoniam
1767 1383 1909 1414 similiter
1931 1383 2090 1414 orationes
2113 1393 2204 1414 verae
2227 1390 2301 1414 sunt
2319 1384 2529 1425 quemadmo-

1526 1428 1605 1458 dum
1629 1434 1659 1458 et
1681 1437 1740 1466 res,
1765 1428 1969 1458 manifestum
1993 1435 2039 1459 est
2061 1428 2216 1469 quoniam
2239 1438 2461 1469 quaecumque
2485 1428 2530 1459 sic

1525 1482 1558 1502 se
1581 1472 1698 1502 habent
1721 1478 1757 1502 ut
1780 1472 1964 1503 utrumlibet
1983 1472 2054 1511 sint,
2072 1480 2102 1505 et
2121 1473 2276 1504 contraria
2291 1473 2436 1513 ipsorum
2453 1483 2528 1504 con-

1524 1517 1657 1556 tingant,
1681 1526 1807 1547 necesse
1831 1523 1877 1548 est
1900 1517 2042 1548 similiter
2065 1527 2098 1548 se
2116 1517 2230 1550 habere
2254 1524 2285 1548 et
2308 1517 2528 1549 contradictio—

1525 1571 1610 1592 nem.
1636 1561 1735 1599 Quod
1758 1561 1912 1601 contingit
1934 1561 1967 1592 in
1990 1562 2039 1592 his
2062 1572 2144 1603 quae
2168 1572 2235 1593 non
2254 1572 2379 1602 semper
2397 1569 2481 1600 sunt,
2497 1569 2531 1593 et

1525 1617 1591 1637 non
1615 1616 1740 1647 semper
1758 1616 1824 1636 non
1841 1613 1924 1637 sunt.
1950 1606 2078 1636 Horum
2094 1607 2179 1637 enim
2195 1616 2321 1637 necesse
2337 1613 2383 1637 est
2398 1606 2528 1637 alteram

1525 1658 1647 1692 partem
1666 1650 1922 1682 contradictionis
1945 1660 2053 1681 veram
2077 1661 2144 1682 esse
2167 1651 2217 1681 vel
2239 1650 2368 1690 falsam,
2392 1660 2459 1681 non
2483 1657 2528 1681 ta—

1525 1707 1599 1727 men
1622 1696 1685 1727 hoc
1707 1696 1758 1727 vel
1780 1696 1860 1727 illud
1890 1696 1944 1726 sed
1975 1695 2178 1734 utrumlibet,
2209 1702 2240 1727 et
2266 1695 2366 1736 magis
2397 1695 2529 1737 quidem

1525 1741 1655 1772 alteram
1677 1751 1802 1779 veram,
1826 1751 1893 1771 non
1916 1747 2024 1772 tamen
2047 1741 2112 1771 iam
2134 1750 2242 1771 veram
2264 1740 2315 1771 vel
2338 1740 2466 1772 falsam:

1458 1796 1555 1827 quare
1571 1785 1776 1816 manifestum
1796 1791 1842 1816 est
1860 1785 2015 1826 quoniam
2034 1795 2100 1816 non
2120 1792 2166 1816 est
2181 1795 2307 1816 necesse
2324 1785 2430 1816 omnis
2445 1784 2530 1816 affir-

1524 1830 1674 1861 mationis
1699 1837 1729 1861 et
1756 1829 1932 1870 negationis
1959 1829 2181 1870 oppositarum
2211 1830 2292 1860 hanc
2321 1830 2452 1871 quidem
2475 1839 2526 1860 ve-

1523 1885 1602 1914 ram,
1626 1875 1713 1906 illam
1735 1885 1811 1905 vero
1836 1874 1947 1905 falsam
1970 1884 2046 1905 esse.
2073 1875 2185 1915 Neque
2209 1874 2294 1906 enim
2317 1874 2528 1915 quemadmo—

1523 1921 1603 1950 dum
1625 1920 1658 1950 in
1682 1919 1731 1950 his
1754 1929 1836 1960 quae
1855 1926 1946 1958 sunt,
1972 1919 2015 1950 sic
2035 1929 2067 1949 se
2086 1929 2134 1950 res
2153 1919 2247 1950 habet
2266 1919 2360 1950 etiam
2380 1925 2411 1950 et
2428 1919 2462 1949 in
2477 1918 2528 1949 his

1523 1975 1605 2006 quae
1628 1975 1695 1995 non
1718 1971 1810 2002 sunt,
1834 1963 2037 2004 possibilibus
2063 1970 2170 1994 tamen
2194 1974 2260 1994 esse
2282 1964 2333 1994 vel
2356 1974 2424 1994 non
2447 1973 2526 2002 esse,

1522 2010 1577 2040 sed
1601 2009 1878 2050 quemadmodum
1901 2009 2022 2040 dictum
2045 2015 2101 2040 est.

1457 2106 1540 2134 visim
1562 2106 1718 2142 loquamur
1731 2114 1792 2133 non
1807 2114 1923 2133 necesse
1938 2111 1980 2133 est
1994 2114 2056 2133 rem
2071 2114 2133 2133 esse
2147 2105 2285 2138 absqute,
2301 2104 2374 2133 sicut
2394 2113 2456 2132 non
2473 2112 2529 2133 ne·

1456 2155 1535 2174 cesse
1556 2152 1599 2174 est
1620 2155 1681 2174 rem
1696 2146 1825 2174 absolute
1840 2154 1900 2173 non
1915 2154 1985 2173 esse.
2000 2161 2022 2167 —
2035 2154 2064 2180 4.
2081 2145 2157 2180 Quia
2171 2154 2240 2182 ergo
2259 2144 2474 2181 propositiones
2494 2154 2527 2173 se

1456 2186 1563 2214 habent
1584 2186 1621 2214 ad
1635 2185 1784 2214 veritatem
1799 2185 1873 2213 sicut
1893 2194 1938 2213 res
1959 2186 1996 2213 ad
2018 2194 2080 2213 esse
2102 2191 2131 2213 et
2145 2185 2182 2213 ad
2197 2194 2254 2213 non
2268 2193 2341 2218 esse,
2357 2184 2435 2212 idem
2449 2183 2524 2212 iudi-

1456 2226 1533 2254 cium
1559 2226 1710 2254 ferendum
1736 2231 1779 2254 est
1799 2226 1835 2254 de
1856 2225 1974 2253 veritate
1996 2232 2024 2253 et
2045 2224 2213 2253 necessitate
2238 2224 2475 2262 propositionum
2495 2224 2525 2253 in

1455 2265 1673 2302 comparatione
1688 2266 1725 2294 ad
1739 2275 1839 2294 earum
1850 2265 2008 2302 oppositas,
2024 2266 2105 2302 quod
2119 2271 2161 2293 est
2175 2266 2211 2293 de
2226 2264 2344 2293 veritate
2359 2271 2387 2292 et
2401 2264 2525 2293 necessi-

1455 2312 1512 2334 tate
1530 2315 1626 2334 rerum
1641 2314 1693 2342 per
1707 2305 1956 2342 comparationem
1966 2306 2003 2333 ad
2014 2314 2113 2333 earum
2124 2304 2305 2342 oppositas·
2317 2305 2342 2333 5.
2356 2303 2523 2336 Concluh‘o.

1454 2347 1522 2374 Non
1548 2352 1591 2374 est
1611 2354 1727 2373 necesse
1753 2345 1783 2373 in
1804 2344 1887 2373 omni
1912 2354 2016 2382 genere
2037 2342 2266 2373 affirmationum
2287 2351 2315 2372 et
2335 2344 2523 2382 negationum

1455 2385 1655 2422 oppositarum
1676 2386 1796 2413 alteram
1810 2385 2002 2413 determinate
2017 2394 2079 2413 esse
2100 2394 2198 2413 veram
2220 2391 2248 2413 et
2268 2385 2388 2413 alteram
2409 2385 2521 2413 falsam.

1454 2478 1621 2525 cludens,
1643 2478 1748 2527 quod
1768 2477 1797 2514 si
1816 2477 2009 2527 praedicta
2038 2485 2125 2515 sunt
2143 2477 2460 2525 inconvenientia,
2480 2485 2523 2515 ut

1452 2531 1591 2568 scilicet
1619 2531 1749 2568 omnia
1769 2543 1814 2567 ex
1842 2531 2062 2568 necessitate
2089 2531 2276 2578 eveniant,
2298 2539 2448 2580 oportet
2467 2530 2521 2569 di-

1453 2597 1538 2621 cere
1566 2584 1616 2621 ita
1635 2597 1675 2621 se
1694 2584 1835 2621 habere
1865 2585 1964 2621 circa
1983 2597 2060 2631 res,
2081 2584 2220 2621 scilicet
2239 2584 2345 2633 quod
2371 2596 2487 2621 omne
2501 2585 2522 2606 '³

1452 2637 1558 2686 quod
1596 2645 1651 2674 est
1682 2649 1836 2674 necesse
1867 2645 1922 2674 est
1950 2650 2031 2674 esse
2060 2638 2211 2685 quando
2240 2644 2312 2684 est,
2340 2644 2376 2673 et
2404 2649 2519 2674 omne

1452 2690 1558 2739 quod
1585 2702 1664 2726 non
1693 2697 1748 2726 est
1775 2702 1930 2726 necesse
1966 2698 2021 2726 est
2048 2703 2127 2727 non
2156 2702 2237 2727 esse
2262 2690 2412 2738 quando
2441 2702 2520 2727 non

1452 2750 1518 2780 est.
1540 2744 1589 2780 Et
1615 2743 1710 2780 haec
1738 2742 1940 2779 necessitas
1969 2743 2147 2780 fundatur
2175 2755 2289 2792 super
2315 2743 2391 2780 hoc
2417 2743 2518 2792 prin-

1452 2795 1611 2845 cipium;
1632 2795 1865 2844 Impossibile
1892 2802 1947 2832 est
1970 2796 2083 2833 simul
2110 2808 2188 2833 esse
2215 2801 2251 2833 et
2277 2808 2351 2833 non
2372 2808 2468 2833 esse:
2487 2796 2518 2833 si

1452 2849 1554 2886 enim
1583 2849 1724 2898 aliquid
1745 2855 1810 2895 est,
1831 2849 2064 2898 impossibile
2085 2857 2141 2886 est
2159 2855 2176 2870 α
2195 2849 2286 2886 illud
2306 2849 2424 2886 simul·
2438 2862 2517 2887 non

1451 2915 1550 2948 esse;
1577 2915 1665 2950 ergo
1694 2914 1849 2939 necesse
1879 2909 1934 2939 est
1958 2910 2048 2939 tunc
2075 2902 2166 2940 illud
2195 2914 2288 2939 esse.
2315 2903 2418 2940 Nam
2446 2902 2517 2941 im-

1449 2955 1628 3004 possibile
1648 2968 1726 2992 non
1747 2967 1829 2992 esse
1849 2955 1952 2992 idem
1972 2955 2157 3004 significat
2186 2955 2218 2992 ei
2239 2955 2345 3005 quod
2374 2963 2429 2993 est
2451 2968 2516 2993 ne-

1451 3021 1554 3046 cesse
1576 3021 1668 3055 esse,
1689 3016 1731 3045 ut
1749 3008 1787 3045 in
1807 3009 1977 3046 Secundo
1997 3010 2016 3030 *
2036 3009 2190 3046 dicetur.
2219 3009 2267 3045 Et
2286 3008 2465 3056 similiter,
2485 3009 2516 3047 si

1450 3061 1590 3110 aliquid
1618 3074 1698 3098 non
1719 3068 1789 3108 est,
1811 3061 2043 3111 impossibile
2079 3069 2134 3099 est
2162 3061 2253 3099 illud
2281 3061 2394 3099 simul
2415 3074 2514 3108 esse;

1450 3127 1539 3162 ergo
1568 3127 1722 3151 necesse
1759 3122 1814 3151 est
1842 3127 1920 3152 non
1950 3127 2048 3161 esse,
2077 3115 2165 3164 quia
2195 3115 2308 3152 etiam
2336 3115 2440 3152 idem
2468 3114 2515 3152 si-

1448 3168 1627 3216 gnificant
1651 3166 1679 3204 Ρ.
1710 3168 1760 3204 Et
1786 3167 1874 3204 ideo
1909 3168 2106 3206 manifeste
2144 3180 2283 3205 verum
2319 3175 2375 3205 est
2410 3167 2516 3218 quod

1449 3233 1564 3258 omne
1594 3220 1699 3270 quod
1728 3228 1783 3257 est
1810 3233 1965 3258 necesse
1995 3229 2050 3258 est
2079 3234 2160 3258 esse
2189 3221 2343 3270 quando
2373 3228 2448 3268 est;
2479 3228 2516 3258 et

1449 3287 1563 3311 omne
1598 3273 1703 3323 quod
1740 3286 1818 3311 non
1854 3282 1909 3311 est
1938 3287 2092 3312 necesse
2129 3282 2185 3312 est
2212 3287 2291 3311 non
2329 3286 2411 3311 esse
2442 3285 2513 3323 pro

1447 3327 1509 3364 illo
1534 3335 1706 3376 ternpore
1727 3328 1747 3347 ⁴*
1767 3327 1921 3376 quando
1942 3340 2020 3364 non
2041 3335 2112 3365 est:
2134 3335 2171 3364 et
2188 3328 2284 3364 haec
2303 3334 2358 3364 est
2385 3338 2513 3363 neces-

1503 3448 1528 3484 β)
1550 3450 1620 3480 Quia
1638 3450 1718 3475 etiam
1738 3450 1807 3475 idem
1826 3450 1986 3483 significant.
2013 3450 2076 3475 Vult
2093 3450 2233 3482 Angelicus
2259 3449 2342 3474 dicere
2360 3449 2430 3482 quod
2449 3449 2515 3475 sicut

1449 3485 1607 3517 impossibile
1625 3489 1664 3511 est
1683 3493 1734 3511 non
1753 3493 1808 3511 esse
1826 3486 1895 3510 idem
1914 3485 2038 3518 significat
2055 3493 2088 3511 ac
2106 3492 2208 3511 necesse
2225 3487 2265 3510 est
2277 3491 2347 3513 esse;
2365 3484 2398 3508 ita
2417 3484 2513 3516 impos-

1448 3521 1522 3546 sibile
1537 3524 1578 3546 est
1594 3528 1650 3546 esse
1664 3521 1732 3546 idem
1752 3520 1876 3552 significat
1895 3529 1923 3546 ac
1938 3528 2040 3546 necesse
2058 3524 2098 3546 est
2115 3527 2167 3546 non
2186 3519 2358 3545 esse-Codd
2376 3519 2435 3544 AD:
2451 3520 2513 3552 quia

333 3559 372 3577 est
390 3555 585 3586 apponendum,
604 3561 632 3579 ut
646 3556 813 3587 repugnantia
828 3556 892 3581 inter
906 3563 960 3581 esse
974 3561 999 3580 et
1014 3563 1135 3582 non-esse
1148 3556 1174 3581 in
1186 3556 1273 3589 aliquo
1287 3556 1396 3581 identico
1448 3556 1497 3581 hoc
1515 3556 1595 3581 etiam
1616 3556 1685 3581 {dem
1704 3556 1877 3590 significat.—-
1890 3556 1969 3581 BCE:
1988 3556 2051 3588 quta
2069 3556 2133 3581 haec
2156 3555 2237 3580 etiam
2258 3554 2327 3579 idem
2348 3554 2511 3587 signficant.

333 3588 448 3613 subiecto
466 3590 551 3614 valere
570 3590 652 3622 possit
670 3597 694 3614 et
714 3589 840 3615 affirmari.

1449 3592 1519 3616 Haec
1537 3591 1627 3616 ultima
1647 3591 1721 3616 lectio
1740 3591 1802 3616 mihi
1821 3591 1904 3624 magis
1918 3591 2011 3616 arridet
2028 3598 2107 3623 quam
2126 3590 2204 3615 Pinna
2217 3594 2243 3614 et
2255 3589 2365 3614 aliorum
2384 3590 2459 3614 codd.

2559 772 2568 781 ·
2579 771 2633 800 Seq.
2645 777 2664 793 c.
2676 777 2710 792 tx.

2548 2592 2557 2601 ¹
2567 2597 2594 2613 a:
2609 2593 2637 2613 ut
2651 2597 2730 2614 omne.

2545 3013 2554 3022 ·
2564 3019 2620 3036 am
2629 3021 2635 3036 :
2655 3014 2762 3047 secundo

2544 3039 2668 3114 Ὲζωῆῗ·
2677 3041 2759 3089 ‘emt

2643 3171 2658 3206 β

2544 3312 2551 3320 ·
2565 3318 2579 3333 Α
2596 3311 2682 3334 omittit
2704 3317 2755 3340 pro

2542 3338 2583 3359 iuo
2597 3340 2709 3366 tempore.
