2548 4192
192 272 238 297 CX

194 352 208 366 »
231 339 410 375 Franciae‚
443 342 472 367 et
495 337 535 367 de
551 336 692 376 pecunia
724 334 938 374 aedificaretis
963 333 1070 362 omnia
1095 332 1164 361 loca
1183 329 1262 370 fra-

194 395 208 410 »
231 388 316 413 trum
348 382 622 412 Praedicatorum.
656 379 696 409 Et
726 378 811 408 idem
845 377 881 407 fr.
906 377 1050 406 Thomas
1082 374 1261 414 respondit:

194 440 209 454 »
232 427 271 457 In
297 428 430 457 veritate
438 426 516 465 plus
531 425 641 455 vellem
660 423 923 462 Clvysostomum
939 430 1036 460 super
1050 419 1262 449 Matthaeum.

194 484 208 499 w
232 472 319 502 Haec
344 481 361 500 a
384 469 493 500 multis
518 475 547 499 et
570 467 678 497 multis
703 465 860 506 praefatus
880 464 966 494 testis
986 462 1263 505 (Bartholomaeus

194 528 209 543 »
232 512 424 556 Logotheta)
450 512 605 543 audivisse
626 521 657 541 se
678 510 765 547 dixit,
787 516 816 539 et
836 508 1009 548 specialiter
1032 518 1050 537 a
1074 507 1110 537 fr.
1127 507 1263 537 Nicolao

194 572 209 587 »
233 560 271 589 de
294 559 461 589 Malasorte
486 557 523 586 de
554 554 688 594 Neapoli
713 553 892 584 consiliario
922 552 1017 591 Regis
1045 552 1263 589 Francorum,

194 616 209 631 »
232 603 288 644 qui
313 602 412 633 fuerat
435 599 584 631 scholaris
613 598 686 628 dicti
717 597 803 628 testis
839 604 869 627 et
898 596 1040 636 specialis
1058 596 1209 633 '‚amicus;
1234 602 1264 625 et

195 660 209 675 »
231 647 359 677 veniens
383 644 518 675 nuncius
542 643 579 672 ab
605 643 718 672 eodem
733 642 818 680 Rege
833 641 1030 671 Francorum
1047 640 1087 670 ad
1108 640 1264 670 illustrem

194 704 209 719 »
232 690 408 729 Principem
423 687 601 718 Dominum
624 687 744 725 Regem
763 684 918 715 Carolum
941 685 967 714 Π
993 684 1070 714 dixit
1091 684 1154 714 hoc
1178 684 1263 714 dicto

194 748 208 763 »
232 734 300 765 testi
324 734 356 763 in
380 739 459 763 terra
490 742 513 761 s.
531 730 697 767 Germani;
729 735 759 759 et
783 729 860 759 dixit
896 729 985 769 quod
1014 729 1076 759 hoc
1107 735 1172 758 erat
1194 728 1263 758 vul-

194 792 207 806 »
231 778 343 818 gariter
366 784 396 807 et
418 775 508 816 quasi
533 774 744 805 communiter
767 780 882 804 notum
906 773 1041 803 Parisiis.
1056 786 1071 800 »

257 822 307 852 Ad
331 822 464 851 latinam
488 819 578 859 quod
600 818 710 849 attinet
737 818 920 849 huiusmodi
946 818 1168 848 Homiliarum
1194 826 1263 847 ver-

189 868 327 903 sionem,
353 874 416 905 qua
439 863 582 894 Thomas
606 863 639 892 in
671 872 767 903 opere
799 873 858 893 suo
883 862 1080 893 contexendo
1105 872 1182 891 usus
1206 868 1263 899 est,

190 921 256 941 non
275 909 405 948 ambigit
418 907 564 938 laudatus
584 907 786 938 doctissimus
800 906 1062 938 Montfauconius
1077 906 1165 936 illam
1180 915 1263 943 esse,

190 964 286 996 quam
317 953 460 984 Anianus
492 951 643 982 confecit:
668 952 812 982 Anianus
843 951 914 990 ille,
939 951 1122 982 Celedensis
1149 950 1263 981 Diaco-

189 1009 307 1036 conus,
331 997 386 1038 qui
410 995 650 1036 Diospolitanae
674 996 806 1037 Synodo
838 995 995 1034 interfuit,
1019 995 1181 1036 librosque
1205 1005 1263 1035 pro

189 1042 358 1073 adserenda
381 1040 500 1071 haeresi
523 1040 690 1080 Pelagiana
721 1040 861 1081 scripsit,
886 1050 921 1070 ac
951 1040 1081 1070 indubie
1105 1039 1264 1070 Homilias

190 1094 310 1127 septem
335 1084 579 1126 Chrysosthomi
602 1085 653 1114 De
677 1085 826 1116 laudibus
848 1094 874 1115 s.
890 1085 985 1115 Pauli
1007 1085 1152 1124 Apostoli
1169 1083 1264 1114 latine

188 1130 355 1162 transtulit.
371 1129 540 1167 Quaeritur
563 1139 659 1168 porro
681 1136 791 1160 utrum
811 1129 970 1159 Homilias
985 1138 1097 1159 omnes
1122 1128 1265 1159 eiusdem

131 1182 140 1185 Α
190 1174 375 1206 sanctissimi
404 1174 461 1203 viri
489 1173 521 1203 in
546 1173 743 1204 Matthaeum
766 1173 843 1204 latio
869 1173 1032 1204 donaverit
1055 1173 1123 1211 ille,
1149 1183 1188 1203 an
1213 1183 1264 1203 eas

189 1227 313 1251 tantum
328 1226 400 1249 octo
425 1227 506 1258 quae
533 1217 636 1247 adhuc
660 1225 831 1258 supersunt
851 1218 902 1248 vel
921 1218 1027 1258 plures
1051 1217 1193 1258 quidem,
1209 1218 1264 1247 sed

189 1275 255 1295 non
278 1260 455 1294 universas?
478 1262 525 1292 Re
543 1263 730 1293 accuratius
747 1272 910 1303 perpensa
930 1260 988 1304 (ait
1001 1261 1263 1292 Montfauconius

188 1309 221 1339 in
245 1307 440 1338 Praefatione
461 1306 511 1337 cit.
527 1306 554 1347 ξ.
570 1305 616 1348 ν.)
636 1306 726 1337 illum
751 1317 861 1338 omnes
884 1308 1013 1337 omnino
1040 1306 1264 1347 Chrysostomi

187 1353 351 1384 Homilias
375 1353 407 1382 in
432 1351 632 1381 Matthaeum
658 1351 758 1382 latine
781 1352 986 1388 convertisse,
1013 1352 1047 1381 ni
1059 1350 1182 1391 fallor,
1207 1351 1261 1381 de-

182 1397 351 1438 prehendi.
377 1397 459 1426 Inter
488 1395 579 1435 plura
611 1395 771 1426 rationum
799 1401 982 1433 momenta,
1006 1395 1096 1436 quod
1119 1394 1262 1435 sequitur

189 1442 415 1472 animadverte:
439 1441 543 1470 Divus
571 1440 708 1470 Thomas
729 1441 891 1480 Aquinas,
917 1441 972 1480 qui
995 1445 1060 1470 tam
1085 1439 1260 1480 magnifica

188 1487 274 1517 hunc
299 1485 570 1516 Commentarium
595 1484 691 1515 laude
714 1484 885 1515 celebravit
900 1507 907 1515 .
924 1506 932 1515 .
948 1507 956 1514 .
982 1484 1036 1514 ubi
1057 1484 1144 1514 hunc
1168 1483 1260 1514 Com-

189 1531 381 1561 mentarium
407 1530 516 1570 legere
532 1534 696 1569 potuerat,
718 1530 780 1559 nisi
803 1530 835 1559 in
859 1529 981 1563 Aniani
1004 1529 1161 1565 versione,
1177 1538 1261 1568 quae

189 1581 266 1606 tunc
290 1584 355 1605 una
368 1573 571 1615 serebatur?
593 1573 634 1603 Et
656 1573 787 1603 latinam
817 1573 948 1614 quidem
974 1572 1171 1610 versionem,
1196 1582 1261 1613 qua

189 1620 352 1657 utebatur,
376 1618 473 1648 veluti
497 1618 641 1648 vitiosam
670 1617 828 1657 redarguit
850 1617 1012 1648 Thomas:
1037 1627 1073 1648 ac
1096 1617 1259 1647 Anianum

189 1673 263 1694 sane
294 1663 326 1693 in
357 1673 414 1693 sua
437 1661 639 1692 translatione
671 1672 784 1702 parum
808 1661 938 1692 feliciter
961 1661 1167 1702 processisse,
1194 1671 1260 1692 ma-

188 1708 335 1748 ximeque
359 1707 517 1737 incassum
541 1716 633 1746 saepe
656 1706 750 1736 verba
769 1706 998 1746 multiplicare,
1023 1713 1054 1737 et
1077 1706 1261 1737 circuitione

188 1762 284 1782 usum
308 1762 343 1782 ea
367 1751 510 1791 pluribus
525 1750 691 1781 enunciare
706 1760 788 1791 quae
803 1757 949 1790 poterant
971 1751 1096 1781 brevius
1121 1758 1152 1781 et
1175 1761 1262 1781 corn-

188 1796 317 1827 modius
348 1795 502 1833 exhiberi,
532 1795 662 1825 adnotat
690 1805 782 1835 saepe
812 1795 959 1826 laudatus
989 1795 1261 1826 Montfauconius.

188 1843 231 1871 At
244 1841 402 1871 Anianam
425 1840 506 1870 hanc
529 1839 708 1869 versionem
732 1849 812 1870 num
834 1839 979 1870 Thomas
999 1840 1175 1870 adhibuerit
1195 1850 1263 1880 gra-

187 1885 355 1915 vissimum
378 1883 491 1924 ingerit
513 1883 591 1913 mihi
617 1883 752 1914 dubium
777 1884 915 1914 enormis
940 1884 1158 1925 discrepantia,
1183 1893 1264 1925 quae

189 1929 222 1959 in
247 1928 407 1960 sententiis
431 1929 469 1958 ab
494 1928 608 1958 eodem
627 1927 757 1958 Thoma
779 1928 931 1968 decerptis
946 1936 1085 1970 apparet.
1101 1929 1266 1959 Nonnulla

191 1973 332 2004 conferre
356 1973 426 2003 loca
449 1979 603 2012 praestat,
636 1972 890 2013 latissimumque
915 1973 1071 2004 lectorum
1095 1973 1196 2004 oculis
1221 1973 1266 2003 di-

189 2017 324 2048 scrimen
348 2017 510 2048 subiicere.

227 2107 284 2137 Ex
302 2106 423 2136 Aniani
442 2105 588 2135 versione
605 2105 693 2145 apud

310 2149 603 2190 Montfauconium.

216 2238 338 2269 Homil.
353 2249 378 2268 1.
392 2250 406 2265 α
416 2238 503 2268 Num
511 2237 589 2277 quid
597 2245 706 2277 posset

189 2293 256 2314 esse
280 2282 410 2323 aequale
434 2281 483 2311 his
516 2288 581 2311 tam
612 2282 705 2312 bonis

188 2325 329 2358 nunciis?
344 2327 430 2357 Deus
442 2325 474 2355 in
488 2325 587 2363 terris,
603 2326 704 2356 homo

187 2371 221 2401 in
245 2371 354 2402 coelo:
381 2370 462 2401 facta
486 2377 532 2400 est
555 2370 703 2401 omniurn

189 2425 254 2446 una
268 2414 469 2456 permixtio...
486 2414 561 2444 Erat
578 2424 703 2446 cernere

190 2459 359 2500 antiquum
389 2465 516 2499 repente
548 2459 703 2498 praelium

189 2504 415 2534 dissolutum...
436 2503 543 2533 Deum
566 2503 703 2533 homini-

189 2549 249 2579 bus
271 2546 519 2585 reconciliatum,
540 2547 705 2578 diabolum

188 2602 264 2623 vero
292 2591 464 2623 confusum
479 2614 487 2621 .
498 2613 505 2622 .
516 2613 523 2621 .
534 2614 541 2622 .
567 2598 704 2622 mortem

190 2642 399 2677 peremptam,
417 2635 599 2676 paradisum
616 2646 704 2676 aper-

189 2688 293 2712 tum...
310 2681 440 2718 Quae...
456 2679 626 2720 Evangelia
646 2690 702 2711 no-

189 2725 366 2763 minantur,
390 2734 456 2755 non
481 2731 606 2755 tantum
629 2724 704 2765 quia

187 2769 279 2800 firma
299 2776 373 2800 sunt
392 2779 427 2799 ac
441 2768 568 2809 penitus
586 2768 703 2799 immo-

189 2814 274 2851 bilia,
290 2822 449 2854 supraque
469 2819 610 2843 nostram
627 2813 703 2844 emi-

190 2857 297 2888 nentia
320 2857 522 2897 dignitatem;
551 2857 606 2887 sed
629 2858 704 2898 quia

192 2912 266 2932 cum
276 2902 366 2932 omni
381 2901 476 2932 etiam
491 2900 637 2932 facilitate
647 2911 705 2932 no-

190 2946 238 2976 bis
258 2946 374 2977 donata
407 2952 490 2976 sunt.
510 2946 586 2976 Non
619 2945 705 2976 enim

189 2990 350 3020 laboribus
383 2989 497 3020 nostris
526 2996 620 3030 atque
653 3000 704 3020 su-

191 3034 331 3072 doribus,
347 3044 413 3064 non
429 3033 594 3064 doloribus
609 3041 639 3064 et
653 3044 702 3064 ae-

189 3078 329 3115 rumnis;
349 3078 403 3108 sed
426 3088 482 3118 per
504 3078 563 3108 Dei
586 3077 619 3108 in
644 3088 704 3109 nos

190 3122 414 3152 tantummodo
448 3122 607 3152 caritatem
638 3130 704 3153 tam

189 3165 318 3205 grandia
337 3166 413 3196 haec
427 3166 583 3206 promissa
601 3177 703 3197 susce-

190 3209 307 3250 pimus.
326 3223 341 3237 ⁷>

234 3253 356 3284 Homil.
368 3263 396 3284 2.
421 3267 435 3282 ‹<
448 3255 523 3284 Non
537 3254 631 3294 igitur
641 3255 702 3285 exi-

189 3308 252 3337 gua
267 3305 296 3328 te
311 3298 416 3339 aliqua
432 3298 570 3338 opineris
585 3299 704 3338 audire,

190 3352 263 3372 cum
285 3338 366 3373 hanc
391 3342 626 3382 generationem
650 3353 704 3374 au-

189 3386 236 3416 dis
247 3386 393 3424 edisseri,
414 3387 468 3417 sed
496 3394 596 3418 totam
618 3387 650 3418 in
674 3395 704 3419 te

188 3437 328 3461 mentem
356 3441 485 3471 prorsus
518 3432 703 3463 exsuscita...

188 3474 296 3515 Usque
310 3475 388 3505 adeo
407 3475 492 3506 enim
510 3475 595 3506 istud
611 3476 703 3507 mira-

188 3517 250 3548 bile
262 3525 331 3555 erat
350 3526 380 3550 et
393 3519 472 3550 nulli
490 3526 561 3550 ante
577 3530 706 3561 prorsus

190 3561 366 3593 auditum...
379 3563 478 3594 Valde
489 3564 605 3595 etenim
616 3565 704 3595 audi-

188 3614 221 3634 re
231 3604 369 3636 mirabile
381 3614 436 3646 est,
444 3608 532 3647 quod
542 3608 705 3640 ineffabilis

779 2106 834 2136 Ex
847 2108 999 2137 continua
1014 2107 1224 2147 Expositione

791 2160 847 2181 seu
866 2151 989 2182 Catena
1003 2152 1034 2182 d.
1051 2152 1199 2182 Thomae.

792 2239 827 2269 In
838 2239 969 2270 Praefat.
989 2253 1004 2268 -x
1017 2240 1268 2281 Chrysostomus

751 2282 784 2312 in
804 2283 915 2314 homil.
938 2295 1033 2324 super
1051 2285 1266 2315 Matthaeum:

751 2327 839 2364 Quid
850 2328 936 2358 enim
945 2328 994 2359 his
1005 2329 1097 2359 bonis
1111 2329 1267 2360 nunciatis

750 2370 804 2402 fiat
827 2371 981 2412 aequale?
1007 2373 1094 2404 Deus
1118 2373 1150 2404 in
1175 2380 1266 2411 terra,

749 2416 850 2446 homo
874 2416 906 2447 in
927 2417 1030 2456 coelo,
1054 2417 1193 2449 amicitia
1207 2418 1266 2448 Dei

750 2460 790 2490 ad
818 2468 960 2492 nostram
990 2461 1071 2493 facta
1098 2469 1264 2501 naturam,

750 2505 911 2544 prolixum
934 2506 1078 2537 solutum
1097 2507 1264 2547 praelium,

752 2548 897 2580 diabolus
908 2550 1071 2590 confusus,
1081 2561 1168 2582 mors
1179 2551 1264 2582 solu-

751 2599 792 2630 ta,
804 2594 966 2632 paradisus
985 2603 1121 2636 apertus.
1134 2596 1174 2626 Et
1188 2595 1265 2626 haec

751 2637 860 2667 omnia
885 2649 979 2678 supra
998 2639 1184 2679 dignitatem
1207 2650 1264 2670 no-

749 2687 845 2712 stram
866 2690 896 2713 et
913 2693 987 2714 cum
1007 2683 1153 2715 facilitate
1172 2684 1264 2714 nobis

751 2725 822 2756 data
844 2733 934 2758 sunt:
959 2738 1025 2758 non
1045 2728 1121 2769 quia
1143 2728 1265 2758 labora-

750 2769 874 2809 vimus,
906 2771 961 2802 sed
984 2772 1059 2813 quia
1086 2772 1189 2803 dilecti
1214 2782 1264 2803 su-

751 2824 823 2844 mus
847 2825 865 2845 a
889 2815 968 2847 Deo.
988 2829 1002 2844 »

794 3256 873 3297 Cap.
890 3267 914 3287 1.
939 3270 952 3284 a<
965 3256 1215 3298 Chrysostomus
1227 3259 1259 3290 in

752 3300 874 3332 Homil.
890 3302 955 3332 Nec
979 3309 1084 3332 tamen
1099 3312 1194 3342 parva
1213 3313 1262 3334 ae-

751 3344 858 3376 stimes
868 3352 898 3376 te
913 3346 1030 3384 audire,
1042 3346 1122 3377 hanc
1132 3347 1264 3378 audiens

749 3390 1000 3429 generationem:
1017 3397 1063 3421 est
1077 3390 1163 3422 enim
1173 3392 1263 3423 valde

751 3433 860 3464 auditu
880 3434 1033 3473 mirabile,
1051 3436 1140 3476 quod
1158 3436 1263 3467 ineffa-

750 3477 821 3508 bilis
844 3478 931 3509 Deus
961 3489 997 3509 ex
1023 3479 1154 3511 muliere
1178 3481 1263 3512 nasci

752 3522 897 3562 dignatus
913 3529 969 3561 est,
980 3529 1011 3554 et
1023 3523 1136 3556 habere
1151 3535 1262 3566 proge-

750 3566 868 3598 nitores
878 3567 980 3598 David
995 3574 1025 3598 et
1034 3568 1205 3600 Abraham.
1220 3583 1234 3598 x·

917 250 1377 291 DISSERTATIONES
1407 251 1657 288 CRITICAE

1316 330 1436 360 Deus...
1444 340 1501 370 per
1512 331 1649 370 Virginis
1660 331 1699 360 ad
1714 341 1773 361 nos
1784 341 1835 361 ve-

1317 374 1363 404 nit
1378 381 1515 413 uterum,
1528 382 1558 405 et
1568 375 1634 405 fieri
1650 385 1686 405 ex
1701 375 1834 406 muliere

1317 418 1463 458 dignatus
1488 426 1548 458 est,
1574 426 1604 449 et
1630 419 1743 450 habere
1763 430 1836 460 pro—

1317 463 1474 502 genitores
1485 463 1588 493 David
1598 470 1629 494 et
1639 463 1831 494 Abraham.»

1363 507 1485 538 Homil.
1515 509 1542 538 3.
1579 521 1593 535 «
1607 508 1710 538 Simul
1740 508 1835 538 etiam

1316 550 1397 581 illud
1411 551 1485 591 agit,
1495 558 1531 582 ut
1546 552 1691 582 ostendat
1710 562 1834 590 omnes,

1317 595 1404 635 ipsos
1413 606 1544 636 quoque
1555 596 1773 636 progenitores
1782 606 1834 626 eo—

1318 649 1401 677 rum,
1422 640 1566 670 subditos
1582 651 1648 670 esse
1663 641 1832 680 peccatis...

1318 683 1416 722 Urget
1430 684 1517 714 enim
1531 684 1683 723 Thamar,
1700 684 1833 715 fornica-

1317 727 1441 757 tionem
1460 728 1527 758 eius
1547 739 1706 759 accusans.
1731 729 1836 759 David

1318 781 1449 812 quoque
1469 772 1678 802 Salomonem
1701 783 1738 803 ex
1762 783 1832 803 mu-

1318 815 1411 854 liere,
1437 826 1518 856 quae
1541 816 1587 846 illi
1613 816 1714 847 fuerat
1747 817 1835 847 adul-

1318 860 1396 889 terio
1421 859 1539 898 iuncta,
1563 861 1710 900 suscepit.
1737 861 1836 898 Quod

1318 903 1343 933 si
1359 914 1377 933 a
1392 904 1515 944 magnis
1534 904 1595 934 illis
1615 905 1773 935 custodita
1786 905 1836 935 lex

1319 958 1384 978 non
1405 956 1462 987 est,
1487 949 1591 979 multo
1611 949 1719 989 potius
1739 959 1757 979 a
1775 949 1834 979 mi-

1319 993 1460 1023 noribus.
1481 993 1514 1024 Si
1534 1003 1608 1033 ergo
1629 1004 1695 1024 non
1711 1001 1757 1024 est
1776 993 1834 1023 im-

1318 1037 1403 1077 pleta
1422 1038 1481 1076 lex,
1501 1048 1613 1068 omnes
1634 1038 1744 1079 utique
1764 1049 1834 1079 pec—

1319 1089 1479 1120 caverunt,
1504 1090 1535 1113 et
1558 1082 1731 1113 necessaria
1755 1082 1836 1114 facta

1319 1133 1365 1156 est
1380 1126 1497 1157 Christi
1516 1127 1701 1167 praesentia.
1717 1140 1731 1154 »

1359 1171 1482 1202 Homil.
1489 1182 1520 1211 4.
1539 1185 1553 1199 «
1563 1172 1739 1213 Postquam
1748 1171 1834 1210 dixit,

1318 1216 1408 1255 quod
1429 1223 1509 1247 esset
1529 1226 1565 1246 ex
1592 1216 1710 1256 Spiritu
1726 1223 1834 1246 sancto

1317 1266 1348 1290 et
1371 1260 1490 1301 absque
1519 1261 1585 1291 ulla
1610 1261 1763 1291 mixtione
1787 1271 1833 1291 se-

1315 1314 1428 1342 xuum,
1438 1315 1620 1335 sermonem
1631 1316 1727 1336 suum
1738 1312 1833 1336 etiam

1315 1348 1443 1379 aliunde
1468 1349 1679 1380 confirmat....
1699 1350 1747 1380 Ne
1776 1360 1834 1390 pu-

1315 1399 1395 1423 tares
1410 1393 1604 1434 discipulum
1619 1392 1836 1436 (Matthaeum

1315 1436 1554 1480 evangelistam)
1575 1438 1666 1479 quasi
1685 1438 1836 1478 gratifica-

1314 1487 1385 1511 tum
1403 1482 1554 1521 Magistro
1574 1482 1633 1513 ista
1652 1482 1833 1523 confingere

1314 1525 1487 1557 introducit
1508 1527 1623 1567 Ioseph
1638 1537 1676 1557 ex
1698 1527 1736 1557 iis
1751 1537 1833 1569 quae

1314 1580 1425 1610 passus
1458 1577 1505 1601 est
1534 1570 1632 1602 fidem
1656 1570 1746 1602 dictis
1777 1582 1833 1612 per

1313 1621 1427 1645 cuncta
1450 1614 1627 1646 facientem.
1642 1628 1657 1643 »

1360 1659 1491 1690 Ibidem.
1523 1673 1537 1687 «
1563 1660 1687 1691 lustum
1716 1660 1768 1691 hic
1800 1660 1833 1690 in

1315 1703 1405 1734 omni
1428 1704 1543 1735 virtute
1572 1704 1647 1735 dicit
1673 1715 1740 1735 esse
1764 1715 1833 1746 per—

1317 1748 1446 1779 fectum.
1465 1749 1522 1779 Est
1536 1748 1622 1779 enim
1637 1749 1756 1780 iustitia
1766 1759 1835 1790 spe-

1317 1792 1402 1823 cialis
1417 1793 1575 1834 quaedam
1591 1800 1621 1824 et
1633 1803 1670 1824 ex
1685 1800 1772 1834 parte
1786 1794 1834 1824 iu-

1318 1836 1411 1876 stitia,
1435 1837 1581 1868 avaritiae
1601 1837 1679 1868 vitio
1704 1848 1770 1868 non
1792 1845 1836 1869 te-

1318 1882 1402 1912 neri:
1428 1889 1474 1912 est
1497 1892 1573 1912 vero
1597 1882 1715 1913 iustitia
1739 1883 1835 1914 altera

1319 1926 1472 1966 generalis
1484 1949 1492 1965 ,
1531 1937 1613 1967 quae
1647 1937 1683 1957 ex
1717 1927 1838 1958 cunctis

1320 1970 1455 2001 omnino
1479 1970 1648 2011 perficitur.
1666 1984 1680 1999 »

1358 2015 1434 2046 lbid.
1450 2028 1464 2042 «
1475 2015 1666 2047 Consideras
1677 2023 1758 2047 certe
1768 2026 1838 2047 mo-

1322 2059 1455 2090 destiam
1479 2070 1514 2091 ac
1534 2060 1748 2091 maturitatem
1767 2061 1835 2099 viri,

1322 2114 1388 2134 non
1403 2105 1504 2135 modo
1520 2115 1586 2135 non
1601 2105 1726 2145 punivit
1736 2105 1836 2136 aliun-

1323 2149 1361 2179 de
1371 2149 1545 2189 gravidam,
1553 2150 1607 2180 sed
1617 2159 1675 2180 nec
1686 2149 1837 2190 cuiquam

1322 2193 1477 2224 moeroris
1497 2194 1545 2224 sui
1565 2204 1694 2225 causam
1717 2194 1836 2233 retexit,

1322 2248 1361 2268 ne
1385 2237 1430 2268 illi
1462 2238 1594 2279 quidem
1627 2238 1687 2279 ipsi
1711 2240 1749 2270 de
1773 2249 1837 2280 qua

1918 508 1996 538 lbid.
2016 521 2030 536 «
2043 508 2208 549 Chrysost.
2224 507 2257 537 in
2275 506 2397 537 Homil.

1881 552 1958 583 Post
1978 553 2041 583 hoc
2062 559 2258 583 monstratur
2285 561 2398 582 omnes

1882 597 2039 627 obnoxios
2062 597 2157 627 fuisse
2177 596 2326 637 peccatis:
2351 595 2397 625 in-

1881 647 1941 671 stat
1963 641 2049 671 enim
2068 642 2210 672 Thamar
2231 640 2398 671 fornicatio

1881 685 1994 715 ludam
2018 696 2168 716 accusans
2180 709 2188 724 ,
2209 692 2240 716 et
2258 685 2362 716 David
2380 694 2398 714 a

1881 728 2033 760 fornicata
2043 730 2175 760 muliere
2185 729 2295 770 genuit
2310 729 2398 759 Salo-

1879 783 2022 804 monem.
2032 774 2064 804 Si
2072 781 2180 804 autern
2189 784 2207 804 a
2217 773 2340 813 magnis
2350 773 2399 803 lex

1882 827 1949 847 non
1965 824 2011 848 est
2025 818 2166 858 impleta,
2182 828 2240 849 nec
2260 828 2277 848 a
2294 818 2398 847 mino-

1881 861 1985 891 ribus:
2007 869 2038 892 et
2056 863 2100 892 sic
2119 872 2232 892 omnes
2249 872 2398 902 peccave-

1881 912 1973 943 runt,
1998 912 2029 936 et
2052 906 2226 936 necessaria
2249 906 2330 938 facta
2353 912 2399 936 est

1882 949 1999 980 Christi
2022 950 2208 990 praesentia.
2222 963 2238 978 »

1927 1171 2058 1202 Ibidem.
2083 1184 2097 1199 «
2111 1171 2276 1213 Chrysost.
2285 1171 2318 1202 in
2328 1171 2397 1202 Ho-

1882 1215 1948 1246 mil.
1975 1215 2062 1247 Cum
2086 1215 2213 1247 dixisset
2231 1216 2397 1256 Evangeli-

1880 1267 1946 1299 sta,
1975 1260 2065 1301 quod
2089 1270 2126 1290 ex
2149 1260 2268 1301 Spiritu
2288 1267 2397 1292 sancto

1880 1311 1911 1335 et
1925 1304 1991 1335 sine
2012 1305 2184 1335 concubitu
2203 1304 2332 1336 inventa
2351 1311 2398 1336 est

1881 1349 1914 1379 in
1938 1356 2029 1380 utero
2058 1349 2196 1387 habens;
2225 1359 2264 1380 ne
2288 1359 2398 1390 suspe-

1883 1401 1971 1424 ctum
1989 1394 2104 1424 habeas
2124 1393 2242 1424 Christi
2261 1393 2398 1434 discipu-

1883 1438 1973 1477 lum,
2002 1438 2093 1479 quasi
2117 1438 2246 1478 grandia
2274 1438 2313 1469 de
2337 1448 2397 1469 suo

1879 1483 2030 1523 Magistro
2050 1482 2235 1523 fingentem,
2253 1482 2396 1514 introdu-

1880 1527 1922 1558 cit
1941 1527 2068 1568 loseph,
2088 1537 2144 1567 per
2166 1537 2203 1558 ea
2226 1537 2308 1568 quae
2326 1537 2397 1568 pas-

1879 1581 1932 1602 sus
1948 1578 1994 1602 est
2016 1571 2056 1602 ad
2075 1570 2173 1602 fidem
2188 1581 2302 1602 eorum
2316 1581 2398 1613 quae

1883 1615 1965 1646 dicta
1979 1622 2054 1647 sunt
2068 1615 2294 1647 conferentem.
2312 1628 2328 1643 2»

1926 1659 2057 1691 Ibidem.
2083 1673 2098 1688 «
2110 1659 2319 1701 Chrysost.in
2329 1660 2398 1691 Ho—

1880 1704 1947 1735 mil.
1972 1704 2036 1735 Sed
2057 1704 2223 1735 sciendum
2241 1704 2332 1745 quod
2349 1704 2398 1736 iu-

1882 1755 1969 1779 stum
1983 1749 2034 1779 hic
2048 1749 2229 1780 virtuosum
2245 1748 2279 1780 in
2294 1748 2398 1780 omni—

1882 1794 1941 1823 bus
1965 1793 2048 1824 dicit.
2081 1794 2138 1824 Est
2166 1793 2253 1824 enim
2281 1793 2400 1825 iustitia

1883 1837 2026 1878 specialis
2050 1838 2220 1879 quaedam,
2243 1845 2278 1869 ut
2301 1837 2399 1869 avasi-

1881 1882 1958 1913 tiam
1987 1892 2054 1912 non
2082 1882 2216 1913 habere:
2249 1889 2280 1913 et
2302 1882 2399 1914 altera

1885 1926 2070 1957 universalis
2093 1926 2203 1958 virtus.
2218 1939 2232 1954 ιο

1922 2016 1999 2047 lbid.
2026 2029 2040 2043 «
2053 2015 2217 2057 Chrysost.
2227 2015 2260 2046 in
2273 2015 2397 2047 Homil.

1882 2061 2019 2092 Notatur
2051 2060 2147 2091 etiam
2181 2060 2397 2092 mansuetudo

1885 2105 2017 2145 Ioseph,
2042 2105 2118 2146 quia
2141 2105 2221 2136 nulli
2245 2105 2399 2136 enarravit

1883 2159 1975 2181 suam
1999 2149 2228 2190 suspicionem,
2251 2158 2356 2190 neque
2370 2149 2399 2180 ei

1883 2203 1966 2235 quae
1985 2201 2131 2234 suspecta
2145 2200 2230 2232 erat;
2249 2193 2305 2224 sed
2318 2193 2351 2224 in
2366 2203 2399 2224 se

1884 2238 2051 2279 cogitabat.
2065 2251 2080 2266 2»

1322 2292 1398 2313 eum
1417 2282 1557 2323 suspicio
1582 2283 1766 2321 mordebat;
1781 2284 1836 2314 sed

1321 2336 1431 2358 secum
1454 2327 1522 2368 ipse
1546 2335 1604 2359 etc.
1623 2341 1637 2355 >>

1389 2415 1469 2446 Satis
1492 2417 1570 2448 haec
1593 2427 1752 2458 superque
1777 2425 1862 2456 sunt,
1882 2425 1918 2448 ut
1939 2417 2092 2448 versionis
2112 2416 2277 2458 utriusque
2301 2416 2398 2447 maxi-

1320 2469 1408 2490 mam
1432 2461 1556 2492 noverit
1574 2461 1673 2493 lector
1691 2461 1953 2502 discrepantiam;
1976 2472 2011 2492 ac
2026 2461 2124 2502 ingeri
2139 2471 2234 2502 posse
2249 2471 2315 2492 non
2330 2461 2398 2492 leve

1320 2504 1456 2535 dubium
1480 2505 1643 2547 intelligat,
1664 2517 1744 2537 num
1760 2507 1883 2537 Aniana
1897 2506 2042 2537 versione
2058 2516 2135 2537 usus
2155 2505 2248 2537 fuerit
2271 2516 2296 2536 s.
2308 2505 2397 2537 Tho-

1320 2547 1410 2579 mas?
1434 2550 1595 2591 Equidem
1619 2551 1846 2582 admonentem
1871 2551 2051 2582 audivimus
2075 2550 2184 2591 ipsum
2205 2550 2238 2580 in
2262 2549 2397 2591 epistola

1320 2593 1359 2623 ad
1383 2594 1550 2625 Urbanum
1570 2595 1744 2632 Quartum:
1768 2596 1937 2626 Interdum
1962 2606 1979 2626 a
2003 2605 2036 2626 se
2054 2596 2196 2635 positum
2211 2604 2340 2625 sensum
2360 2603 2396 2624 ac

1320 2638 1416 2668 verba
1441 2639 1585 2676 dimissa,
1604 2641 1782 2680 praecipue
1806 2641 1838 2670 in
1853 2640 2052 2670 Homiliario
2069 2639 2302 2680 Chrysostomi‚
2316 2647 2396 2679 pro-

1313 2686 1390 2721 pter
1407 2682 1467 2713 hoc
1480 2683 1566 2723 quod
1580 2689 1628 2714 est
1641 2684 1812 2715 translatio
1830 2685 1954 2715 vitiosa.
1979 2685 2022 2714 At
2041 2683 2073 2713 in
2089 2682 2189 2714 allatis
2207 2682 2297 2721 locis,
2312 2691 2395 2723 quae

1320 2725 1433 2756 collata
1456 2733 1540 2766 sunt,
1564 2727 1689 2758 Aniana
1712 2728 1873 2758 translatio
1898 2727 1959 2758 dici
1983 2726 2114 2768 quidem
2138 2727 2318 2757 redundans
2336 2736 2395 2767 po-

1319 2776 1389 2808 test,
1414 2770 1546 2801 minime
1570 2773 1704 2802 vitiosa:
1727 2782 1762 2803 ac
1782 2779 1941 2812 praeterea
1962 2771 2143 2803 testimonia
2159 2770 2395 2812 Chrysostomi‚

1319 2823 1401 2854 quae
1426 2815 1552 2846 adhibet
1576 2815 1828 2856 frequentissime
1853 2817 2017 2854 Thomas,
2042 2825 2109 2846 non
2132 2815 2315 2854 interdum,
2340 2815 2395 2846 sed

1319 2858 1438 2898 passim
1461 2866 1531 2890 tum
1555 2860 1687 2891 vocibus
1711 2860 1826 2899 latinis,
1850 2868 1921 2892 tum
1943 2870 2062 2891 vocum
2086 2859 2196 2890 ordine
2221 2860 2259 2890 ab
2283 2859 2396 2890 eadem

1320 2902 1497 2943 discrepant
1520 2903 1636 2934 Aniani
1660 2905 1822 2943 versione;
1846 2912 1883 2936 ut
1906 2905 1987 2936 hanc
2011 2905 2069 2935 sub
2094 2904 2206 2934 oculos
2230 2904 2316 2935 haud
2339 2904 2394 2934 ha-

1319 2946 1424 2977 buisse
1447 2947 1590 2979 videatur
1612 2949 1774 2990 Aquinas,
1799 2950 1853 2980 sed
1877 2949 1972 2980 aliam
1996 2958 2078 2990 quae
2101 2958 2251 2989 graecum
2272 2954 2394 2980 textum

1319 2991 1456 3030 pressius
1480 2992 1520 3022 ad
1542 2992 1678 3023 litteram
1702 2993 1905 3034 exprimebat.
1931 2994 2099 3032 Quaenam
2123 3002 2198 3023 vero
2218 2992 2313 3024 fuerit
2334 2992 2394 3024 ista

1319 3041 1349 3065 et
1372 3045 1391 3065 a
1413 3046 1480 3077 quo
1504 3036 1647 3068 confecta
1670 3037 1907 3078 incompertum
1930 3038 2019 3069 mihi.

1381 3080 1585 3111 Mabillonius
1601 3081 1633 3112 in
1645 3081 1757 3112 Itinere
1767 3082 1875 3113 Italico
1890 3083 1930 3113 ad
1940 3092 2062 3113 annum
2078 3082 2159 3112 1686
2171 3081 2263 3113 refert
2272 3081 2306 3112 in
2316 3081 2391 3112 Flo-

1319 3123 1440 3154 rentina
1454 3135 1478 3155 s.
1488 3124 1599 3156 Crucis
1612 3125 1800 3157 bibliotheca
1815 3137 1847 3157 se
1867 3127 1980 3158 vidisse
1999 3141 2013 3155 α
2026 3126 2182 3158 Codicem
2196 3137 2221 3157 s.
2232 3126 2278 3158 lo.
2288 3125 2391 3167 Chry-

1322 3180 1336 3195 »
1359 3168 1493 3199 sostomi
1517 3169 1675 3201 Humilias
1698 3181 1770 3201 xxvi
1793 3171 1921 3202 Aniano
1948 3171 2136 3212 interprete,
2162 3171 2390 3212 subsequentes

1321 3224 1335 3240 »
1358 3222 1376 3242 a
1400 3212 1538 3253 Georgio
1558 3214 1774 3255 Trapezuntio
1793 3215 1825 3246 in
1840 3216 1975 3247 latinum
1990 3226 2093 3247 versas
2108 3215 2388 3256 complectentem:

1321 3268 1335 3284 ιν
1358 3262 1388 3287 et
1411 3257 1444 3288 in
1459 3257 1522 3288 alio
1542 3258 1650 3290 codice
1665 3259 1760 3290 aliam
1779 3260 1959 3291 versionem
1973 3261 2159 3292 earumdem
2173 3257 2389 3291 Homiliarum

1321 3313 1335 3328 >
1359 3299 1405 3343 (in
1429 3301 1640 3346 Matthaeum)
1665 3314 1754 3335 num.
1772 3315 1813 3345 90
1837 3315 1856 3335 a
1878 3305 2107 3345 Burgundione
2131 3304 2245 3342 iudice,
2267 3301 2388 3342 origine

1321 3357 1335 3372 »
1359 3345 1481 3386 pisano,
1507 3346 1621 3378 factam
1643 3348 1784 3379 Domino
1802 3349 1891 3390 Papa
1910 3350 2061 3391 Eugenio
2082 3349 2144 3380 III
2156 3349 2387 3390 praecipiente,

1321 3402 1336 3417 w
1359 3400 1445 3421 anno
1475 3391 1666 3423 Dominicae
1688 3393 1931 3425 Incarnationis
1959 3395 2031 3425 1151
2062 3394 2235 3426 indictione
2261 3402 2321 3431 xv,
2354 3392 2386 3422 in

1321 3446 1336 3461 ι»
1358 3434 1423 3465 kal.
1443 3435 1629 3474 decembris,
1645 3437 1691 3468 uti
1715 3437 1902 3478 Burgundio
1926 3439 1993 3480 ipse
2017 3439 2050 3470 in
2072 3438 2134 3469 fine
2160 3443 2306 3469 testatur:
2332 3435 2388 3476 qui

1321 3491 1335 3506 »
1359 3478 1418 3509 alia
1432 3486 1503 3510 tum
1526 3479 1761 3522 Chrysostomi‚
1778 3489 1848 3513 tum
1863 3483 1990 3514 Ioannis
2004 3481 2192 3514 Damasceni
2210 3480 2306 3511 latine
2320 3489 2387 3510 ver-

1321 3535 1335 3550 »
1359 3523 1404 3554 tit.
1417 3536 1432 3551 »
1455 3524 1565 3555 Tomo
1581 3525 1592 3555 l
1610 3526 1823 3566 amplissimae
1838 3527 2032 3559 collectionis
2049 3528 2189 3558 Martene
2211 3531 2241 3556 et
2254 3524 2387 3556 Durand

1318 3577 1388 3608 pag.
1406 3567 1470 3610 827
1490 3575 1611 3609 prostat
1633 3571 1796 3612 Prologus
1813 3572 2062 3613 Burgundionis
2084 3570 2199 3602 iudicis
2221 3570 2253 3600 in
2279 3574 2385 3600 trans·

1317 3612 1468 3643 lationem
1492 3622 1518 3644 s.
1534 3613 1668 3645 Ioannis
1694 3614 1917 3655 Chrysostomi
1941 3617 1974 3646 in
1995 3615 2169 3646 loannem:
2192 3613 2247 3644 ubi
2271 3613 2313 3643 ait
2333 3612 2384 3644 ille
