2548 4192
223 340 366 365 ccxxxu

223 407 390 438 dicativam
413 417 507 447 posse
530 407 657 437 reduci:
674 406 949 448 quemadmodum
968 412 998 436 et
1017 405 1218 435 indicativam
1241 415 1291 435 ex-

221 452 383 492 postulare
406 451 557 491 implicite
581 451 640 481 Dei
667 450 915 481 misericordiam
947 449 1121 489 poenitenti
1151 459 1290 479 necessa-

221 495 311 526 riam.
324 496 388 533 Qui
405 505 479 535 ergo
500 495 584 532 dicit,
604 495 735 532 dimitte,
754 495 880 531 relaxa,
899 493 1055 530 condona,
1074 493 1289 533 subintelligit,

216 550 280 581 per
303 548 374 571 me:
396 539 483 578 item,
508 538 703 579 complaceat
726 539 781 569 tibi
803 539 888 568 hunc
910 547 1038 568 servum
1072 542 1162 568 tuum
1196 538 1290 568 verbo

222 582 359 626 (supple,
376 582 458 626 meo)
482 584 580 620 solvi;
594 583 674 614 itaut
696 583 729 612 in
752 581 917 631 praedictis
941 581 1138 612 orationibus
1161 581 1290 612 iudicia-

222 628 302 658 riam
325 637 455 668 quoque
478 633 667 667 potestatem
691 626 823 656 exerceri
847 626 885 656 ab
910 626 1070 656 sacerdote
1094 635 1190 665 super
1212 636 1289 666 poe-

221 672 339 702 nitente
355 678 463 702 orante
485 671 558 701 satis
579 670 784 710 significetur:
797 679 827 700 2.
846 683 861 698 «
874 669 1055 707 Caeterum,
1072 670 1185 710 inquit,
1202 670 1289 710 ipsos

224 728 239 743 ›
260 715 355 746 etiam
388 715 523 746 Graecos
546 714 579 744 in
607 714 806 745 absolvendis
839 713 1074 754 poenitentibus
1107 713 1153 744 uti
1186 714 1289 745 forma

225 771 239 787 ›
259 759 364 799 aliqua
396 759 540 789 absoluta
573 765 603 789 et
629 758 815 797 indicativa,
847 768 884 788 ex
915 758 991 798 ipsis
1019 757 1137 788 Christi
1165 758 1288 798 verbis,

223 816 237 831 ιι
257 813 475 844 quaecumque
496 803 666 840 solveritis,
691 802 778 833 velut
805 802 935 842 proprio
960 808 990 832 et
1012 808 1144 842 paterno
1168 803 1288 833 semine

223 860 237 875 »
258 854 367 885 enata,
393 853 593 887 compertum
625 847 745 878 habeo.
760 870 768 878 .
782 869 790 877 .
808 846 894 877 Sicut
917 856 992 886 ergo
1017 846 1120 877 Latini
1148 847 1180 877 in
1209 847 1288 878 anti-

222 903 236 918 »
256 891 421 932 quioribus
444 891 609 922 ritualibus
633 889 812 934 (omnibus)
835 891 1037 921 indicativam
1060 890 1208 929 formam,
1238 891 1287 922 his

222 948 236 962 2»
256 935 368 974 verbis,
392 935 529 966 Absolvo
553 941 583 966 te
601 946 622 966 a
634 937 778 976 peccatis
801 936 884 973 tuis,
910 942 1097 975 conceptam
1124 943 1288 976 nequeunt

221 991 236 1006 ι
256 979 431 1018 ostendere,
450 990 550 1021 quam
565 986 671 1011 tamen
695 979 870 1010 successiva
887 979 1063 1010 traditionis
1082 980 1159 1010 serie
1178 981 1216 1010 ab
1233 991 1287 1011 an-

221 1036 235 1051 »
255 1023 352 1064 tiquis
375 1024 519 1054 Patribus
536 1024 691 1065 accepisse
715 1023 921 1064 profitentur:
945 1034 1055 1064 parem
1078 1024 1199 1063 Graeci,
1215 1025 1288 1056 licet

221 1080 235 1095 >
257 1068 379 1109 scriptis
402 1068 514 1099 nullibi
539 1069 814 1107 commendatam,
838 1078 894 1108 per
917 1078 1031 1099 manus
1054 1075 1161 1099 tamen
1184 1080 1202 1100 a
1225 1070 1287 1110 pri-

221 1124 235 1139 »
256 1112 344 1142 stinis
367 1113 498 1143 saeculis
522 1113 562 1143 ad
589 1113 666 1143 haec
690 1123 791 1153 usque
815 1119 960 1153 tempora
981 1112 1150 1144 deductam
1173 1114 1287 1145 habere

220 1168 235 1183 2·
255 1162 439 1197 potuerunt.
457 1157 575 1187 Forma
590 1164 696 1188 autem
716 1163 762 1187 est
777 1156 974 1195 huiusmodi,
990 1157 1105 1188 Habeo
1124 1163 1154 1188 te
1173 1159 1287 1189 condo-

220 1212 235 1227 »
256 1206 439 1232 natum....
462 1212 543 1242 quae
575 1202 670 1232 verba
702 1201 890 1232 Latinorum
922 1201 1136 1242 aequipollere
1166 1202 1287 1233 formae

220 1256 234 1271 ³
254 1244 323 1275 fuse
343 1245 538 1276 demonstrat
555 1246 724 1276 Arcudius.
738 1257 752 1272 ›
773 1246 860 1276 Haec
880 1245 918 1276 de
935 1255 967 1276 re
984 1246 1111 1276 uberius
1127 1247 1287 1286 agendum

215 1287 402 1329 insequente
424 1300 514 1320 num.
535 1291 562 1320 5.

285 1333 337 1364 lv.
355 1334 477 1371 Quarto
498 1333 654 1374 Opusculi
674 1332 774 1374 capite
792 1333 856 1373 agit
870 1333 1014 1374 Aquinas
1031 1334 1083 1364 De
1098 1345 1214 1366 manus
1230 1336 1286 1366 im-

209 1378 381 1417 positione,
407 1388 486 1409 num
510 1378 549 1409 sit
572 1378 610 1408 de
633 1378 815 1408 necessitate
838 1378 1042 1409 Sacramenti
1059 1379 1284 1411 Poenitentiae.

215 1421 271 1451 Ait
292 1429 386 1452 vero:
410 1423 484 1453 Non
518 1423 624 1453 minus
647 1423 818 1453 temerarie
849 1431 996 1452 asserere
1019 1425 1202 1463 praesumit
1230 1434 1284 1454 au-

216 1471 284 1496 ctor
305 1466 402 1497 libelli
431 1467 517 1507 quod
539 1467 695 1507 impositio
719 1475 835 1496 manus
857 1467 899 1496 sit
923 1466 963 1496 de
981 1468 1168 1498 necessitate
1189 1468 1286 1499 huius

216 1509 429 1542 sacramenti.
449 1510 581 1542 Obiecta
604 1510 756 1551 anonymi
782 1517 813 1540 et
835 1520 987 1550 responsa
1002 1510 1149 1541 Thomae
1165 1512 1282 1552 accipe.

216 1553 334 1585 Obiicit
349 1555 465 1595 primo,
486 1569 500 1583 α
520 1555 609 1595 quod
624 1557 765 1585 Actuum
783 1565 837 1584 vm
856 1551 898 1596 (v.
921 1553 973 1596 17)
991 1554 1120 1585 dicitur:
1138 1555 1284 1596 Impone-

218 1610 233 1624 »
254 1599 330 1629 bant
345 1609 461 1630 manus
478 1609 576 1649 super
592 1599 664 1629 illos
683 1604 713 1629 et
731 1598 927 1638 accipiebant
946 1599 1101 1640 Spiritum
1124 1606 1282 1631 sanctum.

217 1653 232 1668 2·
252 1645 295 1673 At
318 1643 371 1673 illa
393 1643 557 1683 impositio
590 1643 651 1673 fuit
681 1643 754 1673 loco
787 1642 979 1674 sacramenti
1011 1643 1284 1683 Confirmationis,

217 1697 232 1712 »
252 1688 342 1727 quod
360 1687 451 1718 datur
474 1697 530 1727 per
552 1687 687 1717 maiores
706 1687 877 1718 Ministros.
896 1687 1043 1718 Secundo
1060 1688 1179 1727 obiicit,
1195 1689 1285 1730 quod

216 1741 231 1756 ²
251 1731 400 1762 Matthaei
424 1730 548 1773 (Marci)
573 1732 628 1762 ult.
652 1729 695 1773 (v.
718 1729 770 1774 18)
794 1731 924 1763 dicitur.
949 1732 1054 1772 Super
1076 1743 1195 1774 aegros
1218 1744 1284 1764 ma-

216 1786 231 1801 »
254 1785 316 1806 nus
322 1777 487 1826 imponent
497 1782 555 1806 etc.
567 1776 628 1806 Sed
643 1776 705 1806 hoc
720 1782 766 1806 est
780 1775 960 1814 ridiculum;
971 1776 1046 1817 quia
1061 1787 1128 1807 non
1142 1777 1286 1818 loquitur

216 1831 230 1845 »
251 1820 289 1850 de
321 1820 526 1860 impositione
559 1819 795 1858 sacramentali,
829 1821 884 1851 sed
916 1820 956 1851 de
994 1821 1091 1861 signis
1123 1820 1284 1853 faciendis.

215 1874 230 1890 ι·
252 1864 361 1895 Tertio
386 1864 503 1902 obiicit,
528 1865 617 1905 quod
640 1863 838 1904 Augustinus
862 1864 937 1896 dicit
960 1863 1055 1907 (libro
1072 1866 1101 1896 X
1123 1866 1172 1897 De
1196 1866 1282 1898 civit.

215 1920 230 1934 »
251 1908 322 1946 Dei,
343 1908 443 1948 capite
461 1907 495 1951 v)
519 1909 609 1949 quod
625 1909 864 1940 Sacramentum
883 1919 985 1939 novae
1008 1909 1085 1949 legis
1102 1910 1194 1941 debet
1217 1921 1284 1942 esse

216 1965 230 1980 »
250 1954 380 1994 signum
397 1962 512 1984 sacrae
535 1954 584 1983 rei
602 1958 632 1984 et
642 1963 706 1993 per
725 1954 908 1984 naturalem
924 1954 1176 1992 similitudinem,
1195 1955 1284 1996 quod

215 2009 230 2024 ›
251 1997 289 2027 de
313 2007 373 2027 suo
397 1997 536 2036 addidit,
560 2007 616 2037 per
639 1997 701 2027 hoc
723 1997 834 2028 volens
858 1998 960 2028 dicere
990 1998 1079 2038 quod
1102 1999 1170 2029 sola
1190 2000 1284 2030 verba

214 2053 229 2068 2·
249 2051 316 2071 non
340 2041 459 2072 faciunt
491 2051 548 2072 nec
580 2041 747 2082 perficiunt
779 2042 1027 2073 Sacramentum.
1053 2042 1115 2073 Sed
1142 2050 1228 2083 patet
1250 2043 1283 2074 in

214 2098 228 2112 »
249 2085 339 2116 omni
362 2085 576 2124 Sacramenta,
601 2086 690 2126 quod
721 2086 815 2116 verba
838 2087 878 2117 ad
910 2086 1074 2117 materiam
1106 2087 1284 2118 accedentia

214 2143 229 2157 ι
248 2129 416 2170 perficiunt
438 2130 686 2161 Sacramentum.
714 2129 748 2159 In
782 2130 985 2162 Sacramento
1018 2131 1105 2161 enim
1133 2131 1283 2162 Euchari—

214 2187 230 2203 ι
250 2173 326 2205 stiae
349 2174 417 2204 sola
439 2174 544 2212 verba,
568 2174 690 2214 prolata
714 2184 809 2214 super
832 2175 996 2206 materiam
1025 2176 1281 2215 consecrandam,

214 2231 228 2246 ι
248 2217 414 2259 perficiunt
436 2218 685 2249 Sacramentum.
707 2218 742 2249 In
765 2218 929 2259 Baptismo
954 2219 1050 2250 etiam
1071 2220 1186 2258 verba,
1209 2230 1282 2261 pro-

213 2275 228 2290 »
249 2263 311 2293 lata
334 2272 429 2303 super
452 2272 568 2303 aquam
592 2269 716 2293 tantum
732 2273 799 2293 non
816 2263 935 2294 faciunt
951 2263 1210 2303 Sacramentum;
1226 2265 1282 2295 sed

213 2321 227 2336 »
248 2317 343 2347 super
375 2316 492 2348 aquam
524 2306 697 2338 adhibitam
724 2307 758 2337 in
781 2307 966 2347 Bapfisrno,
991 2307 1067 2349 quia
1098 2315 1204 2339 totum
1236 2316 1283 2340 est

212 2366 227 2380 »
246 2351 320 2382 loco
344 2351 501 2382 materiae.
528 2351 598 2391 Ipse
629 2358 737 2382 autem
765 2358 911 2392 peccator
941 2351 1094 2383 confitens
1123 2359 1170 2383 est
1201 2353 1282 2384 sicut

212 2411 227 2425 ⁷,
247 2396 377 2426 materia
409 2395 441 2425 in
474 2395 535 2426 hoc
558 2395 760 2426 Sacramento
785 2394 1045 2438 (poenitentiae):
1070 2397 1155 2427 unde
1186 2398 1281 2428 verba

213 2455 228 2470 ›
247 2439 457 2470 absolutionis
468 2449 562 2479 super
572 2449 646 2470 eum
662 2441 783 2480 prolata
798 2440 938 2471 efficiunt
951 2440 1163 2481 poenitentiae
1174 2441 1280 2473 Sacra-

212 2499 227 2514 »
247 2490 402 2514 mentum.
420 2483 543 2520 Quarto
558 2483 677 2522 obiicit,
693 2484 782 2525 quod
797 2484 910 2515 dicitur
924 2485 1073 2516 Matthaei
1089 2495 1139 2516 xix
1155 2483 1197 2527 (v.
1215 2484 1279 2528 13),

212 2543 227 2559 ι
248 2528 337 2569 quod
361 2528 458 2558 oblati
485 2533 561 2558 sunt
579 2529 724 2568 parvuli,
743 2533 778 2559 ut
803 2530 848 2559 eis
872 2539 988 2560 manus
1013 2530 1198 2570 imponeret.
1217 2530 1279 2561 Sed

212 2588 228 2603 ›
247 2573 310 2603 hoc
338 2582 405 2602 non
438 2578 542 2612 potest
574 2571 679 2602 referri
712 2573 751 2602 ad
784 2572 995 2612 poenitentiae
1028 2573 1278 2613 Sacramentum,

213 2632 228 2647 »
248 2617 338 2658 quod
361 2615 498 2657 sarvulis
521 2616 663 2656 impendi
687 2626 753 2646 non
770 2617 952 2647 consuevit:
970 2617 1067 2648 oblati
1083 2624 1157 2648 sunt
1172 2624 1279 2649 autem

212 2676 228 2691 ι
248 2661 287 2700 ei,
312 2667 348 2691 ut
370 2670 484 2691 manus
507 2660 686 2700 imponeret
707 2660 923 2691 benedicendo
947 2661 1123 2692 secundum
1147 2672 1279 2693 consue-

213 2720 228 2735 ,
247 2705 393 2737 tudinem
417 2704 618 2742 Iudaeorum,
640 2711 676 2735 ut
694 2704 769 2735 dicit
789 2704 953 2744 Remigius
970 2703 1068 2746 (alios
1091 2706 1280 2746 interpretes

213 2764 228 2779 a·
248 2748 404 2791 consule).
423 2749 545 2786 Quinto
562 2748 680 2788 obiicit,
698 2748 787 2789 quod
802 2748 916 2780 dicitur
929 2751 1070 2779 Actuum
1086 2759 1140 2779 vm
1155 2747 1197 2791 (it.
1215 2748 1277 2792 18):

214 2809 229 2824 »
251 2794 332 2825 Cum
362 2793 490 2825 vidisset
518 2793 648 2830 Simon,
673 2793 758 2834 quod
774 2803 838 2833 per
865 2794 1094 2833 impositionem
1123 2803 1277 2824 manuum

213 2853 228 2868 »
248 2838 474 2879 Apostolorum
498 2837 634 2868 daretur
656 2837 796 2878 Spiritus
818 2842 958 2868 sanctus.
984 2837 1056 2868 Hoc
1080 2843 1186 2868 autem
1210 2847 1278 2878 per-

212 2897 227 2911 »
248 2883 326 2914 tinet
349 2882 389 2912 ad
411 2881 652 2922 impositionem
685 2891 858 2919 manuum,
882 2891 963 2922 quae
986 2880 1022 2912 fit
1044 2881 1077 2911 in
1101 2881 1279 2912 Confirma-

213 2940 227 2955 ι
248 2927 345 2964 tione,
357 2933 392 2957 ut
403 2936 497 2966 supra
513 2925 634 2957 dictum
645 2932 699 2956 est.
712 2925 806 2956 Sexto
817 2925 925 2956 obiicit
935 2926 974 2956 ad
988 2925 1050 2955 hoc
1060 2925 1279 2957 auctoritatem

213 2985 227 3000 2·
249 2970 388 3011 magistri
413 2969 575 3001 Guillelmi
597 2969 736 3000 Alverni.
755 2969 820 3006 Qui
844 2979 884 3000 an
907 2969 969 3000 hoc
1001 2969 1130 3008 dixerit,
1154 2970 1278 3000 nescio:

213 3029 228 3044 »
248 3015 303 3046 sed
326 3015 391 3045 scio
416 3024 491 3045 eum
507 3024 574 3044 non
598 3013 694 3044 fuisse
710 3020 814 3044 tantae
837 3013 1040 3051 auctoritatis,
1057 3020 1093 3044 ut
1113 3013 1180 3044 eius
1195 3014 1279 3045 dicto

214 3073 228 3088 »
249 3059 397 3090 standum
421 3058 460 3089 sit
482 3058 515 3088 in
539 3064 624 3089 tanta
647 3065 699 3096 re;
714 3057 897 3098 praesertim
915 3067 990 3089 cum
1012 3057 1172 3089 Dominus
1187 3058 1280 3089 Petro

214 3117 229 3132 ι»
249 3109 438 3144 potestatem
470 3102 607 3133 clavium
630 3112 811 3143 exponens,
835 3111 902 3132 non
933 3101 1058 3132 dixerit:
1085 3102 1282 3143 Cuicumque

214 3160 229 3176 ι»
250 3157 366 3178 manus
389 3148 588 3186 imposueris,
613 3147 668 3177 sed
691 3146 911 3187 quodcumque
933 3146 1076 3177 solveris.
1090 3158 1104 3174 :o

280 3190 443 3222 Guillelmi
466 3190 593 3221 Alverni
614 3200 710 3231 opera
733 3196 876 3230 prostant
899 3190 981 3221 edita
998 3190 1153 3221 Aureliae
1171 3200 1213 3221 ex
1231 3196 1282 3231 ty·-

206 3235 392 3277 pographia
415 3235 452 3265 F.
473 3235 575 3266 Hotot
598 3233 690 3274 1674.
708 3235 811 3265 Verba
835 3234 902 3265 eius
926 3241 999 3265 sunt
1015 3234 1054 3265 de
1077 3234 1279 3266 Sacramento

214 3278 429 3311 Poenitentiae
453 3279 553 3319 capite
577 3286 626 3309 m:
647 3278 871 3309 ‹Poenitentia
896 3278 1008 3309 dicitur
1031 3278 1280 3317 Sacramentum,

215 3336 229 3351 ι
249 3324 324 3365 quia
348 3329 446 3354 sacrat
469 3329 563 3364 atque
587 3321 802 3353 sanctificat...
819 3329 850 3354 et
868 3322 943 3363 quia
965 3323 1060 3353 habet
1082 3322 1210 3362 signum
1233 3333 1281 3353 sa-

215 3381 230 3396 »
250 3378 338 3399 crans
362 3374 456 3408 atque
480 3366 686 3398 sanctificans.
703 3366 838 3406 Signum
861 3366 943 3405 dico,
964 3366 1204 3398 similitudinem
1226 3366 1281 3397 ha·

215 3424 228 3439 2
249 3413 326 3442 bens
350 3422 424 3442 cum
448 3411 516 3452 ipsa
539 3410 783 3442 sanctificatione
809 3410 958 3442 interiori.
985 3411 1099 3442 Manus
1123 3411 1209 3442 enim
1232 3421 1280 3441 sa-

215 3468 229 3482 »
251 3455 384 3487 cerdotis
408 3465 503 3496 super
532 3462 626 3496 caput
658 3454 848 3495 poenitentis
880 3465 1014 3485 manum
1046 3454 1187 3486 divinam
1215 3455 1281 3485 sive

215 3511 230 3526 »
250 3500 398 3530 virtutem
414 3500 521 3530 adesse
544 3499 696 3539 significat
720 3499 759 3530 ad
776 3498 1035 3530 sanctificandum
1051 3499 1277 3539 poenitentem.

215 3555 230 3569 ›
251 3543 420 3574 Absolutio
444 3550 550 3574 autem
571 3543 800 3574 sacerdotalis..
813 3543 1074 3574 ,absolutionem
1098 3543 1280 3574 interiorem

216 3598 230 3613 ›
251 3597 286 3617 ac
310 3587 533 3627 spiritualem..
546 3587 734 3627 .significat.
749 3599 763 3614 »
783 3588 909 3618 Locum
928 3587 1108 3627 diligentius
1128 3587 1279 3628 expende,

214 3640 280 3680 quo
314 3630 552 3670 impositionem
586 3641 700 3661 manus
731 3631 829 3661 veluti
862 3631 1069 3661 necessariam
1101 3631 1201 3662 evinci
1234 3631 1280 3662 di-

211 3674 289 3705 xerit
313 3684 422 3704 nemo.
447 3674 623 3714 Antiquam
656 3674 808 3714 anonymi
841 3674 1060 3714 opinationem
1087 3674 1279 3705 instaurasse

965 324 1424 364 DISSERTATIONES
1455 327 1702 364 CRITICAE

1345 405 1589 446 quodammodo
1612 405 1738 435 videtur
1761 404 1895 436 Carolus
1911 406 2034 437 Vitasse
2058 406 2096 436 de
2120 406 2322 437 Sacramento
2338 407 2418 437 Poe-

1345 449 1494 480 nitentiae
1510 455 1630 490 quaest.
1647 459 1689 487 L1,
1706 455 1762 479 art.
1779 459 1812 487 11,
1831 450 1932 481 concl.
1947 458 1989 480 v1:
2003 451 2160 487 Dicimus,
2179 451 2336 491 inquiens,
2352 461 2416 481 non

1345 494 1474 524 omnino
1507 494 1626 534 absque
1649 494 1718 524 veri
1750 495 1854 533 specie
1887 496 2116 534 impositionem
2149 505 2304 525 manuum
2337 495 2416 526 assi-

1343 539 1445 578 gnari
1456 547 1521 578 pro
1546 538 1691 578 legitima
1709 538 1846 568 materia
1866 539 2070 569 Sacramenti
2083 540 2302 570 Paenitentiae
2317 549 2415 580 quon-

1344 581 1418 612 dam
1436 583 1591 622 potuisse.
1611 582 1743 613 Vetusta
1765 581 1799 612 in
1822 582 1966 613 medium
1982 583 2101 623 profert
2116 584 2318 622 documenta,
2334 593 2418 624 quae

1344 626 1561 665 peccatoribus
1584 625 1617 655 in
1642 626 1742 656 stadio
1766 626 1978 666 poenitentiae
2001 627 2195 668 frequentius
2219 638 2333 658 manus
2356 628 2415 658 im-

1325 678 1327 680 ·
1343 669 1462 709 positas
1481 676 1634 700 enarrant.
1660 670 1756 701 Hunc
1774 670 1872 702 ritum
1890 671 2024 702 illustrat
2046 672 2191 702 Morinus
2208 672 2290 702 libro
2309 672 2351 703 VI
2366 673 2415 703 De

1343 713 1553 753 poenitentia,
1578 713 1678 754 capite
1697 724 1762 753 vm,
1779 714 1950 756 ipsumque
1969 715 2101 746 minime
2120 716 2274 755 pertinere
2297 716 2338 746 ad
2361 716 2415 747 Sa-

1343 763 1551 795 cramentum,
1567 757 1666 788 veluti
1688 765 1811 798 partem
1834 759 1977 789 eiusdem
1995 760 2191 790 materialem
2214 767 2245 791 et
2268 761 2413 791 essentia-

1342 801 1417 840 lem,
1438 801 1510 831 satis
1534 801 1647 832 evincit
1670 802 1856 833 Honoratus
1872 803 2079 834 Tournellius
2098 804 2131 834 in
2147 804 2414 835 Praelectionibus

1341 846 1390 876 De
1414 845 1616 876 Sacramento
1639 846 1865 885 Poenitentiae,
1889 854 2008 888 quaest.
2025 857 2060 878 11.
2079 854 2134 878 art.
2151 856 2199 879 m.

1408 890 1447 920 V.
1466 889 1592 920 Ioannis
1615 890 1754 920 Launoii
1786 900 1917 921 censura
1947 891 2092 922 immune
2119 902 2187 922 non
2210 892 2286 923 abiit
2308 902 2413 923 recen-

1342 933 1440 964 situm
1462 933 1560 964 sancti
1583 933 1730 964 Thomae
1747 934 1962 974 opusculum.
1979 935 2084 966 Pauca
2101 936 2206 974 verba,
2226 946 2308 976 quae
2323 937 2414 967 fami-

1341 978 1409 1008 liari
1432 978 1466 1008 in
1489 977 1652 1019 colloquio
1675 978 1787 1009 habuit
1810 979 1995 1010 Vincentius
2018 979 2117 1018 Baro,
2134 989 2245 1010 ansam
2261 980 2415 1012 dederunt

1341 1022 1479 1062 integrae
1501 1022 1793 1060 Animadversioni,
1811 1033 1894 1063 quae
1917 1033 2007 1054 num.
2027 1033 2067 1054 20
2082 1023 2196 1063 legitur
2218 1024 2252 1054 in
2271 1024 2415 1055 eiusdem

1341 1067 1478 1097 Launoii
1511 1066 1644 1107 epistola
1681 1067 1721 1097 ad
1752 1067 1956 1098 Ludovicum
1985 1067 2177 1098 Maraesium
2209 1068 2415 1108 parisiensem

1341 1111 1539 1151 theologum.
1571 1110 1720 1142 Censoris
1747 1111 1828 1142 dicta
1851 1111 1916 1142 sive
1939 1111 2066 1142 dicteria
2088 1112 2122 1142 in
2146 1112 2306 1143 Baronem
2324 1122 2414 1153 prae-

1341 1156 1480 1186 termitto
1504 1155 1632 1186 omnia:
1649 1165 1731 1196 quae
1755 1155 1854 1186 nimia
1877 1155 1998 1186 disserit
2020 1156 2072 1186 ille
2096 1156 2287 1187 confidentia
2306 1157 2413 1187 adver—

1341 1210 1395 1230 sus
1417 1200 1622 1240 Aquinatem,
1646 1209 1728 1230 voco
1753 1200 1792 1230 ad
1816 1209 1957 1231 examen.
1974 1200 2153 1231 Censuram
2175 1201 2299 1231 orditur
2321 1211 2414 1232 suam

1341 1243 1389 1274 his
1412 1243 1533 1274 verbis:
1564 1244 1686 1275 Beatus
1723 1245 1860 1275 Thomas
1891 1245 2124 1275 ecclesiasticae
2153 1246 2412 1284 controversiae,

1340 1298 1424 1329 quae
1446 1289 1531 1319 inter
1563 1298 1634 1319 eum
1668 1293 1699 1318 et
1729 1288 1889 1319 doctorem
1921 1298 2121 1329 anonymum
2155 1294 2246 1327 erat,
2276 1289 2412 1320 iudicem

1330 1332 1421 1373 facit
1443 1332 1645 1373 Scripturam
1669 1332 1770 1363 solam
1783 1355 1790 1363 .
1804 1355 1811 1363 .
1825 1355 1833 1363 .
1853 1333 2043 1373 Scripturae
2065 1334 2232 1374 iungenda
2261 1339 2334 1364 erat
2350 1334 2412 1364 Ec-

1340 1377 1457 1408 clesiae
1479 1377 1620 1408 traditio.
1648 1376 1712 1408 Sed
1735 1387 1805 1408 eam
1839 1378 1976 1418 iungere
2008 1387 2071 1408 non
2105 1378 2196 1408 licuit
2220 1387 2286 1418 per
2311 1387 2410 1408 unum

1339 1420 1443 1458 diem,
1474 1430 1567 1461 quem
1592 1422 1624 1452 in
1653 1420 1885 1461 confutandam
1914 1421 2054 1452 doctoris
2085 1423 2244 1463 anonymi
2265 1423 2412 1463 scriptio-

1340 1474 1411 1495 nem
1436 1466 1644 1505 insumpsit..
1657 1487 1664 1496 .
1685 1465 1725 1496 In
1753 1465 1910 1506 Opusculi
1936 1467 2033 1497 totius
2055 1466 2194 1497 decursu
2214 1467 2306 1497 nulla
2327 1476 2411 1497 com—

1334 1514 1432 1548 paret
1455 1509 1555 1540 ullius
1579 1509 1745 1540 Ecclesiae
1771 1510 1939 1541 traditio..
1952 1532 1961 1541 .
1979 1511 2159 1541 Ritualium
2184 1511 2352 1550 librorum,
2377 1512 2411 1542 in

1338 1553 1453 1593 quibus
1475 1553 1759 1584 Sacramentorum
1783 1554 1863 1584 ordo
1880 1555 2062 1594 praescribi
2092 1555 2192 1594 solet,
2217 1555 2328 1586 nullus
2354 1555 2412 1586 ad-

1338 1596 1478 1628 ducitur.
1505 1597 1651 1628 Veterum
1676 1597 1897 1639 theologorum
1917 1603 1948 1629 et
1966 1604 2178 1630 tractatorum
2202 1600 2314 1631 nullus
2341 1600 2412 1631 lau-

1338 1641 1446 1672 datur.
1474 1642 1540 1672 Nae
1563 1641 1698 1672 lividum
1721 1648 1751 1672 et
1773 1642 1958 1682 imperitum
1988 1653 2163 1674 censorem.
2188 1644 2277 1674 Tum
2305 1644 2412 1675 divina

1339 1685 1572 1726 Scripturarum
1590 1685 1786 1724 auctoritate,
1805 1692 1877 1717 tum
1899 1686 1995 1717 etiam
2013 1687 2174 1718 maiorum
2188 1688 2356 1719 traditione
2372 1689 2413 1720 de

1339 1729 1617 1761 Sacramentorum
1640 1729 1751 1760 formis
1775 1730 2036 1762 constituendum
2061 1741 2128 1762 esse
2158 1731 2230 1773 quis
2253 1730 2413 1773 ambigat?

1339 1774 1519 1815 Utrumque
1553 1774 1674 1814 egregie
1706 1774 1860 1814 praestitit
1882 1775 2026 1815 Aquinas
2054 1775 2087 1806 in
2111 1775 2297 1816 Opusculo,
2321 1777 2412 1818 quod

1339 1818 1434 1849 unius
1458 1818 1519 1848 diei
1540 1818 1642 1858 spatio
1663 1818 1807 1849 confecit.
1825 1819 2036 1859 Praecipuum
2052 1820 2285 1860 Scripturarum
2300 1821 2411 1852 locum

1339 1872 1375 1893 ex
1398 1862 1548 1893 Matthaei
1565 1862 1666 1903 capite
1688 1871 1741 1893 xv1
1761 1863 1968 1903 desumptum
1992 1863 2079 1895 affert
2109 1874 2144 1895 ac
2173 1864 2411 1905 diligentissime

1337 1913 1455 1937 versat:
1481 1906 1573 1948 eique
1596 1908 1704 1948 magis
1719 1907 1887 1937 convenire
1910 1914 2093 1948 propugnat
2115 1907 2254 1939 formam
2281 1909 2410 1940 absolu-

1338 1951 1445 1990 tionis,
1469 1961 1551 1992 quae
1574 1951 1676 1981 verbis
1701 1951 1826 1982 effertur
1852 1951 2037 1982 indicativis.
2061 1952 2205 1983 Huiusce
2234 1952 2356 1984 formae
2379 1960 2411 1984 et

1338 1995 1592 2026 convenientiam
1615 2001 1646 2026 et
1668 1995 1886 2026 necessitatem
1918 1995 2103 2027 confirmat:
2128 1996 2213 2034 Quia
2232 1999 2411 2029 communis

1338 2045 1385 2070 est
1408 2037 1555 2082 (inquit)
1589 2039 1784 2070 consuetudo
1813 2040 1872 2070 tali
1894 2039 2011 2080 forma
2031 2041 2198 2072 utentium.
2222 2041 2304 2072 Ecce
2333 2051 2409 2072 vero

1337 2084 1526 2124 Scripturae
1549 2085 1690 2114 iunctam
1715 2084 1918 2114 traditionem
1942 2085 2117 2115 Ecclesiae.

1404 2128 1582 2165 Quomodo
1606 2138 1745 2168 namque
1769 2128 1950 2158 communis
1966 2128 2020 2159 tali
2036 2128 2140 2159 forma
2158 2129 2317 2160 utentium
2333 2139 2409 2160 con-

1337 2172 1473 2203 suetudo
1497 2171 1671 2203 constiterit
1693 2170 1868 2212 Aquinati?
1889 2173 2014 2213 Nempe
2035 2170 2163 2215 (inquio
2177 2183 2237 2213 ego
2253 2179 2285 2204 et
2299 2173 2411 2205 dixerit

1337 2217 1475 2257 prudens
1499 2215 1658 2259 quisque)
1682 2223 1813 2247 noverat
1845 2226 1916 2247 eam
1944 2223 2070 2248 sanctus
2098 2216 2243 2248 Thomas
2273 2227 2311 2248 ex
2339 2217 2409 2259 ipsa

1337 2261 1556 2299 sacerdotum,
1580 2261 1636 2302 qui
1659 2260 1692 2290 in
1716 2260 1864 2291 Ecclesiis
1888 2261 2147 2292 administrabant
2169 2261 2410 2293 Sacramentum

1335 2305 1571 2344 Poenitentiae,
1597 2305 1704 2345 praxi3
1727 2304 1868 2346 itemque
1892 2315 1936 2336 ex·
1952 2306 2119 2336 ritualium
2143 2305 2319 2345 librorum,
2350 2306 2408 2348 qui

1335 2349 1368 2380 in
1384 2349 1531 2380 Ecclesiis
1550 2349 1804 2387 adservabantur,
1820 2349 2016 2389 inspectione
2037 2356 2068 2381 et
2081 2349 2242 2389 examine;
2265 2360 2302 2381 ex
2320 2351 2408 2382 theo-

1334 2393 1484 2435 logorum
1517 2393 1612 2424 etiam
1641 2393 1896 2432 commentariis,
1927 2394 1983 2435 qui
2013 2403 2082 2424 rem
2111 2394 2194 2425 hanc
2225 2394 2259 2425 in
2289 2394 2407 2426 scholis

1334 2437 1487 2468 tradidere
1520 2437 1701 2478 scriptoque
1725 2437 1935 2478 reliquerant;
1966 2447 2003 2469 ex
2030 2438 2160 2469 vetustis
2190 2439 2286 2469 etiam
2307 2439 2407 2470 Patri-

1334 2482 1405 2520 bus,
1428 2482 1485 2523 qui
1507 2481 1625 2522 ligandi
1641 2492 1677 2513 ac
1696 2482 1839 2512 solvendi
1863 2489 2053 2522 potestatem
2075 2483 2169 2513 Petro
2193 2483 2340 2514 traditam
2355 2493 2407 2515 ex-

1333 2533 1461 2567 ponunt
1483 2536 1518 2557 ac
1541 2526 1708 2557 illustrant.
1735 2527 1826 2557 Hanc
1845 2526 1943 2557 totius
1966 2526 2124 2558 Ecclesiae
2148 2533 2179 2558 et
2194 2527 2408 2559 Ecclesiarum

1334 2570 1571 2611 particularium
1585 2570 1788 2602 traditionem
1803 2581 1868 2602 una
1882 2572 2060 2602 communis
2073 2571 2314 2603 consuetudinis
2326 2581 2407 2604 voce

1334 2614 1407 2645 satis
1430 2614 1546 2645 indicat
1568 2625 1593 2645 s.
1611 2615 1766 2646 Thomas.

1401 2659 1488 2689 Haec
1512 2658 1590 2696 eius,
1614 2668 1713 2699 quam
1735 2658 1795 2698 ipsi
1814 2659 1932 2697 tribuo,
1953 2658 2064 2699 peritia
2087 2659 2283 2699 splendidius
2301 2659 2409 2690 adhuc

1333 2702 1530 2733 innotescere
1549 2709 1662 2742 potest.
1688 2701 1865 2733 Obiiciebat
1888 2709 2088 2743 anonymus:
2112 2702 2207 2739 Quod
2228 2704 2402 2744 Magister,

1333 2747 1389 2786 qui
1412 2746 1594 2776 Sententias
1621 2746 1814 2786 compilavit,
1839 2755 1902 2776 non
1925 2747 2037 2786 posuit
2062 2746 2305 2787 hancsormam
2315 2754 2330 2784 ‚·
2348 2756 2410 2778 nec

1333 2790 1471 2830 aliquem
1491 2789 1684 2820 Sanctorum
1704 2789 1842 2830 legimus
1867 2790 1928 2821 hac
1935 2790 2053 2831 forma
2073 2799 2166 2821 usum
2193 2800 2270 2822 esse.
2298 2791 2406 2831 Repo—

1334 2834 1427 2864 nebat
1449 2833 1609 2874 Aquinas:
1638 2833 1732 2870 Quod
1754 2834 1917 2874 Magister
1926 2833 2075 2874 sormam
2093 2832 2324 2877 (indicativam)
2339 2845 2403 2866 non

1327 2879 1438 2918 posuit
1444 2885 1457 2915 ;
1471 2878 1528 2908 sed
1543 2887 1644 2918 neque
1663 2878 1785 2918 legitur
1802 2878 1842 2908 de
1860 2878 1926 2908 alia
1932 2878 2058 2919 forma.
2074 2879 2143 2909 Nec
2165 2879 2260 2909 etiam
2282 2879 2407 2920 legitur

1333 2922 1418 2963 quod
1439 2922 1558 2962 aliquis
1585 2923 1678 2952 istam
1687 2921 1837 2962 formam
1867 2924 2044 2963 negaverit.
2061 2923 2114 2953 Ad
2137 2922 2214 2953 haec
2236 2923 2403 2954 Launoius

1334 2975 1499 2997 censuram
1522 2965 1682 3006 appingit:
1707 2965 1772 2996 Sed
1789 2966 1944 3007 legitima,
1969 2966 2126 3007 inquiens,
2151 2976 2215 2997 non
2235 2972 2282 2998 est
2298 2968 2407 2998 sancti

1339 3011 1477 3041 nomae
1501 3011 1664 3051 oppositio.
1690 3010 1760 3040 Irno
1783 3010 1958 3050 legitimam
1986 3011 2186 3052 solidamque
2216 3021 2283 3042 esse
2315 3011 2407 3052 plura

1335 3054 1492 3085 evincunt.
1511 3053 1579 3086 Cur
1594 3054 1681 3085 enim
1694 3054 1896 3085 indicativam
1912 3054 2051 3085 formam
2066 3055 2196 3093 reiicias,
2207 3065 2290 3096 quae
2303 3055 2410 3086 verbis

1335 3099 1405 3129 Iesu
1429 3098 1545 3129 Christi
1569 3105 1759 3139 potestatem
1787 3098 1925 3129 clavium
1948 3099 2138 3130 conferentis
2162 3100 2269 3140 magis
2292 3108 2407 3130 conve-

1335 3140 1400 3174 nit?
1415 3142 1483 3174 Cur
1506 3143 1652 3173 eamdem
1675 3143 1918 3183 expungendam
1941 3142 2042 3182 iubes,
2059 3153 2165 3184 quam
2180 3153 2238 3174 nec
2256 3144 2290 3174 M
2332 3143 2339 3150 ‘

1335 3187 1579 3225 Sententiarum,
1596 3196 1654 3217 nec
1676 3193 1795 3218 veteres
1819 3187 1985 3227 scriptores
2005 3187 2130 3228 uspiam
2149 3193 2304 3227 negarunt
2338 3187 2407 3218 No-

1334 3231 1439 3261 vimus
1463 3240 1586 3269 omnes,
1611 3230 1710 3271 probe
1733 3237 1863 3262 noverat
1882 3231 1977 3262 etiam
1995 3241 2020 3262 s.
2037 3231 2193 3269 Thomas,
2210 3230 2408 3272 frequentius

1334 3281 1476 3306 vetustos
1499 3275 1605 3306 Patres
1633 3275 1774 3305 adserere
1797 3275 1995 3315 poenitentes
2016 3275 2210 3306 reconciliari
2234 3276 2312 3306 data
2329 3284 2404 3306 ora-

1335 3321 1439 3357 tione,
1454 3329 1518 3359 per
1535 3319 1701 3350 Ecclesiae
1717 3329 1852 3359 preces,
1877 3320 2162 3360 supplicationibus
2188 3319 2402 3350 sacerdotum.

1334 3363 1423 3394 Paria
1439 3363 1556 3394 Leonis
1572 3363 1679 3403 Magni
1695 3363 1790 3394 verba
1803 3363 1951 3404 expendit
1969 3373 2000 3404 p.
2019 3363 2072 3402 111,
2091 3373 2146 3404 qu.
2162 3372 2284 3401 Lxxxxv,
2305 3368 2360 3393 art.
2377 3371 2404 3394 11

1334 3408 1374 3438 ad
1399 3417 1416 3438 2
1442 3407 1617 3448 eademque
1640 3407 1733 3439 docet
1757 3417 1823 3438 non
1847 3408 1971 3438 obstare
1989 3407 2185 3445 indicativae,
2206 3415 2304 3448 quam
2327 3415 2401 3446 pro-

1334 3458 1465 3492 pugnat,
1489 3451 1697 3483 absolutionis
1721 3452 1851 3482 formae.
1872 3449 1982 3489 Quid?
2003 3452 2092 3492 quod
2114 3457 2245 3482 noverat
2258 3449 2402 3490 Aquinas

1333 3495 1597 3527 reconciliatorias
1628 3496 1690 3536 legi
1717 3495 1849 3537 quidem
1876 3505 1983 3536 preces
2013 3495 2047 3526 in
2074 3494 2255 3526 ritualibus:
2282 3500 2314 3524 at
2340 3493 2402 3524 illis

1334 3540 1429 3571 etiam
1451 3539 1630 3571 immixtam
1653 3540 1826 3571 formulam
1849 3539 2038 3570 absolutam.
2055 3538 2154 3576 Quod
2168 3538 2236 3578 ipse
2259 3543 2401 3576 noverat,

1333 3590 1463 3615 testatur
1486 3584 1693 3624 peritissimus
1716 3583 1907 3615 Edmundus
1929 3583 2070 3614 Martene
2091 3582 2166 3612 loco
2189 3581 2334 3621 superius
2359 3581 2401 3612 ci-

1333 3634 1423 3667 tato:
1439 3628 1619 3659 Fatendum
1644 3633 1709 3665 est,
1727 3627 1893 3668 inquiens,
1910 3628 1942 3657 in
1956 3627 2122 3667 plerisque
2146 3626 2288 3665 antiquis
2310 3625 2403 3656 libris

1333 3671 1521 3709 ritualibus,
1543 3681 1608 3702 una
1628 3681 1700 3703 cum
1719 3671 1918 3702 orationibus
1937 3669 2220 3708 reconciliatoriis‚
2231 3669 2406 3710 formulas
