<?xml version="1.0" encoding="UTF-8"?>
<!DOCTYPE html PUBLIC "-//W3C//DTD XHTML 1.0 Transitional//EN"
    "http://www.w3.org/TR/xhtml1/DTD/xhtml1-transitional.dtd">
<html xmlns="http://www.w3.org/1999/xhtml" xml:lang="en" lang="en">
 <head>
  <title>
</title>
<meta http-equiv="Content-Type" content="text/html;charset=utf-8" />
  <meta name='ocr-system' content='tesseract 3.04.00' />
  <meta name='ocr-capabilities' content='ocr_page ocr_carea ocr_par ocr_line ocrx_word'/>
</head>
<body>
  <div class='ocr_page' id='page_1' title='image "./operaomniaiussui01thom_0435.png"; bbox 0 0 2788 4204; ppageno 0'>
   <div class='ocr_carea' id='block_1_1' title="bbox 88 1099 289 1127">
    <p class='ocr_par' dir='ltr' id='par_1_1' title="bbox 88 1099 289 1127">
     <span class='ocr_line' id='line_1_1' title="bbox 88 1099 289 1127; baseline 0 -6"><span class='ocrx_word' id='word_1_1' title='bbox 88 1101 99 1110; x_wconf 85' lang='grc'><em>·</em></span> <span class='ocrx_word' id='word_1_2' title='bbox 107 1099 171 1122; x_wconf 72' lang='lat' dir='ltr'>Lect.</span> <span class='ocrx_word' id='word_1_3' title='bbox 181 1099 278 1127; x_wconf 76' lang='lat' dir='ltr'>praeced</span> <span class='ocrx_word' id='word_1_4' title='bbox 284 1116 289 1121; x_wconf 94' lang='lat'>.</span> 
     </span>
    </p>
   </div>
   <div class='ocr_carea' id='block_1_2' title="bbox 87 1363 301 1392">
    <p class='ocr_par' dir='ltr' id='par_1_2' title="bbox 87 1363 301 1392">
     <span class='ocr_line' id='line_1_2' title="bbox 87 1363 301 1392; baseline 0 -6"><span class='ocrx_word' id='word_1_5' title='bbox 87 1364 99 1375; x_wconf 68' lang='lat'><em>²</em></span> <span class='ocrx_word' id='word_1_6' title='bbox 108 1363 171 1387; x_wconf 68' lang='grc' dir='ltr'>ιιι-ι.</span> <span class='ocrx_word' id='word_1_7' title='bbox 179 1370 212 1392; x_wconf 79' lang='grc' dir='ltr'>ιι,</span> <span class='ocrx_word' id='word_1_8' title='bbox 221 1370 267 1392; x_wconf 87' lang='grc' dir='ltr'>ιι.7;</span> <span class='ocrx_word' id='word_1_9' title='bbox 279 1368 301 1386; x_wconf 76' lang='lat' dir='ltr'>et</span> 
     </span>
    </p>
   </div>
   <div class='ocr_carea' id='block_1_3' title="bbox 86 1396 300 1440">
    <p class='ocr_par' dir='ltr' id='par_1_3' title="bbox 86 1396 300 1440">
     <span class='ocr_line' id='line_1_3' title="bbox 86 1396 300 1440; baseline -0.009 0"><span class='ocrx_word' id='word_1_10' title='bbox 86 1396 300 1440; x_wconf 49' lang='grc' dir='ltr'>Ρέἰὶὶέἒῡῶἑι-</span> 
     </span>
    </p>
   </div>
   <div class='ocr_carea' id='block_1_4' title="bbox 85 1443 302 1524">
    <p class='ocr_par' dir='ltr' id='par_1_4' title="bbox 85 1443 302 1524">
     <span class='ocr_line' id='line_1_4' title="bbox 86 1443 300 1472; baseline -0.009 -5"><span class='ocrx_word' id='word_1_11' title='bbox 86 1443 121 1467; x_wconf 56' lang='grc' dir='ltr'>ἢ·</span> <span class='ocrx_word' id='word_1_12' title='bbox 127 1449 190 1472; x_wconf 68' lang='lat' dir='ltr'>quae</span> <span class='ocrx_word' id='word_1_13' title='bbox 196 1443 300 1466; x_wconf 68' lang='lat' dir='ltr'>dixerat.</span> 
     </span>
     <span class='ocr_line' id='line_1_5' title="bbox 85 1474 302 1524; baseline 0 -28"><span class='ocrx_word' id='word_1_14' title='bbox 85 1476 135 1524; x_wconf 45' lang='lat' dir='ltr'>&#39;ze-c·</span> <span class='ocrx_word' id='word_1_15' title='bbox 140 1481 147 1496; x_wconf 69' lang='grc' dir='ltr'><strong><em>ε</em></strong></span> <span class='ocrx_word' id='word_1_16' title='bbox 152 1474 260 1497; x_wconf 69' lang='lat' dir='ltr'>ostendit</span> <span class='ocrx_word' id='word_1_17' title='bbox 265 1481 302 1496; x_wconf 72' lang='lat' dir='ltr'>es-</span> 
     </span>
    </p>
   </div>
   <div class='ocr_carea' id='block_1_5' title="bbox 84 1579 277 1669">
    <p class='ocr_par' dir='ltr' id='par_1_5' title="bbox 84 1579 277 1669">
     <span class='ocr_line' id='line_1_6' title="bbox 84 1579 217 1602; baseline -0.015 0"><span class='ocrx_word' id='word_1_18' title='bbox 84 1579 96 1591; x_wconf 78' lang='lat'><strong>·</strong></span> <span class='ocrx_word' id='word_1_19' title='bbox 105 1579 168 1602; x_wconf 72' lang='lat' dir='ltr'>Leet.</span> <span class='ocrx_word' id='word_1_20' title='bbox 179 1585 217 1601; x_wconf 84' lang='lat' dir='ltr'>xv.</span> 
     </span>
     <span class='ocr_line' id='line_1_7' title="bbox 85 1641 277 1669; baseline -0.005 -6"><span class='ocrx_word' id='word_1_21' title='bbox 85 1641 96 1653; x_wconf 83' lang='grc'><strong>”</strong></span> <span class='ocrx_word' id='word_1_22' title='bbox 105 1645 146 1663; x_wconf 72' lang='lat' dir='ltr'>ac:</span> <span class='ocrx_word' id='word_1_23' title='bbox 154 1641 277 1669; x_wconf 76' lang='lat' dir='ltr'><em>proponit.</em></span> 
     </span>
    </p>
   </div>
   <div class='ocr_carea' id='block_1_6' title="bbox 82 1794 237 1822">
    <p class='ocr_par' dir='ltr' id='par_1_6' title="bbox 82 1794 237 1822">
     <span class='ocr_line' id='line_1_8' title="bbox 82 1794 237 1822; baseline 0 -6"><span class='ocrx_word' id='word_1_24' title='bbox 82 1795 96 1807; x_wconf 63' lang='lat'><strong>⁴</strong></span> <span class='ocrx_word' id='word_1_25' title='bbox 104 1794 176 1817; x_wconf 84' lang='lat' dir='ltr'>Num.</span> <span class='ocrx_word' id='word_1_26' title='bbox 187 1800 237 1822; x_wconf 75' lang='lat' dir='ltr'>seq.</span> 
     </span>
    </p>
   </div>
   <div class='ocr_carea' id='block_1_7' title="bbox 86 1899 207 1928">
    <p class='ocr_par' dir='ltr' id='par_1_7' title="bbox 86 1899 207 1928">
     <span class='ocr_line' id='line_1_9' title="bbox 86 1899 207 1928; baseline -0.008 -6"><span class='ocrx_word' id='word_1_27' title='bbox 86 1900 95 1911; x_wconf 83' lang='grc'><em>·</em></span> <span class='ocrx_word' id='word_1_28' title='bbox 105 1899 176 1922; x_wconf 75' lang='lat' dir='ltr'>Num.</span> <span class='ocrx_word' id='word_1_29' title='bbox 187 1905 207 1928; x_wconf 82' lang='lat'>5.</span> 
     </span>
    </p>
   </div>
   <div class='ocr_carea' id='block_1_8' title="bbox 83 1953 299 2001">
    <p class='ocr_par' dir='ltr' id='par_1_8' title="bbox 83 1953 299 2001">
     <span class='ocr_line' id='line_1_10' title="bbox 84 1953 299 1975; baseline -0.009 0"><span class='ocrx_word' id='word_1_30' title='bbox 84 1953 177 1975; x_wconf 63' lang='lat' dir='ltr'>‘mex</span> <span class='ocrx_word' id='word_1_31' title='bbox 213 1953 299 1974; x_wconf 68' lang='lat' dir='ltr'>aemi:-</span> 
     </span>
     <span class='ocr_line' id='line_1_11' title="bbox 83 1979 273 2001; baseline -0.005 0"><span class='ocrx_word' id='word_1_32' title='bbox 83 1979 119 2001; x_wconf 66' lang='lat' dir='ltr'>sie</span> <span class='ocrx_word' id='word_1_33' title='bbox 133 1984 162 2001; x_wconf 80' lang='lat' dir='ltr'>ra</span> <span class='ocrx_word' id='word_1_34' title='bbox 181 1979 273 2001; x_wconf 67' lang='lat' dir='ltr'>onibus.</span> 
     </span>
    </p>
   </div>
   <div class='ocr_carea' id='block_1_9' title="bbox 0 2403 296 2510">
    <p class='ocr_par' dir='ltr' id='par_1_9' title="bbox 0 2403 296 2510">
     <span class='ocr_line' id='line_1_12' title="bbox 0 2403 295 2466; baseline -0.003 -10"><span class='ocrx_word' id='word_1_35' title='bbox 0 2403 7 2466; x_wconf 65' lang='lat' dir='ltr'>i</span> <span class='ocrx_word' id='word_1_36' title='bbox 84 2435 95 2444; x_wconf 87' lang='grc'><em>·</em></span> <span class='ocrx_word' id='word_1_37' title='bbox 104 2434 162 2462; x_wconf 76' lang='lat' dir='ltr'>Cap.</span> <span class='ocrx_word' id='word_1_38' title='bbox 173 2439 197 2456; x_wconf 89' lang='grc' dir='ltr'>ιιι</span> <span class='ocrx_word' id='word_1_39' title='bbox 210 2434 250 2460; x_wconf 78' lang='lat' dir='ltr'>(al.</span> <span class='ocrx_word' id='word_1_40' title='bbox 261 2436 295 2460; x_wconf 79' lang='lat' dir='ltr'>v),</span> 
     </span>
     <span class='ocr_line' id='line_1_13' title="bbox 0 2458 296 2510; baseline -0.007 0"><span class='ocrx_word' id='word_1_41' title='bbox 0 2467 5 2493; x_wconf 73' lang='lat'><em>¹</em></span> <span class='ocrx_word' id='word_1_42' title='bbox 85 2458 296 2510; x_wconf 65' lang='lat' dir='ltr'>2:÷·.;.-‘1³3.‘.¹3¹z¹.÷.¹¹‘·</span> 
     </span>
    </p>
   </div>
   <div class='ocr_carea' id='block_1_10' title="bbox 86 2889 298 2911">
    <p class='ocr_par' dir='ltr' id='par_1_10' title="bbox 86 2889 298 2911">
     <span class='ocr_line' id='line_1_14' title="bbox 86 2889 298 2911; baseline 0 -1"><span class='ocrx_word' id='word_1_43' title='bbox 86 2891 142 2911; x_wconf 69' lang='lat' dir='ltr'>em-</span> <span class='ocrx_word' id='word_1_44' title='bbox 150 2894 173 2910; x_wconf 79' lang='lat' dir='ltr'>n:</span> <span class='ocrx_word' id='word_1_45' title='bbox 182 2889 229 2910; x_wconf 80' lang='lat' dir='ltr'>erit</span> <span class='ocrx_word' id='word_1_46' title='bbox 237 2889 298 2910; x_wconf 77' lang='lat' dir='ltr'>idem</span> 
     </span>
    </p>
   </div>
   <div class='ocr_carea' id='block_1_11' title="bbox 0 2612 299 3181">
    <p class='ocr_par' dir='ltr' id='par_1_11' title="bbox 0 2612 7 2631">
     <span class='ocr_line' id='line_1_15' title="bbox 0 2612 7 2631; baseline 0 0"><span class='ocrx_word' id='word_1_47' title='bbox 0 2612 7 2631; x_wconf 83' lang='lat' dir='ltr'>t</span> 
     </span>
    </p>

    <p class='ocr_par' dir='ltr' id='par_1_12' title="bbox 0 2646 4 2663">
     <span class='ocr_line' id='line_1_16' title="bbox 0 2646 4 2663; baseline 0 0"><span class='ocrx_word' id='word_1_48' title='bbox 0 2646 4 2663; x_wconf 81' lang='grc' dir='ltr'>ι</span> 
     </span>
    </p>

    <p class='ocr_par' dir='ltr' id='par_1_13' title="bbox 0 2671 10 2783">
     <span class='ocr_line' id='line_1_17' title="bbox 0 2671 10 2783; baseline 0 0"><span class='ocrx_word' id='word_1_49' title='bbox 0 2671 10 2783; x_wconf 64' lang='lat' dir='ltr'>l</span> 
     </span>
    </p>

    <p class='ocr_par' dir='ltr' id='par_1_14' title="bbox 0 2810 299 3020">
     <span class='ocr_line' id='line_1_18' title="bbox 0 2810 299 2918; baseline -0.007 -33"><span class='ocrx_word' id='word_1_50' title='bbox 0 2810 14 2918; x_wconf 51' lang='lat' dir='ltr'>f</span> <span class='ocrx_word' id='word_1_51' title='bbox 86 2862 148 2884; x_wconf 57' lang='lat' dir='ltr'>uae:</span> <span class='ocrx_word' id='word_1_52' title='bbox 155 2862 201 2884; x_wconf 72' lang='lat' dir='ltr'>erit</span> <span class='ocrx_word' id='word_1_53' title='bbox 205 2862 232 2884; x_wconf 80' lang='lat' dir='ltr'>id</span> <span class='ocrx_word' id='word_1_54' title='bbox 235 2862 299 2894; x_wconf 80' lang='lat' dir='ltr'>quod</span> 
     </span>
     <span class='ocr_line' id='line_1_19' title="bbox 0 2915 199 3020; baseline -0.01 -82"><span class='ocrx_word' id='word_1_55' title='bbox 0 2922 11 3020; x_wconf 55' lang='grc' dir='ltr'>ἱ</span> <span class='ocrx_word' id='word_1_56' title='bbox 85 2915 150 2943; x_wconf 72' lang='lat' dir='ltr'>qnod</span> <span class='ocrx_word' id='word_1_57' title='bbox 156 2918 199 2937; x_wconf 85' lang='lat' dir='ltr'>etc.</span> 
     </span>
    </p>

    <p class='ocr_par' dir='ltr' id='par_1_15' title="bbox 0 3023 8 3098">
     <span class='ocr_line' id='line_1_20' title="bbox 0 3023 8 3098; baseline 0 0"><span class='ocrx_word' id='word_1_58' title='bbox 0 3023 8 3098; x_wconf 69' lang='grc' dir='ltr'>ἑ</span> 
     </span>
    </p>

    <p class='ocr_par' dir='ltr' id='par_1_16' title="bbox 0 3137 10 3181">
     <span class='ocr_line' id='line_1_21' title="bbox 0 3137 10 3181; baseline 0 0"><span class='ocrx_word' id='word_1_59' title='bbox 0 3137 10 3181; x_wconf 68' lang='grc' dir='ltr'><strong>ὲ</strong></span> 
     </span>
    </p>
   </div>
   <div class='ocr_carea' id='block_1_12' title="bbox 1164 283 1676 330">
    <p class='ocr_par' dir='ltr' id='par_1_17' title="bbox 1164 283 1676 330">
     <span class='ocr_line' id='line_1_22' title="bbox 1164 283 1676 330; baseline 0.008 -12"><span class='ocrx_word' id='word_1_60' title='bbox 1164 283 1275 319; x_wconf 86' lang='lat' dir='ltr'>CAP.</span> <span class='ocrx_word' id='word_1_61' title='bbox 1307 284 1375 330; x_wconf 85' lang='lat' dir='ltr'>1x‚</span> <span class='ocrx_word' id='word_1_62' title='bbox 1406 283 1557 322; x_wconf 86' lang='lat' dir='ltr'>LECT.</span> <span class='ocrx_word' id='word_1_63' title='bbox 1587 285 1676 322; x_wconf 76' lang='lat' dir='ltr'>xlv</span> 
     </span>
    </p>
   </div>
   <div class='ocr_carea' id='block_1_13' title="bbox 2461 288 2510 324">
    <p class='ocr_par' dir='ltr' id='par_1_18' title="bbox 2461 288 2510 324">
     <span class='ocr_line' id='line_1_23' title="bbox 2461 288 2510 324; baseline 0.02 -1"><span class='ocrx_word' id='word_1_64' title='bbox 2461 288 2510 324; x_wconf 84' lang='lat'>65</span> 
     </span>
    </p>
   </div>
   <div class='ocr_carea' id='block_1_14' title="bbox 331 356 2516 402">
    <p class='ocr_par' dir='ltr' id='par_1_19' title="bbox 331 356 2516 402">
     <span class='ocr_line' id='line_1_24' title="bbox 331 356 2516 402; baseline 0 -14"><span class='ocrx_word' id='word_1_65' title='bbox 331 369 382 388; x_wconf 88' lang='lat' dir='ltr'>seu</span> <span class='ocrx_word' id='word_1_66' title='bbox 403 359 585 388; x_wconf 87' lang='lat' dir='ltr'>infallibilitas</span> <span class='ocrx_word' id='word_1_67' title='bbox 606 358 720 387; x_wconf 91' lang='lat' dir='ltr'>divinae</span> <span class='ocrx_word' id='word_1_68' title='bbox 741 357 914 395; x_wconf 86' lang='lat' dir='ltr'>cognitionis</span> <span class='ocrx_word' id='word_1_69' title='bbox 929 365 957 387; x_wconf 92' lang='lat' dir='ltr'>et</span> <span class='ocrx_word' id='word_1_70' title='bbox 971 356 1100 387; x_wconf 89' lang='lat' dir='ltr'>efficacia</span> <span class='ocrx_word' id='word_1_71' title='bbox 1114 359 1227 387; x_wconf 91' lang='lat' dir='ltr'>divinae</span> <span class='ocrx_word' id='word_1_72' title='bbox 1240 359 1395 388; x_wconf 87' lang='lat' dir='ltr'>voluntatis</span> <span class='ocrx_word' id='word_1_73' title='bbox 1421 362 1425 402; x_wconf 69' lang='grc'>1</span> <span class='ocrx_word' id='word_1_74' title='bbox 1452 363 1677 400; x_wconf 80' lang='lat' dir='ltr'>contingentiam</span> <span class='ocrx_word' id='word_1_75' title='bbox 1687 385 1694 399; x_wconf 86' lang='lat'><em>‚</em></span> <span class='ocrx_word' id='word_1_76' title='bbox 1710 373 1784 401; x_wconf 89' lang='lat' dir='ltr'>quae</span> <span class='ocrx_word' id='word_1_77' title='bbox 1803 363 1917 400; x_wconf 85' lang='lat' dir='ltr'>respicit</span> <span class='ocrx_word' id='word_1_78' title='bbox 1931 364 2063 392; x_wconf 87' lang='lat' dir='ltr'>ordinem</span> <span class='ocrx_word' id='word_1_79' title='bbox 2079 374 2182 393; x_wconf 87' lang='lat' dir='ltr'>causae</span> <span class='ocrx_word' id='word_1_80' title='bbox 2196 365 2233 392; x_wconf 92' lang='lat' dir='ltr'>ad</span> <span class='ocrx_word' id='word_1_81' title='bbox 2247 374 2331 392; x_wconf 86' lang='lat' dir='ltr'>suum</span> <span class='ocrx_word' id='word_1_82' title='bbox 2346 365 2516 393; x_wconf 78' lang='lat' dir='ltr'>effectum,-</span> 
     </span>
    </p>
   </div>
   <div class='ocr_carea' id='block_1_15' title="bbox 328 397 1400 1034">
    <p class='ocr_par' dir='ltr' id='par_1_20' title="bbox 328 397 1400 1034">
     <span class='ocr_line' id='line_1_25' title="bbox 330 397 1395 436; baseline 0 -9"><span class='ocrx_word' id='word_1_83' title='bbox 330 399 468 427; x_wconf 87' lang='lat' dir='ltr'>inducant</span> <span class='ocrx_word' id='word_1_84' title='bbox 478 399 508 426; x_wconf 89' lang='lat' dir='ltr'>in</span> <span class='ocrx_word' id='word_1_85' title='bbox 518 399 604 426; x_wconf 89' lang='lat' dir='ltr'>rebus</span> <span class='ocrx_word' id='word_1_86' title='bbox 618 397 848 426; x_wconf 84' lang='lat' dir='ltr'>necessitatem.—</span> <span class='ocrx_word' id='word_1_87' title='bbox 862 398 905 425; x_wconf 92' lang='lat'>18.</span> <span class='ocrx_word' id='word_1_88' title='bbox 917 399 1005 426; x_wconf 86' lang='lat' dir='ltr'>Error</span> <span class='ocrx_word' id='word_1_89' title='bbox 1014 399 1066 427; x_wconf 90' lang='lat' dir='ltr'>iste</span> <span class='ocrx_word' id='word_1_90' title='bbox 1077 399 1206 435; x_wconf 90' lang='lat' dir='ltr'>procedit</span> <span class='ocrx_word' id='word_1_91' title='bbox 1221 409 1254 427; x_wconf 89' lang='lat' dir='ltr'>ex</span> <span class='ocrx_word' id='word_1_92' title='bbox 1265 409 1300 427; x_wconf 92' lang='lat' dir='ltr'>eo</span> <span class='ocrx_word' id='word_1_93' title='bbox 1316 400 1395 436; x_wconf 90' lang='lat' dir='ltr'>quod</span> 
     </span>
     <span class='ocr_line' id='line_1_26' title="bbox 330 437 1396 476; baseline -0.001 -9"><span class='ocrx_word' id='word_1_94' title='bbox 330 438 457 476; x_wconf 82' lang='lat' dir='ltr'>cognitio</span> <span class='ocrx_word' id='word_1_95' title='bbox 472 438 567 466; x_wconf 90' lang='lat' dir='ltr'>Divini</span> <span class='ocrx_word' id='word_1_96' title='bbox 582 438 741 465; x_wconf 88' lang='lat' dir='ltr'>intellectus</span> <span class='ocrx_word' id='word_1_97' title='bbox 755 443 783 465; x_wconf 89' lang='lat' dir='ltr'>et</span> <span class='ocrx_word' id='word_1_98' title='bbox 798 437 928 473; x_wconf 88' lang='lat' dir='ltr'>operatio</span> <span class='ocrx_word' id='word_1_99' title='bbox 944 438 1056 466; x_wconf 91' lang='lat' dir='ltr'>divinae</span> <span class='ocrx_word' id='word_1_100' title='bbox 1070 438 1225 466; x_wconf 85' lang='lat' dir='ltr'>voluntatis</span> <span class='ocrx_word' id='word_1_101' title='bbox 1239 446 1396 475; x_wconf 88' lang='lat' dir='ltr'>pensantur</span> 
     </span>
     <span class='ocr_line' id='line_1_27' title="bbox 330 477 1397 515; baseline 0 -9"><span class='ocrx_word' id='word_1_102' title='bbox 330 479 367 506; x_wconf 87' lang='lat' dir='ltr'>ad</span> <span class='ocrx_word' id='word_1_103' title='bbox 382 479 503 506; x_wconf 92' lang='lat' dir='ltr'>modum</span> <span class='ocrx_word' id='word_1_104' title='bbox 517 486 620 506; x_wconf 88' lang='lat' dir='ltr'>eorum</span> <span class='ocrx_word' id='word_1_105' title='bbox 635 486 709 514; x_wconf 89' lang='lat' dir='ltr'>quae</span> <span class='ocrx_word' id='word_1_106' title='bbox 723 477 754 504; x_wconf 92' lang='lat' dir='ltr'>in</span> <span class='ocrx_word' id='word_1_107' title='bbox 768 477 853 504; x_wconf 90' lang='lat' dir='ltr'>nobis</span> <span class='ocrx_word' id='word_1_108' title='bbox 874 484 949 512; x_wconf 92' lang='lat' dir='ltr'>sunt,</span> <span class='ocrx_word' id='word_1_109' title='bbox 972 478 1077 506; x_wconf 91' lang='lat' dir='ltr'>scilicet</span> <span class='ocrx_word' id='word_1_110' title='bbox 1098 479 1134 506; x_wconf 89' lang='lat' dir='ltr'>ad</span> <span class='ocrx_word' id='word_1_111' title='bbox 1156 479 1279 506; x_wconf 91' lang='lat' dir='ltr'>modum</span> <span class='ocrx_word' id='word_1_112' title='bbox 1294 488 1397 515; x_wconf 88' lang='lat' dir='ltr'>opera-</span> 
     </span>
     <span class='ocr_line' id='line_1_28' title="bbox 329 517 1396 554; baseline 0 -8"><span class='ocrx_word' id='word_1_113' title='bbox 329 518 417 546; x_wconf 87' lang='lat' dir='ltr'>tionis</span> <span class='ocrx_word' id='word_1_114' title='bbox 427 524 455 546; x_wconf 90' lang='lat' dir='ltr'>et</span> <span class='ocrx_word' id='word_1_115' title='bbox 469 517 641 554; x_wconf 85' lang='lat' dir='ltr'>cognitionis</span> <span class='ocrx_word' id='word_1_116' title='bbox 656 518 809 544; x_wconf 86' lang='lat' dir='ltr'>humanae.</span> <span class='ocrx_word' id='word_1_117' title='bbox 819 531 841 539; x_wconf 90' lang='lat'><strong>—</strong></span> <span class='ocrx_word' id='word_1_118' title='bbox 854 527 897 553; x_wconf 87' lang='lat'>19.</span> <span class='ocrx_word' id='word_1_119' title='bbox 909 517 985 552; x_wconf 87' lang='lat' dir='ltr'>Quia</span> <span class='ocrx_word' id='word_1_120' title='bbox 999 518 1126 554; x_wconf 88' lang='lat' dir='ltr'>cognitio</span> <span class='ocrx_word' id='word_1_121' title='bbox 1141 525 1240 546; x_wconf 88' lang='lat' dir='ltr'>nostra</span> <span class='ocrx_word' id='word_1_122' title='bbox 1254 519 1329 546; x_wconf 91' lang='lat' dir='ltr'>cadit</span> <span class='ocrx_word' id='word_1_123' title='bbox 1343 519 1396 546; x_wconf 92' lang='lat' dir='ltr'>sub</span> 
     </span>
     <span class='ocr_line' id='line_1_29' title="bbox 331 556 1397 594; baseline 0.001 -9"><span class='ocrx_word' id='word_1_124' title='bbox 331 557 433 586; x_wconf 88' lang='lat' dir='ltr'>ordine</span> <span class='ocrx_word' id='word_1_125' title='bbox 453 556 592 593; x_wconf 90' lang='lat' dir='ltr'>temporis</span> <span class='ocrx_word' id='word_1_126' title='bbox 613 557 657 584; x_wconf 86' lang='lat' dir='ltr'>vel</span> <span class='ocrx_word' id='word_1_127' title='bbox 672 566 730 594; x_wconf 79' lang='lat' dir='ltr'>per</span> <span class='ocrx_word' id='word_1_128' title='bbox 745 565 774 583; x_wconf 86' lang='lat' dir='ltr'>se</span> <span class='ocrx_word' id='word_1_129' title='bbox 790 556 834 584; x_wconf 89' lang='lat' dir='ltr'>vel</span> <span class='ocrx_word' id='word_1_130' title='bbox 848 566 906 594; x_wconf 86' lang='lat' dir='ltr'>per</span> <span class='ocrx_word' id='word_1_131' title='bbox 920 558 1062 593; x_wconf 84' lang='lat' dir='ltr'>accidens,</span> <span class='ocrx_word' id='word_1_132' title='bbox 1079 557 1144 585; x_wconf 92' lang='lat' dir='ltr'>ideo</span> <span class='ocrx_word' id='word_1_133' title='bbox 1166 559 1219 586; x_wconf 90' lang='lat' dir='ltr'>sub</span> <span class='ocrx_word' id='word_1_134' title='bbox 1234 565 1333 586; x_wconf 91' lang='lat' dir='ltr'>nostra</span> <span class='ocrx_word' id='word_1_135' title='bbox 1348 568 1397 586; x_wconf 89' lang='lat' dir='ltr'>co-</span> 
     </span>
     <span class='ocr_line' id='line_1_30' title="bbox 329 595 1398 636; baseline 0.001 -11"><span class='ocrx_word' id='word_1_136' title='bbox 329 596 458 634; x_wconf 84' lang='lat' dir='ltr'>gnitione</span> <span class='ocrx_word' id='word_1_137' title='bbox 479 598 586 625; x_wconf 88' lang='lat' dir='ltr'>cadunt</span> <span class='ocrx_word' id='word_1_138' title='bbox 606 605 651 624; x_wconf 92' lang='lat' dir='ltr'>res</span> <span class='ocrx_word' id='word_1_139' title='bbox 672 597 726 624; x_wconf 91' lang='lat' dir='ltr'>sub</span> <span class='ocrx_word' id='word_1_140' title='bbox 747 595 858 624; x_wconf 90' lang='lat' dir='ltr'>ratione</span> <span class='ocrx_word' id='word_1_141' title='bbox 868 597 1048 634; x_wconf 85' lang='lat' dir='ltr'>praesentis,</span> <span class='ocrx_word' id='word_1_142' title='bbox 1064 598 1220 635; x_wconf 79' lang='lat' dir='ltr'>praeteriti</span> <span class='ocrx_word' id='word_1_143' title='bbox 1241 604 1268 626; x_wconf 90' lang='lat' dir='ltr'>et</span> <span class='ocrx_word' id='word_1_144' title='bbox 1282 599 1383 636; x_wconf 84' lang='lat' dir='ltr'>futuri</span> <span class='ocrx_word' id='word_1_145' title='bbox 1388 609 1398 633; x_wconf 75' lang='lat'>,-</span> 
     </span>
     <span class='ocr_line' id='line_1_31' title="bbox 330 635 1396 676; baseline 0.001 -11"><span class='ocrx_word' id='word_1_146' title='bbox 330 643 359 664; x_wconf 87' lang='lat' dir='ltr'>et</span> <span class='ocrx_word' id='word_1_147' title='bbox 379 643 590 674; x_wconf 88' lang='lat' dir='ltr'>consequenter</span> <span class='ocrx_word' id='word_1_148' title='bbox 604 635 807 673; x_wconf 86' lang='lat' dir='ltr'>cognoscimus</span> <span class='ocrx_word' id='word_1_149' title='bbox 817 637 987 674; x_wconf 80' lang='lat' dir='ltr'>praesentia</span> <span class='ocrx_word' id='word_1_150' title='bbox 999 643 1031 665; x_wconf 94' lang='lat' dir='ltr'>ut</span> <span class='ocrx_word' id='word_1_151' title='bbox 1045 643 1110 665; x_wconf 89' lang='lat' dir='ltr'>actu</span> <span class='ocrx_word' id='word_1_152' title='bbox 1132 638 1295 672; x_wconf 79' lang='lat' dir='ltr'>existentia,</span> <span class='ocrx_word' id='word_1_153' title='bbox 1307 646 1396 676; x_wconf 84' lang='lat' dir='ltr'>prae-</span> 
     </span>
     <span class='ocr_line' id='line_1_32' title="bbox 330 676 1396 714; baseline 0.003 -11"><span class='ocrx_word' id='word_1_154' title='bbox 330 677 416 704; x_wconf 83' lang='lat' dir='ltr'>terita</span> <span class='ocrx_word' id='word_1_155' title='bbox 430 683 462 705; x_wconf 94' lang='lat' dir='ltr'>ut</span> <span class='ocrx_word' id='word_1_156' title='bbox 475 682 644 710; x_wconf 83' lang='lat' dir='ltr'>memorata,</span> <span class='ocrx_word' id='word_1_157' title='bbox 653 677 762 714; x_wconf 85' lang='lat' dir='ltr'>sutura</span> <span class='ocrx_word' id='word_1_158' title='bbox 783 676 986 713; x_wconf 86' lang='lat' dir='ltr'>cognoscimus</span> <span class='ocrx_word' id='word_1_159' title='bbox 1003 677 1236 706; x_wconf 89' lang='lat' dir='ltr'>certitudinaliter</span> <span class='ocrx_word' id='word_1_160' title='bbox 1250 678 1279 706; x_wconf 88' lang='lat' dir='ltr'>in</span> <span class='ocrx_word' id='word_1_161' title='bbox 1295 679 1396 714; x_wconf 89' lang='lat' dir='ltr'>causis,</span> 
     </span>
     <span class='ocr_line' id='line_1_33' title="bbox 329 715 1396 753; baseline 0.003 -9"><span class='ocrx_word' id='word_1_162' title='bbox 329 715 353 744; x_wconf 91' lang='lat' dir='ltr'>si</span> <span class='ocrx_word' id='word_1_163' title='bbox 374 716 404 744; x_wconf 89' lang='lat' dir='ltr'>in</span> <span class='ocrx_word' id='word_1_164' title='bbox 424 716 494 753; x_wconf 89' lang='lat' dir='ltr'>ipsis</span> <span class='ocrx_word' id='word_1_165' title='bbox 515 717 570 744; x_wconf 91' lang='lat' dir='ltr'>sint</span> <span class='ocrx_word' id='word_1_166' title='bbox 597 716 722 744; x_wconf 89' lang='lat' dir='ltr'>totaliter</span> <span class='ocrx_word' id='word_1_167' title='bbox 750 717 939 746; x_wconf 89' lang='lat' dir='ltr'>determinata</span> <span class='ocrx_word' id='word_1_168' title='bbox 966 717 1006 745; x_wconf 92' lang='lat' dir='ltr'>ita</span> <span class='ocrx_word' id='word_1_169' title='bbox 1032 724 1064 745; x_wconf 91' lang='lat' dir='ltr'>ut</span> <span class='ocrx_word' id='word_1_170' title='bbox 1089 727 1123 745; x_wconf 87' lang='lat' dir='ltr'>ex</span> <span class='ocrx_word' id='word_1_171' title='bbox 1144 718 1311 746; x_wconf 86' lang='lat' dir='ltr'>necessitate</span> <span class='ocrx_word' id='word_1_172' title='bbox 1333 728 1396 747; x_wconf 89' lang='lat' dir='ltr'>eve-</span> 
     </span>
     <span class='ocr_line' id='line_1_34' title="bbox 329 755 1397 794; baseline 0.002 -10"><span class='ocrx_word' id='word_1_173' title='bbox 329 755 425 791; x_wconf 88' lang='lat' dir='ltr'>niant,</span> <span class='ocrx_word' id='word_1_174' title='bbox 447 766 499 793; x_wconf 89' lang='lat' dir='ltr'>per</span> <span class='ocrx_word' id='word_1_175' title='bbox 519 756 715 784; x_wconf 90' lang='lat' dir='ltr'>coniecturam</span> <span class='ocrx_word' id='word_1_176' title='bbox 737 757 766 785; x_wconf 91' lang='lat' dir='ltr'>in</span> <span class='ocrx_word' id='word_1_177' title='bbox 788 756 881 785; x_wconf 88' lang='lat' dir='ltr'>causis</span> <span class='ocrx_word' id='word_1_178' title='bbox 908 757 1086 785; x_wconf 88' lang='lat' dir='ltr'>naturalibus</span> <span class='ocrx_word' id='word_1_179' title='bbox 1115 758 1232 794; x_wconf 88' lang='lat' dir='ltr'>quidem</span> <span class='ocrx_word' id='word_1_180' title='bbox 1261 759 1310 786; x_wconf 91' lang='lat' dir='ltr'>sed</span> <span class='ocrx_word' id='word_1_181' title='bbox 1337 767 1397 786; x_wconf 89' lang='lat' dir='ltr'>non</span> 
     </span>
     <span class='ocr_line' id='line_1_35' title="bbox 329 795 1397 835; baseline 0.003 -11"><span class='ocrx_word' id='word_1_182' title='bbox 329 795 369 824; x_wconf 82' lang='lat' dir='ltr'>ita</span> <span class='ocrx_word' id='word_1_183' title='bbox 381 796 507 824; x_wconf 84' lang='lat' dir='ltr'>totaliter</span> <span class='ocrx_word' id='word_1_184' title='bbox 527 796 722 824; x_wconf 88' lang='lat' dir='ltr'>determinatis</span> <span class='ocrx_word' id='word_1_185' title='bbox 736 804 767 825; x_wconf 90' lang='lat' dir='ltr'>ut</span> <span class='ocrx_word' id='word_1_186' title='bbox 788 806 849 825; x_wconf 89' lang='lat' dir='ltr'>non</span> <span class='ocrx_word' id='word_1_187' title='bbox 867 797 980 834; x_wconf 90' lang='lat' dir='ltr'>possint</span> <span class='ocrx_word' id='word_1_188' title='bbox 993 797 1140 834; x_wconf 88' lang='lat' dir='ltr'>impediri;</span> <span class='ocrx_word' id='word_1_189' title='bbox 1155 807 1190 826; x_wconf 89' lang='lat' dir='ltr'>ea</span> <span class='ocrx_word' id='word_1_190' title='bbox 1203 805 1300 826; x_wconf 91' lang='lat' dir='ltr'>autem</span> <span class='ocrx_word' id='word_1_191' title='bbox 1315 798 1397 835; x_wconf 86' lang='lat' dir='ltr'>igno-</span> 
     </span>
     <span class='ocr_line' id='line_1_36' title="bbox 328 836 1397 874; baseline 0.004 -11"><span class='ocrx_word' id='word_1_192' title='bbox 328 844 427 864; x_wconf 88' lang='lat' dir='ltr'>ramus</span> <span class='ocrx_word' id='word_1_193' title='bbox 448 836 562 873; x_wconf 91' lang='lat' dir='ltr'>penitus</span> <span class='ocrx_word' id='word_1_194' title='bbox 587 836 682 864; x_wconf 89' lang='lat' dir='ltr'>futura</span> <span class='ocrx_word' id='word_1_195' title='bbox 709 846 783 874; x_wconf 88' lang='lat' dir='ltr'>quae</span> <span class='ocrx_word' id='word_1_196' title='bbox 811 844 878 865; x_wconf 92' lang='lat' dir='ltr'>sunt</span> <span class='ocrx_word' id='word_1_197' title='bbox 906 837 1027 866; x_wconf 91' lang='lat' dir='ltr'>omnino</span> <span class='ocrx_word' id='word_1_198' title='bbox 1049 838 1078 865; x_wconf 91' lang='lat' dir='ltr'>in</span> <span class='ocrx_word' id='word_1_199' title='bbox 1104 838 1233 874; x_wconf 89' lang='lat' dir='ltr'>potentia</span> <span class='ocrx_word' id='word_1_200' title='bbox 1253 839 1283 866; x_wconf 90' lang='lat' dir='ltr'>in</span> <span class='ocrx_word' id='word_1_201' title='bbox 1304 839 1397 867; x_wconf 84' lang='lat' dir='ltr'>causis</span> 
     </span>
     <span class='ocr_line' id='line_1_37' title="bbox 328 876 1397 916; baseline 0.003 -13"><span class='ocrx_word' id='word_1_202' title='bbox 328 884 390 903; x_wconf 88' lang='lat' dir='ltr'>non</span> <span class='ocrx_word' id='word_1_203' title='bbox 411 876 607 904; x_wconf 88' lang='lat' dir='ltr'>determinatis</span> <span class='ocrx_word' id='word_1_204' title='bbox 628 876 725 913; x_wconf 91' lang='lat' dir='ltr'>potius</span> <span class='ocrx_word' id='word_1_205' title='bbox 747 878 784 905; x_wconf 91' lang='lat' dir='ltr'>ad</span> <span class='ocrx_word' id='word_1_206' title='bbox 810 887 901 905; x_wconf 92' lang='lat' dir='ltr'>unum</span> <span class='ocrx_word' id='word_1_207' title='bbox 928 887 1016 914; x_wconf 89' lang='lat' dir='ltr'>quam</span> <span class='ocrx_word' id='word_1_208' title='bbox 1037 878 1075 905; x_wconf 92' lang='lat' dir='ltr'>ad</span> <span class='ocrx_word' id='word_1_209' title='bbox 1096 877 1204 906; x_wconf 87' lang='lat' dir='ltr'>aliud.-</span> <span class='ocrx_word' id='word_1_210' title='bbox 1218 886 1265 906; x_wconf 90' lang='lat'>20.</span> <span class='ocrx_word' id='word_1_211' title='bbox 1280 880 1323 906; x_wconf 86' lang='lat' dir='ltr'>Ex</span> <span class='ocrx_word' id='word_1_212' title='bbox 1344 889 1397 916; x_wconf 89' lang='lat' dir='ltr'>op-</span> 
     </span>
     <span class='ocr_line' id='line_1_38' title="bbox 328 915 1398 955; baseline 0.004 -12"><span class='ocrx_word' id='word_1_213' title='bbox 328 915 426 952; x_wconf 92' lang='lat' dir='ltr'>posito</span> <span class='ocrx_word' id='word_1_214' title='bbox 448 916 516 953; x_wconf 90' lang='lat' dir='ltr'>quia</span> <span class='ocrx_word' id='word_1_215' title='bbox 537 917 615 944; x_wconf 93' lang='lat' dir='ltr'>Deus</span> <span class='ocrx_word' id='word_1_216' title='bbox 637 923 680 955; x_wconf 79' lang='lat' dir='ltr'>est</span> <span class='ocrx_word' id='word_1_217' title='bbox 700 917 823 946; x_wconf 91' lang='lat' dir='ltr'>omnino</span> <span class='ocrx_word' id='word_1_218' title='bbox 845 924 923 945; x_wconf 84' lang='lat' dir='ltr'>extra</span> <span class='ocrx_word' id='word_1_219' title='bbox 943 917 1075 945; x_wconf 90' lang='lat' dir='ltr'>ordinem</span> <span class='ocrx_word' id='word_1_220' title='bbox 1096 918 1248 954; x_wconf 90' lang='lat' dir='ltr'>temporis,</span> <span class='ocrx_word' id='word_1_221' title='bbox 1270 927 1331 946; x_wconf 89' lang='lat' dir='ltr'>uno</span> <span class='ocrx_word' id='word_1_222' title='bbox 1355 919 1398 947; x_wconf 89' lang='lat' dir='ltr'>in-</span> 
     </span>
     <span class='ocr_line' id='line_1_39' title="bbox 329 955 1400 993; baseline 0.003 -10"><span class='ocrx_word' id='word_1_223' title='bbox 329 955 403 984; x_wconf 89' lang='lat' dir='ltr'>tuitu</span> <span class='ocrx_word' id='word_1_224' title='bbox 424 955 599 984; x_wconf 85' lang='lat' dir='ltr'>aeternitatis</span> <span class='ocrx_word' id='word_1_225' title='bbox 613 956 690 984; x_wconf 87' lang='lat' dir='ltr'>videt</span> <span class='ocrx_word' id='word_1_226' title='bbox 704 957 800 985; x_wconf 90' lang='lat' dir='ltr'>futura</span> <span class='ocrx_word' id='word_1_227' title='bbox 813 957 843 985; x_wconf 90' lang='lat' dir='ltr'>in</span> <span class='ocrx_word' id='word_1_228' title='bbox 858 957 967 993; x_wconf 90' lang='lat' dir='ltr'>seipsis,</span> <span class='ocrx_word' id='word_1_229' title='bbox 983 964 1011 985; x_wconf 90' lang='lat' dir='ltr'>et</span> <span class='ocrx_word' id='word_1_230' title='bbox 1025 967 1085 985; x_wconf 94' lang='lat' dir='ltr'>non</span> <span class='ocrx_word' id='word_1_231' title='bbox 1100 958 1290 986; x_wconf 90' lang='lat' dir='ltr'>successive.-</span> <span class='ocrx_word' id='word_1_232' title='bbox 1301 966 1348 986; x_wconf 86' lang='lat'>21.</span> <span class='ocrx_word' id='word_1_233' title='bbox 1363 960 1400 987; x_wconf 86' lang='lat' dir='ltr'>Et</span> 
     </span>
     <span class='ocr_line' id='line_1_40' title="bbox 330 995 1400 1034; baseline 0.002 -10"><span class='ocrx_word' id='word_1_234' title='bbox 330 995 402 1024; x_wconf 90' lang='lat' dir='ltr'>haec</span> <span class='ocrx_word' id='word_1_235' title='bbox 416 996 558 1024; x_wconf 87' lang='lat' dir='ltr'>certitudo</span> <span class='ocrx_word' id='word_1_236' title='bbox 568 1003 596 1024; x_wconf 93' lang='lat' dir='ltr'>et</span> <span class='ocrx_word' id='word_1_237' title='bbox 606 996 791 1025; x_wconf 86' lang='lat' dir='ltr'>infallibilitas</span> <span class='ocrx_word' id='word_1_238' title='bbox 807 996 921 1025; x_wconf 84' lang='lat' dir='ltr'>divinae</span> <span class='ocrx_word' id='word_1_239' title='bbox 936 997 1109 1034; x_wconf 87' lang='lat' dir='ltr'>cognitionis</span> <span class='ocrx_word' id='word_1_240' title='bbox 1124 1007 1185 1026; x_wconf 92' lang='lat' dir='ltr'>non</span> <span class='ocrx_word' id='word_1_241' title='bbox 1199 998 1273 1026; x_wconf 88' lang='lat' dir='ltr'>tollit</span> <span class='ocrx_word' id='word_1_242' title='bbox 1286 1007 1304 1026; x_wconf 86' lang='lat' dir='ltr'>a</span> <span class='ocrx_word' id='word_1_243' title='bbox 1314 1000 1400 1027; x_wconf 92' lang='lat' dir='ltr'>rebus</span> 
     </span>
    </p>
   </div>
   <div class='ocr_carea' id='block_1_16' title="bbox 322 1088 1398 3060">
    <p class='ocr_par' dir='ltr' id='par_1_21' title="bbox 323 1088 1398 1617">
     <span class='ocr_line' id='line_1_41' title="bbox 452 1088 1396 1139; baseline 0.003 -15"><span class='ocrx_word' id='word_1_244' title='bbox 452 1119 470 1129; x_wconf 70' lang='grc'>,.</span> <span class='ocrx_word' id='word_1_245' title='bbox 567 1092 580 1099; x_wconf 74' lang='grc'>’</span> <span class='ocrx_word' id='word_1_246' title='bbox 597 1088 786 1126; x_wconf 87' lang='lat' dir='ltr'>stenderat</span> <span class='ocrx_word' id='word_1_247' title='bbox 810 1089 982 1138; x_wconf 91' lang='lat' dir='ltr'>superius</span> <span class='ocrx_word' id='word_1_248' title='bbox 1005 1090 1024 1111; x_wconf 84' lang='lat'><em>*</em></span> <span class='ocrx_word' id='word_1_249' title='bbox 1046 1089 1302 1139; x_wconf 89' lang='lat' dir='ltr'>Philosophus</span> <span class='ocrx_word' id='word_1_250' title='bbox 1329 1090 1396 1127; x_wconf 95' lang='lat' dir='ltr'>du-</span> 
     </span>
     <span class='ocr_line' id='line_1_42' title="bbox 432 1141 1398 1190; baseline 0.003 -13"><span class='ocrx_word' id='word_1_251' title='bbox 432 1141 547 1189; x_wconf 49' lang='lat' dir='ltr'>*··5j&#39;›:·7</span> <span class='ocrx_word' id='word_1_252' title='bbox 597 1141 718 1178; x_wconf 91' lang='lat' dir='ltr'>cendo</span> <span class='ocrx_word' id='word_1_253' title='bbox 748 1141 796 1178; x_wconf 89' lang='lat' dir='ltr'>ad</span> <span class='ocrx_word' id='word_1_254' title='bbox 816 1142 1087 1179; x_wconf 89' lang='lat' dir='ltr'>inconveniens</span> <span class='ocrx_word' id='word_1_255' title='bbox 1112 1142 1215 1190; x_wconf 90' lang='lat' dir='ltr'>quod</span> <span class='ocrx_word' id='word_1_256' title='bbox 1235 1155 1314 1179; x_wconf 92' lang='lat' dir='ltr'>non</span> <span class='ocrx_word' id='word_1_257' title='bbox 1343 1151 1398 1180; x_wconf 93' lang='lat' dir='ltr'>est</span> 
     </span>
     <span class='ocr_line' id='line_1_43' title="bbox 484 1194 1396 1233; baseline 0.003 -3"><span class='ocrx_word' id='word_1_258' title='bbox 484 1228 486 1231; x_wconf 81' lang='grc'>,</span> <span class='ocrx_word' id='word_1_259' title='bbox 541 1208 545 1211; x_wconf 71' lang='grc'><strong>’</strong></span> <span class='ocrx_word' id='word_1_260' title='bbox 580 1194 763 1231; x_wconf 89' lang='lat' dir='ltr'>similiter</span> <span class='ocrx_word' id='word_1_261' title='bbox 776 1207 912 1231; x_wconf 90' lang='lat' dir='ltr'>verum</span> <span class='ocrx_word' id='word_1_262' title='bbox 923 1196 984 1232; x_wconf 90' lang='lat' dir='ltr'>vel</span> <span class='ocrx_word' id='word_1_263' title='bbox 998 1195 1135 1232; x_wconf 88' lang='lat' dir='ltr'>falsum</span> <span class='ocrx_word' id='word_1_264' title='bbox 1150 1195 1396 1233; x_wconf 85' lang='lat' dir='ltr'>determinate</span> 
     </span>
     <span class='ocr_line' id='line_1_44' title="bbox 415 1241 1395 1297; baseline 0.004 -15"><span class='ocrx_word' id='word_1_265' title='bbox 415 1270 416 1273; x_wconf 58' lang='lat'><em>=</em></span> <span class='ocrx_word' id='word_1_266' title='bbox 443 1275 446 1277; x_wconf 19' lang='grc' dir='ltr'><strong>Α</strong></span> <span class='ocrx_word' id='word_1_267' title='bbox 482 1241 487 1250; x_wconf 74' lang='lat'>&#39;</span> <span class='ocrx_word' id='word_1_268' title='bbox 595 1247 633 1284; x_wconf 90' lang='lat' dir='ltr'>in</span> <span class='ocrx_word' id='word_1_269' title='bbox 653 1248 769 1284; x_wconf 87' lang='lat' dir='ltr'>altero</span> <span class='ocrx_word' id='word_1_270' title='bbox 796 1248 1062 1297; x_wconf 91' lang='lat' dir='ltr'>oppositorum</span> <span class='ocrx_word' id='word_1_271' title='bbox 1083 1248 1121 1284; x_wconf 92' lang='lat' dir='ltr'>in</span> <span class='ocrx_word' id='word_1_272' title='bbox 1146 1248 1395 1296; x_wconf 83' lang='lat' dir='ltr'>singularibus</span> 
     </span>
     <span class='ocr_line' id='line_1_45' title="bbox 329 1297 1394 1350; baseline 0.004 -15"><span class='ocrx_word' id='word_1_273' title='bbox 329 1307 365 1336; x_wconf 91' lang='lat' dir='ltr'>et</span> <span class='ocrx_word' id='word_1_274' title='bbox 379 1298 522 1345; x_wconf 88' lang='lat' dir='ltr'>futuris,</span> <span class='ocrx_word' id='word_1_275' title='bbox 539 1297 635 1337; x_wconf 89' lang='lat' dir='ltr'>sicut</span> <span class='ocrx_word' id='word_1_276' title='bbox 654 1313 768 1350; x_wconf 90' lang='lat' dir='ltr'>supra</span> <span class='ocrx_word' id='word_1_277' title='bbox 784 1301 830 1337; x_wconf 93' lang='lat' dir='ltr'>de</span> <span class='ocrx_word' id='word_1_278' title='bbox 851 1301 930 1338; x_wconf 90' lang='lat' dir='ltr'>aliis</span> <span class='ocrx_word' id='word_1_279' title='bbox 946 1300 1273 1338; x_wconf 88' lang='lat' dir='ltr'>enunciationibus</span> <span class='ocrx_word' id='word_1_280' title='bbox 1294 1302 1394 1340; x_wconf 91' lang='lat' dir='ltr'>dixe-</span> 
     </span>
     <span class='ocr_line' id='line_1_46' title="bbox 328 1353 1393 1405; baseline 0.004 -16"><span class='ocrx_word' id='word_1_281' title='bbox 328 1353 560 1405; x_wconf 25' lang='lat' dir='ltr'>ratjjynunc</span> <span class='ocrx_word' id='word_1_282' title='bbox 575 1361 704 1391; x_wconf 88' lang='lat' dir='ltr'>autem</span> <span class='ocrx_word' id='word_1_283' title='bbox 726 1353 889 1390; x_wconf 88' lang='lat' dir='ltr'>ostendit</span> <span class='ocrx_word' id='word_1_284' title='bbox 908 1354 1214 1393; x_wconf 87' lang='lat' dir='ltr'>inconvenientia</span> <span class='ocrx_word' id='word_1_285' title='bbox 1229 1355 1277 1392; x_wconf 91' lang='lat' dir='ltr'>ad</span> <span class='ocrx_word' id='word_1_286' title='bbox 1295 1368 1393 1405; x_wconf 90' lang='lat' dir='ltr'>quae</span> 
     </span>
     <span class='ocr_line' id='line_1_47' title="bbox 323 1404 1392 1456; baseline 0.003 -13"><span class='ocrx_word' id='word_1_287' title='bbox 323 1404 562 1443; x_wconf 60' lang='lat' dir='ltr'>‘adduxerat‘</span> <span class='ocrx_word' id='word_1_288' title='bbox 578 1419 659 1444; x_wconf 90' lang='lat' dir='ltr'>esse</span> <span class='ocrx_word' id='word_1_289' title='bbox 671 1407 930 1456; x_wconf 89' lang='lat' dir='ltr'>impossibilia.</span> <span class='ocrx_word' id='word_1_290' title='bbox 943 1409 992 1444; x_wconf 93' lang='lat' dir='ltr'>Et</span> <span class='ocrx_word' id='word_1_291' title='bbox 1003 1408 1100 1445; x_wconf 88' lang='lat' dir='ltr'>circa</span> <span class='ocrx_word' id='word_1_292' title='bbox 1114 1409 1189 1445; x_wconf 91' lang='lat' dir='ltr'>hoc</span> <span class='ocrx_word' id='word_1_293' title='bbox 1201 1409 1277 1446; x_wconf 91' lang='lat' dir='ltr'>duo</span> <span class='ocrx_word' id='word_1_294' title='bbox 1289 1409 1392 1447; x_wconf 90' lang='lat' dir='ltr'>facit:</span> 
     </span>
     <span class='ocr_line' id='line_1_48' title="bbox 326 1459 1393 1511; baseline 0.004 -15"><span class='ocrx_word' id='word_1_295' title='bbox 326 1459 468 1509; x_wconf 88' lang='lat' dir='ltr'>primo,</span> <span class='ocrx_word' id='word_1_296' title='bbox 499 1460 700 1498; x_wconf 78' lang='lat' dir='ltr'>ostendit*</span> <span class='ocrx_word' id='word_1_297' title='bbox 718 1460 966 1509; x_wconf 91' lang='lat' dir='ltr'>impossibilia</span> <span class='ocrx_word' id='word_1_298' title='bbox 987 1463 1031 1498; x_wconf 90' lang='lat' dir='ltr'>e&#39;a</span> <span class='ocrx_word' id='word_1_299' title='bbox 1060 1474 1157 1510; x_wconf 91' lang='lat' dir='ltr'>quae</span> <span class='ocrx_word' id='word_1_300' title='bbox 1183 1463 1393 1511; x_wconf 90' lang='lat' dir='ltr'>sequeban-</span> 
     </span>
     <span class='ocr_line' id='line_1_49' title="bbox 326 1513 1393 1563; baseline 0.004 -13"><span class='ocrx_word' id='word_1_301' title='bbox 326 1520 404 1560; x_wconf 90' lang='lat' dir='ltr'>tur;</span> <span class='ocrx_word' id='word_1_302' title='bbox 430 1513 620 1560; x_wconf 88' lang='lat' dir='ltr'>secundo,</span> <span class='ocrx_word' id='word_1_303' title='bbox 649 1513 838 1551; x_wconf 88' lang='lat' dir='ltr'>concludit</span> <span class='ocrx_word' id='word_1_304' title='bbox 871 1514 1069 1563; x_wconf 90' lang='lat' dir='ltr'>quomodo</span> <span class='ocrx_word' id='word_1_305' title='bbox 1100 1515 1198 1554; x_wconf 89' lang='lat' dir='ltr'>circa</span> <span class='ocrx_word' id='word_1_306' title='bbox 1230 1517 1325 1554; x_wconf 91' lang='lat' dir='ltr'>haec</span> <span class='ocrx_word' id='word_1_307' title='bbox 1353 1529 1393 1553; x_wconf 91' lang='lat' dir='ltr'>se</span> 
     </span>
     <span class='ocr_line' id='line_1_50' title="bbox 325 1566 1320 1617; baseline 0.005 -14"><span class='ocrx_word' id='word_1_308' title='bbox 325 1566 464 1604; x_wconf 89' lang='lat' dir='ltr'>veritas</span> <span class='ocrx_word' id='word_1_309' title='bbox 491 1566 647 1614; x_wconf 83' lang='lat' dir='ltr'>habeat3</span> <span class='ocrx_word' id='word_1_310' title='bbox 668 1567 736 1604; x_wconf 92' lang='lat' dir='ltr'>ibi:</span> <span class='ocrx_word' id='word_1_311' title='bbox 762 1567 888 1617; x_wconf 81' lang='lat' dir='ltr'>Igitur</span> <span class='ocrx_word' id='word_1_312' title='bbox 915 1579 993 1604; x_wconf 89' lang='lat' dir='ltr'>esse</span> <span class='ocrx_word' id='word_1_313' title='bbox 1020 1570 1122 1616; x_wconf 87' lang='lat' dir='ltr'>quod</span> <span class='ocrx_word' id='word_1_314' title='bbox 1147 1570 1232 1606; x_wconf 84' lang='lat' dir='ltr'>est*</span> <span class='ocrx_word' id='word_1_315' title='bbox 1251 1578 1320 1608; x_wconf 90' lang='lat' dir='ltr'>etc.</span> 
     </span>
    </p>

    <p class='ocr_par' dir='ltr' id='par_1_22' title="bbox 322 1620 1396 3060">
     <span class='ocr_line' id='line_1_51' title="bbox 381 1620 1393 1671; baseline 0.004 -14"><span class='ocrx_word' id='word_1_316' title='bbox 381 1631 416 1657; x_wconf 87' lang='lat'>2.</span> <span class='ocrx_word' id='word_1_317' title='bbox 438 1620 548 1658; x_wconf 90' lang='lat' dir='ltr'>Circa</span> <span class='ocrx_word' id='word_1_318' title='bbox 566 1621 735 1670; x_wconf 88' lang='lat' dir='ltr'>primum</span> <span class='ocrx_word' id='word_1_319' title='bbox 754 1621 823 1657; x_wconf 90' lang='lat' dir='ltr'>tria</span> <span class='ocrx_word' id='word_1_320' title='bbox 837 1620 941 1658; x_wconf 85' lang='lat' dir='ltr'>facit:</span> <span class='ocrx_word' id='word_1_321' title='bbox 961 1621 1098 1670; x_wconf 89' lang='lat' dir='ltr'>primo,</span> <span class='ocrx_word' id='word_1_322' title='bbox 1112 1622 1249 1671; x_wconf 83' lang='lat' dir='ltr'>ponit*</span> <span class='ocrx_word' id='word_1_323' title='bbox 1263 1623 1393 1661; x_wconf 92' lang='lat' dir='ltr'>incon-</span> 
     </span>
     <span class='ocr_line' id='line_1_52' title="bbox 325 1673 1394 1723; baseline 0.004 -13"><span class='ocrx_word' id='word_1_324' title='bbox 325 1673 515 1711; x_wconf 85' lang='lat' dir='ltr'>venientia</span> <span class='ocrx_word' id='word_1_325' title='bbox 534 1686 632 1723; x_wconf 89' lang='lat' dir='ltr'>quae</span> <span class='ocrx_word' id='word_1_326' title='bbox 657 1682 883 1722; x_wconf 88' lang='lat' dir='ltr'>sequuntur;</span> <span class='ocrx_word' id='word_1_327' title='bbox 905 1675 1086 1723; x_wconf 89' lang='lat' dir='ltr'>secundo,</span> <span class='ocrx_word' id='word_1_328' title='bbox 1108 1677 1271 1714; x_wconf 90' lang='lat' dir='ltr'>ostendit</span> <span class='ocrx_word' id='word_1_329' title='bbox 1298 1678 1394 1714; x_wconf 88' lang='lat' dir='ltr'>haec</span> 
     </span>
     <span class='ocr_line' id='line_1_53' title="bbox 325 1726 1391 1780; baseline 0.005 -17"><span class='ocrx_word' id='word_1_330' title='bbox 325 1726 631 1764; x_wconf 84' lang='lat' dir='ltr'>inconvenientia</span> <span class='ocrx_word' id='word_1_331' title='bbox 660 1739 704 1764; x_wconf 93' lang='lat' dir='ltr'>ex</span> <span class='ocrx_word' id='word_1_332' title='bbox 731 1728 924 1777; x_wconf 84' lang='lat' dir='ltr'>praedicta</span> <span class='ocrx_word' id='word_1_333' title='bbox 956 1729 1144 1776; x_wconf 88' lang='lat' dir='ltr'>positione</span> <span class='ocrx_word' id='word_1_334' title='bbox 1174 1730 1298 1780; x_wconf 89' lang='lat' dir='ltr'>sequi;</span> <span class='ocrx_word' id='word_1_335' title='bbox 1319 1730 1391 1768; x_wconf 91' lang='lat' dir='ltr'>ibi:</span> 
     </span>
     <span class='ocr_line' id='line_1_54' title="bbox 324 1779 1392 1830; baseline 0.005 -14"><span class='ocrx_word' id='word_1_336' title='bbox 324 1779 434 1817; x_wconf 82' lang='lat' dir='ltr'>Nihil</span> <span class='ocrx_word' id='word_1_337' title='bbox 451 1781 550 1818; x_wconf 88' lang='lat' dir='ltr'>enim</span> <span class='ocrx_word' id='word_1_338' title='bbox 570 1782 777 1830; x_wconf 82' lang='lat' dir='ltr'>prohibet*</span> <span class='ocrx_word' id='word_1_339' title='bbox 796 1789 878 1828; x_wconf 91' lang='lat' dir='ltr'>etc.;</span> <span class='ocrx_word' id='word_1_340' title='bbox 901 1782 1021 1829; x_wconf 89' lang='lat' dir='ltr'>tertio,</span> <span class='ocrx_word' id='word_1_341' title='bbox 1043 1783 1205 1820; x_wconf 90' lang='lat' dir='ltr'>ostendit</span> <span class='ocrx_word' id='word_1_342' title='bbox 1220 1796 1301 1821; x_wconf 89' lang='lat' dir='ltr'>esse</span> <span class='ocrx_word' id='word_1_343' title='bbox 1323 1785 1392 1821; x_wconf 91' lang='lat' dir='ltr'>im-</span> 
     </span>
     <span class='ocr_line' id='line_1_55' title="bbox 323 1833 1396 1883; baseline 0.006 -14"><span class='ocrx_word' id='word_1_344' title='bbox 323 1833 518 1882; x_wconf 90' lang='lat' dir='ltr'>possibilia</span> <span class='ocrx_word' id='word_1_345' title='bbox 542 1834 848 1872; x_wconf 88' lang='lat' dir='ltr'>inconvenientia</span> <span class='ocrx_word' id='word_1_346' title='bbox 869 1844 1099 1883; x_wconf 83' lang='lat' dir='ltr'>memorata3</span> <span class='ocrx_word' id='word_1_347' title='bbox 1126 1836 1194 1873; x_wconf 91' lang='lat' dir='ltr'>ibi:</span> <span class='ocrx_word' id='word_1_348' title='bbox 1227 1838 1337 1879; x_wconf 80' lang='lat' dir='ltr'>Quod</span> <span class='ocrx_word' id='word_1_349' title='bbox 1362 1838 1396 1875; x_wconf 90' lang='lat' dir='ltr'>si</span> 
     </span>
     <span class='ocr_line' id='line_1_56' title="bbox 323 1887 1394 1939; baseline 0.005 -16"><span class='ocrx_word' id='word_1_350' title='bbox 323 1887 417 1924; x_wconf 85' lang='lat' dir='ltr'>haec</span> <span class='ocrx_word' id='word_1_351' title='bbox 429 1887 622 1935; x_wconf 78' lang='lat' dir='ltr'>possibilia</span> <span class='ocrx_word' id='word_1_352' title='bbox 638 1901 712 1925; x_wconf 91' lang='lat' dir='ltr'>non</span> <span class='ocrx_word' id='word_1_353' title='bbox 726 1895 814 1925; x_wconf 88' lang='lat' dir='ltr'>sunt</span> <span class='ocrx_word' id='word_1_354' title='bbox 827 1889 846 1907; x_wconf 64' lang='lat'><strong><em>⁴</em></strong></span> <span class='ocrx_word' id='word_1_355' title='bbox 863 1896 959 1926; x_wconf 90' lang='lat' dir='ltr'>etc.-</span> <span class='ocrx_word' id='word_1_356' title='bbox 969 1889 1070 1927; x_wconf 90' lang='lat' dir='ltr'>Dicit</span> <span class='ocrx_word' id='word_1_357' title='bbox 1090 1902 1178 1938; x_wconf 88' lang='lat' dir='ltr'>ergo</span> <span class='ocrx_word' id='word_1_358' title='bbox 1194 1891 1331 1939; x_wconf 87' lang='lat' dir='ltr'>primo,</span> <span class='ocrx_word' id='word_1_359' title='bbox 1349 1904 1394 1928; x_wconf 89' lang='lat' dir='ltr'>ex</span> 
     </span>
     <span class='ocr_line' id='line_1_57' title="bbox 322 1939 1391 1992; baseline 0.006 -16"><span class='ocrx_word' id='word_1_360' title='bbox 322 1939 524 1990; x_wconf 90' lang='lat' dir='ltr'>praedictis</span> <span class='ocrx_word' id='word_1_361' title='bbox 545 1940 753 1978; x_wconf 91' lang='lat' dir='ltr'>rationibus</span> <span class='ocrx_word' id='word_1_362' title='bbox 777 1941 797 1962; x_wconf 69' lang='lat'>⁸</span> <span class='ocrx_word' id='word_1_363' title='bbox 825 1942 1073 1990; x_wconf 88' lang='lat' dir='ltr'>concludens,</span> <span class='ocrx_word' id='word_1_364' title='bbox 1095 1943 1200 1992; x_wconf 91' lang='lat' dir='ltr'>quod</span> <span class='ocrx_word' id='word_1_365' title='bbox 1219 1944 1315 1981; x_wconf 85' lang='lat' dir='ltr'>haec</span> <span class='ocrx_word' id='word_1_366' title='bbox 1337 1945 1391 1982; x_wconf 92' lang='lat' dir='ltr'>in-</span> 
     </span>
     <span class='ocr_line' id='line_1_58' title="bbox 323 1993 1394 2046; baseline 0.006 -16"><span class='ocrx_word' id='word_1_367' title='bbox 323 1993 588 2031; x_wconf 86' lang='lat' dir='ltr'>convenientia</span> <span class='ocrx_word' id='word_1_368' title='bbox 602 2002 822 2044; x_wconf 86' lang='lat' dir='ltr'>sequuntur,</span> <span class='ocrx_word' id='word_1_369' title='bbox 835 1995 864 2032; x_wconf 91' lang='lat' dir='ltr'>si</span> <span class='ocrx_word' id='word_1_370' title='bbox 878 2004 1044 2045; x_wconf 87' lang='lat' dir='ltr'>ponatur</span> <span class='ocrx_word' id='word_1_371' title='bbox 1058 1997 1163 2046; x_wconf 91' lang='lat' dir='ltr'>quod</span> <span class='ocrx_word' id='word_1_372' title='bbox 1178 2010 1332 2035; x_wconf 90' lang='lat' dir='ltr'>necesse</span> <span class='ocrx_word' id='word_1_373' title='bbox 1349 1999 1394 2036; x_wconf 92' lang='lat' dir='ltr'>sit</span> 
     </span>
     <span class='ocr_line' id='line_1_59' title="bbox 323 2047 1392 2097; baseline 0.006 -14"><span class='ocrx_word' id='word_1_374' title='bbox 323 2047 586 2097; x_wconf 88' lang='lat' dir='ltr'>oppositarum</span> <span class='ocrx_word' id='word_1_375' title='bbox 616 2048 925 2087; x_wconf 88' lang='lat' dir='ltr'>enunciationum</span> <span class='ocrx_word' id='word_1_376' title='bbox 954 2051 1110 2087; x_wconf 86' lang='lat' dir='ltr'>alteram</span> <span class='ocrx_word' id='word_1_377' title='bbox 1146 2051 1392 2090; x_wconf 91' lang='lat' dir='ltr'>determinate</span> 
     </span>
     <span class='ocr_line' id='line_1_60' title="bbox 324 2102 1392 2143; baseline 0.006 -6"><span class='ocrx_word' id='word_1_378' title='bbox 324 2112 406 2138; x_wconf 92' lang='lat' dir='ltr'>esse</span> <span class='ocrx_word' id='word_1_379' title='bbox 440 2113 574 2138; x_wconf 89' lang='lat' dir='ltr'>veram</span> <span class='ocrx_word' id='word_1_380' title='bbox 610 2109 645 2138; x_wconf 90' lang='lat' dir='ltr'>et</span> <span class='ocrx_word' id='word_1_381' title='bbox 677 2102 834 2140; x_wconf 86' lang='lat' dir='ltr'>alteram</span> <span class='ocrx_word' id='word_1_382' title='bbox 873 2116 953 2140; x_wconf 90' lang='lat' dir='ltr'>esse</span> <span class='ocrx_word' id='word_1_383' title='bbox 992 2105 1125 2141; x_wconf 87' lang='lat' dir='ltr'>falsam</span> <span class='ocrx_word' id='word_1_384' title='bbox 1158 2104 1326 2143; x_wconf 89' lang='lat' dir='ltr'>similiter</span> <span class='ocrx_word' id='word_1_385' title='bbox 1354 2106 1392 2143; x_wconf 91' lang='lat' dir='ltr'>in</span> 
     </span>
     <span class='ocr_line' id='line_1_61' title="bbox 323 2153 1393 2206; baseline 0.004 -14"><span class='ocrx_word' id='word_1_386' title='bbox 323 2153 573 2202; x_wconf 86' lang='lat' dir='ltr'>singularibus</span> <span class='ocrx_word' id='word_1_387' title='bbox 602 2155 697 2194; x_wconf 89' lang='lat' dir='ltr'>sicut</span> <span class='ocrx_word' id='word_1_388' title='bbox 724 2156 763 2193; x_wconf 93' lang='lat' dir='ltr'>in</span> <span class='ocrx_word' id='word_1_389' title='bbox 795 2156 1090 2203; x_wconf 85' lang='lat' dir='ltr'>universalibus,</span> <span class='ocrx_word' id='word_1_390' title='bbox 1117 2157 1222 2206; x_wconf 92' lang='lat' dir='ltr'>quod</span> <span class='ocrx_word' id='word_1_391' title='bbox 1255 2159 1393 2197; x_wconf 88' lang='lat' dir='ltr'>scilicet</span> 
     </span>
     <span class='ocr_line' id='line_1_62' title="bbox 323 2207 1392 2258; baseline 0.007 -15"><span class='ocrx_word' id='word_1_392' title='bbox 323 2207 414 2244; x_wconf 90' lang='lat' dir='ltr'>nihil</span> <span class='ocrx_word' id='word_1_393' title='bbox 429 2207 467 2244; x_wconf 93' lang='lat' dir='ltr'>in</span> <span class='ocrx_word' id='word_1_394' title='bbox 481 2208 539 2245; x_wconf 89' lang='lat' dir='ltr'>his</span> <span class='ocrx_word' id='word_1_395' title='bbox 559 2221 657 2258; x_wconf 86' lang='lat' dir='ltr'>quae</span> <span class='ocrx_word' id='word_1_396' title='bbox 685 2210 783 2247; x_wconf 91' lang='lat' dir='ltr'>fiunt</span> <span class='ocrx_word' id='word_1_397' title='bbox 797 2210 843 2248; x_wconf 91' lang='lat' dir='ltr'>sit</span> <span class='ocrx_word' id='word_1_398' title='bbox 857 2210 905 2248; x_wconf 91' lang='lat' dir='ltr'>ad</span> <span class='ocrx_word' id='word_1_399' title='bbox 926 2211 1157 2258; x_wconf 87' lang='lat' dir='ltr'>utrumlibet,</span> <span class='ocrx_word' id='word_1_400' title='bbox 1174 2211 1242 2248; x_wconf 93' lang='lat' dir='ltr'>sed</span> <span class='ocrx_word' id='word_1_401' title='bbox 1262 2213 1392 2250; x_wconf 88' lang='lat' dir='ltr'>omnia</span> 
     </span>
     <span class='ocr_line' id='line_1_63' title="bbox 324 2260 1391 2304; baseline 0.007 -7"><span class='ocrx_word' id='word_1_402' title='bbox 324 2260 396 2297; x_wconf 92' lang='lat' dir='ltr'>sint</span> <span class='ocrx_word' id='word_1_403' title='bbox 425 2268 460 2298; x_wconf 92' lang='lat' dir='ltr'>et</span> <span class='ocrx_word' id='word_1_404' title='bbox 478 2261 572 2299; x_wconf 90' lang='lat' dir='ltr'>fiant</span> <span class='ocrx_word' id='word_1_405' title='bbox 600 2275 645 2300; x_wconf 92' lang='lat' dir='ltr'>ex</span> <span class='ocrx_word' id='word_1_406' title='bbox 664 2264 897 2302; x_wconf 89' lang='lat' dir='ltr'>necessitate.</span> <span class='ocrx_word' id='word_1_407' title='bbox 919 2265 968 2301; x_wconf 93' lang='lat' dir='ltr'>Et</span> <span class='ocrx_word' id='word_1_408' title='bbox 989 2277 1033 2302; x_wconf 91' lang='lat' dir='ltr'>ex</span> <span class='ocrx_word' id='word_1_409' title='bbox 1061 2266 1136 2304; x_wconf 95' lang='lat' dir='ltr'>hoc</span> <span class='ocrx_word' id='word_1_410' title='bbox 1163 2265 1318 2304; x_wconf 90' lang='lat' dir='ltr'>ulterius</span> <span class='ocrx_word' id='word_1_411' title='bbox 1337 2267 1391 2304; x_wconf 91' lang='lat' dir='ltr'>in-</span> 
     </span>
     <span class='ocr_line' id='line_1_64' title="bbox 325 2313 1391 2367; baseline 0.007 -17"><span class='ocrx_word' id='word_1_412' title='bbox 325 2313 427 2351; x_wconf 92' lang='lat' dir='ltr'>ducit</span> <span class='ocrx_word' id='word_1_413' title='bbox 454 2315 526 2352; x_wconf 88' lang='lat' dir='ltr'>alia</span> <span class='ocrx_word' id='word_1_414' title='bbox 563 2315 639 2353; x_wconf 91' lang='lat' dir='ltr'>duo</span> <span class='ocrx_word' id='word_1_415' title='bbox 668 2317 984 2355; x_wconf 89' lang='lat' dir='ltr'>inconvenientia.</span> <span class='ocrx_word' id='word_1_416' title='bbox 1016 2319 1194 2366; x_wconf 89' lang='lat' dir='ltr'>Quorum</span> <span class='ocrx_word' id='word_1_417' title='bbox 1222 2319 1391 2367; x_wconf 90' lang='lat' dir='ltr'>primum</span> 
     </span>
     <span class='ocr_line' id='line_1_65' title="bbox 325 2368 1391 2423; baseline 0.007 -19"><span class='ocrx_word' id='word_1_418' title='bbox 325 2375 380 2404; x_wconf 91' lang='lat' dir='ltr'>est</span> <span class='ocrx_word' id='word_1_419' title='bbox 408 2368 513 2416; x_wconf 91' lang='lat' dir='ltr'>quod</span> <span class='ocrx_word' id='word_1_420' title='bbox 541 2382 620 2408; x_wconf 91' lang='lat' dir='ltr'>non</span> <span class='ocrx_word' id='word_1_421' title='bbox 649 2371 839 2420; x_wconf 91' lang='lat' dir='ltr'>oportebit</span> <span class='ocrx_word' id='word_1_422' title='bbox 858 2371 905 2408; x_wconf 89' lang='lat' dir='ltr'>de</span> <span class='ocrx_word' id='word_1_423' title='bbox 934 2372 1060 2421; x_wconf 87' lang='lat' dir='ltr'>aliquo</span> <span class='ocrx_word' id='word_1_424' title='bbox 1082 2371 1283 2410; x_wconf 88' lang='lat' dir='ltr'>consiliari:</span> <span class='ocrx_word' id='word_1_425' title='bbox 1303 2387 1391 2423; x_wconf 88' lang='lat' dir='ltr'>pro-</span> 
     </span>
     <span class='ocr_line' id='line_1_66' title="bbox 323 2422 1391 2473; baseline 0.006 -15"><span class='ocrx_word' id='word_1_426' title='bbox 323 2422 456 2459; x_wconf 89' lang='lat' dir='ltr'>batum</span> <span class='ocrx_word' id='word_1_427' title='bbox 486 2430 541 2461; x_wconf 88' lang='lat' dir='ltr'>est</span> <span class='ocrx_word' id='word_1_428' title='bbox 569 2424 670 2462; x_wconf 91' lang='lat' dir='ltr'>enim</span> <span class='ocrx_word' id='word_1_429' title='bbox 699 2424 737 2462; x_wconf 91' lang='lat' dir='ltr'>in</span> <span class='ocrx_word' id='word_1_430' title='bbox 766 2426 815 2461; x_wconf 93' lang='lat'>111</span> <span class='ocrx_word' id='word_1_431' title='bbox 844 2425 1064 2463; x_wconf 87' lang='lat' dir='ltr'>Ethicorum</span> <span class='ocrx_word' id='word_1_432' title='bbox 1088 2427 1108 2448; x_wconf 75' lang='lat'>’¹‘</span> <span class='ocrx_word' id='word_1_433' title='bbox 1136 2426 1240 2473; x_wconf 93' lang='lat' dir='ltr'>quod</span> <span class='ocrx_word' id='word_1_434' title='bbox 1273 2427 1391 2464; x_wconf 87' lang='lat' dir='ltr'>consi-</span> 
     </span>
     <span class='ocr_line' id='line_1_67' title="bbox 323 2474 1391 2527; baseline 0.006 -15"><span class='ocrx_word' id='word_1_435' title='bbox 323 2475 415 2513; x_wconf 87' lang='lat' dir='ltr'>lium</span> <span class='ocrx_word' id='word_1_436' title='bbox 435 2488 514 2513; x_wconf 93' lang='lat' dir='ltr'>non</span> <span class='ocrx_word' id='word_1_437' title='bbox 534 2484 589 2514; x_wconf 86' lang='lat' dir='ltr'>est</span> <span class='ocrx_word' id='word_1_438' title='bbox 608 2477 654 2515; x_wconf 92' lang='lat' dir='ltr'>de</span> <span class='ocrx_word' id='word_1_439' title='bbox 674 2477 744 2524; x_wconf 87' lang='lat' dir='ltr'>his,</span> <span class='ocrx_word' id='word_1_440' title='bbox 769 2491 867 2527; x_wconf 86' lang='lat' dir='ltr'>quae</span> <span class='ocrx_word' id='word_1_441' title='bbox 887 2487 974 2516; x_wconf 92' lang='lat' dir='ltr'>sunt</span> <span class='ocrx_word' id='word_1_442' title='bbox 993 2491 1038 2516; x_wconf 90' lang='lat' dir='ltr'>ex</span> <span class='ocrx_word' id='word_1_443' title='bbox 1061 2474 1281 2517; x_wconf 75' lang='lat' dir='ltr'>necessitate</span> <span class='ocrx_word' id='word_1_444' title='bbox 1294 2510 1303 2526; x_wconf 87' lang='lat'>,</span> <span class='ocrx_word' id='word_1_445' title='bbox 1325 2481 1391 2518; x_wconf 91' lang='lat' dir='ltr'>sed</span> 
     </span>
     <span class='ocr_line' id='line_1_68' title="bbox 326 2528 1391 2581; baseline 0.005 -15"><span class='ocrx_word' id='word_1_446' title='bbox 326 2529 450 2566; x_wconf 91' lang='lat' dir='ltr'>solum</span> <span class='ocrx_word' id='word_1_447' title='bbox 471 2528 518 2567; x_wconf 92' lang='lat' dir='ltr'>de</span> <span class='ocrx_word' id='word_1_448' title='bbox 534 2530 848 2579; x_wconf 86' lang='lat' dir='ltr'>contingentibus,</span> <span class='ocrx_word' id='word_1_449' title='bbox 866 2544 963 2581; x_wconf 91' lang='lat' dir='ltr'>quae</span> <span class='ocrx_word' id='word_1_450' title='bbox 977 2541 1139 2581; x_wconf 91' lang='lat' dir='ltr'>possunt</span> <span class='ocrx_word' id='word_1_451' title='bbox 1158 2544 1239 2570; x_wconf 88' lang='lat' dir='ltr'>esse</span> <span class='ocrx_word' id='word_1_452' title='bbox 1262 2541 1298 2570; x_wconf 91' lang='lat' dir='ltr'>et</span> <span class='ocrx_word' id='word_1_453' title='bbox 1311 2547 1391 2571; x_wconf 91' lang='lat' dir='ltr'>non</span> 
     </span>
     <span class='ocr_line' id='line_1_69' title="bbox 326 2583 1390 2636; baseline 0.005 -17"><span class='ocrx_word' id='word_1_454' title='bbox 326 2594 420 2619; x_wconf 92' lang='lat' dir='ltr'>esse.</span> <span class='ocrx_word' id='word_1_455' title='bbox 457 2583 679 2622; x_wconf 89' lang='lat' dir='ltr'>Secundum</span> <span class='ocrx_word' id='word_1_456' title='bbox 718 2584 990 2622; x_wconf 89' lang='lat' dir='ltr'>inconveniens</span> <span class='ocrx_word' id='word_1_457' title='bbox 1029 2594 1084 2623; x_wconf 89' lang='lat' dir='ltr'>est</span> <span class='ocrx_word' id='word_1_458' title='bbox 1116 2586 1222 2636; x_wconf 93' lang='lat' dir='ltr'>quod</span> <span class='ocrx_word' id='word_1_459' title='bbox 1255 2599 1390 2624; x_wconf 91' lang='lat' dir='ltr'>omnes</span> 
     </span>
     <span class='ocr_line' id='line_1_70' title="bbox 325 2635 1390 2689; baseline 0.006 -17"><span class='ocrx_word' id='word_1_460' title='bbox 325 2635 492 2674; x_wconf 89' lang='lat' dir='ltr'>actiones</span> <span class='ocrx_word' id='word_1_461' title='bbox 517 2637 721 2683; x_wconf 89' lang='lat' dir='ltr'>humanae,</span> <span class='ocrx_word' id='word_1_462' title='bbox 743 2651 840 2687; x_wconf 88' lang='lat' dir='ltr'>quae</span> <span class='ocrx_word' id='word_1_463' title='bbox 870 2647 957 2676; x_wconf 89' lang='lat' dir='ltr'>sunt</span> <span class='ocrx_word' id='word_1_464' title='bbox 978 2647 1134 2689; x_wconf 90' lang='lat' dir='ltr'>propter</span> <span class='ocrx_word' id='word_1_465' title='bbox 1162 2640 1326 2689; x_wconf 90' lang='lat' dir='ltr'>aliquem</span> <span class='ocrx_word' id='word_1_466' title='bbox 1347 2641 1390 2678; x_wconf 93' lang='lat' dir='ltr'>fi-</span> 
     </span>
     <span class='ocr_line' id='line_1_71' title="bbox 324 2691 1391 2743; baseline 0.005 -17"><span class='ocrx_word' id='word_1_467' title='bbox 324 2701 414 2727; x_wconf 89' lang='lat' dir='ltr'>nem</span> <span class='ocrx_word' id='word_1_468' title='bbox 448 2691 562 2740; x_wconf 87' lang='lat' dir='ltr'>(puta</span> <span class='ocrx_word' id='word_1_469' title='bbox 590 2691 812 2739; x_wconf 86' lang='lat' dir='ltr'>negotiatio,</span> <span class='ocrx_word' id='word_1_470' title='bbox 845 2704 942 2740; x_wconf 91' lang='lat' dir='ltr'>quae</span> <span class='ocrx_word' id='word_1_471' title='bbox 978 2700 1033 2729; x_wconf 91' lang='lat' dir='ltr'>est</span> <span class='ocrx_word' id='word_1_472' title='bbox 1059 2702 1214 2743; x_wconf 92' lang='lat' dir='ltr'>propter</span> <span class='ocrx_word' id='word_1_473' title='bbox 1243 2693 1391 2731; x_wconf 87' lang='lat' dir='ltr'>divitias</span> 
     </span>
     <span class='ocr_line' id='line_1_72' title="bbox 325 2742 1391 2795; baseline 0.004 -15"><span class='ocrx_word' id='word_1_474' title='bbox 325 2742 612 2792; x_wconf 88' lang='lat' dir='ltr'>acquirendas),</span> <span class='ocrx_word' id='word_1_475' title='bbox 643 2752 752 2781; x_wconf 90' lang='lat' dir='ltr'>erunt</span> <span class='ocrx_word' id='word_1_476' title='bbox 780 2746 1015 2794; x_wconf 89' lang='lat' dir='ltr'>superfluae:</span> <span class='ocrx_word' id='word_1_477' title='bbox 1038 2746 1126 2795; x_wconf 87' lang='lat' dir='ltr'>quia</span> <span class='ocrx_word' id='word_1_478' title='bbox 1146 2747 1175 2784; x_wconf 91' lang='lat' dir='ltr'>si</span> <span class='ocrx_word' id='word_1_479' title='bbox 1197 2747 1326 2784; x_wconf 87' lang='lat' dir='ltr'>omnia</span> <span class='ocrx_word' id='word_1_480' title='bbox 1347 2759 1391 2784; x_wconf 92' lang='lat' dir='ltr'>ex</span> 
     </span>
     <span class='ocr_line' id='line_1_73' title="bbox 324 2795 1390 2850; baseline 0.004 -16"><span class='ocrx_word' id='word_1_481' title='bbox 324 2795 544 2834; x_wconf 84' lang='lat' dir='ltr'>necessitate</span> <span class='ocrx_word' id='word_1_482' title='bbox 565 2798 755 2844; x_wconf 88' lang='lat' dir='ltr'>eveniunt,</span> <span class='ocrx_word' id='word_1_483' title='bbox 777 2798 856 2835; x_wconf 90' lang='lat' dir='ltr'>sive</span> <span class='ocrx_word' id='word_1_484' title='bbox 878 2811 1083 2848; x_wconf 88' lang='lat' dir='ltr'>operemur</span> <span class='ocrx_word' id='word_1_485' title='bbox 1102 2801 1181 2838; x_wconf 88' lang='lat' dir='ltr'>sive</span> <span class='ocrx_word' id='word_1_486' title='bbox 1201 2813 1280 2837; x_wconf 92' lang='lat' dir='ltr'>non</span> <span class='ocrx_word' id='word_1_487' title='bbox 1300 2813 1390 2850; x_wconf 89' lang='lat' dir='ltr'>ope-</span> 
     </span>
     <span class='ocr_line' id='line_1_74' title="bbox 326 2850 1391 2900; baseline 0.005 -14"><span class='ocrx_word' id='word_1_488' title='bbox 326 2861 455 2887; x_wconf 88' lang='lat' dir='ltr'>remur</span> <span class='ocrx_word' id='word_1_489' title='bbox 475 2850 542 2887; x_wconf 92' lang='lat' dir='ltr'>erit</span> <span class='ocrx_word' id='word_1_490' title='bbox 561 2851 664 2900; x_wconf 92' lang='lat' dir='ltr'>quod</span> <span class='ocrx_word' id='word_1_491' title='bbox 688 2852 708 2873; x_wconf 86' lang='grc'>*</span> <span class='ocrx_word' id='word_1_492' title='bbox 726 2851 968 2890; x_wconf 88' lang='lat' dir='ltr'>intendimus.</span> <span class='ocrx_word' id='word_1_493' title='bbox 992 2853 1068 2890; x_wconf 89' lang='lat' dir='ltr'>Sed</span> <span class='ocrx_word' id='word_1_494' title='bbox 1088 2854 1162 2891; x_wconf 93' lang='lat' dir='ltr'>hoc</span> <span class='ocrx_word' id='word_1_495' title='bbox 1187 2861 1242 2890; x_wconf 91' lang='lat' dir='ltr'>est</span> <span class='ocrx_word' id='word_1_496' title='bbox 1261 2861 1391 2891; x_wconf 90' lang='lat' dir='ltr'>contra</span> 
     </span>
     <span class='ocr_line' id='line_1_75' title="bbox 325 2901 1391 2954; baseline 0.006 -16"><span class='ocrx_word' id='word_1_497' title='bbox 325 2901 574 2941; x_wconf 87' lang='lat' dir='ltr'>intentionem</span> <span class='ocrx_word' id='word_1_498' title='bbox 589 2904 804 2952; x_wconf 88' lang='lat' dir='ltr'>hominum,</span> <span class='ocrx_word' id='word_1_499' title='bbox 821 2905 910 2954; x_wconf 90' lang='lat' dir='ltr'>quia</span> <span class='ocrx_word' id='word_1_500' title='bbox 925 2918 970 2943; x_wconf 89' lang='lat' dir='ltr'>ea</span> <span class='ocrx_word' id='word_1_501' title='bbox 989 2906 1195 2944; x_wconf 90' lang='lat' dir='ltr'>intentione</span> <span class='ocrx_word' id='word_1_502' title='bbox 1214 2906 1391 2944; x_wconf 90' lang='lat' dir='ltr'>videntur</span> 
     </span>
     <span class='ocr_line' id='line_1_76' title="bbox 327 2955 1392 3006; baseline 0.005 -14"><span class='ocrx_word' id='word_1_503' title='bbox 327 2955 512 2993; x_wconf 89' lang='lat' dir='ltr'>consiliari</span> <span class='ocrx_word' id='word_1_504' title='bbox 533 2965 568 2994; x_wconf 92' lang='lat' dir='ltr'>et</span> <span class='ocrx_word' id='word_1_505' title='bbox 588 2957 770 3005; x_wconf 90' lang='lat' dir='ltr'>negotiari</span> <span class='ocrx_word' id='word_1_506' title='bbox 792 2966 851 3004; x_wconf 88' lang='lat' dir='ltr'>ut,</span> <span class='ocrx_word' id='word_1_507' title='bbox 882 2958 911 2995; x_wconf 93' lang='lat' dir='ltr'>si</span> <span class='ocrx_word' id='word_1_508' title='bbox 931 2959 1026 2996; x_wconf 88' lang='lat' dir='ltr'>haec</span> <span class='ocrx_word' id='word_1_509' title='bbox 1049 2960 1202 3006; x_wconf 89' lang='lat' dir='ltr'>faciant,</span> <span class='ocrx_word' id='word_1_510' title='bbox 1224 2960 1292 2997; x_wconf 92' lang='lat' dir='ltr'>erit</span> <span class='ocrx_word' id='word_1_511' title='bbox 1310 2960 1392 2997; x_wconf 89' lang='lat' dir='ltr'>talis</span> 
     </span>
     <span class='ocr_line' id='line_1_77' title="bbox 326 3007 1391 3060; baseline 0.004 -14"><span class='ocrx_word' id='word_1_512' title='bbox 326 3007 425 3056; x_wconf 89' lang='lat' dir='ltr'>finis,</span> <span class='ocrx_word' id='word_1_513' title='bbox 446 3008 476 3045; x_wconf 93' lang='lat' dir='ltr'>si</span> <span class='ocrx_word' id='word_1_514' title='bbox 495 3017 623 3047; x_wconf 91' lang='lat' dir='ltr'>autem</span> <span class='ocrx_word' id='word_1_515' title='bbox 643 3010 784 3049; x_wconf 87' lang='lat' dir='ltr'>faciunt</span> <span class='ocrx_word' id='word_1_516' title='bbox 802 3011 942 3060; x_wconf 88' lang='lat' dir='ltr'>aliquid</span> <span class='ocrx_word' id='word_1_517' title='bbox 963 3012 1075 3059; x_wconf 87' lang='lat' dir='ltr'>aliud,</span> <span class='ocrx_word' id='word_1_518' title='bbox 1098 3013 1165 3050; x_wconf 92' lang='lat' dir='ltr'>erit</span> <span class='ocrx_word' id='word_1_519' title='bbox 1180 3013 1273 3050; x_wconf 89' lang='lat' dir='ltr'>alius</span> <span class='ocrx_word' id='word_1_520' title='bbox 1292 3013 1391 3050; x_wconf 90' lang='lat' dir='ltr'>finis.</span> 
     </span>
    </p>
   </div>
   <div class='ocr_carea' id='block_1_17' title="bbox 385 1090 587 1240">
    <p class='ocr_par' dir='ltr' id='par_1_23' title="bbox 385 1090 587 1240">
     <span class='ocr_line' id='line_1_78' title="bbox 385 1090 587 1240; baseline 0 2964"><span class='ocrx_word' id='word_1_521' title='bbox 385 1090 587 1240; x_wconf 95' lang='lat' dir='ltr'> </span> 
     </span>
    </p>
   </div>
   <div class='ocr_carea' id='block_1_18' title="bbox 322 3143 1396 3671">
    <p class='ocr_par' dir='ltr' id='par_1_24' title="bbox 327 3143 1394 3205">
     <span class='ocr_line' id='line_1_79' title="bbox 381 3143 1394 3179; baseline 0.003 -11"><span class='ocrx_word' id='word_1_522' title='bbox 381 3143 408 3178; x_wconf 87' lang='grc' dir='ltr'>α)</span> <span class='ocrx_word' id='word_1_523' title='bbox 431 3144 531 3169; x_wconf 77' lang='lat' dir='ltr'>Civitas</span> <span class='ocrx_word' id='word_1_524' title='bbox 545 3144 606 3169; x_wconf 78' lang='lat' dir='ltr'>talis</span> <span class='ocrx_word' id='word_1_525' title='bbox 618 3144 823 3169; x_wconf 77' lang='lat' dir='ltr'>subverteretur.</span> <span class='ocrx_word' id='word_1_526' title='bbox 832 3145 926 3170; x_wconf 86' lang='lat' dir='ltr'>-Cod.</span> <span class='ocrx_word' id='word_1_527' title='bbox 940 3146 976 3170; x_wconf 83' lang='lat' dir='ltr'>A:</span> <span class='ocrx_word' id='word_1_528' title='bbox 991 3152 1044 3170; x_wconf 83' lang='lat' dir='ltr'>rex</span> <span class='ocrx_word' id='word_1_529' title='bbox 1061 3146 1174 3171; x_wconf 81' lang='lat' dir='ltr'>Carulus</span> <span class='ocrx_word' id='word_1_530' title='bbox 1193 3146 1394 3179; x_wconf 80' lang='lat' dir='ltr'>interficeretur.</span> 
     </span>
     <span class='ocr_line' id='line_1_80' title="bbox 327 3179 647 3205; baseline -0.003 -1"><span class='ocrx_word' id='word_1_531' title='bbox 327 3180 435 3205; x_wconf 86' lang='lat' dir='ltr'>Curiosa</span> <span class='ocrx_word' id='word_1_532' title='bbox 454 3186 516 3204; x_wconf 85' lang='lat' dir='ltr'>sane</span> <span class='ocrx_word' id='word_1_533' title='bbox 533 3179 647 3204; x_wconf 80' lang='lat' dir='ltr'>variatio.</span> 
     </span>
    </p>

    <p class='ocr_par' dir='ltr' id='par_1_25' title="bbox 322 3213 1396 3671">
     <span class='ocr_line' id='line_1_81' title="bbox 382 3213 1395 3248; baseline 0.001 -9"><span class='ocrx_word' id='word_1_534' title='bbox 382 3213 409 3248; x_wconf 86' lang='grc' dir='ltr'>β)</span> <span class='ocrx_word' id='word_1_535' title='bbox 427 3215 540 3239; x_wconf 77' lang='lat' dir='ltr'>Necesse</span> <span class='ocrx_word' id='word_1_536' title='bbox 553 3218 593 3239; x_wconf 83' lang='lat' dir='ltr'>est</span> <span class='ocrx_word' id='word_1_537' title='bbox 606 3214 678 3246; x_wconf 85' lang='lat' dir='ltr'>quod</span> <span class='ocrx_word' id='word_1_538' title='bbox 691 3215 760 3239; x_wconf 84' lang='lat' dir='ltr'>alter</span> <span class='ocrx_word' id='word_1_539' title='bbox 773 3221 865 3240; x_wconf 79' lang='lat' dir='ltr'>eorum</span> <span class='ocrx_word' id='word_1_540' title='bbox 880 3219 927 3240; x_wconf 91' lang='lat' dir='ltr'>etc.</span> <span class='ocrx_word' id='word_1_541' title='bbox 942 3216 990 3241; x_wconf 85' lang='lat' dir='ltr'>Est</span> <span class='ocrx_word' id='word_1_542' title='bbox 1004 3216 1079 3241; x_wconf 82' lang='lat' dir='ltr'>lectio</span> <span class='ocrx_word' id='word_1_543' title='bbox 1088 3217 1164 3241; x_wconf 87' lang='lat' dir='ltr'>ABE.</span> <span class='ocrx_word' id='word_1_544' title='bbox 1173 3231 1194 3236; x_wconf 97' lang='lat'>-</span> <span class='ocrx_word' id='word_1_545' title='bbox 1203 3216 1281 3240; x_wconf 79' lang='lat' dir='ltr'>Piana</span> <span class='ocrx_word' id='word_1_546' title='bbox 1295 3221 1320 3241; x_wconf 89' lang='lat' dir='ltr'>et</span> <span class='ocrx_word' id='word_1_547' title='bbox 1330 3216 1395 3240; x_wconf 89' lang='lat' dir='ltr'>Ven.</span> 
     </span>
     <span class='ocr_line' id='line_1_82' title="bbox 328 3250 1395 3284; baseline 0.001 -9"><span class='ocrx_word' id='word_1_548' title='bbox 328 3250 395 3275; x_wconf 89' lang='lat' dir='ltr'>edd.:</span> <span class='ocrx_word' id='word_1_549' title='bbox 411 3257 513 3275; x_wconf 84' lang='lat' dir='ltr'>necesse</span> <span class='ocrx_word' id='word_1_550' title='bbox 531 3253 570 3274; x_wconf 86' lang='lat' dir='ltr'>est</span> <span class='ocrx_word' id='word_1_551' title='bbox 584 3250 656 3282; x_wconf 82' lang='lat' dir='ltr'>quod</span> <span class='ocrx_word' id='word_1_552' title='bbox 673 3250 751 3274; x_wconf 87' lang='lat' dir='ltr'>ambo</span> <span class='ocrx_word' id='word_1_553' title='bbox 766 3250 940 3277; x_wconf 80' lang='lat' dir='ltr'>determinate</span> <span class='ocrx_word' id='word_1_554' title='bbox 959 3258 1049 3276; x_wconf 84' lang='lat' dir='ltr'>verum</span> <span class='ocrx_word' id='word_1_555' title='bbox 1065 3252 1187 3276; x_wconf 81' lang='lat' dir='ltr'>dixerint</span> <span class='ocrx_word' id='word_1_556' title='bbox 1191 3259 1201 3281; x_wconf 74' lang='lat'>,⁸</span> <span class='ocrx_word' id='word_1_557' title='bbox 1214 3259 1279 3284; x_wconf 84' lang='lat' dir='ltr'>ergo</span> <span class='ocrx_word' id='word_1_558' title='bbox 1294 3258 1395 3276; x_wconf 84' lang='lat' dir='ltr'>necesse</span> 
     </span>
     <span class='ocr_line' id='line_1_83' title="bbox 322 3285 1394 3319; baseline 0 -9"><span class='ocrx_word' id='word_1_559' title='bbox 322 3286 380 3319; x_wconf 81' lang='lat' dir='ltr'>fuit</span> <span class='ocrx_word' id='word_1_560' title='bbox 400 3285 534 3318; x_wconf 77' lang='lat' dir='ltr'>quodlibet</span> <span class='ocrx_word' id='word_1_561' title='bbox 551 3292 642 3310; x_wconf 90' lang='lat' dir='ltr'>eorum</span> <span class='ocrx_word' id='word_1_562' title='bbox 661 3292 699 3310; x_wconf 80' lang='lat' dir='ltr'>ex</span> <span class='ocrx_word' id='word_1_563' title='bbox 717 3285 870 3310; x_wconf 70' lang='lat' dir='ltr'>necessitate</span> <span class='ocrx_word' id='word_1_564' title='bbox 888 3286 1000 3311; x_wconf 85' lang='lat' dir='ltr'>evenire.</span> <span class='ocrx_word' id='word_1_565' title='bbox 1021 3287 1094 3317; x_wconf 84' lang='lat' dir='ltr'>Quae</span> <span class='ocrx_word' id='word_1_566' title='bbox 1113 3286 1187 3311; x_wconf 85' lang='lat' dir='ltr'>lectio</span> <span class='ocrx_word' id='word_1_567' title='bbox 1207 3291 1231 3311; x_wconf 88' lang='lat' dir='ltr'>et</span> <span class='ocrx_word' id='word_1_568' title='bbox 1250 3291 1289 3310; x_wconf 85' lang='lat' dir='ltr'>est</span> <span class='ocrx_word' id='word_1_569' title='bbox 1307 3292 1394 3311; x_wconf 83' lang='lat' dir='ltr'>contra</span> 
     </span>
     <span class='ocr_line' id='line_1_84' title="bbox 329 3320 1394 3346; baseline 0 -1"><span class='ocrx_word' id='word_1_570' title='bbox 329 3321 454 3346; x_wconf 89' lang='lat' dir='ltr'>intentum</span> <span class='ocrx_word' id='word_1_571' title='bbox 474 3328 495 3345; x_wconf 93' lang='lat' dir='ltr'>s.</span> <span class='ocrx_word' id='word_1_572' title='bbox 506 3320 624 3345; x_wconf 84' lang='lat' dir='ltr'>Thomae</span> <span class='ocrx_word' id='word_1_573' title='bbox 638 3325 664 3344; x_wconf 91' lang='lat' dir='ltr'>et</span> <span class='ocrx_word' id='word_1_574' title='bbox 682 3325 769 3344; x_wconf 84' lang='lat' dir='ltr'>contra</span> <span class='ocrx_word' id='word_1_575' title='bbox 782 3321 925 3346; x_wconf 85' lang='lat' dir='ltr'>veritatem.</span> <span class='ocrx_word' id='word_1_576' title='bbox 939 3322 1001 3346; x_wconf 90' lang='lat' dir='ltr'>Vult</span> <span class='ocrx_word' id='word_1_577' title='bbox 1015 3322 1083 3346; x_wconf 90' lang='lat' dir='ltr'>enim</span> <span class='ocrx_word' id='word_1_578' title='bbox 1098 3329 1119 3346; x_wconf 88' lang='lat' dir='ltr'>s.</span> <span class='ocrx_word' id='word_1_579' title='bbox 1132 3321 1248 3346; x_wconf 81' lang='lat' dir='ltr'>Thomas</span> <span class='ocrx_word' id='word_1_580' title='bbox 1263 3329 1322 3345; x_wconf 90' lang='lat' dir='ltr'>cum</span> <span class='ocrx_word' id='word_1_581' title='bbox 1337 3321 1394 3345; x_wconf 84' lang='lat' dir='ltr'>Ari-</span> 
     </span>
     <span class='ocr_line' id='line_1_85' title="bbox 329 3355 1393 3388; baseline -0.001 -7"><span class='ocrx_word' id='word_1_582' title='bbox 329 3357 421 3381; x_wconf 90' lang='lat' dir='ltr'>stotele</span> <span class='ocrx_word' id='word_1_583' title='bbox 430 3355 540 3388; x_wconf 84' lang='lat' dir='ltr'>probare</span> <span class='ocrx_word' id='word_1_584' title='bbox 550 3356 620 3388; x_wconf 86' lang='lat' dir='ltr'>quod</span> <span class='ocrx_word' id='word_1_585' title='bbox 631 3355 652 3379; x_wconf 85' lang='lat' dir='ltr'>si</span> <span class='ocrx_word' id='word_1_586' title='bbox 662 3359 773 3388; x_wconf 80' lang='lat' dir='ltr'>ponatur</span> <span class='ocrx_word' id='word_1_587' title='bbox 781 3356 959 3388; x_wconf 81' lang='lat' dir='ltr'>oppositarum</span> <span class='ocrx_word' id='word_1_588' title='bbox 970 3356 1176 3381; x_wconf 79' lang='lat' dir='ltr'>enunciationum</span> <span class='ocrx_word' id='word_1_589' title='bbox 1188 3364 1239 3380; x_wconf 91' lang='lat' dir='ltr'>non</span> <span class='ocrx_word' id='word_1_590' title='bbox 1248 3362 1393 3388; x_wconf 90' lang='lat' dir='ltr'>utramque,</span> 
     </span>
     <span class='ocr_line' id='line_1_86' title="bbox 329 3390 1394 3424; baseline -0.002 -8"><span class='ocrx_word' id='word_1_591' title='bbox 329 3391 375 3416; x_wconf 91' lang='lat' dir='ltr'>sed</span> <span class='ocrx_word' id='word_1_592' title='bbox 394 3392 500 3416; x_wconf 85' lang='lat' dir='ltr'>alteram</span> <span class='ocrx_word' id='word_1_593' title='bbox 515 3398 573 3415; x_wconf 89' lang='lat' dir='ltr'>esse</span> <span class='ocrx_word' id='word_1_594' title='bbox 587 3390 754 3415; x_wconf 83' lang='lat' dir='ltr'>determinate</span> <span class='ocrx_word' id='word_1_595' title='bbox 773 3398 868 3421; x_wconf 84' lang='lat' dir='ltr'>veram,</span> <span class='ocrx_word' id='word_1_596' title='bbox 884 3392 990 3415; x_wconf 85' lang='lat' dir='ltr'>alteram</span> <span class='ocrx_word' id='word_1_597' title='bbox 1005 3391 1172 3416; x_wconf 86' lang='lat' dir='ltr'>determinate</span> <span class='ocrx_word' id='word_1_598' title='bbox 1191 3391 1283 3415; x_wconf 85' lang='lat' dir='ltr'>falsam</span> <span class='ocrx_word' id='word_1_599' title='bbox 1303 3392 1340 3424; x_wconf 83' lang='lat' dir='ltr'>(n.</span> <span class='ocrx_word' id='word_1_600' title='bbox 1353 3390 1394 3423; x_wconf 79' lang='lat'>2),</span> 
     </span>
     <span class='ocr_line' id='line_1_87' title="bbox 329 3425 1394 3460; baseline -0.002 -8"><span class='ocrx_word' id='word_1_601' title='bbox 329 3431 481 3460; x_wconf 82' lang='lat' dir='ltr'>sequeretur</span> <span class='ocrx_word' id='word_1_602' title='bbox 498 3426 584 3451; x_wconf 79' lang='lat' dir='ltr'>omnia</span> <span class='ocrx_word' id='word_1_603' title='bbox 600 3433 630 3451; x_wconf 86' lang='lat' dir='ltr'>ex</span> <span class='ocrx_word' id='word_1_604' title='bbox 644 3425 796 3450; x_wconf 75' lang='lat' dir='ltr'>necessitate</span> <span class='ocrx_word' id='word_1_605' title='bbox 815 3426 925 3451; x_wconf 88' lang='lat' dir='ltr'>evenire.</span> <span class='ocrx_word' id='word_1_606' title='bbox 939 3426 1008 3458; x_wconf 87' lang='lat' dir='ltr'>Ergo</span> <span class='ocrx_word' id='word_1_607' title='bbox 1022 3426 1100 3451; x_wconf 87' lang='lat' dir='ltr'>ambo</span> <span class='ocrx_word' id='word_1_608' title='bbox 1115 3426 1289 3451; x_wconf 86' lang='lat' dir='ltr'>determinate</span> <span class='ocrx_word' id='word_1_609' title='bbox 1304 3433 1394 3450; x_wconf 85' lang='lat' dir='ltr'>verum</span> 
     </span>
     <span class='ocr_line' id='line_1_88' title="bbox 330 3461 1394 3487; baseline -0.002 0"><span class='ocrx_word' id='word_1_610' title='bbox 330 3462 452 3487; x_wconf 81' lang='lat' dir='ltr'>dixerint</span> <span class='ocrx_word' id='word_1_611' title='bbox 470 3466 509 3486; x_wconf 87' lang='lat' dir='ltr'>est</span> <span class='ocrx_word' id='word_1_612' title='bbox 527 3461 633 3486; x_wconf 89' lang='lat' dir='ltr'>omnino</span> <span class='ocrx_word' id='word_1_613' title='bbox 653 3465 740 3485; x_wconf 84' lang='lat' dir='ltr'>contra</span> <span class='ocrx_word' id='word_1_614' title='bbox 759 3461 981 3486; x_wconf 89' lang='lat' dir='ltr'>intentum.—Sed</span> <span class='ocrx_word' id='word_1_615' title='bbox 1000 3466 1039 3485; x_wconf 88' lang='lat' dir='ltr'>est</span> <span class='ocrx_word' id='word_1_616' title='bbox 1058 3461 1133 3486; x_wconf 85' lang='lat' dir='ltr'>etiam</span> <span class='ocrx_word' id='word_1_617' title='bbox 1148 3466 1234 3485; x_wconf 88' lang='lat' dir='ltr'>contra</span> <span class='ocrx_word' id='word_1_618' title='bbox 1252 3461 1394 3485; x_wconf 87' lang='lat' dir='ltr'>veritatem.</span> 
     </span>
     <span class='ocr_line' id='line_1_89' title="bbox 327 3495 1396 3530; baseline -0.002 -8"><span class='ocrx_word' id='word_1_619' title='bbox 327 3497 450 3530; x_wconf 81' lang='lat' dir='ltr'>Arguitur</span> <span class='ocrx_word' id='word_1_620' title='bbox 468 3497 537 3521; x_wconf 90' lang='lat' dir='ltr'>enim</span> <span class='ocrx_word' id='word_1_621' title='bbox 558 3504 588 3521; x_wconf 87' lang='lat' dir='ltr'>ex</span> <span class='ocrx_word' id='word_1_622' title='bbox 610 3496 746 3529; x_wconf 83' lang='lat' dir='ltr'>hypothesi</span> <span class='ocrx_word' id='word_1_623' title='bbox 766 3496 836 3528; x_wconf 92' lang='lat' dir='ltr'>quod</span> <span class='ocrx_word' id='word_1_624' title='bbox 855 3495 988 3520; x_wconf 86' lang='lat' dir='ltr'>affirmatio</span> <span class='ocrx_word' id='word_1_625' title='bbox 1002 3497 1043 3520; x_wconf 90' lang='lat' dir='ltr'>vel</span> <span class='ocrx_word' id='word_1_626' title='bbox 1058 3496 1159 3528; x_wconf 84' lang='lat' dir='ltr'>negatio</span> <span class='ocrx_word' id='word_1_627' title='bbox 1178 3496 1344 3520; x_wconf 88' lang='lat' dir='ltr'>determinate</span> <span class='ocrx_word' id='word_1_628' title='bbox 1363 3496 1396 3520; x_wconf 88' lang='lat' dir='ltr'>sit</span> 
     </span>
     <span class='ocr_line' id='line_1_90' title="bbox 327 3531 1393 3565; baseline -0.003 -7"><span class='ocrx_word' id='word_1_629' title='bbox 327 3540 402 3564; x_wconf 68' lang='grc' dir='ltr'>νει-εις</span> <span class='ocrx_word' id='word_1_630' title='bbox 421 3538 542 3565; x_wconf 90' lang='lat' dir='ltr'>recteque</span> <span class='ocrx_word' id='word_1_631' title='bbox 561 3532 667 3556; x_wconf 89' lang='lat' dir='ltr'>infertur</span> <span class='ocrx_word' id='word_1_632' title='bbox 681 3532 706 3556; x_wconf 88' lang='lat' dir='ltr'>in</span> <span class='ocrx_word' id='word_1_633' title='bbox 720 3531 857 3564; x_wconf 87' lang='lat' dir='ltr'>hypothesi</span> <span class='ocrx_word' id='word_1_634' title='bbox 870 3531 940 3564; x_wconf 90' lang='lat' dir='ltr'>quod</span> <span class='ocrx_word' id='word_1_635' title='bbox 954 3532 1018 3556; x_wconf 84' lang='lat' dir='ltr'>alter</span> <span class='ocrx_word' id='word_1_636' title='bbox 1030 3539 1119 3555; x_wconf 89' lang='lat' dir='ltr'>eorum</span> <span class='ocrx_word' id='word_1_637' title='bbox 1134 3531 1189 3564; x_wconf 91' lang='lat' dir='ltr'>(qui</span> <span class='ocrx_word' id='word_1_638' title='bbox 1205 3531 1229 3555; x_wconf 94' lang='lat' dir='ltr'>in</span> <span class='ocrx_word' id='word_1_639' title='bbox 1245 3532 1393 3563; x_wconf 87' lang='lat' dir='ltr'>exemplum</span> 
     </span>
     <span class='ocr_line' id='line_1_91' title="bbox 328 3566 1393 3600; baseline -0.003 -7"><span class='ocrx_word' id='word_1_640' title='bbox 328 3567 498 3600; x_wconf 83' lang='lat' dir='ltr'>adducuntur)</span> <span class='ocrx_word' id='word_1_641' title='bbox 512 3567 679 3592; x_wconf 84' lang='lat' dir='ltr'>determinate</span> <span class='ocrx_word' id='word_1_642' title='bbox 694 3566 809 3591; x_wconf 86' lang='lat' dir='ltr'>debuerit</span> <span class='ocrx_word' id='word_1_643' title='bbox 819 3566 903 3591; x_wconf 89' lang='lat' dir='ltr'>dicere</span> <span class='ocrx_word' id='word_1_644' title='bbox 916 3573 1020 3596; x_wconf 87' lang='lat' dir='ltr'>verum;</span> <span class='ocrx_word' id='word_1_645' title='bbox 1031 3571 1055 3590; x_wconf 90' lang='lat' dir='ltr'>et</span> <span class='ocrx_word' id='word_1_646' title='bbox 1068 3571 1255 3599; x_wconf 85' lang='lat' dir='ltr'>consequenter</span> <span class='ocrx_word' id='word_1_647' title='bbox 1265 3573 1294 3591; x_wconf 84' lang='lat' dir='ltr'>ex</span> <span class='ocrx_word' id='word_1_648' title='bbox 1305 3573 1393 3590; x_wconf 91' lang='lat' dir='ltr'>neces-</span> 
     </span>
     <span class='ocr_line' id='line_1_92' title="bbox 328 3601 1393 3635; baseline -0.003 -7"><span class='ocrx_word' id='word_1_649' title='bbox 328 3603 402 3628; x_wconf 81' lang='lat' dir='ltr'>sitate</span> <span class='ocrx_word' id='word_1_650' title='bbox 416 3603 518 3628; x_wconf 90' lang='lat' dir='ltr'>evenire</span> <span class='ocrx_word' id='word_1_651' title='bbox 533 3603 594 3627; x_wconf 86' lang='lat' dir='ltr'>illud</span> <span class='ocrx_word' id='word_1_652' title='bbox 605 3603 675 3635; x_wconf 89' lang='lat' dir='ltr'>quod</span> <span class='ocrx_word' id='word_1_653' title='bbox 689 3602 785 3627; x_wconf 87' lang='lat' dir='ltr'>dixerit.</span> <span class='ocrx_word' id='word_1_654' title='bbox 794 3617 814 3620; x_wconf 98' lang='lat'><strong>—</strong></span> <span class='ocrx_word' id='word_1_655' title='bbox 824 3602 848 3627; x_wconf 91' lang='lat' dir='ltr'>Si</span> <span class='ocrx_word' id='word_1_656' title='bbox 863 3609 914 3627; x_wconf 88' lang='lat' dir='ltr'>non</span> <span class='ocrx_word' id='word_1_657' title='bbox 927 3602 997 3627; x_wconf 84' lang='lat' dir='ltr'>alter</span> <span class='ocrx_word' id='word_1_658' title='bbox 1006 3609 1105 3630; x_wconf 89' lang='lat' dir='ltr'>eorum,</span> <span class='ocrx_word' id='word_1_659' title='bbox 1122 3602 1167 3626; x_wconf 93' lang='lat' dir='ltr'>sed</span> <span class='ocrx_word' id='word_1_660' title='bbox 1177 3601 1254 3626; x_wconf 85' lang='lat' dir='ltr'>ambo</span> <span class='ocrx_word' id='word_1_661' title='bbox 1268 3602 1393 3633; x_wconf 81' lang='lat' dir='ltr'>legamus,</span> 
     </span>
     <span class='ocr_line' id='line_1_93' title="bbox 328 3636 1394 3671; baseline -0.002 -8"><span class='ocrx_word' id='word_1_662' title='bbox 328 3643 481 3671; x_wconf 79' lang='lat' dir='ltr'>sequeretur</span> <span class='ocrx_word' id='word_1_663' title='bbox 495 3639 565 3671; x_wconf 87' lang='lat' dir='ltr'>quod</span> <span class='ocrx_word' id='word_1_664' title='bbox 584 3638 662 3663; x_wconf 88' lang='lat' dir='ltr'>ambo</span> <span class='ocrx_word' id='word_1_665' title='bbox 674 3645 764 3662; x_wconf 87' lang='lat' dir='ltr'>verum</span> <span class='ocrx_word' id='word_1_666' title='bbox 785 3637 903 3668; x_wconf 87' lang='lat' dir='ltr'>dixerint;</span> <span class='ocrx_word' id='word_1_667' title='bbox 923 3645 985 3670; x_wconf 86' lang='lat' dir='ltr'>ergo</span> <span class='ocrx_word' id='word_1_668' title='bbox 1005 3645 1035 3662; x_wconf 90' lang='lat' dir='ltr'>ex</span> <span class='ocrx_word' id='word_1_669' title='bbox 1054 3637 1204 3662; x_wconf 83' lang='lat' dir='ltr'>necessitate</span> <span class='ocrx_word' id='word_1_670' title='bbox 1217 3636 1348 3661; x_wconf 88' lang='lat' dir='ltr'>evenirent</span> <span class='ocrx_word' id='word_1_671' title='bbox 1364 3644 1394 3661; x_wconf 84' lang='lat' dir='ltr'>ea</span> 
     </span>
    </p>
   </div>
   <div class='ocr_carea' id='block_1_19' title="bbox 469 3691 806 3724">
    <p class='ocr_par' dir='ltr' id='par_1_26' title="bbox 469 3691 806 3724">
     <span class='ocr_line' id='line_1_94' title="bbox 469 3691 806 3724; baseline -0.003 -8"><span class='ocrx_word' id='word_1_672' title='bbox 469 3692 539 3724; x_wconf 89' lang='lat' dir='ltr'>Opp.</span> <span class='ocrx_word' id='word_1_673' title='bbox 558 3692 589 3716; x_wconf 92' lang='lat' dir='ltr'>D.</span> <span class='ocrx_word' id='word_1_674' title='bbox 604 3691 718 3716; x_wconf 66' lang='lat' dir='ltr'>Tnonn:</span> <span class='ocrx_word' id='word_1_675' title='bbox 737 3691 768 3715; x_wconf 90' lang='lat' dir='ltr'>T.</span> <span class='ocrx_word' id='word_1_676' title='bbox 788 3691 806 3716; x_wconf 87' lang='lat'>1.</span> 
     </span>
    </p>
   </div>
   <div class='ocr_carea' id='block_1_20' title="bbox 1452 403 2516 1027">
    <p class='ocr_par' dir='ltr' id='par_1_27' title="bbox 1452 403 2516 1027">
     <span class='ocr_line' id='line_1_95' title="bbox 1453 403 2515 439; baseline 0.003 -9"><span class='ocrx_word' id='word_1_677' title='bbox 1453 410 1499 431; x_wconf 84' lang='lat'>22.</span> <span class='ocrx_word' id='word_1_678' title='bbox 1516 403 1651 431; x_wconf 88' lang='lat' dir='ltr'>Similiter</span> <span class='ocrx_word' id='word_1_679' title='bbox 1664 404 1797 432; x_wconf 91' lang='lat' dir='ltr'>voluntas</span> <span class='ocrx_word' id='word_1_680' title='bbox 1812 403 1922 439; x_wconf 87' lang='lat' dir='ltr'>divina,</span> <span class='ocrx_word' id='word_1_681' title='bbox 1938 411 2016 432; x_wconf 89' lang='lat' dir='ltr'>extra</span> <span class='ocrx_word' id='word_1_682' title='bbox 2037 404 2168 432; x_wconf 88' lang='lat' dir='ltr'>ordinem</span> <span class='ocrx_word' id='word_1_683' title='bbox 2184 404 2293 432; x_wconf 88' lang='lat' dir='ltr'>entium</span> <span class='ocrx_word' id='word_1_684' title='bbox 2314 404 2450 439; x_wconf 87' lang='lat' dir='ltr'>existens,</span> <span class='ocrx_word' id='word_1_685' title='bbox 2473 412 2515 433; x_wconf 89' lang='lat' dir='ltr'>est</span> 
     </span>
     <span class='ocr_line' id='line_1_96' title="bbox 1452 443 2515 480; baseline 0.001 -10"><span class='ocrx_word' id='word_1_686' title='bbox 1452 452 1538 471; x_wconf 88' lang='lat' dir='ltr'>causa</span> <span class='ocrx_word' id='word_1_687' title='bbox 1558 443 1736 479; x_wconf 89' lang='lat' dir='ltr'>profundens</span> <span class='ocrx_word' id='word_1_688' title='bbox 1750 449 1843 471; x_wconf 90' lang='lat' dir='ltr'>totum</span> <span class='ocrx_word' id='word_1_689' title='bbox 1859 453 1910 471; x_wconf 89' lang='lat' dir='ltr'>ens</span> <span class='ocrx_word' id='word_1_690' title='bbox 1924 450 1952 471; x_wconf 92' lang='lat' dir='ltr'>et</span> <span class='ocrx_word' id='word_1_691' title='bbox 1966 453 2068 471; x_wconf 90' lang='lat' dir='ltr'>omnes</span> <span class='ocrx_word' id='word_1_692' title='bbox 2089 444 2150 472; x_wconf 90' lang='lat' dir='ltr'>eius</span> <span class='ocrx_word' id='word_1_693' title='bbox 2171 444 2353 472; x_wconf 85' lang='lat' dir='ltr'>differentias.</span> <span class='ocrx_word' id='word_1_694' title='bbox 2375 445 2451 480; x_wconf 87' lang='lat' dir='ltr'>Ergo</span> <span class='ocrx_word' id='word_1_695' title='bbox 2473 451 2515 472; x_wconf 85' lang='lat' dir='ltr'>est</span> 
     </span>
     <span class='ocr_line' id='line_1_97' title="bbox 1453 483 2515 522; baseline 0.002 -12"><span class='ocrx_word' id='word_1_696' title='bbox 1453 491 1539 510; x_wconf 83' lang='lat' dir='ltr'>causa</span> <span class='ocrx_word' id='word_1_697' title='bbox 1552 489 1614 510; x_wconf 90' lang='lat' dir='ltr'>tum</span> <span class='ocrx_word' id='word_1_698' title='bbox 1633 483 1826 517; x_wconf 82' lang='lat' dir='ltr'>necessitatis,</span> <span class='ocrx_word' id='word_1_699' title='bbox 1840 490 1902 511; x_wconf 90' lang='lat' dir='ltr'>tum</span> <span class='ocrx_word' id='word_1_700' title='bbox 1917 484 2143 522; x_wconf 83' lang='lat' dir='ltr'>contingentiae,</span> <span class='ocrx_word' id='word_1_701' title='bbox 2159 493 2233 520; x_wconf 88' lang='lat' dir='ltr'>quae</span> <span class='ocrx_word' id='word_1_702' title='bbox 2252 490 2319 511; x_wconf 89' lang='lat' dir='ltr'>sunt</span> <span class='ocrx_word' id='word_1_703' title='bbox 2339 483 2515 512; x_wconf 88' lang='lat' dir='ltr'>differentiae</span> 
     </span>
     <span class='ocr_line' id='line_1_98' title="bbox 1453 522 2515 560; baseline 0.001 -10"><span class='ocrx_word' id='word_1_704' title='bbox 1453 522 1541 558; x_wconf 85' lang='lat' dir='ltr'>entis,</span> <span class='ocrx_word' id='word_1_705' title='bbox 1563 529 1591 550; x_wconf 90' lang='lat' dir='ltr'>et</span> <span class='ocrx_word' id='word_1_706' title='bbox 1604 523 1794 551; x_wconf 82' lang='lat' dir='ltr'>distinctionis</span> <span class='ocrx_word' id='word_1_707' title='bbox 1808 523 1966 560; x_wconf 86' lang='lat' dir='ltr'>utriusque,</span> <span class='ocrx_word' id='word_1_708' title='bbox 1982 533 2055 560; x_wconf 88' lang='lat' dir='ltr'>quae</span> <span class='ocrx_word' id='word_1_709' title='bbox 2070 523 2194 551; x_wconf 90' lang='lat' dir='ltr'>cernitur</span> <span class='ocrx_word' id='word_1_710' title='bbox 2208 523 2238 551; x_wconf 92' lang='lat' dir='ltr'>in</span> <span class='ocrx_word' id='word_1_711' title='bbox 2252 524 2337 551; x_wconf 89' lang='lat' dir='ltr'>rebus</span> <span class='ocrx_word' id='word_1_712' title='bbox 2356 524 2515 551; x_wconf 88' lang='lat' dir='ltr'>secundum</span> 
     </span>
     <span class='ocr_line' id='line_1_99' title="bbox 1452 561 2515 600; baseline 0.001 -11"><span class='ocrx_word' id='word_1_713' title='bbox 1452 561 1594 590; x_wconf 86' lang='lat' dir='ltr'>rationem</span> <span class='ocrx_word' id='word_1_714' title='bbox 1609 563 1805 600; x_wconf 86' lang='lat' dir='ltr'>proximarum</span> <span class='ocrx_word' id='word_1_715' title='bbox 1820 572 1980 591; x_wconf 83' lang='lat' dir='ltr'>causarum.</span> <span class='ocrx_word' id='word_1_716' title='bbox 1993 564 2074 598; x_wconf 90' lang='lat' dir='ltr'>Quae</span> <span class='ocrx_word' id='word_1_717' title='bbox 2085 563 2185 591; x_wconf 90' lang='lat' dir='ltr'>omnia</span> <span class='ocrx_word' id='word_1_718' title='bbox 2195 563 2250 591; x_wconf 93' lang='lat' dir='ltr'>dici</span> <span class='ocrx_word' id='word_1_719' title='bbox 2260 569 2407 600; x_wconf 89' lang='lat' dir='ltr'>nequeunt</span> <span class='ocrx_word' id='word_1_720' title='bbox 2422 572 2515 599; x_wconf 91' lang='lat' dir='ltr'>neque</span> 
     </span>
     <span class='ocr_line' id='line_1_100' title="bbox 1453 602 2516 640; baseline 0.001 -11"><span class='ocrx_word' id='word_1_721' title='bbox 1453 602 1489 629; x_wconf 93' lang='lat' dir='ltr'>de</span> <span class='ocrx_word' id='word_1_722' title='bbox 1510 602 1657 630; x_wconf 90' lang='lat' dir='ltr'>voluntate</span> <span class='ocrx_word' id='word_1_723' title='bbox 1678 603 1818 638; x_wconf 84' lang='lat' dir='ltr'>humana,</span> <span class='ocrx_word' id='word_1_724' title='bbox 1840 612 1935 640; x_wconf 90' lang='lat' dir='ltr'>neque</span> <span class='ocrx_word' id='word_1_725' title='bbox 1961 604 1996 630; x_wconf 90' lang='lat' dir='ltr'>de</span> <span class='ocrx_word' id='word_1_726' title='bbox 2017 603 2113 639; x_wconf 89' lang='lat' dir='ltr'>aliqua</span> <span class='ocrx_word' id='word_1_727' title='bbox 2134 603 2189 631; x_wconf 86' lang='lat' dir='ltr'>alia</span> <span class='ocrx_word' id='word_1_728' title='bbox 2210 612 2296 631; x_wconf 90' lang='lat' dir='ltr'>causa</span> <span class='ocrx_word' id='word_1_729' title='bbox 2317 609 2418 630; x_wconf 90' lang='lat' dir='ltr'>creata.</span> <span class='ocrx_word' id='word_1_730' title='bbox 2441 603 2516 630; x_wconf 89' lang='lat' dir='ltr'>Hinc</span> 
     </span>
     <span class='ocr_line' id='line_1_101' title="bbox 1452 640 2516 679; baseline 0.001 -10"><span class='ocrx_word' id='word_1_731' title='bbox 1452 642 1585 670; x_wconf 89' lang='lat' dir='ltr'>voluntas</span> <span class='ocrx_word' id='word_1_732' title='bbox 1607 642 1703 670; x_wconf 87' lang='lat' dir='ltr'>divina</span> <span class='ocrx_word' id='word_1_733' title='bbox 1724 649 1766 670; x_wconf 91' lang='lat' dir='ltr'>est</span> <span class='ocrx_word' id='word_1_734' title='bbox 1787 641 1998 678; x_wconf 82' lang='lat' dir='ltr'>efficacissima,</span> <span class='ocrx_word' id='word_1_735' title='bbox 2014 649 2042 671; x_wconf 92' lang='lat' dir='ltr'>et</span> <span class='ocrx_word' id='word_1_736' title='bbox 2056 649 2198 679; x_wconf 85' lang='lat' dir='ltr'>quatenus</span> <span class='ocrx_word' id='word_1_737' title='bbox 2213 649 2255 670; x_wconf 86' lang='lat' dir='ltr'>est</span> <span class='ocrx_word' id='word_1_738' title='bbox 2269 640 2467 670; x_wconf 87' lang='lat' dir='ltr'>efficacissima</span> <span class='ocrx_word' id='word_1_739' title='bbox 2488 649 2516 670; x_wconf 91' lang='lat' dir='ltr'>et</span> 
     </span>
     <span class='ocr_line' id='line_1_102' title="bbox 1453 681 2516 720; baseline 0.001 -11"><span class='ocrx_word' id='word_1_740' title='bbox 1453 681 1634 717; x_wconf 86' lang='lat' dir='ltr'>indeficiens,</span> <span class='ocrx_word' id='word_1_741' title='bbox 1656 682 1772 710; x_wconf 86' lang='lat' dir='ltr'>effectus</span> <span class='ocrx_word' id='word_1_742' title='bbox 1793 692 1867 719; x_wconf 92' lang='lat' dir='ltr'>quos</span> <span class='ocrx_word' id='word_1_743' title='bbox 1888 683 1947 710; x_wconf 92' lang='lat' dir='ltr'>vult</span> <span class='ocrx_word' id='word_1_744' title='bbox 1969 683 2166 720; x_wconf 88' lang='lat' dir='ltr'>contingenter</span> <span class='ocrx_word' id='word_1_745' title='bbox 2185 682 2296 710; x_wconf 90' lang='lat' dir='ltr'>evenire</span> <span class='ocrx_word' id='word_1_746' title='bbox 2318 682 2516 719; x_wconf 86' lang='lat' dir='ltr'>contingenter</span> 
     </span>
     <span class='ocr_line' id='line_1_103' title="bbox 1454 721 2515 759; baseline 0 -10"><span class='ocrx_word' id='word_1_747' title='bbox 1454 721 1681 749; x_wconf 85' lang='lat' dir='ltr'>eveniunt.-23.</span> <span class='ocrx_word' id='word_1_748' title='bbox 1704 722 1798 750; x_wconf 86' lang='lat' dir='ltr'>Aliam</span> <span class='ocrx_word' id='word_1_749' title='bbox 1820 722 1946 750; x_wconf 86' lang='lat' dir='ltr'>radicem</span> <span class='ocrx_word' id='word_1_750' title='bbox 1961 722 2172 759; x_wconf 84' lang='lat' dir='ltr'>contingentiae</span> <span class='ocrx_word' id='word_1_751' title='bbox 2188 724 2236 758; x_wconf 87' lang='lat' dir='ltr'>(ex</span> <span class='ocrx_word' id='word_1_752' title='bbox 2251 723 2307 750; x_wconf 86' lang='lat' dir='ltr'>hoc</span> <span class='ocrx_word' id='word_1_753' title='bbox 2322 722 2402 759; x_wconf 87' lang='lat' dir='ltr'>quod</span> <span class='ocrx_word' id='word_1_754' title='bbox 2416 731 2515 749; x_wconf 91' lang='lat' dir='ltr'>sumus</span> 
     </span>
     <span class='ocr_line' id='line_1_104' title="bbox 1454 761 2515 797; baseline 0.001 -9"><span class='ocrx_word' id='word_1_755' title='bbox 1454 761 1637 796; x_wconf 88' lang='lat' dir='ltr'>consiliativi)</span> <span class='ocrx_word' id='word_1_756' title='bbox 1666 762 1798 789; x_wconf 90' lang='lat' dir='ltr'>nonnulli</span> <span class='ocrx_word' id='word_1_757' title='bbox 1826 763 1989 790; x_wconf 89' lang='lat' dir='ltr'>subvertere</span> <span class='ocrx_word' id='word_1_758' title='bbox 2017 762 2071 789; x_wconf 90' lang='lat' dir='ltr'>nisi</span> <span class='ocrx_word' id='word_1_759' title='bbox 2099 769 2181 797; x_wconf 88' lang='lat' dir='ltr'>sunt,</span> <span class='ocrx_word' id='word_1_760' title='bbox 2209 762 2336 790; x_wconf 92' lang='lat' dir='ltr'>volentes</span> <span class='ocrx_word' id='word_1_761' title='bbox 2364 762 2515 790; x_wconf 91' lang='lat' dir='ltr'>ostendere</span> 
     </span>
     <span class='ocr_line' id='line_1_105' title="bbox 1454 801 2515 838; baseline 0.001 -10"><span class='ocrx_word' id='word_1_762' title='bbox 1454 802 1534 837; x_wconf 90' lang='lat' dir='ltr'>quod</span> <span class='ocrx_word' id='word_1_763' title='bbox 1555 801 1687 829; x_wconf 86' lang='lat' dir='ltr'>voluntas</span> <span class='ocrx_word' id='word_1_764' title='bbox 1708 801 1738 829; x_wconf 92' lang='lat' dir='ltr'>in</span> <span class='ocrx_word' id='word_1_765' title='bbox 1753 802 1884 838; x_wconf 86' lang='lat' dir='ltr'>eligendo</span> <span class='ocrx_word' id='word_1_766' title='bbox 1901 808 2033 829; x_wconf 91' lang='lat' dir='ltr'>movetur</span> <span class='ocrx_word' id='word_1_767' title='bbox 2053 811 2086 829; x_wconf 89' lang='lat' dir='ltr'>ex</span> <span class='ocrx_word' id='word_1_768' title='bbox 2105 802 2272 830; x_wconf 89' lang='lat' dir='ltr'>necessitate</span> <span class='ocrx_word' id='word_1_769' title='bbox 2291 811 2308 830; x_wconf 91' lang='lat' dir='ltr'>a</span> <span class='ocrx_word' id='word_1_770' title='bbox 2322 811 2376 829; x_wconf 93' lang='lat' dir='ltr'>suo</span> <span class='ocrx_word' id='word_1_771' title='bbox 2391 801 2515 836; x_wconf 90' lang='lat' dir='ltr'>obiecto,</span> 
     </span>
     <span class='ocr_line' id='line_1_106' title="bbox 1454 841 2514 879; baseline 0.001 -11"><span class='ocrx_word' id='word_1_772' title='bbox 1454 842 1534 877; x_wconf 93' lang='lat' dir='ltr'>quod</span> <span class='ocrx_word' id='word_1_773' title='bbox 1555 847 1598 868; x_wconf 91' lang='lat' dir='ltr'>est</span> <span class='ocrx_word' id='word_1_774' title='bbox 1618 841 1812 877; x_wconf 87' lang='lat' dir='ltr'>appetibile.—</span> <span class='ocrx_word' id='word_1_775' title='bbox 1826 849 1872 875; x_wconf 87' lang='lat'>24.</span> <span class='ocrx_word' id='word_1_776' title='bbox 1896 841 2044 876; x_wconf 87' lang='lat' dir='ltr'>Quinimo,</span> <span class='ocrx_word' id='word_1_777' title='bbox 2060 842 2128 878; x_wconf 92' lang='lat' dir='ltr'>quia</span> <span class='ocrx_word' id='word_1_778' title='bbox 2142 842 2310 877; x_wconf 84' lang='lat' dir='ltr'>consilium,</span> <span class='ocrx_word' id='word_1_779' title='bbox 2332 842 2412 879; x_wconf 94' lang='lat' dir='ltr'>quod</span> <span class='ocrx_word' id='word_1_780' title='bbox 2432 851 2514 878; x_wconf 88' lang='lat' dir='ltr'>prae-</span> 
     </span>
     <span class='ocr_line' id='line_1_107' title="bbox 1454 880 2515 919; baseline 0.001 -11"><span class='ocrx_word' id='word_1_781' title='bbox 1454 880 1528 908; x_wconf 91' lang='lat' dir='ltr'>cedit</span> <span class='ocrx_word' id='word_1_782' title='bbox 1556 881 1741 916; x_wconf 88' lang='lat' dir='ltr'>electionem,</span> <span class='ocrx_word' id='word_1_783' title='bbox 1764 887 1806 908; x_wconf 91' lang='lat' dir='ltr'>est</span> <span class='ocrx_word' id='word_1_784' title='bbox 1829 881 1865 908; x_wconf 94' lang='lat' dir='ltr'>de</span> <span class='ocrx_word' id='word_1_785' title='bbox 1887 880 2005 908; x_wconf 90' lang='lat' dir='ltr'>obiectis</span> <span class='ocrx_word' id='word_1_786' title='bbox 2033 890 2107 917; x_wconf 91' lang='lat' dir='ltr'>quae</span> <span class='ocrx_word' id='word_1_787' title='bbox 2131 881 2329 919; x_wconf 84' lang='lat' dir='ltr'>contingenter</span> <span class='ocrx_word' id='word_1_788' title='bbox 2355 888 2422 909; x_wconf 89' lang='lat' dir='ltr'>sunt</span> <span class='ocrx_word' id='word_1_789' title='bbox 2449 891 2515 909; x_wconf 90' lang='lat' dir='ltr'>cum</span> 
     </span>
     <span class='ocr_line' id='line_1_108' title="bbox 1453 919 2515 956; baseline 0.002 -9"><span class='ocrx_word' id='word_1_790' title='bbox 1453 919 1556 948; x_wconf 90' lang='lat' dir='ltr'>ultimo</span> <span class='ocrx_word' id='word_1_791' title='bbox 1577 920 1635 948; x_wconf 90' lang='lat' dir='ltr'>fine</span> <span class='ocrx_word' id='word_1_792' title='bbox 1656 929 1799 955; x_wconf 85' lang='lat' dir='ltr'>connexa,</span> <span class='ocrx_word' id='word_1_793' title='bbox 1822 920 1887 948; x_wconf 91' lang='lat' dir='ltr'>ideo</span> <span class='ocrx_word' id='word_1_794' title='bbox 1903 920 2101 956; x_wconf 89' lang='lat' dir='ltr'>contingenter</span> <span class='ocrx_word' id='word_1_795' title='bbox 2122 928 2238 949; x_wconf 89' lang='lat' dir='ltr'>movent</span> <span class='ocrx_word' id='word_1_796' title='bbox 2251 922 2438 956; x_wconf 89' lang='lat' dir='ltr'>voluntatem,</span> <span class='ocrx_word' id='word_1_797' title='bbox 2454 930 2515 949; x_wconf 87' lang='lat' dir='ltr'>non</span> 
     </span>
     <span class='ocr_line' id='line_1_109' title="bbox 1454 959 2516 998; baseline 0.002 -11"><span class='ocrx_word' id='word_1_798' title='bbox 1454 966 1551 988; x_wconf 88' lang='lat' dir='ltr'>autem</span> <span class='ocrx_word' id='word_1_799' title='bbox 1574 969 1608 988; x_wconf 87' lang='lat' dir='ltr'>ex</span> <span class='ocrx_word' id='word_1_800' title='bbox 1635 959 1818 994; x_wconf 88' lang='lat' dir='ltr'>necessitate;</span> <span class='ocrx_word' id='word_1_801' title='bbox 1841 966 1869 987; x_wconf 92' lang='lat' dir='ltr'>et</span> <span class='ocrx_word' id='word_1_802' title='bbox 1890 966 2099 996; x_wconf 88' lang='lat' dir='ltr'>consequenter</span> <span class='ocrx_word' id='word_1_803' title='bbox 2119 961 2234 989; x_wconf 86' lang='lat' dir='ltr'>libertas</span> <span class='ocrx_word' id='word_1_804' title='bbox 2255 962 2382 989; x_wconf 86' lang='lat' dir='ltr'>humana</span> <span class='ocrx_word' id='word_1_805' title='bbox 2406 961 2516 998; x_wconf 88' lang='lat' dir='ltr'>integra</span> 
     </span>
     <span class='ocr_line' id='line_1_110' title="bbox 1453 1006 1591 1027; baseline 0 0"><span class='ocrx_word' id='word_1_806' title='bbox 1453 1006 1591 1027; x_wconf 77' lang='lat' dir='ltr'>conS1st1t.</span> 
     </span>
    </p>
   </div>
   <div class='ocr_carea' id='block_1_21' title="bbox 1433 1091 2515 3059">
    <p class='ocr_par' dir='ltr' id='par_1_28' title="bbox 1447 1091 2515 2034">
     <span class='ocr_line' id='line_1_111' title="bbox 1507 1091 2513 1141; baseline 0.001 -13"><span class='ocrx_word' id='word_1_807' title='bbox 1507 1092 1541 1128; x_wconf 89' lang='lat'>3.</span> <span class='ocrx_word' id='word_1_808' title='bbox 1562 1091 1710 1128; x_wconf 91' lang='lat' dir='ltr'>Deinde</span> <span class='ocrx_word' id='word_1_809' title='bbox 1740 1104 1828 1128; x_wconf 91' lang='lat' dir='ltr'>cum</span> <span class='ocrx_word' id='word_1_810' title='bbox 1849 1091 1952 1128; x_wconf 90' lang='lat' dir='ltr'>dicit:</span> <span class='ocrx_word' id='word_1_811' title='bbox 1978 1092 2087 1128; x_wconf 82' lang='lat' dir='ltr'>Nihil</span> <span class='ocrx_word' id='word_1_812' title='bbox 2110 1092 2208 1128; x_wconf 88' lang='lat' dir='ltr'>enim</span> <span class='ocrx_word' id='word_1_813' title='bbox 2231 1093 2406 1141; x_wconf 83' lang='lat' dir='ltr'>prohibet</span> <span class='ocrx_word' id='word_1_814' title='bbox 2432 1100 2513 1140; x_wconf 90' lang='lat' dir='ltr'>etc.,</span> 
     </span>
     <span class='ocr_line' id='line_1_112' title="bbox 1450 1144 2515 1194; baseline 0.002 -14"><span class='ocrx_word' id='word_1_815' title='bbox 1450 1145 1588 1192; x_wconf 91' lang='lat' dir='ltr'>probat</span> <span class='ocrx_word' id='word_1_816' title='bbox 1621 1144 1726 1193; x_wconf 91' lang='lat' dir='ltr'>quod</span> <span class='ocrx_word' id='word_1_817' title='bbox 1761 1144 1859 1181; x_wconf 88' lang='lat' dir='ltr'>dicta</span> <span class='ocrx_word' id='word_1_818' title='bbox 1895 1144 2198 1181; x_wconf 88' lang='lat' dir='ltr'>inconvenientia</span> <span class='ocrx_word' id='word_1_819' title='bbox 2237 1153 2515 1194; x_wconf 87' lang='lat' dir='ltr'>consequantur</span> 
     </span>
     <span class='ocr_line' id='line_1_113' title="bbox 1452 1197 2513 1247; baseline 0.002 -14"><span class='ocrx_word' id='word_1_820' title='bbox 1452 1209 1496 1233; x_wconf 88' lang='lat' dir='ltr'>ex</span> <span class='ocrx_word' id='word_1_821' title='bbox 1525 1197 1623 1234; x_wconf 91' lang='lat' dir='ltr'>dicta</span> <span class='ocrx_word' id='word_1_822' title='bbox 1641 1197 1840 1246; x_wconf 91' lang='lat' dir='ltr'>positione.</span> <span class='ocrx_word' id='word_1_823' title='bbox 1862 1198 1911 1233; x_wconf 92' lang='lat' dir='ltr'>Et</span> <span class='ocrx_word' id='word_1_824' title='bbox 1939 1197 2036 1234; x_wconf 89' lang='lat' dir='ltr'>circa</span> <span class='ocrx_word' id='word_1_825' title='bbox 2054 1198 2129 1234; x_wconf 91' lang='lat' dir='ltr'>hoc</span> <span class='ocrx_word' id='word_1_826' title='bbox 2154 1198 2229 1234; x_wconf 92' lang='lat' dir='ltr'>duo</span> <span class='ocrx_word' id='word_1_827' title='bbox 2253 1198 2355 1235; x_wconf 84' lang='lat' dir='ltr'>facit:</span> <span class='ocrx_word' id='word_1_828' title='bbox 2374 1199 2513 1247; x_wconf 89' lang='lat' dir='ltr'>primo,</span> 
     </span>
     <span class='ocr_line' id='line_1_114' title="bbox 1450 1249 2512 1300; baseline 0.002 -14"><span class='ocrx_word' id='word_1_829' title='bbox 1450 1250 1613 1287; x_wconf 91' lang='lat' dir='ltr'>ostendit</span> <span class='ocrx_word' id='word_1_830' title='bbox 1636 1250 1828 1299; x_wconf 88' lang='lat' dir='ltr'>praedicta</span> <span class='ocrx_word' id='word_1_831' title='bbox 1856 1249 2160 1287; x_wconf 88' lang='lat' dir='ltr'>inconvenientia</span> <span class='ocrx_word' id='word_1_832' title='bbox 2188 1251 2314 1299; x_wconf 87' lang='lat' dir='ltr'>sequi,</span> <span class='ocrx_word' id='word_1_833' title='bbox 2344 1252 2512 1300; x_wconf 92' lang='lat' dir='ltr'>quodam</span> 
     </span>
     <span class='ocr_line' id='line_1_115' title="bbox 1448 1303 2513 1353; baseline 0.001 -13"><span class='ocrx_word' id='word_1_834' title='bbox 1448 1303 1618 1352; x_wconf 90' lang='lat' dir='ltr'>possibili</span> <span class='ocrx_word' id='word_1_835' title='bbox 1636 1303 1779 1352; x_wconf 91' lang='lat' dir='ltr'>posito;</span> <span class='ocrx_word' id='word_1_836' title='bbox 1800 1304 1980 1351; x_wconf 79' lang='lat' dir='ltr'>secundo,</span> <span class='ocrx_word' id='word_1_837' title='bbox 2003 1303 2164 1340; x_wconf 88' lang='lat' dir='ltr'>ostendit</span> <span class='ocrx_word' id='word_1_838' title='bbox 2182 1304 2286 1353; x_wconf 89' lang='lat' dir='ltr'>quod</span> <span class='ocrx_word' id='word_1_839' title='bbox 2307 1305 2440 1341; x_wconf 88' lang='lat' dir='ltr'>eadem</span> <span class='ocrx_word' id='word_1_840' title='bbox 2460 1304 2513 1341; x_wconf 89' lang='lat' dir='ltr'>in-</span> 
     </span>
     <span class='ocr_line' id='line_1_116' title="bbox 1450 1356 2513 1406; baseline 0.002 -14"><span class='ocrx_word' id='word_1_841' title='bbox 1450 1356 1713 1394; x_wconf 89' lang='lat' dir='ltr'>convenientia</span> <span class='ocrx_word' id='word_1_842' title='bbox 1728 1358 1962 1406; x_wconf 74' lang='lat' dir='ltr'>sequantur*</span> <span class='ocrx_word' id='word_1_843' title='bbox 1973 1356 2085 1393; x_wconf 90' lang='lat' dir='ltr'>etiam</span> <span class='ocrx_word' id='word_1_844' title='bbox 2097 1356 2126 1393; x_wconf 89' lang='lat' dir='ltr'>si</span> <span class='ocrx_word' id='word_1_845' title='bbox 2137 1356 2226 1394; x_wconf 91' lang='lat' dir='ltr'>illud</span> <span class='ocrx_word' id='word_1_846' title='bbox 2241 1370 2318 1394; x_wconf 91' lang='lat' dir='ltr'>non</span> <span class='ocrx_word' id='word_1_847' title='bbox 2332 1366 2513 1406; x_wconf 87' lang='lat' dir='ltr'>ponatur;</span> 
     </span>
     <span class='ocr_line' id='line_1_117' title="bbox 1448 1409 2514 1460; baseline 0.001 -14"><span class='ocrx_word' id='word_1_848' title='bbox 1448 1409 1516 1446; x_wconf 87' lang='lat' dir='ltr'>ibi:</span> <span class='ocrx_word' id='word_1_849' title='bbox 1537 1411 1590 1447; x_wconf 81' lang='lat' dir='ltr'>At</span> <span class='ocrx_word' id='word_1_850' title='bbox 1602 1423 1669 1447; x_wconf 87' lang='lat' dir='ltr'>nec</span> <span class='ocrx_word' id='word_1_851' title='bbox 1683 1411 1754 1447; x_wconf 86' lang='lat' dir='ltr'>hoc</span> <span class='ocrx_word' id='word_1_852' title='bbox 1772 1411 1897 1460; x_wconf 74' lang='lat' dir='ltr'>differt</span> <span class='ocrx_word' id='word_1_853' title='bbox 1910 1411 1930 1431; x_wconf 68' lang='lat'>²¹³</span> <span class='ocrx_word' id='word_1_854' title='bbox 1947 1409 2155 1447; x_wconf 64' lang='lat' dir='ltr'>ete-Dicit</span> <span class='ocrx_word' id='word_1_855' title='bbox 2171 1423 2258 1458; x_wconf 90' lang='lat' dir='ltr'>ergo</span> <span class='ocrx_word' id='word_1_856' title='bbox 2274 1410 2415 1459; x_wconf 84' lang='lat' dir='ltr'>prim0,</span> <span class='ocrx_word' id='word_1_857' title='bbox 2436 1423 2514 1447; x_wconf 92' lang='lat' dir='ltr'>non</span> 
     </span>
     <span class='ocr_line' id='line_1_118' title="bbox 1450 1462 2512 1513; baseline 0 -13"><span class='ocrx_word' id='word_1_858' title='bbox 1450 1475 1530 1500; x_wconf 91' lang='lat' dir='ltr'>esse</span> <span class='ocrx_word' id='word_1_859' title='bbox 1546 1464 1566 1484; x_wconf 86' lang='grc'><strong><em>*</em></strong></span> <span class='ocrx_word' id='word_1_860' title='bbox 1593 1463 1825 1513; x_wconf 89' lang='lat' dir='ltr'>impossibile</span> <span class='ocrx_word' id='word_1_861' title='bbox 1846 1463 1950 1512; x_wconf 91' lang='lat' dir='ltr'>quod</span> <span class='ocrx_word' id='word_1_862' title='bbox 1979 1471 2064 1500; x_wconf 88' lang='lat' dir='ltr'>ante</span> <span class='ocrx_word' id='word_1_863' title='bbox 2085 1462 2185 1499; x_wconf 90' lang='lat' dir='ltr'>mille</span> <span class='ocrx_word' id='word_1_864' title='bbox 2206 1476 2337 1509; x_wconf 92' lang='lat' dir='ltr'>annos,</span> <span class='ocrx_word' id='word_1_865' title='bbox 2359 1463 2512 1512; x_wconf 90' lang='lat' dir='ltr'>quando</span> 
     </span>
     <span class='ocr_line' id='line_1_119' title="bbox 1448 1516 2513 1566; baseline -0.001 -13"><span class='ocrx_word' id='word_1_866' title='bbox 1448 1516 1538 1553; x_wconf 90' lang='lat' dir='ltr'>nihil</span> <span class='ocrx_word' id='word_1_867' title='bbox 1567 1517 1669 1566; x_wconf 89' lang='lat' dir='ltr'>apud</span> <span class='ocrx_word' id='word_1_868' title='bbox 1688 1517 1864 1554; x_wconf 91' lang='lat' dir='ltr'>homines</span> <span class='ocrx_word' id='word_1_869' title='bbox 1894 1524 1972 1553; x_wconf 84' lang='lat' dir='ltr'>erat</span> <span class='ocrx_word' id='word_1_870' title='bbox 1989 1516 2300 1565; x_wconf 86' lang='lat' dir='ltr'>praecogitatum,</span> <span class='ocrx_word' id='word_1_871' title='bbox 2321 1517 2382 1552; x_wconf 91' lang='lat' dir='ltr'>vel</span> <span class='ocrx_word' id='word_1_872' title='bbox 2406 1529 2513 1566; x_wconf 86' lang='lat' dir='ltr'>prae-</span> 
     </span>
     <span class='ocr_line' id='line_1_120' title="bbox 1448 1569 2514 1619; baseline -0.001 -12"><span class='ocrx_word' id='word_1_873' title='bbox 1448 1570 1665 1607; x_wconf 87' lang='lat' dir='ltr'>ordinatum</span> <span class='ocrx_word' id='word_1_874' title='bbox 1695 1570 1740 1607; x_wconf 93' lang='lat' dir='ltr'>de</span> <span class='ocrx_word' id='word_1_875' title='bbox 1769 1569 1827 1607; x_wconf 89' lang='lat' dir='ltr'>his</span> <span class='ocrx_word' id='word_1_876' title='bbox 1848 1583 1944 1619; x_wconf 89' lang='lat' dir='ltr'>quae</span> <span class='ocrx_word' id='word_1_877' title='bbox 1973 1582 2075 1607; x_wconf 91' lang='lat' dir='ltr'>nunc</span> <span class='ocrx_word' id='word_1_878' title='bbox 2095 1577 2266 1617; x_wconf 83' lang='lat' dir='ltr'>aguntur,</span> <span class='ocrx_word' id='word_1_879' title='bbox 2286 1582 2385 1606; x_wconf 90' lang='lat' dir='ltr'>unus</span> <span class='ocrx_word' id='word_1_880' title='bbox 2415 1569 2514 1606; x_wconf 90' lang='lat' dir='ltr'>dixe-</span> 
     </span>
     <span class='ocr_line' id='line_1_121' title="bbox 1448 1623 2514 1672; baseline 0 -12"><span class='ocrx_word' id='word_1_881' title='bbox 1448 1623 1492 1660; x_wconf 93' lang='lat' dir='ltr'>rit</span> <span class='ocrx_word' id='word_1_882' title='bbox 1520 1624 1625 1672; x_wconf 92' lang='lat' dir='ltr'>quod</span> <span class='ocrx_word' id='word_1_883' title='bbox 1653 1625 1723 1660; x_wconf 88' lang='lat' dir='ltr'>hoc</span> <span class='ocrx_word' id='word_1_884' title='bbox 1750 1623 1834 1669; x_wconf 85' lang='lat' dir='ltr'>erit,</span> <span class='ocrx_word' id='word_1_885' title='bbox 1855 1631 1946 1672; x_wconf 89' lang='lat' dir='ltr'>puta</span> <span class='ocrx_word' id='word_1_886' title='bbox 1970 1623 2074 1672; x_wconf 91' lang='lat' dir='ltr'>quod</span> <span class='ocrx_word' id='word_1_887' title='bbox 2102 1623 2231 1659; x_wconf 83' lang='lat' dir='ltr'>civitas</span> <span class='ocrx_word' id='word_1_888' title='bbox 2255 1623 2337 1660; x_wconf 88' lang='lat' dir='ltr'>talis</span> <span class='ocrx_word' id='word_1_889' title='bbox 2363 1624 2514 1660; x_wconf 76' lang='lat' dir='ltr'>subver-</span> 
     </span>
     <span class='ocr_line' id='line_1_122' title="bbox 1448 1676 2512 1725; baseline 0.001 -12"><span class='ocrx_word' id='word_1_890' title='bbox 1448 1682 1586 1714; x_wconf 87' lang='lat' dir='ltr'>teretur</span> <span class='ocrx_word' id='word_1_891' title='bbox 1599 1683 1628 1723; x_wconf 62' lang='grc' dir='ltr'>α,</span> <span class='ocrx_word' id='word_1_892' title='bbox 1659 1676 1752 1713; x_wconf 90' lang='lat' dir='ltr'>alius</span> <span class='ocrx_word' id='word_1_893' title='bbox 1781 1684 1909 1713; x_wconf 90' lang='lat' dir='ltr'>autem</span> <span class='ocrx_word' id='word_1_894' title='bbox 1939 1676 2070 1713; x_wconf 84' lang='lat' dir='ltr'>dixerit</span> <span class='ocrx_word' id='word_1_895' title='bbox 2098 1676 2202 1725; x_wconf 91' lang='lat' dir='ltr'>quod</span> <span class='ocrx_word' id='word_1_896' title='bbox 2229 1677 2300 1713; x_wconf 82' lang='lat' dir='ltr'>hoc</span> <span class='ocrx_word' id='word_1_897' title='bbox 2333 1689 2406 1713; x_wconf 89' lang='lat' dir='ltr'>non</span> <span class='ocrx_word' id='word_1_898' title='bbox 2432 1677 2512 1714; x_wconf 87' lang='lat' dir='ltr'>erit.</span> 
     </span>
     <span class='ocr_line' id='line_1_123' title="bbox 1449 1729 2513 1777; baseline -0.001 -10"><span class='ocrx_word' id='word_1_899' title='bbox 1449 1730 1525 1768; x_wconf 89' lang='lat' dir='ltr'>Sed</span> <span class='ocrx_word' id='word_1_900' title='bbox 1554 1730 1583 1767; x_wconf 94' lang='lat' dir='ltr'>si</span> <span class='ocrx_word' id='word_1_901' title='bbox 1613 1730 1738 1766; x_wconf 90' lang='lat' dir='ltr'>omnis</span> <span class='ocrx_word' id='word_1_902' title='bbox 1767 1730 1967 1766; x_wconf 89' lang='lat' dir='ltr'>affirmatio</span> <span class='ocrx_word' id='word_1_903' title='bbox 1995 1731 2057 1766; x_wconf 87' lang='lat' dir='ltr'>vel</span> <span class='ocrx_word' id='word_1_904' title='bbox 2089 1729 2237 1777; x_wconf 89' lang='lat' dir='ltr'>negatio</span> <span class='ocrx_word' id='word_1_905' title='bbox 2268 1729 2513 1767; x_wconf 89' lang='lat' dir='ltr'>determinate</span> 
     </span>
     <span class='ocr_line' id='line_1_124' title="bbox 1449 1781 2512 1832; baseline -0.001 -12"><span class='ocrx_word' id='word_1_906' title='bbox 1449 1791 1504 1820; x_wconf 92' lang='lat' dir='ltr'>est</span> <span class='ocrx_word' id='word_1_907' title='bbox 1530 1796 1633 1830; x_wconf 88' lang='lat' dir='ltr'>vera,</span> <span class='ocrx_word' id='word_1_908' title='bbox 1654 1795 1813 1820; x_wconf 82' lang='lat' dir='ltr'>necesse</span> <span class='ocrx_word' id='word_1_909' title='bbox 1839 1791 1893 1819; x_wconf 93' lang='lat' dir='ltr'>est</span> <span class='ocrx_word' id='word_1_910' title='bbox 1917 1783 2021 1832; x_wconf 90' lang='lat' dir='ltr'>quod</span> <span class='ocrx_word' id='word_1_911' title='bbox 2041 1783 2133 1820; x_wconf 87' lang='lat' dir='ltr'>alter</span> <span class='ocrx_word' id='word_1_912' title='bbox 2153 1795 2286 1819; x_wconf 90' lang='lat' dir='ltr'>eorum</span> <span class='ocrx_word' id='word_1_913' title='bbox 2301 1781 2318 1811; x_wconf 68' lang='grc' dir='ltr'><strong><em>β</em></strong></span> <span class='ocrx_word' id='word_1_914' title='bbox 2339 1782 2512 1821; x_wconf 90' lang='lat' dir='ltr'>determi-</span> 
     </span>
     <span class='ocr_line' id='line_1_125' title="bbox 1447 1836 2513 1884; baseline 0 -11"><span class='ocrx_word' id='word_1_915' title='bbox 1447 1844 1533 1874; x_wconf 91' lang='lat' dir='ltr'>nate</span> <span class='ocrx_word' id='word_1_916' title='bbox 1556 1849 1693 1873; x_wconf 91' lang='lat' dir='ltr'>verum</span> <span class='ocrx_word' id='word_1_917' title='bbox 1718 1836 1865 1882; x_wconf 89' lang='lat' dir='ltr'>dixerit;</span> <span class='ocrx_word' id='word_1_918' title='bbox 1888 1849 1975 1884; x_wconf 90' lang='lat' dir='ltr'>ergo</span> <span class='ocrx_word' id='word_1_919' title='bbox 1996 1849 2149 1873; x_wconf 88' lang='lat' dir='ltr'>necesse</span> <span class='ocrx_word' id='word_1_920' title='bbox 2174 1836 2242 1872; x_wconf 82' lang='lat' dir='ltr'>fuit</span> <span class='ocrx_word' id='word_1_921' title='bbox 2265 1836 2423 1872; x_wconf 86' lang='lat' dir='ltr'>alterum</span> <span class='ocrx_word' id='word_1_922' title='bbox 2451 1849 2513 1873; x_wconf 92' lang='lat' dir='ltr'>eo-</span> 
     </span>
     <span class='ocr_line' id='line_1_126' title="bbox 1447 1886 2513 1936; baseline -0.002 -9"><span class='ocrx_word' id='word_1_923' title='bbox 1447 1903 1533 1927; x_wconf 88' lang='lat' dir='ltr'>rum</span> <span class='ocrx_word' id='word_1_924' title='bbox 1555 1902 1600 1927; x_wconf 92' lang='lat' dir='ltr'>ex</span> <span class='ocrx_word' id='word_1_925' title='bbox 1627 1890 1847 1927; x_wconf 89' lang='lat' dir='ltr'>necessitate</span> <span class='ocrx_word' id='word_1_926' title='bbox 1877 1889 2046 1936; x_wconf 80' lang='lat' dir='ltr'>evenire3</span> <span class='ocrx_word' id='word_1_927' title='bbox 2078 1897 2113 1926; x_wconf 88' lang='lat' dir='ltr'>et</span> <span class='ocrx_word' id='word_1_928' title='bbox 2137 1889 2271 1926; x_wconf 83' lang='lat' dir='ltr'>eadem</span> <span class='ocrx_word' id='word_1_929' title='bbox 2292 1886 2310 1907; x_wconf 40' lang='grc' dir='ltr'>ἦ</span> <span class='ocrx_word' id='word_1_930' title='bbox 2336 1889 2428 1926; x_wconf 90' lang='lat' dir='ltr'>ratio</span> <span class='ocrx_word' id='word_1_931' title='bbox 2459 1897 2513 1926; x_wconf 94' lang='lat' dir='ltr'>est</span> 
     </span>
     <span class='ocr_line' id='line_1_127' title="bbox 1447 1941 2511 1991; baseline -0.003 -10"><span class='ocrx_word' id='word_1_932' title='bbox 1447 1944 1486 1981; x_wconf 93' lang='lat' dir='ltr'>in</span> <span class='ocrx_word' id='word_1_933' title='bbox 1515 1944 1694 1981; x_wconf 90' lang='lat' dir='ltr'>omnibus</span> <span class='ocrx_word' id='word_1_934' title='bbox 1718 1942 1815 1989; x_wconf 89' lang='lat' dir='ltr'>aliis;</span> <span class='ocrx_word' id='word_1_935' title='bbox 1847 1955 1935 1991; x_wconf 87' lang='lat' dir='ltr'>ergo</span> <span class='ocrx_word' id='word_1_936' title='bbox 1966 1942 2096 1979; x_wconf 88' lang='lat' dir='ltr'>omnia</span> <span class='ocrx_word' id='word_1_937' title='bbox 2121 1955 2165 1979; x_wconf 88' lang='lat' dir='ltr'>ex</span> <span class='ocrx_word' id='word_1_938' title='bbox 2184 1941 2403 1979; x_wconf 88' lang='lat' dir='ltr'>necessitate</span> <span class='ocrx_word' id='word_1_939' title='bbox 2425 1955 2511 1979; x_wconf 89' lang='lat' dir='ltr'>eve-</span> 
     </span>
     <span class='ocr_line' id='line_1_128' title="bbox 1448 1997 1566 2034; baseline 0.008 -1"><span class='ocrx_word' id='word_1_940' title='bbox 1448 1997 1566 2034; x_wconf 85' lang='lat' dir='ltr'>niunt.</span> 
     </span>
    </p>

    <p class='ocr_par' dir='ltr' id='par_1_29' title="bbox 1433 2049 2511 3059">
     <span class='ocr_line' id='line_1_129' title="bbox 1499 2049 2511 2098; baseline -0.004 -10"><span class='ocrx_word' id='word_1_941' title='bbox 1499 2063 1536 2098; x_wconf 90' lang='lat'>4.</span> <span class='ocrx_word' id='word_1_942' title='bbox 1558 2049 1706 2087; x_wconf 91' lang='lat' dir='ltr'>Deinde</span> <span class='ocrx_word' id='word_1_943' title='bbox 1736 2062 1824 2086; x_wconf 91' lang='lat' dir='ltr'>eum</span> <span class='ocrx_word' id='word_1_944' title='bbox 1859 2049 1962 2086; x_wconf 90' lang='lat' dir='ltr'>dicit:</span> <span class='ocrx_word' id='word_1_945' title='bbox 1987 2049 2040 2085; x_wconf 87' lang='lat' dir='ltr'>At</span> <span class='ocrx_word' id='word_1_946' title='bbox 2070 2060 2160 2085; x_wconf 83' lang='lat' dir='ltr'>vero</span> <span class='ocrx_word' id='word_1_947' title='bbox 2189 2060 2307 2097; x_wconf 83' lang='lat' dir='ltr'>neque</span> <span class='ocrx_word' id='word_1_948' title='bbox 2339 2049 2410 2085; x_wconf 86' lang='lat' dir='ltr'>hoc</span> <span class='ocrx_word' id='word_1_949' title='bbox 2442 2049 2511 2097; x_wconf 85' lang='lat' dir='ltr'>dif-</span> 
     </span>
     <span class='ocr_line' id='line_1_130' title="bbox 1433 2101 2511 2152; baseline -0.002 -12"><span class='ocrx_word' id='word_1_950' title='bbox 1433 2105 1521 2152; x_wconf 86' lang='lat' dir='ltr'>fert</span> <span class='ocrx_word' id='word_1_951' title='bbox 1538 2111 1620 2150; x_wconf 87' lang='lat' dir='ltr'>etc.,</span> <span class='ocrx_word' id='word_1_952' title='bbox 1642 2102 1805 2140; x_wconf 91' lang='lat' dir='ltr'>ostendit</span> <span class='ocrx_word' id='word_1_953' title='bbox 1824 2102 1928 2151; x_wconf 89' lang='lat' dir='ltr'>quod</span> <span class='ocrx_word' id='word_1_954' title='bbox 1948 2101 2050 2139; x_wconf 90' lang='lat' dir='ltr'>idem</span> <span class='ocrx_word' id='word_1_955' title='bbox 2075 2101 2243 2150; x_wconf 91' lang='lat' dir='ltr'>sequitur</span> <span class='ocrx_word' id='word_1_956' title='bbox 2263 2102 2292 2138; x_wconf 92' lang='lat' dir='ltr'>si</span> <span class='ocrx_word' id='word_1_957' title='bbox 2316 2102 2406 2138; x_wconf 90' lang='lat' dir='ltr'>illud</span> <span class='ocrx_word' id='word_1_958' title='bbox 2423 2114 2511 2150; x_wconf 91' lang='lat' dir='ltr'>pos-</span> 
     </span>
     <span class='ocr_line' id='line_1_131' title="bbox 1447 2155 2509 2206; baseline -0.003 -12"><span class='ocrx_word' id='word_1_959' title='bbox 1447 2157 1552 2194; x_wconf 91' lang='lat' dir='ltr'>sibile</span> <span class='ocrx_word' id='word_1_960' title='bbox 1573 2170 1651 2194; x_wconf 91' lang='lat' dir='ltr'>non</span> <span class='ocrx_word' id='word_1_961' title='bbox 1670 2163 1834 2206; x_wconf 90' lang='lat' dir='ltr'>ponatur</span> <span class='ocrx_word' id='word_1_962' title='bbox 1853 2157 1884 2192; x_wconf 69' lang='lat'>*.</span> <span class='ocrx_word' id='word_1_963' title='bbox 1906 2155 2010 2192; x_wconf 90' lang='lat' dir='ltr'>Nihil</span> <span class='ocrx_word' id='word_1_964' title='bbox 2031 2155 2131 2192; x_wconf 87' lang='lat' dir='ltr'>enim</span> <span class='ocrx_word' id='word_1_965' title='bbox 2162 2155 2304 2201; x_wconf 89' lang='lat' dir='ltr'>differt,</span> <span class='ocrx_word' id='word_1_966' title='bbox 2327 2163 2509 2204; x_wconf 89' lang='lat' dir='ltr'>quantum</span> 
     </span>
     <span class='ocr_line' id='line_1_132' title="bbox 1446 2208 2510 2254; baseline -0.004 -6"><span class='ocrx_word' id='word_1_967' title='bbox 1446 2211 1494 2248; x_wconf 87' lang='lat' dir='ltr'>ad</span> <span class='ocrx_word' id='word_1_968' title='bbox 1524 2223 1651 2247; x_wconf 88' lang='lat' dir='ltr'>rerum</span> <span class='ocrx_word' id='word_1_969' title='bbox 1681 2209 1914 2246; x_wconf 87' lang='lat' dir='ltr'>existentiam</span> <span class='ocrx_word' id='word_1_970' title='bbox 1942 2209 2003 2245; x_wconf 90' lang='lat' dir='ltr'>vel</span> <span class='ocrx_word' id='word_1_971' title='bbox 2028 2216 2228 2254; x_wconf 87' lang='lat' dir='ltr'>eventum,</span> <span class='ocrx_word' id='word_1_972' title='bbox 2258 2208 2287 2244; x_wconf 90' lang='lat' dir='ltr'>si</span> <span class='ocrx_word' id='word_1_973' title='bbox 2312 2221 2390 2245; x_wconf 91' lang='lat' dir='ltr'>uno</span> <span class='ocrx_word' id='word_1_974' title='bbox 2411 2209 2510 2245; x_wconf 88' lang='lat' dir='ltr'>affir-</span> 
     </span>
     <span class='ocr_line' id='line_1_133' title="bbox 1447 2261 2509 2309; baseline -0.004 -8"><span class='ocrx_word' id='word_1_975' title='bbox 1447 2272 1573 2301; x_wconf 88' lang='lat' dir='ltr'>mante</span> <span class='ocrx_word' id='word_1_976' title='bbox 1593 2265 1613 2285; x_wconf 77' lang='grc'>*</span> <span class='ocrx_word' id='word_1_977' title='bbox 1630 2265 1706 2300; x_wconf 94' lang='lat' dir='ltr'>hoc</span> <span class='ocrx_word' id='word_1_978' title='bbox 1725 2275 1807 2299; x_wconf 87' lang='lat' dir='ltr'>esse</span> <span class='ocrx_word' id='word_1_979' title='bbox 1827 2262 2007 2308; x_wconf 82' lang='lat' dir='ltr'>futurum,</span> <span class='ocrx_word' id='word_1_980' title='bbox 2029 2261 2122 2298; x_wconf 88' lang='lat' dir='ltr'>alius</span> <span class='ocrx_word' id='word_1_981' title='bbox 2142 2261 2334 2309; x_wconf 88' lang='lat' dir='ltr'>negaverit</span> <span class='ocrx_word' id='word_1_982' title='bbox 2351 2263 2412 2298; x_wconf 91' lang='lat' dir='ltr'>vel</span> <span class='ocrx_word' id='word_1_983' title='bbox 2431 2274 2509 2298; x_wconf 90' lang='lat' dir='ltr'>non</span> 
     </span>
     <span class='ocr_line' id='line_1_134' title="bbox 1446 2314 2509 2366; baseline -0.004 -11"><span class='ocrx_word' id='word_1_984' title='bbox 1446 2317 1655 2366; x_wconf 87' lang='lat' dir='ltr'>negaverit;</span> <span class='ocrx_word' id='word_1_985' title='bbox 1676 2317 1726 2353; x_wconf 87' lang='lat' dir='ltr'>ita</span> <span class='ocrx_word' id='word_1_986' title='bbox 1746 2315 1847 2352; x_wconf 91' lang='lat' dir='ltr'>enim</span> <span class='ocrx_word' id='word_1_987' title='bbox 1875 2328 1915 2352; x_wconf 92' lang='lat' dir='ltr'>se</span> <span class='ocrx_word' id='word_1_988' title='bbox 1944 2314 2098 2351; x_wconf 90' lang='lat' dir='ltr'>habebit</span> <span class='ocrx_word' id='word_1_989' title='bbox 2126 2327 2184 2351; x_wconf 89' lang='lat' dir='ltr'>res</span> <span class='ocrx_word' id='word_1_990' title='bbox 2209 2314 2238 2351; x_wconf 91' lang='lat' dir='ltr'>si</span> <span class='ocrx_word' id='word_1_991' title='bbox 2267 2315 2341 2351; x_wconf 91' lang='lat' dir='ltr'>hoc</span> <span class='ocrx_word' id='word_1_992' title='bbox 2369 2315 2509 2351; x_wconf 84' lang='lat' dir='ltr'>facturn</span> 
     </span>
     <span class='ocr_line' id='line_1_135' title="bbox 1446 2368 2508 2417; baseline -0.004 -9"><span class='ocrx_word' id='word_1_993' title='bbox 1446 2371 1566 2417; x_wconf 84' lang='lat' dir='ltr'>fuerit,</span> <span class='ocrx_word' id='word_1_994' title='bbox 1588 2371 1682 2407; x_wconf 89' lang='lat' dir='ltr'>sicut</span> <span class='ocrx_word' id='word_1_995' title='bbox 1701 2369 1731 2406; x_wconf 92' lang='lat' dir='ltr'>si</span> <span class='ocrx_word' id='word_1_996' title='bbox 1750 2369 1854 2405; x_wconf 83' lang='lat' dir='ltr'>hoc*</span> <span class='ocrx_word' id='word_1_997' title='bbox 1872 2381 1950 2405; x_wconf 90' lang='lat' dir='ltr'>non</span> <span class='ocrx_word' id='word_1_998' title='bbox 1970 2369 2110 2404; x_wconf 85' lang='lat' dir='ltr'>factum</span> <span class='ocrx_word' id='word_1_999' title='bbox 2139 2368 2259 2404; x_wconf 83' lang='lat' dir='ltr'>fuerit.</span> <span class='ocrx_word' id='word_1_1000' title='bbox 2290 2369 2382 2404; x_wconf 94' lang='lat' dir='ltr'>Non</span> <span class='ocrx_word' id='word_1_1001' title='bbox 2407 2368 2508 2404; x_wconf 88' lang='lat' dir='ltr'>enirn</span> 
     </span>
     <span class='ocr_line' id='line_1_136' title="bbox 1445 2421 2509 2474; baseline -0.004 -13"><span class='ocrx_word' id='word_1_1002' title='bbox 1445 2431 1600 2474; x_wconf 88' lang='lat' dir='ltr'>propter</span> <span class='ocrx_word' id='word_1_1003' title='bbox 1619 2423 1792 2460; x_wconf 88' lang='lat' dir='ltr'>nostrum</span> <span class='ocrx_word' id='word_1_1004' title='bbox 1808 2422 1998 2458; x_wconf 88' lang='lat' dir='ltr'>affirmare</span> <span class='ocrx_word' id='word_1_1005' title='bbox 2013 2421 2074 2457; x_wconf 90' lang='lat' dir='ltr'>vel</span> <span class='ocrx_word' id='word_1_1006' title='bbox 2094 2433 2230 2469; x_wconf 87' lang='lat' dir='ltr'>negare</span> <span class='ocrx_word' id='word_1_1007' title='bbox 2247 2429 2413 2457; x_wconf 87' lang='lat' dir='ltr'>mutatur</span> <span class='ocrx_word' id='word_1_1008' title='bbox 2428 2434 2509 2458; x_wconf 92' lang='lat' dir='ltr'>cur-</span> 
     </span>
     <span class='ocr_line' id='line_1_137' title="bbox 1447 2474 2510 2524; baseline -0.005 -9"><span class='ocrx_word' id='word_1_1009' title='bbox 1447 2491 1510 2515; x_wconf 91' lang='lat' dir='ltr'>sus</span> <span class='ocrx_word' id='word_1_1010' title='bbox 1530 2489 1675 2523; x_wconf 88' lang='lat' dir='ltr'>rerum,</span> <span class='ocrx_word' id='word_1_1011' title='bbox 1702 2483 1743 2512; x_wconf 89' lang='lat' dir='ltr'>ut</span> <span class='ocrx_word' id='word_1_1012' title='bbox 1771 2475 1816 2512; x_wconf 91' lang='lat' dir='ltr'>sit</span> <span class='ocrx_word' id='word_1_1013' title='bbox 1844 2474 1983 2524; x_wconf 87' lang='lat' dir='ltr'>aliquid</span> <span class='ocrx_word' id='word_1_1014' title='bbox 2002 2475 2063 2511; x_wconf 90' lang='lat' dir='ltr'>vel</span> <span class='ocrx_word' id='word_1_1015' title='bbox 2085 2487 2162 2511; x_wconf 92' lang='lat' dir='ltr'>non</span> <span class='ocrx_word' id='word_1_1016' title='bbox 2182 2474 2243 2511; x_wconf 90' lang='lat' dir='ltr'>sit:</span> <span class='ocrx_word' id='word_1_1017' title='bbox 2266 2474 2354 2523; x_wconf 91' lang='lat' dir='ltr'>quia</span> <span class='ocrx_word' id='word_1_1018' title='bbox 2372 2474 2510 2511; x_wconf 89' lang='lat' dir='ltr'>veritas</span> 
     </span>
     <span class='ocr_line' id='line_1_138' title="bbox 1446 2527 2509 2568; baseline -0.005 0"><span class='ocrx_word' id='word_1_1019' title='bbox 1446 2538 1596 2568; x_wconf 91' lang='lat' dir='ltr'>nostrae</span> <span class='ocrx_word' id='word_1_1020' title='bbox 1616 2532 1635 2550; x_wconf 73' lang='lat'><em>*</em></span> <span class='ocrx_word' id='word_1_1021' title='bbox 1661 2528 1933 2566; x_wconf 90' lang='lat' dir='ltr'>enunciationis</span> <span class='ocrx_word' id='word_1_1022' title='bbox 1959 2540 2038 2564; x_wconf 94' lang='lat' dir='ltr'>non</span> <span class='ocrx_word' id='word_1_1023' title='bbox 2067 2535 2122 2564; x_wconf 92' lang='lat' dir='ltr'>est</span> <span class='ocrx_word' id='word_1_1024' title='bbox 2155 2539 2268 2564; x_wconf 88' lang='lat' dir='ltr'>causa</span> <span class='ocrx_word' id='word_1_1025' title='bbox 2297 2527 2509 2564; x_wconf 85' lang='lat' dir='ltr'>existentiae</span> 
     </span>
     <span class='ocr_line' id='line_1_139' title="bbox 1446 2580 2510 2631; baseline -0.004 -9"><span class='ocrx_word' id='word_1_1026' title='bbox 1446 2597 1584 2630; x_wconf 86' lang='lat' dir='ltr'>rerum,</span> <span class='ocrx_word' id='word_1_1027' title='bbox 1607 2583 1674 2620; x_wconf 91' lang='lat' dir='ltr'>sed</span> <span class='ocrx_word' id='word_1_1028' title='bbox 1692 2582 1818 2631; x_wconf 92' lang='lat' dir='ltr'>potius</span> <span class='ocrx_word' id='word_1_1029' title='bbox 1839 2594 1858 2618; x_wconf 90' lang='lat' dir='ltr'>e</span> <span class='ocrx_word' id='word_1_1030' title='bbox 1880 2593 2078 2618; x_wconf 92' lang='lat' dir='ltr'>converso.</span> <span class='ocrx_word' id='word_1_1031' title='bbox 2101 2580 2277 2617; x_wconf 89' lang='lat' dir='ltr'>Similiter</span> <span class='ocrx_word' id='word_1_1032' title='bbox 2302 2581 2413 2617; x_wconf 89' lang='lat' dir='ltr'>etiam</span> <span class='ocrx_word' id='word_1_1033' title='bbox 2433 2594 2510 2618; x_wconf 92' lang='lat' dir='ltr'>non</span> 
     </span>
     <span class='ocr_line' id='line_1_140' title="bbox 1447 2634 2510 2686; baseline -0.004 -11"><span class='ocrx_word' id='word_1_1034' title='bbox 1447 2638 1571 2675; x_wconf 88' lang='lat' dir='ltr'>differt</span> <span class='ocrx_word' id='word_1_1035' title='bbox 1590 2644 1774 2686; x_wconf 90' lang='lat' dir='ltr'>quantum</span> <span class='ocrx_word' id='word_1_1036' title='bbox 1804 2635 1851 2672; x_wconf 88' lang='lat' dir='ltr'>ad</span> <span class='ocrx_word' id='word_1_1037' title='bbox 1872 2642 2052 2671; x_wconf 91' lang='lat' dir='ltr'>eventum</span> <span class='ocrx_word' id='word_1_1038' title='bbox 2079 2634 2158 2670; x_wconf 90' lang='lat' dir='ltr'>eius</span> <span class='ocrx_word' id='word_1_1039' title='bbox 2179 2634 2282 2682; x_wconf 90' lang='lat' dir='ltr'>quod</span> <span class='ocrx_word' id='word_1_1040' title='bbox 2308 2647 2408 2671; x_wconf 90' lang='lat' dir='ltr'>nunc</span> <span class='ocrx_word' id='word_1_1041' title='bbox 2437 2635 2510 2682; x_wconf 87' lang='lat' dir='ltr'>agi-</span> 
     </span>
     <span class='ocr_line' id='line_1_141' title="bbox 1445 2688 2510 2738; baseline -0.005 -10"><span class='ocrx_word' id='word_1_1042' title='bbox 1445 2699 1525 2738; x_wconf 82' lang='lat' dir='ltr'>tur,</span> <span class='ocrx_word' id='word_1_1043' title='bbox 1554 2698 1683 2727; x_wconf 87' lang='lat' dir='ltr'>utrum</span> <span class='ocrx_word' id='word_1_1044' title='bbox 1717 2689 1827 2726; x_wconf 84' lang='lat' dir='ltr'>fuerit</span> <span class='ocrx_word' id='word_1_1045' title='bbox 1854 2688 2085 2725; x_wconf 83' lang='lat' dir='ltr'>affirmatum</span> <span class='ocrx_word' id='word_1_1046' title='bbox 2119 2688 2180 2724; x_wconf 91' lang='lat' dir='ltr'>vel</span> <span class='ocrx_word' id='word_1_1047' title='bbox 2213 2695 2391 2735; x_wconf 83' lang='lat' dir='ltr'>negatum</span> <span class='ocrx_word' id='word_1_1048' title='bbox 2426 2695 2510 2724; x_wconf 87' lang='lat' dir='ltr'>ante</span> 
     </span>
     <span class='ocr_line' id='line_1_142' title="bbox 1447 2741 2508 2790; baseline -0.004 -9"><span class='ocrx_word' id='word_1_1049' title='bbox 1447 2744 1690 2781; x_wconf 89' lang='lat' dir='ltr'>millesimum</span> <span class='ocrx_word' id='word_1_1050' title='bbox 1710 2754 1854 2779; x_wconf 89' lang='lat' dir='ltr'>annum</span> <span class='ocrx_word' id='word_1_1051' title='bbox 1874 2743 1935 2778; x_wconf 84' lang='lat' dir='ltr'>vel</span> <span class='ocrx_word' id='word_1_1052' title='bbox 1951 2749 2036 2778; x_wconf 85' lang='lat' dir='ltr'>ante</span> <span class='ocrx_word' id='word_1_1053' title='bbox 2057 2741 2327 2790; x_wconf 89' lang='lat' dir='ltr'>quodcumque</span> <span class='ocrx_word' id='word_1_1054' title='bbox 2347 2748 2508 2790; x_wconf 90' lang='lat' dir='ltr'>tempus.</span> 
     </span>
     <span class='ocr_line' id='line_1_143' title="bbox 1447 2794 2508 2845; baseline -0.006 -10"><span class='ocrx_word' id='word_1_1055' title='bbox 1447 2799 1509 2835; x_wconf 89' lang='lat' dir='ltr'>Sic</span> <span class='ocrx_word' id='word_1_1056' title='bbox 1538 2810 1649 2845; x_wconf 86' lang='lat' dir='ltr'>erg0‚</span> <span class='ocrx_word' id='word_1_1057' title='bbox 1679 2796 1710 2833; x_wconf 93' lang='lat' dir='ltr'>si</span> <span class='ocrx_word' id='word_1_1058' title='bbox 1737 2796 1776 2832; x_wconf 91' lang='lat' dir='ltr'>in</span> <span class='ocrx_word' id='word_1_1059' title='bbox 1805 2807 2048 2844; x_wconf 90' lang='lat' dir='ltr'>quocumque</span> <span class='ocrx_word' id='word_1_1060' title='bbox 2083 2802 2255 2842; x_wconf 89' lang='lat' dir='ltr'>tempore</span> <span class='ocrx_word' id='word_1_1061' title='bbox 2286 2794 2508 2842; x_wconf 85' lang='lat' dir='ltr'>praeterito,</span> 
     </span>
     <span class='ocr_line' id='line_1_144' title="bbox 1445 2847 2508 2893; baseline -0.005 -5"><span class='ocrx_word' id='word_1_1062' title='bbox 1445 2852 1495 2888; x_wconf 88' lang='lat' dir='ltr'>ita</span> <span class='ocrx_word' id='word_1_1063' title='bbox 1523 2864 1563 2888; x_wconf 92' lang='lat' dir='ltr'>se</span> <span class='ocrx_word' id='word_1_1064' title='bbox 1583 2850 1748 2887; x_wconf 88' lang='lat' dir='ltr'>habebat</span> <span class='ocrx_word' id='word_1_1065' title='bbox 1775 2848 1914 2885; x_wconf 87' lang='lat' dir='ltr'>veritas</span> <span class='ocrx_word' id='word_1_1066' title='bbox 1943 2847 2262 2893; x_wconf 82' lang='lat' dir='ltr'>enunciationum,</span> <span class='ocrx_word' id='word_1_1067' title='bbox 2287 2855 2328 2883; x_wconf 93' lang='lat' dir='ltr'>ut</span> <span class='ocrx_word' id='word_1_1068' title='bbox 2355 2859 2508 2883; x_wconf 91' lang='lat' dir='ltr'>necesse</span> 
     </span>
     <span class='ocr_line' id='line_1_145' title="bbox 1447 2899 2506 2953; baseline -0.007 -11"><span class='ocrx_word' id='word_1_1069' title='bbox 1447 2912 1544 2942; x_wconf 91' lang='lat' dir='ltr'>esset</span> <span class='ocrx_word' id='word_1_1070' title='bbox 1572 2903 1676 2953; x_wconf 93' lang='lat' dir='ltr'>quod</span> <span class='ocrx_word' id='word_1_1071' title='bbox 1703 2903 1862 2939; x_wconf 87' lang='lat' dir='ltr'>alterum</span> <span class='ocrx_word' id='word_1_1072' title='bbox 1891 2901 2155 2950; x_wconf 91' lang='lat' dir='ltr'>oppositorum</span> <span class='ocrx_word' id='word_1_1073' title='bbox 2182 2912 2271 2936; x_wconf 90' lang='lat' dir='ltr'>vere</span> <span class='ocrx_word' id='word_1_1074' title='bbox 2303 2899 2506 2946; x_wconf 86' lang='lat' dir='ltr'>diceretur;</span> 
     </span>
     <span class='ocr_line' id='line_1_146' title="bbox 1447 2953 2508 3004; baseline -0.006 -10"><span class='ocrx_word' id='word_1_1075' title='bbox 1447 2966 1483 2994; x_wconf 87' lang='lat' dir='ltr'>et</span> <span class='ocrx_word' id='word_1_1076' title='bbox 1511 2957 1559 2994; x_wconf 90' lang='lat' dir='ltr'>ad</span> <span class='ocrx_word' id='word_1_1077' title='bbox 1587 2958 1662 2993; x_wconf 90' lang='lat' dir='ltr'>hoc</span> <span class='ocrx_word' id='word_1_1078' title='bbox 1690 2955 1794 3004; x_wconf 92' lang='lat' dir='ltr'>quod</span> <span class='ocrx_word' id='word_1_1079' title='bbox 1819 2967 1973 2991; x_wconf 90' lang='lat' dir='ltr'>necesse</span> <span class='ocrx_word' id='word_1_1080' title='bbox 1995 2962 2049 2990; x_wconf 91' lang='lat' dir='ltr'>est</span> <span class='ocrx_word' id='word_1_1081' title='bbox 2072 2953 2211 3002; x_wconf 89' lang='lat' dir='ltr'>aliquid</span> <span class='ocrx_word' id='word_1_1082' title='bbox 2230 2965 2320 2988; x_wconf 90' lang='lat' dir='ltr'>vere</span> <span class='ocrx_word' id='word_1_1083' title='bbox 2351 2953 2422 2989; x_wconf 90' lang='lat' dir='ltr'>dici</span> <span class='ocrx_word' id='word_1_1084' title='bbox 2451 2965 2508 2989; x_wconf 92' lang='lat' dir='ltr'>se-</span> 
     </span>
     <span class='ocr_line' id='line_1_147' title="bbox 1447 3005 2508 3059; baseline -0.006 -12"><span class='ocrx_word' id='word_1_1085' title='bbox 1447 3011 1572 3059; x_wconf 90' lang='lat' dir='ltr'>quitur</span> <span class='ocrx_word' id='word_1_1086' title='bbox 1601 3009 1705 3058; x_wconf 90' lang='lat' dir='ltr'>quod</span> <span class='ocrx_word' id='word_1_1087' title='bbox 1734 3020 1887 3045; x_wconf 90' lang='lat' dir='ltr'>necesse</span> <span class='ocrx_word' id='word_1_1088' title='bbox 1917 3007 1962 3044; x_wconf 90' lang='lat' dir='ltr'>sit</span> <span class='ocrx_word' id='word_1_1089' title='bbox 1989 3006 2079 3043; x_wconf 89' lang='lat' dir='ltr'>illud</span> <span class='ocrx_word' id='word_1_1090' title='bbox 2099 3018 2180 3042; x_wconf 89' lang='lat' dir='ltr'>esse</span> <span class='ocrx_word' id='word_1_1091' title='bbox 2208 3006 2270 3042; x_wconf 90' lang='lat' dir='ltr'>vel</span> <span class='ocrx_word' id='word_1_1092' title='bbox 2298 3005 2397 3051; x_wconf 90' lang='lat' dir='ltr'>fieri;</span> <span class='ocrx_word' id='word_1_1093' title='bbox 2419 3018 2508 3042; x_wconf 92' lang='lat' dir='ltr'>con-</span> 
     </span>
    </p>
   </div>
   <div class='ocr_carea' id='block_1_22' title="bbox 1447 3140 2509 3667">
    <p class='ocr_par' dir='ltr' id='par_1_30' title="bbox 1447 3140 2509 3667">
     <span class='ocr_line' id='line_1_148' title="bbox 1450 3140 2508 3177; baseline -0.006 -7"><span class='ocrx_word' id='word_1_1094' title='bbox 1450 3153 1517 3177; x_wconf 89' lang='lat' dir='ltr'>quae</span> <span class='ocrx_word' id='word_1_1095' title='bbox 1536 3145 1649 3169; x_wconf 86' lang='lat' dir='ltr'>dixerint.</span> <span class='ocrx_word' id='word_1_1096' title='bbox 1664 3144 1696 3168; x_wconf 86' lang='lat' dir='ltr'>Et</span> <span class='ocrx_word' id='word_1_1097' title='bbox 1705 3143 1765 3176; x_wconf 83' lang='lat' dir='ltr'>quia</span> <span class='ocrx_word' id='word_1_1098' title='bbox 1779 3151 1809 3167; x_wconf 92' lang='lat' dir='ltr'>ea</span> <span class='ocrx_word' id='word_1_1099' title='bbox 1822 3151 1888 3175; x_wconf 86' lang='lat' dir='ltr'>quae</span> <span class='ocrx_word' id='word_1_1100' title='bbox 1902 3150 1932 3167; x_wconf 89' lang='lat' dir='ltr'>ex</span> <span class='ocrx_word' id='word_1_1101' title='bbox 1946 3141 2082 3175; x_wconf 85' lang='lat' dir='ltr'>hypothesi</span> <span class='ocrx_word' id='word_1_1102' title='bbox 2098 3141 2215 3165; x_wconf 85' lang='lat' dir='ltr'>dicuntur</span> <span class='ocrx_word' id='word_1_1103' title='bbox 2227 3145 2287 3164; x_wconf 84' lang='lat' dir='ltr'>sunt</span> <span class='ocrx_word' id='word_1_1104' title='bbox 2304 3140 2508 3165; x_wconf 77' lang='lat' dir='ltr'>contradictoria3</span> 
     </span>
     <span class='ocr_line' id='line_1_149' title="bbox 1450 3176 2509 3212; baseline -0.005 -8"><span class='ocrx_word' id='word_1_1105' title='bbox 1450 3185 1601 3212; x_wconf 85' lang='lat' dir='ltr'>sequeretur</span> <span class='ocrx_word' id='word_1_1106' title='bbox 1610 3187 1640 3204; x_wconf 87' lang='lat' dir='ltr'>ex</span> <span class='ocrx_word' id='word_1_1107' title='bbox 1650 3179 1801 3203; x_wconf 84' lang='lat' dir='ltr'>necessitate</span> <span class='ocrx_word' id='word_1_1108' title='bbox 1811 3178 1882 3210; x_wconf 88' lang='lat' dir='ltr'>quod</span> <span class='ocrx_word' id='word_1_1109' title='bbox 1893 3178 2023 3202; x_wconf 91' lang='lat' dir='ltr'>evenirent</span> <span class='ocrx_word' id='word_1_1110' title='bbox 2033 3176 2232 3205; x_wconf 83' lang='lat' dir='ltr'>contradictoria,</span> <span class='ocrx_word' id='word_1_1111' title='bbox 2242 3181 2270 3199; x_wconf 92' lang='lat' dir='ltr'>ut</span> <span class='ocrx_word' id='word_1_1112' title='bbox 2283 3183 2384 3208; x_wconf 79' lang='lat' dir='ltr'>nempe,</span> <span class='ocrx_word' id='word_1_1113' title='bbox 2395 3176 2509 3200; x_wconf 86' lang='lat' dir='ltr'>sistendo</span> 
     </span>
     <span class='ocr_line' id='line_1_150' title="bbox 1449 3211 2508 3247; baseline -0.005 -8"><span class='ocrx_word' id='word_1_1114' title='bbox 1449 3215 1474 3239; x_wconf 90' lang='lat' dir='ltr'>in</span> <span class='ocrx_word' id='word_1_1115' title='bbox 1488 3216 1615 3247; x_wconf 87' lang='lat' dir='ltr'>exemplo,</span> <span class='ocrx_word' id='word_1_1116' title='bbox 1625 3214 1771 3239; x_wconf 77' lang='lat' dir='ltr'>necessario</span> <span class='ocrx_word' id='word_1_1117' title='bbox 1782 3214 1876 3238; x_wconf 82' lang='lat' dir='ltr'>civitas</span> <span class='ocrx_word' id='word_1_1118' title='bbox 1889 3213 1950 3238; x_wconf 86' lang='lat' dir='ltr'>talis</span> <span class='ocrx_word' id='word_1_1119' title='bbox 1962 3213 2158 3237; x_wconf 80' lang='lat' dir='ltr'>subverteretur</span> <span class='ocrx_word' id='word_1_1120' title='bbox 2168 3217 2193 3235; x_wconf 87' lang='lat' dir='ltr'>et</span> <span class='ocrx_word' id='word_1_1121' title='bbox 2202 3211 2278 3235; x_wconf 87' lang='lat' dir='ltr'>simul</span> <span class='ocrx_word' id='word_1_1122' title='bbox 2292 3211 2436 3235; x_wconf 86' lang='lat' dir='ltr'>necessario</span> <span class='ocrx_word' id='word_1_1123' title='bbox 2445 3211 2508 3235; x_wconf 81' lang='lat' dir='ltr'>civi-</span> 
     </span>
     <span class='ocr_line' id='line_1_151' title="bbox 1450 3246 2509 3278; baseline -0.004 -3"><span class='ocrx_word' id='word_1_1124' title='bbox 1450 3254 1491 3275; x_wconf 82' lang='lat' dir='ltr'>tas</span> <span class='ocrx_word' id='word_1_1125' title='bbox 1504 3250 1566 3275; x_wconf 83' lang='lat' dir='ltr'>talis</span> <span class='ocrx_word' id='word_1_1126' title='bbox 1578 3257 1629 3274; x_wconf 86' lang='lat' dir='ltr'>non</span> <span class='ocrx_word' id='word_1_1127' title='bbox 1649 3249 1854 3274; x_wconf 81' lang='lat' dir='ltr'>subverteretur.</span> <span class='ocrx_word' id='word_1_1128' title='bbox 1868 3249 1943 3278; x_wconf 91' lang='lat' dir='ltr'>Quod</span> <span class='ocrx_word' id='word_1_1129' title='bbox 1957 3248 2097 3272; x_wconf 85' lang='lat' dir='ltr'>absurdum</span> <span class='ocrx_word' id='word_1_1130' title='bbox 2112 3246 2248 3271; x_wconf 81' lang='lat' dir='ltr'>offenditur</span> <span class='ocrx_word' id='word_1_1131' title='bbox 2266 3246 2291 3270; x_wconf 87' lang='lat' dir='ltr'>in</span> <span class='ocrx_word' id='word_1_1132' title='bbox 2306 3246 2412 3270; x_wconf 89' lang='lat' dir='ltr'>lectione</span> <span class='ocrx_word' id='word_1_1133' title='bbox 2431 3246 2509 3271; x_wconf 79' lang='lat' dir='ltr'>Pinna</span> 
     </span>
     <span class='ocr_line' id='line_1_152' title="bbox 1450 3281 2507 3317; baseline -0.003 -8"><span class='ocrx_word' id='word_1_1134' title='bbox 1450 3290 1474 3309; x_wconf 88' lang='lat' dir='ltr'>et</span> <span class='ocrx_word' id='word_1_1135' title='bbox 1486 3285 1551 3309; x_wconf 90' lang='lat' dir='ltr'>Ven.</span> <span class='ocrx_word' id='word_1_1136' title='bbox 1564 3285 1634 3309; x_wconf 88' lang='lat' dir='ltr'>edd.:</span> <span class='ocrx_word' id='word_1_1137' title='bbox 1651 3291 1752 3309; x_wconf 84' lang='lat' dir='ltr'>necesse</span> <span class='ocrx_word' id='word_1_1138' title='bbox 1760 3284 1819 3317; x_wconf 83' lang='lat' dir='ltr'>suit</span> <span class='ocrx_word' id='word_1_1139' title='bbox 1832 3283 1965 3315; x_wconf 83' lang='lat' dir='ltr'>quodlibet</span> <span class='ocrx_word' id='word_1_1140' title='bbox 1978 3290 2068 3307; x_wconf 89' lang='lat' dir='ltr'>eorum</span> <span class='ocrx_word' id='word_1_1141' title='bbox 2085 3287 2158 3306; x_wconf 87' lang='lat' dir='ltr'>etc.—</span> <span class='ocrx_word' id='word_1_1142' title='bbox 2167 3282 2230 3306; x_wconf 91' lang='lat' dir='ltr'>Cod.</span> <span class='ocrx_word' id='word_1_1143' title='bbox 2241 3281 2261 3305; x_wconf 93' lang='lat' dir='ltr'>C</span> <span class='ocrx_word' id='word_1_1144' title='bbox 2272 3281 2377 3305; x_wconf 90' lang='lat' dir='ltr'>mutilus</span> <span class='ocrx_word' id='word_1_1145' title='bbox 2388 3281 2437 3305; x_wconf 89' lang='lat' dir='ltr'>hoc</span> <span class='ocrx_word' id='word_1_1146' title='bbox 2450 3282 2507 3306; x_wconf 90' lang='lat' dir='ltr'>loco</span> 
     </span>
     <span class='ocr_line' id='line_1_153' title="bbox 1449 3317 2507 3351; baseline -0.004 -7"><span class='ocrx_word' id='word_1_1147' title='bbox 1449 3326 1500 3344; x_wconf 84' lang='lat' dir='ltr'>est:</span> <span class='ocrx_word' id='word_1_1148' title='bbox 1516 3327 1618 3345; x_wconf 79' lang='lat' dir='ltr'>necesse</span> <span class='ocrx_word' id='word_1_1149' title='bbox 1636 3322 1676 3344; x_wconf 81' lang='lat' dir='ltr'>est</span> <span class='ocrx_word' id='word_1_1150' title='bbox 1693 3320 1764 3351; x_wconf 79' lang='lat' dir='ltr'>quod</span> <span class='ocrx_word' id='word_1_1151' title='bbox 1782 3320 1851 3343; x_wconf 78' lang='lat' dir='ltr'>alter</span> <span class='ocrx_word' id='word_1_1152' title='bbox 1864 3326 1954 3343; x_wconf 87' lang='lat' dir='ltr'>eorum</span> <span class='ocrx_word' id='word_1_1153' title='bbox 1969 3325 2006 3342; x_wconf 88' lang='lat' dir='ltr'>ex</span> <span class='ocrx_word' id='word_1_1154' title='bbox 2019 3317 2171 3342; x_wconf 84' lang='lat' dir='ltr'>necessitate</span> <span class='ocrx_word' id='word_1_1155' title='bbox 2184 3317 2287 3341; x_wconf 81' lang='lat' dir='ltr'>evenire</span> <span class='ocrx_word' id='word_1_1156' title='bbox 2292 3323 2301 3344; x_wconf 71' lang='lat'>‚⁴</span> <span class='ocrx_word' id='word_1_1157' title='bbox 2317 3324 2412 3348; x_wconf 90' lang='lat' dir='ltr'>nempe</span> <span class='ocrx_word' id='word_1_1158' title='bbox 2425 3323 2455 3340; x_wconf 83' lang='lat' dir='ltr'>ex</span> <span class='ocrx_word' id='word_1_1159' title='bbox 2467 3324 2507 3341; x_wconf 87' lang='lat' dir='ltr'>re-</span> 
     </span>
     <span class='ocr_line' id='line_1_154' title="bbox 1450 3351 2507 3385; baseline -0.003 -6"><span class='ocrx_word' id='word_1_1160' title='bbox 1450 3363 1525 3380; x_wconf 88' lang='lat' dir='ltr'>cursu</span> <span class='ocrx_word' id='word_1_1161' title='bbox 1539 3355 1654 3379; x_wconf 89' lang='lat' dir='ltr'>eiusdem</span> <span class='ocrx_word' id='word_1_1162' title='bbox 1674 3354 1792 3379; x_wconf 80' lang='lat' dir='ltr'>vocabuli</span> <span class='ocrx_word' id='word_1_1163' title='bbox 1809 3354 1924 3385; x_wconf 85' lang='lat' dir='ltr'>(eorum)</span> <span class='ocrx_word' id='word_1_1164' title='bbox 1938 3353 2101 3378; x_wconf 76' lang='lat' dir='ltr'>amanuensis</span> <span class='ocrx_word' id='word_1_1165' title='bbox 2115 3352 2202 3376; x_wconf 89' lang='lat' dir='ltr'>scribit</span> <span class='ocrx_word' id='word_1_1166' title='bbox 2214 3359 2265 3375; x_wconf 86' lang='lat' dir='ltr'>non</span> <span class='ocrx_word' id='word_1_1167' title='bbox 2280 3351 2453 3376; x_wconf 86' lang='lat' dir='ltr'>determinate</span> <span class='ocrx_word' id='word_1_1168' title='bbox 2465 3359 2507 3376; x_wconf 88' lang='lat' dir='ltr'>ve-</span> 
     </span>
     <span class='ocr_line' id='line_1_155' title="bbox 1449 3386 2507 3419; baseline -0.002 -5"><span class='ocrx_word' id='word_1_1169' title='bbox 1449 3398 1508 3414; x_wconf 87' lang='lat' dir='ltr'>rum</span> <span class='ocrx_word' id='word_1_1170' title='bbox 1523 3395 1578 3418; x_wconf 84' lang='lat' dir='ltr'>etc.,</span> <span class='ocrx_word' id='word_1_1171' title='bbox 1590 3390 1636 3414; x_wconf 86' lang='lat' dir='ltr'>sed</span> <span class='ocrx_word' id='word_1_1172' title='bbox 1647 3396 1684 3413; x_wconf 86' lang='lat' dir='ltr'>ex</span> <span class='ocrx_word' id='word_1_1173' title='bbox 1697 3389 1850 3414; x_wconf 87' lang='lat' dir='ltr'>necessitate</span> <span class='ocrx_word' id='word_1_1174' title='bbox 1862 3393 1918 3419; x_wconf 90' lang='lat' dir='ltr'>etc.;</span> <span class='ocrx_word' id='word_1_1175' title='bbox 1931 3394 1955 3412; x_wconf 90' lang='lat' dir='ltr'>et</span> <span class='ocrx_word' id='word_1_1176' title='bbox 1964 3387 2113 3412; x_wconf 88' lang='lat' dir='ltr'>intermedia</span> <span class='ocrx_word' id='word_1_1177' title='bbox 2126 3387 2226 3417; x_wconf 83' lang='lat' dir='ltr'>omittit,</span> <span class='ocrx_word' id='word_1_1178' title='bbox 2238 3387 2293 3410; x_wconf 87' lang='lat' dir='ltr'>sine</span> <span class='ocrx_word' id='word_1_1179' title='bbox 2302 3386 2397 3418; x_wconf 85' lang='lat' dir='ltr'>quibus</span> <span class='ocrx_word' id='word_1_1180' title='bbox 2408 3392 2507 3412; x_wconf 82' lang='lat' dir='ltr'>caetera</span> 
     </span>
     <span class='ocr_line' id='line_1_156' title="bbox 1450 3422 2506 3456; baseline -0.004 -7"><span class='ocrx_word' id='word_1_1181' title='bbox 1450 3424 1634 3456; x_wconf 78' lang='lat' dir='ltr'>significatione</span> <span class='ocrx_word' id='word_1_1182' title='bbox 1647 3429 1740 3448; x_wconf 85' lang='lat' dir='ltr'>carent.</span> <span class='ocrx_word' id='word_1_1183' title='bbox 1751 3425 1871 3448; x_wconf 80' lang='lat' dir='ltr'>Attamen</span> <span class='ocrx_word' id='word_1_1184' title='bbox 1886 3428 1953 3447; x_wconf 89' lang='lat' dir='ltr'>recte</span> <span class='ocrx_word' id='word_1_1185' title='bbox 1964 3423 2024 3455; x_wconf 89' lang='lat' dir='ltr'>legit</span> <span class='ocrx_word' id='word_1_1186' title='bbox 2034 3430 2093 3447; x_wconf 88' lang='lat' dir='ltr'>cum</span> <span class='ocrx_word' id='word_1_1187' title='bbox 2104 3423 2177 3446; x_wconf 89' lang='lat' dir='ltr'>codd.</span> <span class='ocrx_word' id='word_1_1188' title='bbox 2189 3422 2234 3445; x_wconf 88' lang='lat' dir='ltr'>cit:</span> <span class='ocrx_word' id='word_1_1189' title='bbox 2245 3422 2316 3454; x_wconf 81' lang='lat' dir='ltr'>quod</span> <span class='ocrx_word' id='word_1_1190' title='bbox 2325 3422 2394 3446; x_wconf 80' lang='lat' dir='ltr'>alter</span> <span class='ocrx_word' id='word_1_1191' title='bbox 2406 3428 2506 3446; x_wconf 83' lang='lat' dir='ltr'>eorum.</span> 
     </span>
     <span class='ocr_line' id='line_1_157' title="bbox 1447 3457 2508 3492; baseline -0.002 -8"><span class='ocrx_word' id='word_1_1192' title='bbox 1447 3475 1467 3479; x_wconf 84' lang='lat'><em>-</em></span> <span class='ocrx_word' id='word_1_1193' title='bbox 1477 3460 1593 3492; x_wconf 88' lang='lat' dir='ltr'>Denique</span> <span class='ocrx_word' id='word_1_1194' title='bbox 1604 3460 1660 3483; x_wconf 90' lang='lat' dir='ltr'>cod.</span> <span class='ocrx_word' id='word_1_1195' title='bbox 1674 3459 1696 3483; x_wconf 93' lang='lat' dir='ltr'>D</span> <span class='ocrx_word' id='word_1_1196' title='bbox 1709 3459 1834 3483; x_wconf 86' lang='lat' dir='ltr'>consentit</span> <span class='ocrx_word' id='word_1_1197' title='bbox 1848 3466 1906 3482; x_wconf 90' lang='lat' dir='ltr'>curn</span> <span class='ocrx_word' id='word_1_1198' title='bbox 1921 3458 1984 3488; x_wconf 84' lang='lat' dir='ltr'>aliis,</span> <span class='ocrx_word' id='word_1_1199' title='bbox 1996 3458 2043 3481; x_wconf 87' lang='lat' dir='ltr'>nisi</span> <span class='ocrx_word' id='word_1_1200' title='bbox 2058 3458 2127 3490; x_wconf 92' lang='lat' dir='ltr'>quod</span> <span class='ocrx_word' id='word_1_1201' title='bbox 2141 3462 2165 3481; x_wconf 88' lang='lat' dir='ltr'>et</span> <span class='ocrx_word' id='word_1_1202' title='bbox 2178 3457 2234 3489; x_wconf 88' lang='lat' dir='ltr'>ipse</span> <span class='ocrx_word' id='word_1_1203' title='bbox 2247 3461 2365 3489; x_wconf 89' lang='lat' dir='ltr'>corrupte</span> <span class='ocrx_word' id='word_1_1204' title='bbox 2379 3457 2450 3489; x_wconf 84' lang='lat' dir='ltr'>legit:</span> <span class='ocrx_word' id='word_1_1205' title='bbox 2461 3457 2508 3482; x_wconf 81' lang='lat' dir='ltr'>sed</span> 
     </span>
     <span class='ocr_line' id='line_1_158' title="bbox 1448 3493 2507 3528; baseline -0.004 -8"><span class='ocrx_word' id='word_1_1206' title='bbox 1448 3496 1472 3520; x_wconf 84' lang='lat' dir='ltr'>si</span> <span class='ocrx_word' id='word_1_1207' title='bbox 1490 3495 1574 3520; x_wconf 89' lang='lat' dir='ltr'>omnis</span> <span class='ocrx_word' id='word_1_1208' title='bbox 1593 3494 1739 3528; x_wconf 79' lang='lat' dir='ltr'>affirmatio</span> <span class='ocrx_word' id='word_1_1209' title='bbox 1758 3494 1799 3518; x_wconf 86' lang='lat' dir='ltr'>vel</span> <span class='ocrx_word' id='word_1_1210' title='bbox 1817 3493 1924 3526; x_wconf 82' lang='lat' dir='ltr'>negatio</span> <span class='ocrx_word' id='word_1_1211' title='bbox 1943 3493 2116 3517; x_wconf 84' lang='lat' dir='ltr'>determinate</span> <span class='ocrx_word' id='word_1_1212' title='bbox 2132 3495 2172 3516; x_wconf 79' lang='lat' dir='ltr'>est</span> <span class='ocrx_word' id='word_1_1213' title='bbox 2187 3499 2257 3520; x_wconf 85' lang='lat' dir='ltr'>vera,</span> <span class='ocrx_word' id='word_1_1214' title='bbox 2272 3498 2374 3517; x_wconf 81' lang='lat' dir='ltr'>necesse</span> <span class='ocrx_word' id='word_1_1215' title='bbox 2385 3495 2425 3517; x_wconf 81' lang='lat' dir='ltr'>est</span> <span class='ocrx_word' id='word_1_1216' title='bbox 2436 3493 2507 3524; x_wconf 83' lang='lat' dir='ltr'>quod</span> 
     </span>
     <span class='ocr_line' id='line_1_159' title="bbox 1449 3527 2506 3560; baseline -0.004 -5"><span class='ocrx_word' id='word_1_1217' title='bbox 1449 3531 1561 3555; x_wconf 84' lang='lat' dir='ltr'>alterum</span> <span class='ocrx_word' id='word_1_1218' title='bbox 1571 3537 1662 3554; x_wconf 88' lang='lat' dir='ltr'>eorum</span> <span class='ocrx_word' id='word_1_1219' title='bbox 1675 3537 1713 3554; x_wconf 80' lang='lat' dir='ltr'>ex</span> <span class='ocrx_word' id='word_1_1220' title='bbox 1725 3529 1878 3554; x_wconf 87' lang='lat' dir='ltr'>necessitate</span> <span class='ocrx_word' id='word_1_1221' title='bbox 1890 3529 2001 3553; x_wconf 85' lang='lat' dir='ltr'>evenire.</span> <span class='ocrx_word' id='word_1_1222' title='bbox 2011 3528 2090 3552; x_wconf 83' lang='lat' dir='ltr'>Vides</span> <span class='ocrx_word' id='word_1_1223' title='bbox 2103 3534 2204 3552; x_wconf 85' lang='lat' dir='ltr'>necesse</span> <span class='ocrx_word' id='word_1_1224' title='bbox 2216 3530 2256 3552; x_wconf 87' lang='lat' dir='ltr'>est</span> <span class='ocrx_word' id='word_1_1225' title='bbox 2268 3527 2338 3560; x_wconf 82' lang='lat' dir='ltr'>quod</span> <span class='ocrx_word' id='word_1_1226' title='bbox 2350 3535 2506 3560; x_wconf 84' lang='lat' dir='ltr'>suspensum</span> 
     </span>
     <span class='ocr_line' id='line_1_160' title="bbox 1449 3563 2508 3598; baseline -0.002 -9"><span class='ocrx_word' id='word_1_1227' title='bbox 1449 3573 1515 3596; x_wconf 86' lang='lat' dir='ltr'>esse,</span> <span class='ocrx_word' id='word_1_1228' title='bbox 1527 3565 1586 3598; x_wconf 86' lang='lat' dir='ltr'>quia</span> <span class='ocrx_word' id='word_1_1229' title='bbox 1596 3565 1759 3589; x_wconf 86' lang='lat' dir='ltr'>amanuensis</span> <span class='ocrx_word' id='word_1_1230' title='bbox 1770 3564 1903 3588; x_wconf 88' lang='lat' dir='ltr'>distractus</span> <span class='ocrx_word' id='word_1_1231' title='bbox 1917 3563 1996 3588; x_wconf 90' lang='lat' dir='ltr'>sumit</span> <span class='ocrx_word' id='word_1_1232' title='bbox 2004 3564 2117 3588; x_wconf 84' lang='lat' dir='ltr'>alterum</span> <span class='ocrx_word' id='word_1_1233' title='bbox 2130 3570 2220 3587; x_wconf 87' lang='lat' dir='ltr'>eorum</span> <span class='ocrx_word' id='word_1_1234' title='bbox 2231 3570 2278 3595; x_wconf 89' lang='lat' dir='ltr'>pro</span> <span class='ocrx_word' id='word_1_1235' title='bbox 2291 3563 2361 3587; x_wconf 82' lang='lat' dir='ltr'>alter</span> <span class='ocrx_word' id='word_1_1236' title='bbox 2371 3570 2471 3591; x_wconf 79' lang='lat' dir='ltr'>eorum,</span> <span class='ocrx_word' id='word_1_1237' title='bbox 2482 3568 2508 3587; x_wconf 92' lang='lat' dir='ltr'>et</span> 
     </span>
     <span class='ocr_line' id='line_1_161' title="bbox 1449 3598 2506 3633; baseline -0.003 -8"><span class='ocrx_word' id='word_1_1238' title='bbox 1449 3601 1507 3625; x_wconf 87' lang='lat' dir='ltr'>ideo</span> <span class='ocrx_word' id='word_1_1239' title='bbox 1525 3606 1662 3632; x_wconf 86' lang='lat' dir='ltr'>utramque</span> <span class='ocrx_word' id='word_1_1240' title='bbox 1676 3605 1774 3633; x_wconf 87' lang='lat' dir='ltr'>partem</span> <span class='ocrx_word' id='word_1_1241' title='bbox 1788 3599 1927 3624; x_wconf 83' lang='lat' dir='ltr'>sententiae</span> <span class='ocrx_word' id='word_1_1242' title='bbox 1940 3598 2068 3631; x_wconf 86' lang='lat' dir='ltr'>pervertit.</span> <span class='ocrx_word' id='word_1_1243' title='bbox 2082 3598 2253 3622; x_wconf 87' lang='lat' dir='ltr'>Nihilominus</span> <span class='ocrx_word' id='word_1_1244' title='bbox 2266 3605 2415 3630; x_wconf 77' lang='lat' dir='ltr'>germanam</span> <span class='ocrx_word' id='word_1_1245' title='bbox 2430 3598 2506 3622; x_wconf 91' lang='lat' dir='ltr'>simul</span> 
     </span>
     <span class='ocr_line' id='line_1_162' title="bbox 1449 3633 2506 3667; baseline -0.003 -7"><span class='ocrx_word' id='word_1_1246' title='bbox 1449 3636 1584 3660; x_wconf 86' lang='lat' dir='ltr'>lectionem</span> <span class='ocrx_word' id='word_1_1247' title='bbox 1601 3635 1706 3660; x_wconf 83' lang='lat' dir='ltr'>indicat:</span> <span class='ocrx_word' id='word_1_1248' title='bbox 1722 3642 1788 3667; x_wconf 86' lang='lat' dir='ltr'>quae</span> <span class='ocrx_word' id='word_1_1249' title='bbox 1802 3634 1910 3667; x_wconf 89' lang='lat' dir='ltr'>proinde</span> <span class='ocrx_word' id='word_1_1250' title='bbox 1928 3634 2089 3659; x_wconf 85' lang='lat' dir='ltr'>uniformiter</span> <span class='ocrx_word' id='word_1_1251' title='bbox 2102 3633 2235 3658; x_wconf 87' lang='lat' dir='ltr'>exhibetur</span> <span class='ocrx_word' id='word_1_1252' title='bbox 2248 3633 2280 3658; x_wconf 82' lang='lat' dir='ltr'>ab</span> <span class='ocrx_word' id='word_1_1253' title='bbox 2294 3633 2414 3658; x_wconf 84' lang='lat' dir='ltr'>omnibus</span> <span class='ocrx_word' id='word_1_1254' title='bbox 2433 3633 2506 3658; x_wconf 87' lang='lat' dir='ltr'>codd.</span> 
     </span>
    </p>
   </div>
   <div class='ocr_carea' id='block_1_23' title="bbox 2322 3687 2364 3720">
    <p class='ocr_par' dir='ltr' id='par_1_31' title="bbox 2322 3687 2364 3720">
     <span class='ocr_line' id='line_1_163' title="bbox 2322 3687 2364 3720; baseline 0 -18"><span class='ocrx_word' id='word_1_1255' title='bbox 2322 3687 2364 3720; x_wconf 73' lang='lat'>9*</span> 
     </span>
    </p>
   </div>
   <div class='ocr_carea' id='block_1_24' title="bbox 2542 1365 2737 1444">
    <p class='ocr_par' dir='ltr' id='par_1_32' title="bbox 2542 1365 2737 1444">
     <span class='ocr_line' id='line_1_164' title="bbox 2542 1365 2737 1392; baseline 0.005 -7"><span class='ocrx_word' id='word_1_1256' title='bbox 2542 1365 2550 1373; x_wconf 90' lang='grc'>·</span> <span class='ocrx_word' id='word_1_1257' title='bbox 2561 1370 2585 1387; x_wconf 93' lang='lat' dir='ltr'>c:</span> <span class='ocrx_word' id='word_1_1258' title='bbox 2602 1367 2737 1392; x_wconf 82' lang='lat' dir='ltr'>sequuntur.</span> 
     </span>
     <span class='ocr_line' id='line_1_165' title="bbox 2542 1417 2691 1444; baseline 0.007 -7"><span class='ocrx_word' id='word_1_1259' title='bbox 2542 1418 2550 1426; x_wconf 82' lang='lat'><strong>·</strong></span> <span class='ocrx_word' id='word_1_1260' title='bbox 2562 1417 2632 1438; x_wconf 72' lang='lat' dir='ltr'>Num.</span> <span class='ocrx_word' id='word_1_1261' title='bbox 2643 1423 2691 1444; x_wconf 85' lang='lat' dir='ltr'>seq.</span> 
     </span>
    </p>
   </div>
   <div class='ocr_carea' id='block_1_25' title="bbox 2542 1471 2752 1543">
    <p class='ocr_par' dir='ltr' id='par_1_33' title="bbox 2542 1471 2752 1543">
     <span class='ocr_line' id='line_1_166' title="bbox 2542 1471 2752 1491; baseline 0.005 -1"><span class='ocrx_word' id='word_1_1262' title='bbox 2542 1471 2550 1478; x_wconf 86' lang='grc'>·</span> <span class='ocrx_word' id='word_1_1263' title='bbox 2562 1476 2626 1490; x_wconf 68' lang='grc' dir='ltr'><strong>ΑΜΕ.</strong></span> <span class='ocrx_word' id='word_1_1264' title='bbox 2636 1481 2646 1485; x_wconf 93' lang='grc'><strong>-</strong></span> <span class='ocrx_word' id='word_1_1265' title='bbox 2658 1476 2690 1491; x_wconf 74' lang='lat' dir='ltr'>r.:</span> <span class='ocrx_word' id='word_1_1266' title='bbox 2707 1476 2752 1491; x_wconf 89' lang='lat' dir='ltr'>non</span> 
     </span>
     <span class='ocr_line' id='line_1_167' title="bbox 2542 1498 2752 1517; baseline 0.005 -1"><span class='ocrx_word' id='word_1_1267' title='bbox 2542 1498 2612 1517; x_wconf 76' lang='lat' dir='ltr'>esset.</span> <span class='ocrx_word' id='word_1_1268' title='bbox 2627 1508 2636 1512; x_wconf 95' lang='lat'><em>-</em></span> <span class='ocrx_word' id='word_1_1269' title='bbox 2651 1502 2665 1517; x_wconf 84' lang='lat' dir='ltr'>n</span> <span class='ocrx_word' id='word_1_1270' title='bbox 2678 1504 2683 1517; x_wconf 76' lang='lat' dir='ltr'>t</span> <span class='ocrx_word' id='word_1_1271' title='bbox 2707 1502 2752 1517; x_wconf 85' lang='lat' dir='ltr'>non</span> 
     </span>
     <span class='ocr_line' id='line_1_168' title="bbox 2542 1524 2584 1543; baseline 0 0"><span class='ocrx_word' id='word_1_1272' title='bbox 2542 1524 2584 1543; x_wconf 76' lang='lat' dir='ltr'>est.</span> 
     </span>
    </p>
   </div>
   <div class='ocr_carea' id='block_1_26' title="bbox 2640 1691 2656 1707">
    <p class='ocr_par' dir='ltr' id='par_1_34' title="bbox 2640 1691 2656 1707">
     <span class='ocr_line' id='line_1_169' title="bbox 2640 1691 2656 1707; baseline 0 0"><span class='ocrx_word' id='word_1_1273' title='bbox 2640 1691 2656 1707; x_wconf 79' lang='grc' dir='ltr'>α</span> 
     </span>
    </p>
   </div>
   <div class='ocr_carea' id='block_1_27' title="bbox 2640 1783 2653 1816">
    <p class='ocr_par' dir='ltr' id='par_1_35' title="bbox 2640 1783 2653 1816">
     <span class='ocr_line' id='line_1_170' title="bbox 2640 1783 2653 1816; baseline 0 0"><span class='ocrx_word' id='word_1_1274' title='bbox 2640 1783 2653 1816; x_wconf 77' lang='grc' dir='ltr'>β</span> 
     </span>
    </p>
   </div>
   <div class='ocr_carea' id='block_1_28' title="bbox 2540 1892 2743 1915">
    <p class='ocr_par' dir='ltr' id='par_1_36' title="bbox 2540 1892 2743 1915">
     <span class='ocr_line' id='line_1_171' title="bbox 2540 1892 2743 1915; baseline 0.01 -2"><span class='ocrx_word' id='word_1_1275' title='bbox 2540 1893 2548 1901; x_wconf 86' lang='grc'>·</span> <span class='ocrx_word' id='word_1_1276' title='bbox 2558 1898 2584 1913; x_wconf 59' lang='lat' dir='ltr'>a:</span> <span class='ocrx_word' id='word_1_1277' title='bbox 2600 1892 2642 1913; x_wconf 84' lang='lat' dir='ltr'>sed</span> <span class='ocrx_word' id='word_1_1278' title='bbox 2655 1893 2743 1915; x_wconf 83' lang='lat' dir='ltr'>eadem.</span> 
     </span>
    </p>
   </div>
   <div class='ocr_carea' id='block_1_29' title="bbox 2539 2158 2752 2185">
    <p class='ocr_par' dir='ltr' id='par_1_37' title="bbox 2539 2158 2752 2185">
     <span class='ocr_line' id='line_1_172' title="bbox 2539 2158 2752 2185; baseline 0.005 -6"><span class='ocrx_word' id='word_1_1279' title='bbox 2539 2159 2547 2167; x_wconf 89' lang='lat'>&#39;¹</span> <span class='ocrx_word' id='word_1_1280' title='bbox 2559 2158 2593 2179; x_wconf 83' lang='lat' dir='ltr'>Cf.</span> <span class='ocrx_word' id='word_1_1281' title='bbox 2604 2164 2666 2179; x_wconf 82' lang='lat' dir='ltr'>num.</span> <span class='ocrx_word' id='word_1_1282' title='bbox 2675 2165 2752 2185; x_wconf 80' lang='lat' dir='ltr'>praec.</span> 
     </span>
    </p>
   </div>
   <div class='ocr_carea' id='block_1_30' title="bbox 2537 2259 2751 2412">
    <p class='ocr_par' dir='ltr' id='par_1_38' title="bbox 2538 2259 2751 2280">
     <span class='ocr_line' id='line_1_173' title="bbox 2538 2259 2751 2280; baseline 0.005 -1"><span class='ocrx_word' id='word_1_1283' title='bbox 2538 2259 2546 2267; x_wconf 86' lang='grc'><strong>”</strong></span> <span class='ocrx_word' id='word_1_1284' title='bbox 2557 2265 2570 2279; x_wconf 77' lang='grc' dir='ltr'>Λ</span> <span class='ocrx_word' id='word_1_1285' title='bbox 2579 2266 2583 2279; x_wconf 89' lang='lat'>:</span> <span class='ocrx_word' id='word_1_1286' title='bbox 2606 2259 2639 2279; x_wconf 82' lang='lat' dir='ltr'>ad</span> <span class='ocrx_word' id='word_1_1287' title='bbox 2658 2265 2751 2280; x_wconf 85' lang='lat' dir='ltr'>cursum</span> 
     </span>
    </p>

    <p class='ocr_par' dir='ltr' id='par_1_39' title="bbox 2537 2288 2751 2307">
     <span class='ocr_line' id='line_1_174' title="bbox 2537 2288 2751 2307; baseline 0.009 -2"><span class='ocrx_word' id='word_1_1288' title='bbox 2537 2291 2615 2306; x_wconf 85' lang='lat' dir='ltr'>rerum</span> <span class='ocrx_word' id='word_1_1289' title='bbox 2621 2288 2689 2307; x_wconf 78' lang='lat' dir='ltr'>extra</span> <span class='ocrx_word' id='word_1_1290' title='bbox 2696 2292 2751 2307; x_wconf 85' lang='lat' dir='ltr'>cau-</span> 
     </span>
    </p>

    <p class='ocr_par' dir='ltr' id='par_1_40' title="bbox 2537 2312 2751 2338">
     <span class='ocr_line' id='line_1_175' title="bbox 2537 2312 2751 2338; baseline 0.009 -7"><span class='ocrx_word' id='word_1_1291' title='bbox 2537 2317 2588 2332; x_wconf 81' lang='lat' dir='ltr'>sam</span> <span class='ocrx_word' id='word_1_1292' title='bbox 2597 2312 2633 2332; x_wconf 86' lang='lat' dir='ltr'>vel</span> <span class='ocrx_word' id='word_1_1293' title='bbox 2640 2314 2751 2338; x_wconf 66' lang='lat' dir='ltr'>eventum,</span> 
     </span>
    </p>

    <p class='ocr_par' dir='ltr' id='par_1_41' title="bbox 2537 2338 2750 2385">
     <span class='ocr_line' id='line_1_176' title="bbox 2537 2338 2750 2367; baseline 0.005 -9"><span class='ocrx_word' id='word_1_1294' title='bbox 2537 2338 2560 2358; x_wconf 84' lang='lat' dir='ltr'>si</span> <span class='ocrx_word' id='word_1_1295' title='bbox 2568 2344 2626 2358; x_wconf 76' lang='lat' dir='ltr'>unus</span> <span class='ocrx_word' id='word_1_1296' title='bbox 2641 2338 2750 2367; x_wconf 78' lang='lat' dir='ltr'>affirma-</span> 
     </span>
     <span class='ocr_line' id='line_1_177' title="bbox 2551 2364 2604 2385; baseline 0.019 -1"><span class='ocrx_word' id='word_1_1297' title='bbox 2551 2364 2604 2385; x_wconf 79' lang='lat' dir='ltr'>erit.</span> 
     </span>
    </p>

    <p class='ocr_par' dir='ltr' id='par_1_42' title="bbox 2538 2391 2722 2412">
     <span class='ocr_line' id='line_1_178' title="bbox 2538 2391 2722 2412; baseline 0.005 -1"><span class='ocrx_word' id='word_1_1298' title='bbox 2538 2392 2546 2399; x_wconf 86' lang='grc'><em>·</em></span> <span class='ocrx_word' id='word_1_1299' title='bbox 2558 2391 2610 2412; x_wconf 83' lang='lat' dir='ltr'>Hoc</span> <span class='ocrx_word' id='word_1_1300' title='bbox 2620 2398 2646 2412; x_wconf 87' lang='lat' dir='ltr'>ex</span> <span class='ocrx_word' id='word_1_1301' title='bbox 2656 2397 2722 2412; x_wconf 59' lang='lat' dir='ltr'>acne.</span> 
     </span>
    </p>
   </div>
   <div class='ocr_carea' id='block_1_31' title="bbox 2538 2431 2752 2637">
    <p class='ocr_par' dir='ltr' id='par_1_43' title="bbox 2539 2431 2752 2564">
     <span class='ocr_line' id='line_1_179' title="bbox 2539 2431 2625 2452; baseline -0.012 0"><span class='ocrx_word' id='word_1_1302' title='bbox 2539 2431 2625 2452; x_wconf 86' lang='lat' dir='ltr'>Cursus</span> 
     </span>
     <span class='ocr_line' id='line_1_180' title="bbox 2539 2461 2752 2485; baseline 0.005 -7"><span class='ocrx_word' id='word_1_1303' title='bbox 2539 2463 2584 2478; x_wconf 91' lang='lat' dir='ltr'>non</span> <span class='ocrx_word' id='word_1_1304' title='bbox 2593 2461 2694 2479; x_wconf 83' lang='lat' dir='ltr'>mutatur</span> <span class='ocrx_word' id='word_1_1305' title='bbox 2701 2465 2752 2485; x_wconf 88' lang='lat' dir='ltr'>pro-</span> 
     </span>
     <span class='ocr_line' id='line_1_181' title="bbox 2539 2485 2750 2510; baseline 0.005 -6"><span class='ocrx_word' id='word_1_1306' title='bbox 2539 2488 2588 2510; x_wconf 82' lang='lat' dir='ltr'>pter</span> <span class='ocrx_word' id='word_1_1307' title='bbox 2601 2488 2705 2505; x_wconf 88' lang='lat' dir='ltr'>nostrum</span> <span class='ocrx_word' id='word_1_1308' title='bbox 2717 2485 2750 2505; x_wconf 84' lang='lat' dir='ltr'>af-</span> 
     </span>
     <span class='ocr_line' id='line_1_182' title="bbox 2539 2511 2749 2532; baseline 0.005 -1"><span class='ocrx_word' id='word_1_1309' title='bbox 2539 2511 2627 2532; x_wconf 77' lang='lat' dir='ltr'>firmare</span> <span class='ocrx_word' id='word_1_1310' title='bbox 2651 2512 2686 2532; x_wconf 87' lang='lat' dir='ltr'>vel</span> <span class='ocrx_word' id='word_1_1311' title='bbox 2709 2518 2749 2532; x_wconf 79' lang='lat' dir='ltr'>ne-</span> 
     </span>
     <span class='ocr_line' id='line_1_183' title="bbox 2539 2543 2598 2564; baseline 0 -7"><span class='ocrx_word' id='word_1_1312' title='bbox 2539 2543 2598 2564; x_wconf 83' lang='lat' dir='ltr'>gare.</span> 
     </span>
    </p>

    <p class='ocr_par' dir='ltr' id='par_1_44' title="bbox 2538 2563 2749 2637">
     <span class='ocr_line' id='line_1_184' title="bbox 2540 2563 2749 2584; baseline 0 0"><span class='ocrx_word' id='word_1_1313' title='bbox 2540 2565 2546 2572; x_wconf 81' lang='lat'><em>·</em></span> <span class='ocrx_word' id='word_1_1314' title='bbox 2562 2570 2575 2584; x_wconf 80' lang='lat' dir='ltr'>a</span> <span class='ocrx_word' id='word_1_1315' title='bbox 2599 2563 2684 2584; x_wconf 83' lang='lat' dir='ltr'>omittit</span> <span class='ocrx_word' id='word_1_1316' title='bbox 2708 2570 2749 2584; x_wconf 86' lang='lat' dir='ltr'>no-</span> 
     </span>
     <span class='ocr_line' id='line_1_185' title="bbox 2538 2590 2749 2615; baseline 0.005 -5"><span class='ocrx_word' id='word_1_1317' title='bbox 2538 2592 2615 2615; x_wconf 74' lang='lat' dir='ltr'>strae,</span> <span class='ocrx_word' id='word_1_1318' title='bbox 2641 2590 2681 2611; x_wconf 86' lang='lat' dir='ltr'>scd</span> <span class='ocrx_word' id='word_1_1319' title='bbox 2703 2597 2749 2611; x_wconf 88' lang='lat' dir='ltr'>non</span> 
     </span>
     <span class='ocr_line' id='line_1_186' title="bbox 2539 2620 2606 2637; baseline 0 0"><span class='ocrx_word' id='word_1_1320' title='bbox 2539 2620 2606 2637; x_wconf 82' lang='lat' dir='ltr'>recte.</span> 
     </span>
    </p>
   </div>
   <div class='ocr_carea' id='block_1_32' title="bbox 2672 2438 2749 2452">
    <p class='ocr_par' dir='ltr' id='par_1_45' title="bbox 2672 2438 2749 2452">
     <span class='ocr_line' id='line_1_187' title="bbox 2672 2438 2749 2452; baseline 0 0"><span class='ocrx_word' id='word_1_1321' title='bbox 2672 2438 2749 2452; x_wconf 73' lang='lat' dir='ltr'>serum</span> 
     </span>
    </p>
   </div>
  </div>
 </body>
</html>
