2788 4204
114 433 124 442 ⁹
134 431 208 454 Codd.
220 442 231 446 -
242 437 262 452 r:
270 436 324 452 non.

115 459 134 467 ⁸·
145 458 219 480 Codd.
231 459 287 483 (exc.
298 462 326 478 nc

114 486 149 510 nl:
164 484 272 505 nondum.

115 542 124 550 '¹
132 547 160 562 n:
176 540 325 569 manifestum

115 570 158 594 est,
170 567 325 595 quia.-Codd.

115 596 120 619 (
129 600 178 615 exc.
202 596 228 620 ο)
240 601 244 615 z
269 594 325 621 quia

114 620 185 648 quod.

115 649 123 655 ·
130 647 212 668 Autem
221 653 248 668 ex
256 645 326 667 codd.

114 675 174 699 (exc.
185 675 219 698 Η).

114 706 234 751 Ἰιωειιος
244 709 273 725 ex
281 709 326 731 quo

125 736 201 752 amen.

117 758 136 767 ·”
146 756 192 778 Est
204 763 231 777 ex
246 755 315 777 codd.

115 810 124 819 ·
134 816 162 830 x:
173 809 249 830 contin
270 808 324 833 enti,

114 835 193 856 inesse
200 835 239 856 illu
264 833 327 862 quod

114 861 236 883 acciderit.

115 966 123 975 ·
136 969 162 983 n:
179 963 202 983 et
211 963 304 989 postea.

114 1016 123 1024 ⁸
133 1021 153 1035 a:
165 1014 251 1035 condit.
254 1019 325 1040 prae·

114 1041 192 1062 dictis.

114 1073 122 1082 ⁵
129 1078 162 1096 co
168 1076 269 1092 erronee:
278 1076 323 1091 non

113 1098 228 1126 sequitur.

209 1135 228 1160 Ἀ

109 1769 118 1777 ·
130 1766 240 1788 Codd.-1³:
256 1772 322 1792 vero,-

110 1800 136 1814 a:
151 1799 181 1814 ex
196 1793 276 1814 falsis.

111 1821 131 1829 ¹·
143 1819 219 1841 Codd.
234 1821 289 1844 (exc.
306 1825 321 1840 o

110 1848 163 1871 oQ):
183 1847 268 1867 autem.

109 1978 120 1989 ⁸¹
138 1983 168 1999 cu
184 1985 189 1999 ε

107 2004 203 2032 probat.

114 2033 121 2040 ¹
133 2031 207 2052 Codd.
218 2042 228 2047 -
242 2037 269 2052 r:
292 2030 322 2052 de

112 2057 176 2078 omni
187 2057 322 2078 Bnecessa-

110 2083 149 2105 ria
164 2083 207 2110 (Cf.
221 2085 294 2109 texui.

213 1978 248 1999 sic
270 1977 322 2005 ipse

358 251 427 288 192

354 331 432 358 non
461 319 650 367 existente,
676 326 713 356 et
737 326 865 356 tamen
890 319 1051 355 eandem
1080 317 1265 354 rationem
1289 317 1415 364 habet,

355 382 390 410 et
418 374 544 410 salvus
574 380 639 419 est,
662 379 697 408 et
725 373 829 409 salva
850 380 903 408 est
923 383 992 417 res,
1020 378 1055 407 et
1082 382 1161 406 non
1187 377 1242 406 est
1266 370 1414 406 oblitus.

354 428 456 474 Ergo
476 438 600 473 neque
618 426 638 446 *
655 425 758 473 prius
779 424 896 471 scivit,
918 423 1071 471 quando
1087 422 1258 459 medium
1278 435 1358 459 non
1379 424 1419 444 ³⁸*

354 487 433 516 erat
452 485 681 527 corruptum.
699 499 723 505 -
738 477 853 523 Quod
874 484 1001 513 autem
1021 476 1207 522 medinm,
1234 476 1338 524 quod
1363 483 1419 512 est

355 532 585 579 contingens,
617 537 893 578 corrumpatur,
913 529 1050 578 probat
1075 530 1108 575 ²²⁶,
1135 529 1223 576 quia
1247 529 1285 566 id
1313 531 1417 577 quod

353 598 432 622 non
461 592 515 621 est
533 583 798 628 necessarium,
820 589 968 630 oportet
987 581 1091 629 quod
1112 582 1314 630 aliquando
1337 596 1417 620 cor-

353 644 558 687 rumpatur.
573 636 611 672 Si
622 643 748 672 autem
761 636 780 656 '³‘
791 635 936 671 dicatur
945 634 1050 682 quod
1061 635 1232 672 medium
1243 636 1417 673 nondum

354 699 409 728 est
419 696 637 737 corruptum
650 701 658 724 :
670 688 758 736 quia
771 689 791 709 *
804 695 933 724 tamen
943 700 1022 724 non
1033 694 1088 724 est
1098 688 1138 709 '¹²³¹‘
1147 689 1416 736 necessarium,

353 743 593 780 manifestum
623 749 678 777 est
705 741 810 789 quod
839 741 1018 788 contingit
1045 740 1172 789 ipsum
1212 743 1416 792 corrumpi.

353 796 480 833 Posito
497 802 624 831 autern
641 794 887 842 contingenti,
908 794 997 831 illud
1022 794 1127 842 quod
1147 794 1280 831 accidit
1300 797 1319 815 ⁴⁵
1339 809 1418 833 non

353 857 408 885 est
430 847 680 896 impossibile,
701 848 767 885 sed
787 848 966 897 possibile
986 854 1022 884 et
1038 847 1270 895 contingens.
1301 849 1417 895 Quod

353 909 479 938 autem
508 901 736 948 sequebatur
761 908 840 938 erat
863 900 1111 950 impossibile,
1137 901 1286 949 scilicet,
1312 903 1418 950 quod

352 954 484 1002 aliquis
504 953 698 991 scientiam
726 955 883 991 haberet
911 954 1086 1000 alicuius,
1116 954 1221 1002 quod
1243 956 1263 976 '¹‘
1283 964 1418 1003 postea

351 1007 522 1054 nesciret,
543 1007 784 1044 manentibus
805 1007 1083 1044 conditionibus
1104 1020 1218 1056 supra
1236 1008 1366 1057 positis
1381 1010 1416 1046 *τ

351 1061 455 1110 quod
470 1068 598 1097 tamen
627 1061 794 1109 sequitur
817 1061 838 1082 *
857 1073 902 1097 ex
930 1061 1004 1097 hoc
1032 1061 1137 1109 quod
1162 1069 1217 1098 est
1244 1062 1417 1100 medium

351 1127 433 1151 esse
464 1121 684 1162 corruptum
703 1119 740 1160 13
762 1114 866 1162 quod
887 1121 923 1150 et
950 1114 981 1150 si
1009 1126 1088 1150 non
1115 1114 1161 1150 sit
1186 1127 1340 1163 verum,
1363 1125 1418 1153 est

351 1175 479 1204 tamen
509 1167 745 1215 contingens,
774 1175 816 1204 ut
844 1167 986 1204 dictum
1016 1175 1082 1204 est.
1191 1170 1206 1182 ¹

409 1233 466 1257 10.
497 1220 644 1257 Deinde
674 1233 762 1257 cum
779 1220 889 1257 ‘dicitz
916 1221 1011 1257 Cum
1031 1221 1179 1268 quidem
1199 1221 1315 1270 igitur
1335 1229 1416 1269 etc.,

350 1273 514 1311 ostendit
541 1273 644 1322 quod
672 1273 756 1310 licet
782 1285 852 1322 per
885 1273 1056 1311 medium
1087 1273 1306 1322 contingens
1339 1288 1418 1312 non

349 1326 469 1376 possit
496 1327 579 1364 sciri
603 1326 794 1364 conclusio
815 1326 1038 1373 necessaria,
1054 1334 1183 1363 tamen
1202 1335 1326 1376 potest
1345 1329 1417 1376 syl-

350 1379 503 1427 logizari
524 1380 715 1417 conclusio
732 1378 748 1407 ‘l‘
775 1379 987 1416 necessaria
1016 1391 1060 1416 ex
1089 1380 1216 1417 medio
1246 1393 1325 1418 non
1353 1394 1417 1418 ne-

350 1433 526 1470 cessario.
548 1433 646 1470 Dicit
666 1445 754 1480 ergo
775 1432 879 1480 quod
899 1432 990 1469 nihil
1009 1433 1196 1481 prohibet,
1218 1446 1305 1470 cum
1327 1446 1416 1471 con-

351 1486 468 1523 clusio
506 1486 716 1523 necessaria
749 1493 820 1531 est,
850 1485 1021 1523 medium
1050 1498 1129 1522 non
1161 1487 1417 1524 necessarium

351 1551 432 1576 esse
459 1551 528 1588 per
555 1539 658 1588 quod
684 1538 902 1585 ostenditur,
928 1539 1149 1586 syllogismo
1180 1546 1310 1577 tamen
1338 1541 1416 1577 dia-

349 1592 493 1639 lectico,
522 1605 600 1629 non
620 1591 935 1638 demonstrativo,
957 1591 1022 1640 qui
1041 1591 1127 1628 facit
1150 1592 1243 1629 scire
1253 1598 1292 1630 ⁴⁸.
1316 1594 1417 1630 Con-

348 1645 454 1693 tingit
473 1646 574 1682 enim
593 1644 848 1682 necessarium
877 1645 1087 1693 syllogizari
1117 1657 1161 1681 ex
1189 1658 1268 1683 non
1287 1658 1416 1684 neces-

349 1699 473 1744 sariiS,
509 1699 603 1736 sicut
636 1698 813 1746 contingit
846 1698 1056 1746 syllogizari
1088 1710 1225 1737 verum
1259 1711 1303 1736 ex
1338 1712 1417 1737 non

347 1752 448 1790 veris
458 1753 489 1789 *ε
501 1765 580 1790 non
590 1759 720 1789 tamen
729 1752 770 1773 ³¹³*
781 1751 960 1799 contingit
975 1764 995 1788 e
1007 1763 1212 1799 converso;
1228 1752 1316 1801 quia
1328 1765 1416 1790 cum

349 1806 520 1843 medium
549 1813 604 1843 est
631 1806 901 1842 necessarium
917 1813 954 1842 et
981 1806 1174 1842 conclusio
1205 1806 1417 1843 necessaria

349 1859 433 1907 erit,
463 1859 569 1896 sicuti
598 1871 642 1895 ex
669 1859 770 1896 veris
797 1858 1014 1908 praemissis
1048 1870 1200 1908 semper
1225 1859 1414 1896 concludi-

347 1919 408 1949 tur
438 1924 586 1949 verum.
624 1912 738 1958 Quod
772 1920 901 1949 autem
936 1924 979 1949 ex
1013 1912 1232 1949 necessariis
1265 1924 1417 1961 semper

350 1966 597 2003 concludatur
615 1966 891 2013 necessarium,
913 1965 965 2003 sic
980 1966 1000 1987 ’¹²
1014 1966 1168 2015 probat:
1189 1966 1245 2002 Sit
1261 1966 1360 2002 enim
1379 1966 1415 2002 A

348 2019 394 2055 de
420 2020 456 2056 B
482 2031 532 2056 ex
563 2020 776 2056 necessitate
802 2020 843 2066 *,
873 2019 968 2056 idest
1001 2019 1046 2055 sit
1078 2020 1173 2056 haec
1205 2018 1426 2067 propositio·

347 2072 570 2111 necessaria:
605 2073 723 2110 Omne
740 2075 776 2110 B
803 2078 857 2109 est
871 2073 927 2117 A;
955 2078 992 2109 et
1013 2073 1084 2109 hoc
1107 2073 1152 2117 de
1176 2073 1221 2119 C,
1251 2071 1347 2109 idest
1369 2071 1415 2108 sit

400 2237 430 2273 χ)
445 2237 525 2268 Quod
537 2241 577 2263 est
591 2237 706 2262 medium
721 2244 776 2262 esse
790 2240 945 2270 corruptum
959 2242 1006 2262 etc.
1021 2237 1100 2262 Plana
1113 2242 1138 2262 et
1151 2241 1238 2270 aperta
1252 2241 1292 2261 est
1305 2243 1327 2261 s-
1341 2235 1414 2260 'rho-

347 2281 406 2299 mae
425 2273 557 2298 sententia.
577 2272 603 2297 Si
618 2272 733 2297 medium
753 2277 792 2297 est
806 2272 966 2305 contingens,
985 2273 1103 2305 sequitur
1121 2271 1283 2305 impossibile
1302 2271 1415 2304 (scilicet

347 2309 418 2342 quod
431 2309 527 2341 aliquis
540 2308 677 2333 scientiam
691 2308 800 2333 haberet
814 2308 886 2340 etc.),
900 2308 961 2340 quia
974 2308 1089 2333 medium
1103 2313 1144 2333 est
1158 2312 1321 2340 corruptum,
1335 2307 1377 2331 vel
1392 2306 1414 2331 si

347 2352 401 2370 non
420 2349 460 2369 est
482 2351 574 2368 verum
597 2344 669 2376 quod
694 2343 727 2368 sit
750 2348 911 2376 corruptum,
937 2348 977 2368 est
999 2349 1096 2368 tamem
1119 2343 1283 2375 contingens,
1309 2347 1334 2367 et
1357 2342 1415 2367 idco

348 2379 480 2412 contingit
494 2379 578 2411 ipsum
593 2378 832 2410 corrumpi.—·PK.·
850 2379 921 2411 quod
934 2382 974 2404 est
987 2379 1103 2404 medium
1121 2378 1278 2412 contingens
1296 2383 1352 2409 etc.;
1368 2377 1415 2402 sed

348 2415 504 2448 contingens
518 2414 595 2439 ceteri
615 2414 717 2439 codices
731 2414 860 2439 omittunt.
873 2427 892 2434 -
904 2414 942 2439 H:
961 2421 1018 2439 esse
1036 2417 1192 2446 corruptum
1207 2414 1363 2446 positum.-
1375 2413 1414 2437 M:

349 2450 420 2484 quod
438 2449 543 2475 etiamsi
563 2456 615 2474 non
632 2449 668 2474 sit
682 2456 786 2478 uerum,·
802 2449 942 2474 BCHlKN:
955 2449 1027 2482 quod
1040 2450 1064 2474 si
1079 2455 1135 2479 etc.;
1156 2449 1179 2473 K
1195 2454 1221 2474 et
1239 2449 1321 2482 prima
1335 2456 1414 2473 manu

349 2487 388 2511 C:
413 2485 485 2518 quod
507 2484 531 2509 si
550 2492 601 2509 non
626 2484 661 2509 sit
684 2491 787 2514 verum,
812 2484 980 2518 manifestum
999 2488 1039 2509 est
1061 2487 1149 2509 tamen
1169 2490 1231 2515 etc.;
1250 2485 1288 2509 0:
1304 2484 1375 2517 quod
1392 2484 1416 2508 si

350 2529 402 2547 non
421 2521 458 2546 sit
476 2519 665 2550 necessarium,
680 2522 719 2544 est
737 2523 825 2544 tamen
840 2524 887 2544 etc.
908 2520 998 2544 Lectio
1018 2527 1069 2544 non
1090 2520 1259 2552 acceptanda,
1279 2519 1344 2544 sicut
1362 2527 1415 2544 non

350 2561 390 2582 est
407 2556 562 2589 acceptanda
580 2555 655 2580 lectio
673 2555 696 2579 K
715 2560 741 2579 et
758 2555 840 2587 prima
859 2562 936 2579 manu
955 2556 986 2580 S:
1005 2558 1044 2580 est
1062 2558 1150 2580 tamen
1170 2555 1366 2584 inconveniens,
1387 2557 1416 2579 ut

350 2592 450 2618 dictum
468 2594 516 2616 est.

422 2628 432 2660 )
455 2626 553 2651 Tamen
568 2628 659 2658 potest
676 2625 834 2658 syllogizari
852 2626 984 2650 conclusio
1002 2625 1180 2650 ete—Melior
1198 2630 1238 2650 est
1256 2625 1320 2650 haec
1338 2626 1415 2650 lectio

351 2663 425 2688 codd.
440 2662 490 2695 (Cf.
507 2660 607 2694 n.8).-
620 2661 652 2686 P:
671 2661 839 2686 concluditur
858 2664 946 2685 tamen
964 2661 1095 2685 conclusio
1116 2660 1278 2691 necessaria‚·
1298 2660 1333 2685 R:
1352 2660 1417 2686 sciri

351 2701 438 2723 tamen
455 2700 545 2729 potest
562 2696 694 2721 conclusio
714 2696 863 2721 necessaria
881 2696 1040 2729 syllogizari
1058 2703 1095 2720 ex
1113 2701 1162 2720 etc.
1177 2709 1197 2714 -
1212 2695 1276 2720 HO:
1291 2702 1344 2727 per
1363 2702 1416 2720 me-

352 2734 424 2759 dium
436 2740 487 2758 non
501 2731 705 2757 necessarium.—
714 2731 742 2756 ln
752 2731 808 2756 cod.
818 2731 849 2762 K,
865 2738 895 2755 ex
905 2738 1012 2755 recursu
1026 2738 1117 2756 eorum
1127 2731 1267 2755 verborum
1282 2731 1414 2756 conclusio

341 2768 506 2798 necessaria,
526 2767 679 2792 omittuntur
697 2774 764 2799 quae
783 2774 813 2791 ex
832 2766 888 2791 aliis
908 2767 982 2791 codd.
1001 2766 1135 2796 dedimus,
1154 2771 1241 2790 tamen
1259 2766 1414 2799 supplentur

350 2813 376 2829 m
395 2811 451 2828 mar
469 2811 519 2828 ine.

404 2811 504 2864 Deiigide
527 2837 629 2862 codices
651 2837 770 2862 ACLOT
790 2837 824 2862 ita
848 2841 1054 2870 prosequuntur:
1081 2836 1156 2862 Dicit
1178 2843 1244 2869 ergo
1259 2836 1331 2868 quod
1349 2836 1417 2861 nihil

345 2874 477 2908 prohibet,
492 2881 551 2899 cum
566 2872 607 2906 (C,
621 2873 702 2905 quod)
721 2872 853 2898 conclusio
867 2879 918 2897 non
936 2871 999 2904 (non
1014 2872 1166 2904 expungitur
1180 2872 1205 2896 in
1217 2871 1251 2904 T)
1268 2871 1416 2896 necessaria

350 2914 397 2938 est,
423 2909 538 2935 medium
563 2915 615 2933 non
634 2908 810 2933 necessarium
836 2914 900 2933 esse.
919 2907 993 2937 Quae
1012 2906 1086 2932 lectio
1111 2907 1259 2932 contradicit
1283 2907 1383 2932 lectioni
1402 2914 1417 2931 a

350 2946 425 2970 nobis
440 2946 582 2977 adoptatae,
596 2951 675 2976 quam
688 2943 783 2968 habent
792 2943 894 2969 codices
909 2941 1171 2972 BDEGHIKMNQS:
1186 2942 1259 2967 Dicit
1267 2949 1333 2975 ergo
1343 2941 1415 2974 quod

351 2981 416 3006 nihil
420 2980 551 3013 prohibet,
566 2986 625 3004 cum
640 2978 684 3010 (M,
699 2979 781 3011 quod)
799 2978 931 3005 conclusio
950 2977 1098 3004 necessaria
1112 2981 1159 3007 est,
1174 2977 1289 3002 medium
1305 2985 1356 3002 non
1372 2984 1415 3002 ne-

350 3016 494 3042 cessarium
512 3021 580 3045 esse;
600 3014 632 3039 P:
649 3014 723 3039 Dicit
736 3021 801 3047 ergo
815 3014 886 3046 quod
905 3013 971 3038 nihil
984 3013 1109 3045 prohibet
1121 3013 1313 3038 conclusionem
1328 3019 1415 3038 neces-

350 3051 451 3076 sariam
465 3057 520 3076 esse
528 3057 581 3082 per
595 3050 709 3076 medium
725 3057 777 3074 non
793 3049 978 3074 necessarium.
997 3049 1074 3081 Igitur
1094 3048 1171 3073 Pinna
1189 3053 1240 3073 stat
1252 3056 1311 3073 cum
1326 3048 1415 3073 maiori

350 3091 422 3119 parte
441 3086 515 3111 codd.
534 3086 621 3118 quoad
640 3085 792 3111 sententiam
811 3091 976 3117 expressam,
995 3089 1020 3108 et
1038 3084 1105 3108 addo
1124 3091 1184 3108 cum
1202 3084 1279 3108 Pinna
1298 3088 1324 3108 et
1346 3084 1415 3108 codi-

351 3122 423 3147 cibus
442 3126 510 3146 stare
527 3122 673 3146 veritatem:
692 3128 752 3145 nam
771 3120 895 3152 particula
913 3126 974 3149 non,
990 3127 1069 3152 quam
1088 3118 1182 3144 habent
1201 3119 1241 3143 alii
1255 3119 1356 3144 codices
1376 3123 1416 3143 est

351 3164 423 3182 error
436 3156 597 3187 manifestus,
611 3157 655 3189 qui
670 3156 771 3188 irrepsit
781 3163 811 3180 ex
820 3156 895 3180 solita
909 3155 1105 3180 amanuensium
1119 3155 1259 3179 oscitantia.
1274 3154 1414 3179 Probatum

351 3192 419 3217 enim
439 3197 478 3217 est
492 3199 569 3224 supra
587 3191 781 3217 conclusionem
801 3190 972 3215 necessariam
988 3197 1039 3214 non
1058 3197 1138 3222 posse
1155 3189 1228 3221 sciri,
1242 3197 1289 3214 seu
1308 3189 1415 3214 demon-

350 3227 441 3257 strari,
457 3227 504 3252 nisi
520 3234 549 3252 ex
568 3226 717 3260 praemissis
737 3226 901 3256 necessariis3
914 3233 982 3250 nunc
997 3225 1098 3250 additur
1116 3224 1310 3250 conclusionem
1329 3230 1415 3249 tamen

351 3262 525 3289 necessariam
540 3270 619 3295 posse
637 3261 722 3287 inferri
741 3269 771 3286 ex
790 3261 940 3294 praemissis
955 3260 1170 3293 contingentibus.
1183 3260 1257 3290 Quae
1275 3260 1341 3285 duae
1354 3267 1415 3284 con-

350 3298 479 3323 clusiones
496 3305 549 3322 non
568 3302 628 3323 sunt
645 3297 792 3331 oppositae:
808 3296 868 3329 quia
887 3296 955 3321 aliud
974 3301 1014 3321 est
1031 3295 1226 3321 conclusionem
1244 3295 1415 3321 necessariam

938 239 1321 277 POSTERIORUM
1348 239 1778 278 ANALYTICORUM
1806 242 1899 277 LIB.
1932 242 1945 277 I

1472 319 1566 355 haec
1594 320 1615 340 *
1643 319 1756 356 etiam
1784 319 2012 357 necessaria:
2048 320 2166 357 Omne
2199 321 2233 357 C
2253 326 2307 358 est
2328 323 2382 366 B,·
2412 334 2456 359 ex
2484 322 2542 359 his
2571 334 2580 345 “

2565 361 2701 397 propositio
2707 361 2786 382 etiam.

1471 379 1599 408 autem
1625 373 1644 393 ²¹⁴
1674 372 1823 409 duabus
1847 373 2067 410 necessariis
2096 373 2264 421 sequitur
2288 374 2395 411 tertia
2413 387 2542 412 neces-

1472 425 1587 471 saria,
1617 425 1756 462 scilicet
1789 426 1998 473 conclusio,
2030 427 2134 474 quod
2161 427 2196 474 ²⁸,
2226 439 2337 463 omne
2367 428 2400 464 C
2420 434 2474 464 est
2493 429 2541 465 Α.

1473 477 1681 517 Ostensum
1697 486 1752 515 est
1768 478 1869 515 enim
1884 479 1923 516 in
1938 479 2035 516 libro
2044 481 2222 516 Priorum
2237 481 2257 501 ³³
2271 480 2376 528 quod
2393 492 2438 517 ex
2452 481 2543 518 dua-

1472 531 1543 567 bus
1562 531 1885 580 propositionibus
1911 532 1958 569 de
1987 533 2207 570 necessitate
2223 535 2243 552 ⁴*
2258 533 2427 581 sequitur
2455 546 2543 570 con-

1473 584 1590 620 clusio
1615 585 1662 621 de
1682 585 1914 622 necessitate.
1931 607 1955 613 -
1977 585 2151 623 Ostendit
2171 586 2283 623 etiam
2309 599 2543 635 consequen-

1471 644 1528 673 ter
1555 637 1659 684 quod
1688 637 1719 674 si
1748 638 1940 674 conclusio
1969 651 2048 675 non
2090 647 2188 676 esset
2215 640 2443 687 necessaria,
2473 652 2544 676 nec

1472 690 1643 726 medium
1671 698 1801 739 posset
1829 703 1911 727 esse
1939 692 2207 729 necessarium.
2244 694 2413 729 Ponatur
2442 692 2543 729 enim

1472 743 1577 790 quod
1596 743 1691 780 haec
1712 743 1917 790 conclusio,
1952 744 2071 781 Omne
2095 746 2128 781 C
2153 751 2207 782 est
2231 746 2278 791 A,
2305 746 2350 782 sit
2378 759 2456 783 non
2477 758 2542 782 ne-

1473 795 1644 843 cessaria,
1673 796 1906 844 praemissae
1926 804 2053 833 autem
2078 797 2176 834 duae
2197 798 2269 835 sint
2287 799 2541 846 necessariae;

1472 849 1684 886 secundum
1712 849 1750 886 id
1779 849 1883 897 quod
1912 858 2202 898 praeostensum
2231 851 2251 872 *
2279 859 2354 898 est,
2375 852 2543 900 sequitur

1472 901 1583 949 quodv
1607 902 1799 938 conclusio
1835 902 1881 938 sit
1909 903 2142 950 necessaria,
2179 909 2267 940 cu'm
2295 912 2425 941 tamen
2453 917 2542 942 con-

1472 954 1627 991 trarium
1657 955 1702 991 sit
1729 954 1913 1003 positum,
1944 955 2083 992 scilicet
2111 956 2216 1004 quod
2245 957 2438 994 conclusio
2460 958 2480 979 *
2498 957 2544 994 sit

1472 1020 1551 1045 non
1579 1008 1791 1045 necessaria
1808 1010 1840 1045 κ’.
2459 1025 2463 1029 ·

1531 1074 1544 1097 1
1558 1074 1588 1098 1.
1619 1061 1766 1098 Deinde
1788 1073 1876 1098 cum
1897 1061 2000 1098 dicit:
2034 1062 2222 1103 Quoniam
2249 1062 2366 1112 igitur
2385 1071 2467 1110 etc.,
2489 1063 2543 1100 in-

1472 1115 1541 1151 fert
1552 1115 1837 1152 conclusionem
1853 1114 2107 1163 principaliter
2116 1121 2152 1136 αα
2167 1115 2349 1152 intentam
2362 1128 2407 1152 ex
2419 1116 2541 1153 omni-

1473 1168 1803 1216 bus‘praedictis,
1834 1168 1963 1205 dicens
1992 1168 2096 1216 quod
2125 1168 2214 1216 quia
2242 1175 2392 1217 oportet
2414 1181 2543 1206 neces-

1472 1221 1614 1258 sarium
1647 1233 1728 1258 esse
1758 1221 1915 1270 aliquid,
1950 1221 1979 1258 si
2015 1221 2337 1259 demonstratione
2353 1222 2542 1270 *sciatur,
2572 1236 2580 1242 ·

1472 1274 1714 1311 manifestum
1749 1282 1804 1311 est
1838 1287 1883 1311 ex
1914 1274 2132 1323 praemissis
2165 1275 2269 1322 quod
2303 1282 2452 1324 oportet
2480 1276 2544 1313 de-

1472 1328 1787 1364 monstrationem
1806 1328 1939 1364 haberi
1953 1329 1973 1348 ⁴*
1988 1340 2057 1376 per
2077 1328 2248 1365 medium
2268 1328 2541 1366 necessarium:

1472 1381 1639 1429 alioquin
1667 1381 1873 1418 nesciretur
1900 1381 2005 1429 quod
2035 1381 2227 1418 conclusio
2253 1381 2298 1418 sit
2318 1381 2542 1429 necessaria,

1472 1446 1596 1482 neque
1609 1440 1767 1483 propter
1786 1434 1885 1482 quid,
1907 1446 2031 1482 neque
2051 1435 2152 1483 quia,
2178 1447 2267 1471 curn
2286 1434 2543 1472 necessarium

1472 1499 1551 1524 non
1569 1487 1688 1535 possit
1707 1486 1792 1524 sciri
1810 1499 1879 1535 per
1898 1499 1978 1524 non
1996 1488 2265 1535 necessarium,
2285 1495 2327 1524 ut
2345 1495 2541 1525 ostensum

1473 1548 1538 1576 est.
1565 1540 1642 1577 Sed
1671 1539 1701 1576 si
1731 1540 1865 1589 aliquis
1881 1541 1900 1559 ⁴⁵
1916 1541 2055 1577 habeat
2074 1541 2259 1578 rationem
2282 1553 2352 1589 per
2370 1541 2542 1578 medium

1472 1605 1550 1630 non
1570 1592 1839 1640 necessarium,
1862 1592 2058 1641 dupliciter
2075 1601 2201 1642 potest
2222 1605 2304 1630 esse
2325 1593 2540 1642 dispositus.

1471 1648 1549 1683 Aut
1583 1646 1685 1683 enim
1722 1658 1810 1682 cum
1844 1645 1925 1694 ipse
1959 1645 2004 1682 sit
2038 1658 2117 1683 non
2151 1646 2291 1694 sciens,
2328 1646 2543 1695 opinabitur

1471 1707 1600 1736 tamen
1616 1711 1655 1736 se
1676 1699 1781 1746 scire,
1803 1699 1833 1735 si
1849 1700 1869 1719 ⁴*
1884 1699 2043 1748 accipiat
2060 1699 2099 1736 in
2118 1712 2186 1736 sua
2205 1699 2385 1748 opinione
2406 1700 2449 1722 ²¹²*
2463 1712 2544 1737 me-

1472 1752 1579 1790 dium
1599 1765 1678 1789 non
1697 1752 1965 1799 necessarium,
1982 1760 2165 1801 tanquam
2185 1752 2459 1799 necessarium;
2475 1759 2540 1790 aut

1473 1805 1586 1842 etiam
1604 1806 1717 1842 *non
1745 1805 1960 1854 opinabitur
1988 1818 2028 1843 se
2057 1806 2163 1853 scire,
2194 1806 2224 1842 si
2248 1805 2387 1843 scilicet
2415 1805 2543 1843 credat

1471 1871 1551 1896 non
1566 1859 1586 1880 *²
1606 1871 1646 1895 se
1661 1859 1803 1895 habere
1822 1859 1994 1896 medium
2009 1859 2278 1896 necessarium.
2295 1860 2350 1896 ›Et
2367 1860 2442 1896 hoc
2461 1858 2543 1896 uni-

1469 1911 1664 1949 versaliter
1692 1911 1976 1960 intelligendum
2005 1920 2072 1959 est,
2101 1921 2179 1949 tam
2200 1912 2248 1950 de
2267 1912 2422 1949 scientia
2440 1913 2541 1961 quia,

1470 1977 1546 2014 qua
1565 1965 1679 2002 scitur
1697 1965 1836 2014 aliquid
1864 1977 1934 2015 per
1961 1966 2139 2013 mediata,
2169 1978 2286 2014 quarn
2316 1965 2363 2003 de
2388 1965 2542 2003 scientia

1463 2024 1621 2066 propter
1647 2018 1753 2066 quid,
1783 2030 1859 2066 qua
1891 2018 2005 2055 scitur
2033 2018 2174 2067 aliquid
2206 2030 2276 2068 per
2307 2018 2539 2056 immediata.

1470 2071 1622 2109 Horum
1651 2078 1778 2108 autern
1809 2071 2019 2109 differentia
2046 2071 2234 2121 posterius
2259 2072 2280 2093 ⁴³
2309 2071 2539 2109 ostendetur.

1468 2235 1553 2260 inferri
1573 2236 1727 2269 syllogismo
1746 2237 1958 2267 demonstrativo,
1971 2237 2040 2261 aliud
2054 2237 2194 2269 ipsammet
2212 2236 2407 2262 conclusionem
2421 2237 2541 2262 concludi

1468 2271 1623 2304 syllogismo
1645 2272 1791 2296 dialectico:
1815 2273 1906 2297 eadem
1930 2272 2060 2305 siquidem
2084 2277 2125 2297 est
2143 2271 2168 2296 in
2192 2277 2303 2305 utroque
2321 2279 2383 2297 casu
2407 2272 2542 2298 conclusio

1469 2306 1632 2332 materialiter
1650 2312 1675 2332 et
1693 2307 1719 2332 in
1738 2315 1767 2332 se
1791 2308 1950 2338 necessaria;
1969 2308 2016 2332 sed
2035 2307 2178 2332 formaliter
2195 2312 2221 2332 et
2239 2307 2326 2340 quoad
2345 2315 2403 2338 nos,
2422 2314 2470 2340 per
2487 2308 2540 2341 syl-

1469 2342 1609 2374 logismum
1634 2342 1866 2368 demonstrativum
1886 2348 1926 2368 est
1944 2343 2089 2368 necessaria
2113 2342 2140 2367 in
2158 2350 2188 2368 se
2206 2347 2232 2367 et
2249 2347 2279 2367 ut
2297 2342 2442 2368 necessaria
2460 2350 2475 2367 a
2494 2350 2541 2368 no-

1469 2377 1509 2402 bis
1523 2378 1615 2409 scitur;
1635 2378 1682 2402 sed
1701 2386 1748 2411 per
1760 2378 1943 2411 syllogismum
1963 2378 2123 2408 dialecticum
2139 2378 2272 2403 conclusio
2293 2378 2319 2403 in
2337 2385 2366 2403 se
2387 2378 2540 2409 necessaria,

1469 2420 1522 2437 non
1536 2418 1576 2441 est
1590 2421 1604 2438 a
1624 2413 1699 2438 nobis
1714 2413 1776 2438 scita
1788 2419 1816 2439 ut
1831 2414 2006 2439 demonstrata
2025 2419 2050 2439 et
2068 2418 2096 2438 ut
2114 2413 2258 2439 necessaria
2277 2413 2328 2446 (Cf.
2343 2421 2369 2438 n.
2384 2413 2462 2447 seq.).
2483 2413 2540 2439 Sint

1469 2448 1522 2473 duo
1545 2450 1677 2482 exempla,
1701 2457 1815 2481 quorum
1834 2449 1948 2482 primum
1971 2454 2011 2474 est
2029 2449 2223 2474 demonstrativi
2245 2449 2406 2482 syllogismi,
2430 2449 2540 2474 alterum

1469 2484 1614 2516 syllogismi
1630 2484 1762 2515 dialectici,
1782 2485 1915 2509 conclusio
1929 2485 2106 2510 eadem.-1¹¹²
2129 2484 2213 2510 Omne
2231 2485 2333 2510 animal
2351 2483 2483 2510 rationale
2500 2487 2542 2510 est

1469 2519 1582 2547 risibile,·
1597 2520 1682 2545 omnis
1700 2520 1779 2545 homo
1797 2523 1837 2545 est
1854 2520 1956 2545 animal
1974 2520 2120 2550 rationale5
2139 2520 2224 2545 omnis
2242 2520 2321 2545 homo
2339 2523 2378 2546 est
2396 2518 2541 2546 risibilis.—

1471 2558 1510 2579 2¹¹²
1529 2554 1612 2580 Omne
1630 2555 1718 2580 album
1737 2558 1778 2580 est
1796 2555 1907 2584 risibile;
1931 2555 2017 2580 omnis
2035 2555 2113 2581 homo
2137 2558 2177 2580 est
2195 2555 2284 2584 albus5
2303 2555 2389 2580 omnis
2407 2555 2486 2582 homo
2499 2559 2541 2582 est

1469 2589 1585 2615 risibilis.
1609 2590 1771 2616 Praemissae
1794 2590 1870 2615 huius
1896 2591 2001 2615 secundi
2027 2590 2172 2624 syllogismi
2195 2595 2256 2615 sunt
2279 2590 2375 2621 falsae;
2403 2595 2429 2616 et
2452 2595 2540 2617 tamen

1469 2625 1631 2650 concluditur
1650 2633 1756 2651 verum:
1776 2631 1837 2651 sunt
1855 2626 2032 2658 contingentes
2052 2631 2077 2651 et
2095 2631 2181 2651 tamen
2199 2625 2360 2650 concluditur
2378 2625 2404 2650 id
2423 2626 2494 2659 quod
2512 2626 2539 2652 in

1469 2668 1498 2685 se
1517 2665 1557 2685 est
1571 2661 1753 2691 necessarium,
1773 2669 1867 2693 nempe
1881 2661 1943 2686 illud
1963 2661 2057 2693 ipsum,
2076 2661 2147 2693 quod
2165 2666 2195 2686 ut
2213 2661 2388 2686 necessarium
2403 2666 2429 2686 et
2443 2660 2537 2687 scitum

1469 2695 1621 2724 conclusum
1647 2701 1687 2721 est
1710 2696 1736 2721 in
1755 2696 1834 2728 priori
1859 2696 2127 2729 syllogismo-Hinc
2150 2695 2282 2728 signanter
2299 2703 2322 2721 s.
2336 2695 2454 2722 Thomas
2479 2696 2540 2722 dicit

1470 2730 1542 2762 quod
1560 2730 1621 2755 nihil
1642 2731 1768 2764 prohibet,
1793 2739 1854 2756 cum
1872 2731 2004 2756 conclusio
2023 2731 2168 2756 necessaria
2186 2735 2241 2762 est,
2266 2731 2382 2758 medium
2408 2739 2461 2756 non
2479 2739 2539 2757 esse

1469 2765 1659 2797 necessarium,
1684 2773 1730 2798 per
1754 2766 1826 2799 quod
1851 2767 1966 2791 medium
1983 2766 2127 2791 ostenditur
2151 2767 2283 2791 conclusio
2305 2767 2461 2799 syllogismo
2485 2766 2538 2792 din-

1470 2801 1567 2832 lectico,
1587 2808 1639 2826 non
1658 2803 1746 2827 tamen
1766 2801 1976 2827 demonstrativo
1990 2802 2036 2834 qui
2047 2801 2119 2836 facit
2136 2802 2212 2827 scire.
2226 2801 2277 2827 Sed
2296 2801 2410 2835 insuper,
2425 2809 2477 2828 non
2496 2805 2539 2828 ta-

1469 2843 1528 2861 men
1547 2835 1679 2869 contingit
1696 2843 1711 2861 e
1729 2843 1869 2867 conuerso,
1890 2844 1988 2869 nempe>
2001 2844 2054 2862 non
2072 2842 2158 2862 tamen
2173 2837 2267 2862 falsum
2286 2842 2372 2869 potest
2391 2837 2538 2870 syllogizari

1469 2878 1499 2896 ex
1513 2871 1581 2896 veris
1601 2871 1759 2904 praemissis,
1773 2879 1858 2904 neque
1871 2879 1902 2896 ex
1916 2872 2068 2897 necessariis
2087 2872 2237 2905 praemissis
2252 2872 2370 2897 concludi
2385 2877 2472 2906 potest
2484 2880 2538 2898 non

1469 2906 1613 2931 necessaria
1631 2906 1770 2932 conclusio.
1790 2907 1868 2937 Quod
1887 2907 1913 2932 in
1932 2907 2101 2940 sequentibus
2120 2908 2256 2941 perspicue
2275 2908 2406 2940 probatur.

1521 2941 1553 2974 ω)
1573 2941 1625 2967 Per
1646 2942 1718 2974 quod
1736 2942 1885 2967 ostenditur
1903 2947 1951 2967 etc.
1970 2943 2052 2967 Codd.
2071 2943 2368 2968 ABCDGHKMNRST:
2388 2949 2441 2976 per
2464 2942 2537 2976 quod

1469 2977 1618 3002 ostenditur
1636 2977 1673 3008 <M
1691 2985 1744 3002 om.
1762 2978 1923 3010 ostenditur)
1928 2986 1938 3007 ,·
1956 2977 2041 3003 ELO:
2058 2985 2111 3010 per
2128 2978 2200 3010 quod
2217 2978 2266 3004 hoc
2290 2978 2441 3004 ostenditur
2459 2983 2538 3004 etc.-

1468 3012 1603 3037 Praeterea
1621 3012 1697 3038 codd.
1720 3012 2039 3043 ABDEGHKLOQRST:
2063 3013 2213 3039 ostenditur
2230 3013 2387 3047 vllogismo
2405 3014 2536 3039 etta-AB

1469 3047 1768 3077 DEGKLMNOQRST:
1780 3048 1938 3081 syllogismo
1952 3051 2039 3074 tamen
2059 3048 2104 3081 (H,
2117 3049 2233 3082 tantum)
2253 3049 2468 3074 dialectica-P:
2483 3055 2536 3081 per

1468 3082 1518 3108 hoc
1535 3083 1606 3115 quod
1623 3083 1773 3108 ostenditur
1790 3083 1981 3116 syllogizatum
2003 3084 2160 3117 syllogismo
2185 3083 2331 3113 dialectico,
2356 3091 2408 3110 non
2427 3083 2536 3111 demon-

1467 3118 1595 3148 stratiiso,
1621 3117 1666 3150 qui
1684 3118 1756 3152 jacit
1773 3118 1850 3144 scire.
1869 3119 1934 3143 Huic
1952 3118 2054 3144 lectioni
2073 3119 2224 3144 suffecimus
2242 3119 2314 3144 illam
2338 3127 2407 3152 quse
2428 3119 2503 3145 dnm
2519 3127 2536 3145 ι

1468 3153 1552 3184 codd.,
1571 3158 1597 3178 et
1615 3160 1683 3186 quae
1700 3153 1836 3186 perspicua
1854 3159 1902 3178 est.

1522 3188 1568 3221 αα)
1585 3188 1669 3222 Infert
1690 3189 1881 3214 conclusionem
1891 3189 2079 3221 principaliter
2092 3194 2141 3215 etc.
2159 3190 2230 3215 Haec
2244 3189 2324 3215 verba
2341 3189 2534 3216 conclusionem

1467 3231 1553 3257 usque
1562 3224 1594 3248 sd
1605 3223 1773 3258 manifestum
1783 3227 1831 3253 est,
1842 3224 1977 3255 inclusive,
1987 3225 2106 3250 addimus
2116 3232 2147 3250 ex
2156 3225 2279 3250 omnibus
2289 3225 2384 3250 nostris
2395 3223 2533 3255 codicibu,

1468 3264 1494 3284 et
1507 3259 1652 3284 necessaria
1665 3264 1726 3284 sunt
1744 3259 1776 3284 ad
1789 3259 1968 3291 integrandum
1986 3265 2012 3285 et
2025 3260 2204 3293 explicandum
2223 3267 2331 3285 sensum
2349 3258 2534 3286 00me

1468 3303 1490 3320 s.
1500 3294 1764 3320 'rhomae-Desunt
1776 3295 1802 3320 in
1817 3295 1902 3321 Pinna.
1917 3295 2032 3322 Venetae
2051 3295 2176 3321 editiones
2190 3295 2346 3321 concordant
2359 3302 2420 3320 cum
2433 3293 2508 3320 codd.

2606 340 2683 355 naono
2691 342 2695 355 :
2727 335 2786 356 haec

2583 386 2786 409 Codd.-rzenim...

2570 412 2686 435 duobus...
2693 414 2785 434 tertium

2571 440 2739 461 necessarium.

2571 466 2783 491 'Asnsxcoqrrscit

2571 492 2659 518 concl.,
2696 492 2788 514 scilicet

2570 517 2640 555 quod.

2592 544 2643 566 Lib.
2652 545 2670 572 1,
2679 551 2730 572 cap.
2738 551 2784 571 vm,

2572 576 2596 591 se
2616 587 2621 592 .

2573 598 2581 606 '¹
2593 577 2660 618 gans:
2672 597 2701 618 de
2709 603 2786 618 neces-

2572 623 2640 646 sario
2648 630 2657 648 ,·
2666 629 2694 644 o:
2705 623 2735 644 de
2748 630 2786 645 ne·-

2572 655 2651 671 cesse:
2666 653 2687 671 et
2701 649 2733 671 ita
2742 650 2783 671 inf.

2572 871 2579 879 ³
2591 870 2717 892 Codd.-P:
2735 871 2787 898 pri-

2570 903 2607 918 mo
2614 898 2733 918 ostensum
2739 900 2786 924 ests·

2569 930 2595 944 a:
2610 923 2674 950 quod
2679 924 2784 951 positum

2568 951 2666 998 fsgodd.
2689 974 2747 1008 lexe.
2762 978 2784 1003 o)

2569 1002 2781 1051 ῗῗὸὲἓῗῗῆῗὲἑίὶμ

2570 1060 2616 1102 ῗιᾳᾶι
2631 1055 2664 1077 sit
2678 1061 2786 1077 necessa·

2661 1135 2695 1152 αα

2572 1182 2580 1190 ·
2589 1187 2620 1203 n:
2641 1187 2671 1203 ex
2681 1182 2785 1210 praedi-

2571 1207 2623 1229 ctis.

2571 1240 2770 1284 affle‘ssffi'e?

2570 1341 2578 1349 ·
2592 1346 2606 1360 o
2614 1347 2619 1361 t
2634 1346 2695 1362 esse.

2570 1560 2579 1567 ‘
2586 1556 2712 1579 Codd.-n:
2721 1557 2785 1585 quis.

2569 1715 2581 1727 '
2590 1721 2620 1737 n:
2636 1715 2727 1737 scilicet
2739 1716 2769 1737 ei.

2570 1743 2590 1752 ¹·
2599 1741 2689 1764 Codd.·
2697 1748 2722 1764 r:
2731 1742 2784 1770 opi-

2570 1768 2675 1790 natione.

2570 1827 2579 1836 '
2588 1830 2646 1847 m:
2661 1827 2705 1847 aut
2717 1830 2772 1846 non.

2570 1878 2579 1887 ⁴
2595 1877 2671 1899 Codd.
2682 1878 2737 1902 [exc.
2749 1878 2768 1903 c)
2778 1884 2785 1898 τ

2569 1909 2616 1926 non
2630 1903 2720 1926 eredat.

2569 2091 2577 2099 '
2587 2088 2652 2111 Lect.
2661 2094 2723 2116 xxm,
2734 2095 2786 2117 seq.
