2788 4204
113 915 122 925 “
131 913 206 935 Simu!
214 919 241 934 ex
254 912 321 934 codd.

112 1017 320 1044 ‘Gedd.‚exe.ao.-

111 1049 138 1064 ιη
168 1045 239 1065 osset.

110 1070 130 1082 *⁸
157 1069 319 1095 uaeexcodd.,

109 1101 158 1117 exc.
172 1102 198 1117 κ.

110 1178 118 1186 ·
133 1178 206 1200 Codd.
215 1189 225 1194 -
233 1184 246 1199 ι»
253 1185 258 1198 :
265 1183 318 1205 per.

107 1444 116 1453 ·
130 1442 168 1464 Ex
176 1449 188 1464 e
198 1442 266 1463 codd.
275 1448 316 1463 Aac

106 1474 229 1491 ormunor.

105 1553 116 1564 ⁶
127 1552 197 1574 Num.
208 1558 232 1573 ιι.

106 1606 115 1614 ·
122 1604 159 1626 Er
168 1611 180 1625 e
190 1604 258 1626 codd.
272 1608 315 1624 Aeo

106 1637 193 1653 rtunor
201 1634 223 1652 ct
231 1636 282 1651 s.m.
291 1636 314 1650 κ.

105 1658 116 1669 “
126 1663 224 1689 ,Λεῦκος
233 1665 238 1678 :
265 1656 315 1684 ple-

105 1690 166 1706 ntus.

103 1874 114 1885 ⁸
128 1879 135 1894 ι
150 1879 235 1895 errem:
247 1873 316 1900 prin—

105 1900 195 1928 cipiunt.

357 250 432 285 402

357 330 396 354 se
427 317 480 364 ei,
511 324 547 353 et
574 323 705 364 postea
734 316 845 361 alter,
877 325 1075 363 quousque
1105 320 1159 348 tot
1188 322 1417 368 congregen-

356 378 415 406 tur
452 369 556 418 quod
584 369 719 406 faciant
754 368 979 417 principium
1013 377 1174 414 pugnae.
1211 364 1415 422 Sic-etiam

357 435 402 459 ex
430 435 543 459 sensu
564 430 599 459 et
618 422 803 459 memoria
822 421 933 457 unius
951 419 1200 468 particularis,
1223 425 1259 453 et
1279 424 1415 453 lterum

356 475 506 512 alterius
535 483 571 512 et
598 475 767 520 alterius,
798 473 1027 522 quandoque
1056 470 1276 519 pervenitur
1299 469 1348 506 ad
1377 469 1415 528 id

356 528 460 577 quod
495 536 549 565 est
585 528 808 576 principium
848 526 934 562 artis
972 534 1008 561 et
1045 524 1242 569 scientiae,
1283 531 1323 559 ut
1361 522 1414 559 di-

357 589 459 618 ctum
488 589 553 618 est.

413 646 469 671 12.
497 636 629 670 Posset
656 640 783 669 autem
808 631 939 680 aliquis
969 630 1122 667 credere
1142 636 1157 650 τ
1178 630 1280 678 quod
1309 629 1413 665 solus

354 700 496 734 sensus,
517 688 576 723 vel
597 685 782 723 memoria
802 684 1046 732 singularium
1075 683 1238 720 sufficiat
1256 682 1305 718 ad
1325 694 1411 718 cau-

353 741 514 777 sandum
530 746 542 760 ⁰
561 738 827 786 intelligibilem
850 737 1103 785 cognitionem
1122 735 1409 784 principiorum,

352 793 445 830 sicut
471 800 677 841 posuerunt
696 791 851 840 quidam
880 790 1033 839 antiqui,
1055 802 1133 826 non
1156 789 1411 826 discernentes

350 846 445 882 inter
472 858 624 882 sensum
655 851 689 881 et
716 845 961 889 intellectum;
992 852 1028 880 et
1055 843 1142 880 ideo
1168 843 1215 880 ad
1244 843 1318 878 hoc
1348 854 1412 878 ex-

350 899 579 935 cludendum
600 898 853 946 Philosophus
873 897 999 934 subdit
1036 896 1140 945 quod
1160 897 1272 933 simul
1284 897 1304 916 Ψ
1321 907 1409 932 cum

349 964 460 988 sensu
488 958 634 1000 oportet
661 963 971 999 praesupponere
992 951 1105 987 talem
1135 957 1310 986 naturam
1331 948 1408 985 ani-

348 1017 445 1051 mae,
467 1017 563 1053 quae
572 1005 691 1052 possit
702 1005 721 1025 '¹‘
730 1005 814 1053 pati
834 1005 915 1049 hoc,
936 1004 1032 1040 idest
1048 1016 1146 1051 quae
1162 1003 1206 1024 *²*
1221 1003 1267 1040 sit
1282 1015 1407 1040 susce-

347 1058 449 1106 ptiva
473 1057 693 1105 cognitionis
713 1057 952 1104 universalis,
974 1057 1078 1106 quod
1098 1056 1254 1105 quidem
1279 1057 1322 1093 fit
1340 1069 1409 1105 per

346 1111 572 1147 intellectum
587 1111 823 1159 possibilem;
846 1118 882 1147 et
897 1111 1032 1147 iterum
1049 1122 1147 1158 quae
1161 1111 1282 1159 possit
1295 1123 1407 1158 agere

345 1165 418 1200 hoc
436 1165 647 1202 secundum
664 1165 682 1184 '³‘
702 1164 932 1201 intellectum
951 1170 1139 1211 agentem,
1161 1164 1226 1213 qui
1247 1165 1333 1201 facit
1353 1164 1406 1201 in-

344 1217 543 1265 telligibilia
563 1218 600 1254 in
620 1226 704 1254 actu
724 1230 792 1266 per
811 1217 1103 1255 abstractionem
1132 1218 1406 1255 universalium

345 1284 366 1308 a
395 1270 654 1319 singularibus.

403 1325 458 1361 13.
472 1325 620 1362 Deinde
632 1337 719 1361 cum
732 1324 835 1361 dicit:
853 1325 962 1367 Quod
970 1330 1095 1362 autem
1106 1325 1245 1362 dictum
1257 1331 1312 1362 est
1321 1333 1404 1371 ete„

343 1377 556 1415 manifestat
583 1378 688 1427 quod
716 1378 857 1416 dictum
887 1386 942 1415 est
971 1378 1007 1415 in
1032 1378 1275 1428 praecedenti
1304 1379 1405 1415 solu-

343 1431 456 1478 tione,
473 1439 657 1481 quantum
672 1431 721 1468 ad
737 1433 810 1469 hoc
838 1432 942 1480 quod
958 1444 1001 1469 ex
1019 1434 1038 1454 *
1055 1433 1316 1481 experimento
1332 1432 1406 1469 sin-

343 1485 527 1533 gularium
556 1485 734 1535 accipitur
752 1484 983 1531 universale;
1015 1494 1051 1523 et
1071 1487 1159 1524 dicit
1178 1486 1284 1536 quod
1313 1486 1406 1524 illud

343 1539 447 1587 quod
474 1551 587 1588 supra
607 1541 627 1561 *
655 1539 796 1577 dictum
818 1547 883 1585 est,
906 1547 941 1576 et
960 1553 1038 1577 non
1057 1541 1182 1589 plane,
1204 1540 1404 1589 quomodo

343 1592 480 1628 scilicet
500 1605 543 1629 ex
565 1594 584 1614 ’³³
605 1593 863 1642 experimento
892 1593 1139 1642 singularium
1159 1594 1226 1631 fiat
1252 1594 1405 1631 univer-

342 1646 418 1682 sale
446 1646 483 1682 in
503 1647 641 1693 anima,
662 1647 798 1684 iterum
819 1655 968 1696 oportet
988 1648 1130 1693 dicere,
1150 1655 1192 1685 ut
1211 1648 1362 1697 planius
1384 1649 1404 1670 ²²

342 1699 609 1737 manifestetur.
636 1700 676 1737 Si
705 1701 806 1738 enim
835 1701 1067 1750 accipiantur
1095 1703 1214 1739 multa
1242 1701 1404 1750 singula-

343 1753 415 1799 ria,
445 1766 541 1802 quae
570 1762 656 1792 sunt
683 1755 933 1793 indifferentia
970 1763 1156 1805 quantum
1185 1755 1236 1793 ad
1263 1756 1406 1805 aliquid

342 1819 461 1844 unum
482 1807 518 1844 in
539 1808 591 1845 eis
617 1808 789 1853 existens,
810 1809 902 1846 illud
920 1822 1042 1847 unum
1063 1809 1278 1846 secundum
1299 1810 1404 1859 quod

342 1873 420 1897 non
448 1861 636 1908 differunt,
656 1862 694 1899 in
723 1863 850 1900 anima
874 1871 1086 1912 acceptum,
1108 1871 1165 1900 est
1192 1863 1361 1912 primum
1384 1865 1404 1885 *

341 1915 564 1961 universale,
592 1916 775 1965 quidquid
803 1916 849 1953 sit
876 1917 984 1964 illud,
1015 1917 1096 1954 sive
1125 1917 1265 1954 scilicet
1292 1917 1405 1966 perti-

341 1976 428 2005 neat
455 1969 502 2006 ad
542 1970 762 2007 essentiam·
781 1970 1049 2019 singularium,
1080 1970 1160 2008 sive
1190 1983 1279 2008 non.
1303 1970 1405 2018 Quia

341 2022 442 2059 enim
467 2022 682 2061 invenimus
702 2025 900 2062 Socratem
920 2033 958 2062 et
976 2025 1177 2062 Platonem
1203 2033 1239 2062 et
1262 2026 1404 2063 multos

341 2076 433 2113 alios
463 2088 543 2114 esse
581 2077 836 2116 indifferentes
866 2086 1051 2128 quantum
1085 2079 1134 2117 ad
1163 2078 1402 2125 albedinem,

391 2205 417 2240 τ)
435 2206 523 2231 Posset
536 2209 624 2231 autem
639 2206 735 2238 aliquis
748 2206 857 2231 credere
867 2212 914 2231 etc.
923 2220 942 2225 -—
952 2206 1022 2231 Haec
1032 2211 1071 2230 est
1087 2206 1166 2231 altera
1180 2213 1241 2238 pars
1252 2205 1295 2238 (cf.
1306 2211 1358 2230 not.
1369 2206 1403 2239 ρ),

338 2244 363 2268 in
382 2250 434 2275 qua
452 2242 607 2266 enucleatius
630 2242 782 2266 Aristoteles
806 2242 909 2266 disserit
927 2243 959 2267 de
978 2241 1123 2275 cognitione
1146 2241 1290 2274 primorum
1309 2241 1403 2275 princi-

338 2279 439 2311 piorum
458 2277 483 2301 in
502 2277 584 2302 nobis.
600 2277 680 2301 Detur
699 2285 761 2309 ergo
778 2285 879 2307 sensus,
895 2283 919 2302 et
939 2285 997 2302 cum
1012 2285 1091 2302 sensu
1111 2277 1251 2308 memoria;
1267 2277 1403 2310 hucusque

338 2314 437 2338 nonnisi
457 2313 593 2345 singularia
610 2312 745 2342 habemus,
760 2321 828 2345 quae
846 2314 967 2346 principia
986 2321 1046 2338 esse
1065 2321 1117 2338 non
1136 2318 1261 2345 possunt,
1283 2313 1402 2345 quamvis

338 2349 518 2382 principiorum
543 2349 695 2373 universalia
714 2349 738 2373 in
758 2356 786 2373 se
810 2350 963 2374 contineant.
982 2349 1118 2378 Nonnulli,
1138 2357 1168 2373 ex
1187 2349 1237 2373 illis
1257 2349 1403 2374 Aristotelis

338 2384 432 2413 verbis,
448 2382 473 2408 αἱ
493 2382 583 2414 ἔξεις...
603 2381 747 2417 γίνονται...
768 2379 819 2409 ἀπὸ
835 2380 983 2416 αἰσθήσεως,
999 2385 1162 2409 occasionem
1178 2389 1347 2417 sumpserunt
1361 2391 1404 2409 ca-

339 2420 478 2444 lumniandi
497 2420 591 2452 ipsum,
611 2420 683 2452 quasi
703 2420 834 2445 deduxerit
849 2420 1040 2453 intelligentiam
1055 2428 1070 2445 a
1085 2428 1173 2450 sensu,
1187 2428 1216 2445 ac
1235 2420 1343 2452 proinde
1356 2420 1402 2444 do-

339 2456 419 2481 cuerit
433 2456 605 2480 sensationem
620 2455 645 2479 in
657 2455 809 2488 phantasma
822 2464 851 2480 ex
867 2464 896 2480 se
906 2457 1027 2486 converti,
1039 2455 1192 2488 phantasma
1203 2456 1228 2480 in
1239 2455 1401 2486 memoriam,

339 2491 490 2516 memoriam
506 2491 531 2515 in
550 2492 759 2523 experimentum,
777 2491 981 2524 experimentum
997 2491 1108 2524 denique
1127 2491 1152 2516 in
1171 2491 1324 2524 principium
1341 2491 1402 2516 artis

339 2532 365 2551 et
376 2526 509 2558 scientiae;
529 2526 583 2551 aliis
598 2526 691 2555 verbis,
705 2534 796 2551 omnes
811 2533 913 2552 nostras
933 2527 1092 2559 cognitiones
1108 2534 1198 2552 revera
1213 2535 1264 2552 non
1279 2535 1339 2552 esse
1353 2526 1402 2552 nisi

339 2563 497 2587 sensationes
513 2562 713 2591 transformatus,
728 2568 756 2587 ut
770 2563 901 2588 Condillac
921 2563 1007 2588 docuit
1025 2563 1051 2588 in
1070 2571 1119 2588 suo
1133 2563 1166 2588 de
1184 2562 1283 2596 origine
1301 2568 1402 2587 nostra-

338 2605 397 2622 rum
408 2598 529 2622 idearum
554 2603 702 2630 systemate.
728 2598 824 2623 Verum
843 2598 997 2623 Aristoteles
1021 2599 1055 2623 nil
1081 2598 1158 2623 habet
1183 2606 1324 2623 commune
1342 2606 1402 2623 cum

338 2633 459 2658 sensismi
478 2638 503 2658 et
521 2633 693 2658 materialismi
708 2634 814 2666 placitis.
833 2634 895 2659 Vult
909 2634 1014 2666 quidem
1028 2634 1053 2659 in
1068 2634 1142 2659 nobis
1157 2634 1328 2667 praeexistere
1343 2641 1403 2659 sen-

339 2668 439 2700 sitivam
459 2668 628 2701 cognitionem
652 2669 789 2701 cognitioni
814 2670 1010 2702 principiorum;
1036 2670 1083 2695 sed
1107 2670 1215 2694 ulterius
1235 2670 1347 2702 postulat
1366 2669 1403 2694 fa—

339 2704 459 2729 cultatem
478 2704 597 2729 sensibus
617 2705 784 2737 superiorem,
804 2713 898 2738 nempe
913 2705 1107 2735 intellectivam,
1126 2713 1194 2738 quae
1213 2705 1246 2730 sit
1260 2705 1401 2738 capaxyab-

339 2739 466 2764 strahendi
489 2740 641 2765 universalia
660 2748 674 2765 a
697 2741 862 2766 sensibilibus
887 2748 971 2774 eaque
997 2739 1169 2774 intelligendi,
1196 2746 1224 2765 ut
1248 2741 1298 2766 iam
1323 2748 1402 2774 supra

338 2780 391 2800 not.
406 2775 447 2800 cit.
466 2775 605 2800 innuimus.
624 2776 667 2800 Ait
690 2776 772 2801 enim:
794 2774 829 2801 H‘
855 2773 882 2800 δὲ
906 2774 975 2812 ψυχὴ
999 2773 1108 2812 ὑπάρχει
1134 2775 1242 2808 τοιαύτη
1267 2771 1333 2802 οὖσα
1358 2773 1402 2800 οἵα

338 2809 459 2836 δύνασθαι
478 2807 584 2845 πάσχειν
604 2813 689 2836 τοῦτο.
708 2812 835 2837 Antonius
862 2812 980 2838 Rosmini
998 2812 1158 2843 (Aristotele
1175 2815 1280 2844 esposto
1298 2812 1332 2837 ed
1345 2818 1402 2837 esa-

339 2846 455 2878 minato)
480 2846 551 2872 affert
569 2846 635 2871 hunc
654 2847 799 2872 Aristotelis
824 2848 912 2872 locum
936 2849 969 2873 ad
993 2848 1142 2873 refutandos
1166 2855 1234 2880 quos
1258 2847 1299 2872 hic
1325 2855 1403 2880 supra

339 2882 548 2913 memoravimus,
563 2887 639 2915 atque
658 2883 799 2908 concludit:
814 2884 875 2908 Non
895 2884 910 2909 ὲ
928 2884 1034 2916 dunque
1050 2885 1069 2909 il
1087 2884 1143 2909 solo
1161 2890 1246 2912 sen-w,
1259 2883 1306 2909 che
1320 2890 1403 2916 possa

331 2918 397 2950 sare
411 2920 479 2942 tutto
490 2917 531 2943 cib
545 2918 591 2943 che
605 2918 631 2943 in
639 2918 697 2951 fine
712 2919 770 2952 agli
786 2919 915 2944 Analitici
922 2920 1070 2952 posteriori
1088 2919 1214 2950 desc-rive,
1228 2926 1272 2944 ma
1289 2919 1309 2944 il
1326 2926 1403 2944 senso

339 2952 365 2977 in
380 2952 520 2978 un’anima
535 2953 689 2979 intellemva
700 2952 763 2987 (Op.
778 2955 827 2983 cit„
839 2955 881 2979 lib.
893 2955 910 2985 l,
924 2963 980 2988 cap.
988 2962 1021 2986 tx,
1032 2963 1058 2980 n.
1068 2963 1110 2988 92,
1121 2963 1179 2988 pag.
1191 2953 1260 2988 120).
1276 2954 1402 2984 Quamvis

338 2992 425 3012 autem
443 2989 571 3013 extensive
587 2990 699 3015 actiones
718 2990 887 3015 intellectivae
901 2997 993 3016 sensus
1008 2991 1166 3024 quandoque
1180 2990 1349 3023 appellentur,
1364 2990 1402 3015 ni-

339 3022 476 3048 hilominus
496 3023 526 3048 ab
542 3023 590 3049 hoc
604 3025 739 3055 vocabulo,
753 3033 785 3050 ne
800 3026 1003 3058 aequivocationi
1017 3034 1079 3052 ansa
1094 3026 1255 3059 praebeatur,
1271 3026 1401 3051 abstinen-

340 3058 401 3082 dum
417 3066 475 3083 esse
489 3060 514 3084 in
527 3060 652 3092 praesenti
665 3068 772 3091 cense03
791 3062 940 3093 praesertim
955 3063 1017 3094 quia
1031 3062 1057 3087 in
1066 3062 1153 3087 verbis
1166 3061 1312 3086 Aristotelis
1327 3069 1401 3094 prae-

339 3093 420 3118 citatis
439 3094 501 3119 illud
519 3095 673 3120 vocabulum
693 3104 744 3120 non
762 3097 879 3126 occurrit,
896 3105 980 3130 neque
998 3098 1053 3122 ullo
1073 3098 1152 3122 modo
1172 3097 1250 3122 verba
1268 3097 1317 3122 ista
1335 3097 1401 3122 refe-

339 3129 417 3154 renda
436 3134 495 3154 sunt
513 3131 544 3154 ad
563 3131 746 3162 praecedentia,
764 3127 815 3156 ἀπὸ
837 3127 986 3164 αἰσθήσεως,
1002 3133 1048 3158 sed
1064 3134 1096 3158 de
1113 3133 1234 3158 facultate
1247 3132 1402 3158 intellectiva

339 3165 444 3189 omnino
463 3165 563 3190 diversa
581 3174 596 3191 a
615 3174 693 3191 sensu
713 3172 772 3191 sunt
791 3168 952 3200 exponenda,
975 3169 1011 3194 uti
1029 3174 1193 3202 exponuntur
1212 3175 1226 3193 a
1245 3176 1267 3193 s.
1281 3167 1400 3194 Thoma:

341 3208 354 3222 α
369 3199 449 3224 Simul
469 3208 526 3225 cum
553 3209 631 3226 sensu
650 3202 735 3235 (quae
758 3205 797 3227 est
819 3203 933 3228 materia
951 3211 1047 3230 causae
1072 3203 1280 3236 universalium)
1298 3209 1402 3237 oportet

341 3244 354 3257 ι
370 3242 575 3268 praesupponere
589 3237 667 3262 talem
686 3243 802 3263 naturam
818 3239 925 3269 animae,
939 3247 1006 3272 quae
1019 3241 1101 3272 possit
1113 3241 1164 3273 pati
1179 3239 1237 3270 hoc,
1252 3239 1319 3265 idest
1333 3247 1401 3273 quae

341 3278 355 3292 »
370 3271 403 3294 sit
415 3272 558 3303 susceptiva
573 3273 722 3304 cognitionis
737 3274 888 3298 universalis
905 3274 950 3307 (cf.
965 3275 973 3299 l
988 3275 1084 3305 Per-ih„
1096 3276 1153 3300 lect.
1164 3283 1190 3305 n,
1201 3283 1226 3300 n.
1237 3273 1253 3299 6
1268 3280 1294 3301 et
1302 3281 1355 3301 not.
1365 3273 1400 3308 θ),

342 3314 355 3328 »
371 3306 440 3338 quod
459 3307 562 3339 quidem
578 3306 604 3332 fit
623 3315 668 3340 per
687 3308 843 3334 intellectum
862 3310 1013 3341 possibilem
1028 3311 1111 3343 (dicit
1125 3310 1299 3343 «possibilem
1312 3321 1335 3341 t,
1354 3311 1401 3344 qui

343 3350 355 3363 »
370 3345 409 3366 est
420 3342 540 3374 facultas
558 3343 732 3369 essentialiter
750 3344 916 3374 intellectiva,
935 3346 1084 3377 spiritualis
1101 3350 1129 3372 et
1144 3346 1259 3378 propria
1277 3346 1386 3372 animae
1392 3355 1401 3377 ,·

343 3386 355 3398 ι
372 3383 422 3401 ηοη
442 3377 506 3402 dicit
525 3386 539 3401 α
553 3378 710 3404 intellectum
727 3380 863 3411 passivum
877 3390 899 3409 »‚
919 3388 970 3413 quo
989 3382 1095 3407 nomine
1113 3382 1292 3415 designantur
1305 3382 1400 3416 imagi-

343 3421 355 3432 »
372 3412 462 3436 nativa
480 3415 506 3437 et
523 3413 698 3443 aestimativa,
714 3418 740 3439 et
754 3415 799 3447 qui
815 3415 874 3440 ideo
887 3419 925 3441 est
934 3416 1054 3450 facultas
1067 3418 1202 3446 sensitiva,
1212 3417 1327 3450 propria
1341 3417 1400 3443 ani—

344 3456 356 3468 ι
372 3447 458 3476 malis,
479 3455 530 3473 non
549 3449 655 3474 animae
673 3449 853 3475 intellectivae.
868 3465 887 3470 -
902 3451 940 3476 Cf.
962 3452 970 3476 l
990 3452 1091 3481 Periti..
1112 3453 1159 3478 loc.
1175 3453 1242 3485 cit.);
1262 3458 1287 3478 et
1306 3454 1400 3478 itemm

344 3491 356 3503 ι
372 3482 441 3513 quod
460 3484 540 3514 possit
559 3491 634 3516 agere
652 3484 701 3509 hoc
720 3486 862 3510 secundum
881 3487 1037 3512 intellectum
1052 3493 1179 3520 agentem,
1194 3489 1238 3521 qui
1253 3488 1312 3514 facit
1326 3488 1400 3514 intel-

344 3525 356 3538 »
372 3517 473 3548 ligibilia
486 3518 511 3542 in
531 3523 588 3543 actu
602 3527 648 3552 per
666 3519 862 3549 abstractionem
876 3522 1059 3548 universalium
1074 3531 1088 3548 a
1100 3523 1306 3557 singularibus.»
1323 3524 1400 3549 Intel-

342 3551 422 3576 lectus
441 3560 502 3583 ergo
521 3554 593 3578 solus
613 3555 701 3587 accipit
714 3556 872 3585 universale;
892 3562 916 3582 ct
935 3558 992 3589 ideo
1012 3559 1084 3585 solus
1099 3559 1244 3584 intellectus
1263 3564 1303 3584 est
1322 3567 1400 3586 causa

342 3593 402 3610 vere
421 3586 531 3612 efficiens
550 3589 731 3615 universalium
750 3598 779 3615 ex
798 3591 978 3623 singularibus.

930 232 1312 272 POSTERIORUM
1340 231 1770 268 ANALYTICORUM
1800 231 1893 267 LIB.
1926 232 1957 267 11

1473 308 1682 357 accipimus
1710 309 1784 345 hoc
1814 320 1949 354 unum,
1971 307 2112 344 scilicet
2140 308 2283 356 album,
2301 309 2409 358 quasi
2427 311 2447 332 ’Β
2462 310 2544 347 uni-

1473 362 1619 398 versale
1649 361 1754 409 quod
1784 369 1838 397 est
1859 361 2047 397 accidens.
2070 361 2119 397 Et
2140 360 2310 399 similiter
2329 362 2418 411 quia
2436 363 2544 401 inve-

1473 414 1599 451 nimus
1615 415 1814 451 Socratem
1830 422 1866 450 et
1882 414 2081 450 Platonem
2099 421 2135 450 et
2149 414 2243 452 alios
2255 416 2275 436 ²¹²
2292 428 2375 453 esse
2394 416 2542 454 indiffe-

1472 475 1596 504 rentes
1634 475 1819 516 quantum
1854 467 1903 504 ad
1932 467 2223 505 rationalitatem
2249 470 2287 516 ⁹³²,
2316 470 2392 506 hoc
2419 482 2542 507 unum

1470 521 1507 556 in
1537 533 1614 569 quo
1639 533 1718 556 non
1739 520 1930 567 differunt,
1953 521 2093 558 scilicet
2117 522 2311 570 rationale,
2332 522 2542 572 accipimus

1470 573 1576 622 quasi
1605 574 1820 610 universale
1850 574 1955 622 quod
1985 582 2041 611 est
2069 574 2293 613 differentia.

1529 639 1585 673 14.
1605 627 1776 673 Qualiter
1790 635 1918 663 autem
1935 628 2010 664 hoc
2024 640 2147 665 unum
2177 629 2297 678 accipi
2311 629 2443 678 possit,
2460 642 2540 666 ma-

1468 680 1617 716 nifestat
1636 688 1924 729 consequenter.
1951 681 2200 719 Manifestum
2221 691 2277 720 est
2302 683 2405 720 enim
2435 683 2541 732 quod

1467 733 1656 781 singulare
1672 734 1830 770 sentitur
1838 735 1998 782 proprie
2018 743 2054 772 ct
2062 736 2136 783 per
2154 747 2204 782 se,
2221 736 2290 773 sed
2310 744 2440 773 tamen
2455 749 2540 773 sen-

1467 799 1530 823 sus
1551 795 1607 823 est
1636 787 1930 836 quodammodo
1952 788 2066 825 etiam
2088 790 2107 811 *
2127 789 2246 837 ipsius
2270 789 2496 827 universalis
2510 795 2538 828 P.

1467 840 1674 888 Cognoscit
1703 841 1805 877 enim
1836 841 1997 878 Calliam
2023 854 2102 879 non
2132 843 2257 879 solum
2287 843 2325 880 in
2352 851 2539 892 quantum

1466 901 1521 930 est
1542 893 1695 940 Callias,
1718 895 1786 932 sed
1806 894 1920 931 etiam
1942 896 1962 916 ’¹‘
1982 894 2020 932 in
2041 903 2228 944 quantum
2249 903 2304 933 est
2323 896 2385 933 hic
2404 897 2538 945 homo,

1465 955 1502 983 et
1521 947 1691 984 similiter
1706 948 1906 985 Socratem
1922 948 1961 985 in
1981 957 2168 998 quantum
2184 957 2240 986 est
2258 950 2321 987 hic
2335 951 2468 988 homo.
2491 951 2540 988 Et

1465 1000 1601 1038 exinde
1618 1002 1637 1022 '¹‘
1653 1009 1710 1038 est
1724 1002 1829 1050 quod
1844 1002 1906 1038 tali
1927 1003 2148 1051 acceptione
2163 1015 2298 1040 sensus
2310 1004 2354 1025 ²⁸*
2367 1004 2539 1053 praeexi—

1465 1062 1597 1102 stente,
1615 1054 1744 1092 anima
1763 1055 1991 1092 intellectiva
2005 1065 2132 1105 potest
2151 1058 2395 1095 considerare
2414 1058 2538 1096 homi-

1464 1121 1552 1146 nem
1574 1109 1612 1145 in
1631 1116 1795 1158 utroque
1814 1110 1844 1146 ²³².
1863 1109 1903 1146 Si
1923 1117 2053 1147 autem
2073 1110 2123 1148 ita
2144 1119 2244 1148 esset
2271 1112 2377 1161 quod
2402 1124 2537 1150 sensus

1463 1162 1769 1211 apprehenderet
1782 1163 1908 1200 solum
1935 1163 1972 1200 id
1997 1165 2103 1212 quod
2123 1172 2179 1202 est
2191 1165 2492 1214 particularitatis
2506 1171 2536 1214 χ,

1463 1224 1500 1253 et
1527 1216 1634 1254 nullo
1664 1215 1784 1253 modo
1820 1229 1908 1253 cum
1938 1218 2013 1254 hoc
2050 1219 2358 1267 apprehenderet
2383 1220 2537 1259 univer·

1462 1271 1582 1308 salem
1619 1278 1795 1308 naturam
1834 1270 1872 1307 in
1905 1270 2142 1320 particulari,
2174 1285 2251 1310 non
2290 1281 2390 1311 esset
2415 1274 2537 1323 possi-

1462 1323 1535 1361 bile
1564 1325 1670 1373 quod
1697 1337 1742 1361 ex
1771 1325 2076 1373 apprehensione
2097 1338 2231 1363 sensus
2261 1335 2481 1365 causaretur
2498 1328 2538 1366 in

1462 1377 1573 1415 nobis
1591 1377 1755 1426 cognitio
1776 1378 2013 1417 universalis.
2036 1381 2084 1417 Et
2103 1381 2178 1417 hoc
2198 1380 2302 1418 idern
2323 1381 2539 1421 manifestat

1462 1439 1742 1481 consequenter
1770 1432 1809 1468 in
1837 1444 2022 1481 processu
2051 1434 2115 1483 qui
2145 1442 2201 1471 est
2220 1446 2242 1470 a
2262 1436 2463 1483 speciebus
2487 1435 2537 1474 ad

1460 1497 1592 1533 genus.
1633 1486 1745 1524 Unde
1771 1486 1791 1506 ²¹*
1820 1486 1948 1523 subdit
1980 1488 2086 1536 quod
2114 1487 2251 1524 iterum
2281 1489 2319 1525 in
2347 1489 2427 1536 his,
2466 1490 2536 1527 sci-

1460 1539 1547 1576 licet
1573 1538 1613 1578 in
1640 1539 1799 1577 homine
1830 1547 1867 1577 et
1895 1552 2018 1590 equo,
2048 1540 2177 1578 anima
2210 1549 2282 1579 stat
2309 1555 2379 1591 per
2411 1543 2536 1581 consi-

1461 1593 1699 1630 derationem
1738 1606 1942 1643 quousque
1979 1594 2225 1642 perveniatur
2263 1595 2312 1633 ad
2350 1596 2492 1646 aliquid
2519 1596 2536 1626 Ψ

1460 1646 1688 1695 impartibile
1717 1647 1755 1684 in
1785 1647 1855 1694 eis,
1887 1648 1993 1697 quod
2023 1655 2079 1685 est
2106 1648 2335 1687 universale.
2366 1649 2416 1687 Ut
2442 1657 2537 1700 puta

1461 1700 1750 1738 consideramus
1778 1702 1852 1738 tale
1881 1701 2022 1739 animal
2043 1709 2080 1738 et
2103 1703 2188 1749 tale,
2218 1709 2311 1752 puta
2333 1703 2536 1743 hominem

1460 1763 1497 1792 et
1517 1767 1676 1804 equum,
1699 1767 1902 1804 quousque
1920 1755 2195 1804 perveniamus
2215 1757 2236 1778 *²
2255 1756 2305 1794 ad
2325 1769 2536 1796 commune

1459 1808 1613 1855 animal,
1626 1808 1732 1857 quod
1748 1817 1804 1846 est
1818 1821 1956 1857 genus;
1973 1817 2009 1846 et
2023 1809 2090 1847 in*
2100 1810 2175 1847 hoc
2190 1810 2361 1848 similiter
2374 1811 2536 1850 facimus

1460 1873 1663 1912 quousque
1682 1863 1957 1911 perveniamus
1976 1864 2026 1902 ad
2040 1863 2197 1913 aliquod
2211 1875 2333 1912 genus
2347 1865 2534 1915 superius.

1461 1915 1563 1963 Quia
1591 1914 1703 1964 igitur
1730 1916 2007 1954 universalium
2037 1917 2296 1966 cognitionem
2325 1919 2536 1969 accipimus

1461 1982 1506 2007 ex
1526 1969 1792 2018 singularibus,
1820 1970 2014 2008 concludit
2042 1971 2288 2010 manifestum
2317 1985 2400 2011 esse
2429 1973 2536 2023 quod

1460 2035 1618 2061 necesse
1635 2031 1691 2061 est
1703 2023 1830 2073 prima
1848 2024 2079 2062 universalia
2097 2024 2283 2075 principia
2303 2037 2536 2075 cognoscere

1459 2090 1529 2127 per
1557 2077 1833 2116 inductionem.
1861 2078 1924 2115 Sic
1952 2079 2068 2125 enirn,
2090 2078 2232 2117 scilicet
2258 2091 2328 2128 per
2346 2079 2452 2118 viam
2479 2079 2536 2118 in-

1512 2205 1538 2239 u)
1560 2205 1686 2239 Sufficiat
1703 2205 1741 2231 ad
1759 2206 1925 2231 causandum
1946 2211 1994 2231 etc.
2008 2220 2028 2225 -
2043 2206 2089 2231 Fi:
2108 2205 2146 2231 ad
2163 2206 2330 2232 causandum
2352 2207 2472 2242 sufficiat
2491 2215 2535 2235 co-

1457 2241 1605 2274 gnitionem
1619 2242 1826 2275 intelligibilium
1838 2241 1878 2275 (F,
1890 2242 2076 2268 intellectivam
2083 2241 2133 2276 9),·
2146 2242 2187 2267 M:
2201 2242 2240 2267 ad
2250 2249 2360 2268 causam
2373 2243 2535 2278 cognitione

1458 2277 1635 2302 intellectivae
1646 2277 1859 2310 principiorum;
1879 2278 1910 2302 sz
1929 2277 1967 2302 ad
1984 2278 2150 2303 causandum
2169 2277 2350 2311 cognitionem
2369 2278 2535 2306 intellectua-

1457 2313 1508 2337 lem
1524 2313 1657 2345 princip.,·
1675 2313 1753 2338 ceteri
1770 2313 1854 2343 codd„
1869 2320 1924 2338 exc.
1938 2313 1977 2338 G:
1997 2313 2035 2338 ad
2052 2313 2218 2339 causandum
2238 2313 2417 2347 cognitionem
2437 2314 2535 2342 intelll-

1457 2348 1565 2382 gibilem
1580 2348 1788 2381 principiorum.

1512 2384 1540 2418 φ)
1562 2384 1662 2409 Sensus
1680 2387 1720 2409 est
1738 2383 1937 2416 quodammodo
1952 2384 2033 2409 etiam
2049 2384 2132 2416 ipsius
2147 2383 2385 2411 uniuersalis-Et
2397 2385 2448 2411 hoc
2460 2386 2536 2412 datm

1458 2419 1522 2444 infra
1540 2425 1569 2444 ut
1588 2419 1701 2445 conditio
1719 2420 1775 2445 sine
1794 2427 1847 2452 qua
1860 2427 1912 2444 non
1926 2420 1958 2444 ad
1973 2419 2120 2452 accipienda
2136 2427 2183 2453 per
2197 2421 2356 2446 intellectum
2369 2419 2535 2448 universalia.

2576 320 2682 342 'rreum

2570 430 2581 440 ⁸
2599 435 2633 451 ri:
2660 432 2684 451 et
2702 431 2788 454 multoe

2571 456 2642 477 alios.

2570 486 2581 497 ⁸
2597 487 2692 509 Codd.·
2703 494 2730 509 νε
2746 494 2788 510 ra-

2571 513 2752 536 tionabilitatem
2777 523 2788 542 ‚-

2570 545 2592 560 ιιι
2608 540 2788 564 humanitatem.

2567 801 2577 811 ⁸
2589 800 2674 828 codd„
2682 807 2733 823 exe.
2741 807 2788 825 n.-

2568 833 2596 848 P:
2611 829 2635 848 et
2640 835 2649 853 ‚·
2662 833 2693 849 nn
2707 833 2758 851 om.

2664 865 2682 890 ‘i’

2567 916 2576 924 '
2592 915 2670 938 Etiam
2684 922 2734 939 om.
2745 893 2783 939 ⁴.ss

2566 1017 2782 1066 πξὲεε-ω·

2565 1061 2591 1109 εἱ
2596 1076 2671 1120 aa
2682 1049 2784 1123 5?ss

2565 1130 2603 1146 S.-
2774 1132 2778 1137 “

2663 1241 2683 1269 1

2662 1608 2681 1644 ψ

2562 1770 2781 1800 'eodm-mper-

2562 1833 2572 1845 ·
2585 1829 2614 1857 ιη’
2627 1838 2656 1857 α
2669 1833 2739 1857 enda.
2775 1827 2777 1829 '

1458 2455 1490 2479 Et
1504 2463 1532 2480 re
1551 2463 1614 2480 sane
1628 2463 1697 2485 vera,
1713 2455 1816 2488 quoties
1830 2455 1962 2480 obiectum
1977 2456 2082 2489 aliquod
2097 2455 2220 2481 sensibile
2235 2456 2357 2482 sensibus
2372 2457 2468 2483 nom
2486 2457 2535 2483 ob-
2558 2489 2562 2494 .

1458 2495 1583 2522 versatur,
1598 2491 1774 2524 percipiuntur
1788 2490 1874 2524 primo
1892 2496 1918 2516 et
1929 2498 1978 2523 per
1990 2498 2020 2516 se
2033 2491 2141 2524 quidem
2156 2491 2296 2517 accidentia
2314 2492 2453 2523 individua,
2466 2500 2535 2527 quae

1458 2531 1519 2551 sunt
1537 2526 1637 2552 obiecta
1657 2527 1761 2560 propria
1780 2526 1908 2560 cuiusque
1927 2534 2030 2557 sensus,
2045 2527 2200 2553 secundario
2218 2535 2282 2552 vero
2300 2532 2326 2553 et
2344 2535 2392 2561 per
2414 2529 2535 2555 :eddam

1458 2562 1588 2587 individua
1606 2562 1758 2591 substantia,
1778 2570 1846 2595 quae
1865 2567 1905 2587 est
1924 2569 2015 2588 revera
2038 2562 2087 2588 sub
2106 2563 2157 2588 illis
2180 2563 2355 2589 accidentibus
2375 2562 2433 2597 (ef.
2450 2564 2494 2590 ub.
2514 2564 2534 2596 1,

1458 2598 1516 2623 lect.
1531 2606 1586 2628 xxx,
1601 2603 1654 2623 not.
1670 2597 1706 2630 α).
1722 2597 1848 2623 Accidens
1863 2603 1951 2623 autem
1965 2598 2127 2624 individuum
2141 2598 2196 2624 dari
2215 2599 2313 2632 nequit,
2327 2599 2376 2624 nisi
2395 2599 2475 2625 simul
2488 2599 2534 2626 lu-

1457 2633 1517 2658 beat
1535 2639 1655 2659 naturam
1674 2633 1756 2667 ipsius
1775 2633 1913 2658 accidentis
1932 2632 2061 2666 specifici,
2084 2641 2131 2666 per
2149 2641 2230 2667 quam
2249 2635 2275 2659 in
2295 2634 2338 2659 tali
2357 2634 2445 2668 specie
2467 2635 2536 2661 acei-

1458 2669 1542 2694 dentis
1562 2669 1735 2694 constituitur.
1755 2669 1812 2694 Pari
1827 2669 1926 2694 ratione
1942 2677 1995 2694 non
2007 2674 2095 2702 potest
2108 2669 2162 2694 dari
2175 2669 2306 2695 individua
2318 2669 2471 2702 substantia,
2483 2670 2534 2697 nisi

1458 2705 1533 2729 detur
1547 2705 1571 2729 in
1587 2705 1643 2738 ipsa
1658 2705 1758 2737 species
1775 2704 1942 2734 substantiae,
1957 2704 2007 2729 hoc
2019 2709 2060 2729 est
2074 2705 2220 2730 universale
2234 2704 2383 2738 specificam
2398 2713 2452 2739 quo
2470 2713 2534 2732 eon-

1457 2739 1570 2765 stituitur
1589 2740 1615 2765 in
1630 2740 1799 2766 determinata
1817 2739 1976 2765 substantiae
1989 2741 2084 2772 specie.
2098 2740 2154 2765 lmo
2167 2740 2288 2774 quamvis
2303 2741 2449 2767 universale
2460 2741 2534 2768 obie-

1458 2775 1524 2800 ctive
1539 2781 1564 2800 et
1578 2775 1603 2800 in
1618 2783 1647 2801 se
1661 2783 1676 2800 a
1691 2780 1778 2800 mente
1788 2780 1878 2800 nostra
1889 2775 2082 2800 consideratum
2095 2783 2148 2801 non
2167 2777 2200 2801 sit
2217 2776 2356 2808 singulare,
2365 2781 2454 2802 tamen
2468 2784 2532 2811 qun-

1458 2816 1534 2836 tenus
1549 2816 1590 2836 est
1602 2811 1627 2836 in
1642 2811 1691 2836 hoc
1701 2811 1742 2836 vel
1758 2811 1802 2836 illo
1817 2810 1949 2843 singulari,
1960 2818 2013 2835 non
2028 2811 2194 2845 distinguitur
2206 2812 2255 2837 nisi
2269 2812 2368 2837 ratione
2382 2812 2414 2838 ab
2429 2813 2496 2846 ipso,
2506 2818 2535 2839 et

1458 2851 1498 2871 est
1516 2846 1585 2872 idem
1604 2847 1708 2879 realiter
1725 2854 1787 2871 cum
1806 2853 1852 2871 eo:
1872 2853 1924 2871 non
1944 2845 2013 2871 enim
2033 2846 2114 2872 homo
2127 2852 2206 2881 prout
2220 2853 2260 2872 est
2272 2848 2298 2872 in
2312 2847 2391 2873 Petro
2409 2853 2450 2874 est
2468 2847 2533 2882 quid

1458 2882 1560 2907 realiter
1573 2881 1723 2908 distinctum
1738 2889 1754 2907 a
1768 2882 1855 2912 Petro,
1865 2881 1912 2907 sed
1927 2887 1967 2907 est
1980 2889 2063 2907 unum
2077 2888 2102 2908 et
2117 2883 2185 2908 idem
2201 2883 2315 2915 realiter3
2349 2891 2398 2909 uae
2412 2883 2532 2910 identitas

1457 2918 1560 2943 realiter
1577 2922 1604 2943 et
1623 2925 1685 2950 vere
1699 2916 1850 2948 affirmatur,
1865 2925 1924 2942 cum
1941 2917 2041 2949 dicitur,
2057 2918 2154 2944 Petrus
2166 2922 2206 2944 est
2219 2919 2321 2952 homo(
2347 2936 2356 2945 .
2368 2918 2470 2952 opusc.
2489 2919 2533 2946 De

1457 2956 1518 2979 ente
1531 2956 1558 2978 et
1571 2953 1694 2982 essentia,
1710 2961 1767 2986 cap.
1779 2951 1829 2987 m).
1843 2953 1913 2986 Ergo
1927 2960 1959 2978 eo
1978 2953 2035 2986 ipso
2049 2954 2121 2987 quod
2134 2961 2229 2979 sensus
2244 2955 2344 2988 attingit
2362 2955 2494 2988 singulare
2505 2955 2533 2981 in

1457 2994 1587 3019 concreto,
1602 2989 1701 3021 attingit
1715 2989 1803 3021 aliquo
1822 2989 1902 3013 modo
1917 2988 1995 3014 etiam
2011 2990 2165 3020 universale,
2180 2998 2233 3015 non
2246 2995 2376 3023 quatenus
2389 2989 2533 3016 formaliter

1457 3029 1497 3049 est
1511 3025 1664 3057 universale,
1676 3025 1723 3050 sed
1737 3029 1866 3057 quatenus
1879 3023 1905 3049 in
1919 3024 2043 3058 singulari
2058 3030 2098 3050 est
2112 3025 2258 3051 universale
2273 3024 2531 3060 (cf.1ib.1.leet.xvr‚

1457 3064 1511 3085 not.
1526 3059 1566 3094 κ);
1586 3065 1611 3085 et
1623 3067 1655 3085 eo
1673 3061 1731 3093 ipso
1743 3060 1815 3092 quod
1830 3060 1961 3092 singulare
1975 3065 2015 3085 est
2028 3068 2152 3094 praesens
2168 3062 2278 3092 animae,
2293 3061 2370 3087 etism
2385 3062 2532 3088 universale

1456 3101 1497 3120 est
1508 3103 1641 3128 praesens,
1652 3103 1704 3120 non
1714 3095 1820 3128 quidem
1831 3095 1973 3129 formaliter
1982 3101 2009 3121 et
2023 3096 2048 3121 in
2062 3097 2160 3122 ratione
2174 3097 2410 3130 cognoscibilitatis,
2417 3097 2465 3123 sed
2474 3105 2531 3124 mn-

1456 3131 1577 3156 terialiter
1591 3136 1616 3156 et
1631 3131 1657 3156 in
1671 3131 1769 3156 ratione
1783 3131 1913 3161 realitntis,
1923 3137 2054 3165 quatenus
2063 3132 2167 3158 realiter
2180 3138 2221 3158 est
2235 3132 2261 3158 in
2270 3131 2403 3165 singulari.
2413 3133 2532 3159 nabetur

1456 3172 1543 3192 autem
1563 3167 1710 3200 universale
1727 3165 1870 3192 formaliter
1889 3172 1915 3192 et
1933 3174 2058 3200 praesens
2073 3167 2220 3201 praesentia
2238 3168 2405 3201 cognitionis,
2423 3168 2531 3202 quando

1455 3202 1487 3227 ab
1507 3202 1638 3228 intellectu
1652 3202 1830 3228 consideratur
1842 3207 1944 3235 praeter
1962 3202 2026 3228 illud
2045 3203 2185 3236 singulare.
2199 3204 2250 3229 Sed
2265 3211 2296 3229 ex
2309 3203 2350 3229 his
2363 3203 2530 3237 manifeetmn

1455 3243 1495 3263 est
1514 3238 1586 3271 quod
1605 3245 1658 3263 non
1676 3243 1768 3271 posset
1781 3238 1926 3266 universale
1943 3238 2099 3264 considerari
2112 3244 2215 3272 praeter
2228 3239 2359 3273 singulare
2372 3239 2399 3264 in
2413 3246 2467 3273 quo
2480 3244 2530 3271 est,

1455 3274 1477 3298 si
1491 3281 1587 3307 sensus
1601 3281 1654 3299 non
1668 3273 1799 3299 exhiberet
1812 3273 1838 3298 in
1852 3273 1976 3307 singulari
1994 3275 2081 3308 ipsum
2100 3275 2255 3300 universale.
2270 3274 2401 3300 Profunda
2419 3282 2483 3308 ergo
2503 3279 2531 3301 et

1454 3316 1516 3334 vera
1534 3314 1575 3335 est
1593 3309 1635 3335 illa
1654 3306 1782 3335 sententia
1799 3317 1822 3335 s.
1837 3309 1964 3339 Thomae,
1983 3310 2055 3343 quod
2068 3309 2090 3335 si
2103 3317 2198 3335 sensus
2216 3309 2423 3344 apprehenderet
2440 3310 2530 3337 solem

1455 3344 1481 3369 id
1493 3345 1564 3377 quod
1583 3350 1625 3370 est
1642 3344 1856 3379 particularitatis.
1871 3350 1896 3370 et
1910 3345 1983 3370 nullo
2001 3345 2082 3371 modo
2100 3353 2161 3372 cum
2179 3345 2230 3371 hoc
2249 3345 2455 3380 apprehenderet
2472 3346 2530 3372 uni-

1455 3381 1584 3406 versalem
1603 3386 1723 3406 naturam
1741 3380 1768 3406 in
1786 3380 1940 3414 particulari,
1956 3389 2009 3406 non
2027 3386 2099 3407 esset
2116 3381 2242 3414 possibile
2256 3382 2328 3415 quod
2342 3389 2373 3407 ex
2385 3380 2530 3415 apprehen—

1455 3416 1528 3441 sione
1543 3423 1638 3441 sensus
1653 3421 1803 3442 causaretur
1821 3417 1846 3441 in
1860 3416 1937 3442 nobis
1955 3424 2002 3450 per
2021 3417 2180 3443 intellectum
2199 3418 2311 3451 cognitio
2329 3416 2493 3444 universalis.

1508 3451 1538 3486 χ)
1559 3452 1651 3487 Solam
1671 3451 1700 3477 id
1718 3451 1790 3485 quod
1808 3455 1848 3478 est
1861 3452 2092 3487 partitularitatis
2115 3453 2238 3478 eto-A:
2253 3452 2446 3486 particular-135
2465 3451 2528 3479 1302

1449 3487 1699 3519 particulares-P:
1714 3487 1927 3520 apprehenderet
1945 3487 2096 3523 universale
2115 3487 2142 3514 in
2156 3489 2330 3521 particulari.
2349 3487 2473 3514 Nostram
2491 3487 2528 3514 le-

1454 3523 1565 3548 ctionem
1584 3530 1677 3548 omnes
1697 3523 1772 3549 codd.
1786 3522 1892 3549 habent.

1507 3557 1537 3600 ψ)
1556 3558 1734 3584 Pet-veniatur
1751 3559 1789 3584 ad
1805 3559 1918 3592 aliquid.
1931 3573 1951 3578 -
1964 3558 2056 3590 Codd„
2069 3566 2124 3584 esc.
2143 3559 2169 3590 S,
2184 3559 2340 3586 inveniatur
2355 3558 2459 3592 aliquid
2477 3557 2527 3584 hn-

1450 3594 1594 3626 partibile,·
1613 3595 1645 3619 S:
1665 3594 1792 3625 inveniat,
1813 3599 1838 3620 et
1857 3595 1890 3620 ita
1909 3602 1938 3620 se
1957 3594 2062 3627 corrigit
2080 3601 2165 3621 aman.
2185 3595 2217 3620 K.
