2548 4192
239 381 254 400 »
293 361 439 403 Iacobi
472 361 526 401 de
558 359 727 408 Padua,
769 359 958 400 doctoris
990 359 1032 399 in
1066 359 1305 415 theologia,
1338 360 1549 401 medicina
1578 365 1619 400 et
1652 359 1832 408 artibus,
1867 359 1972 400 socii
2001 359 2125 400 huius
2159 360 2330 402 Domus
2365 361 2420 402 de

239 442 253 461 »
294 424 497 465 Sorbona
535 422 695 462 Parisii.
721 440 734 458 »
755 422 908 461 -Tres
947 421 1120 475 insuper
1149 422 1318 476 codices
1354 422 1546 462 eiusdem
1586 422 1727 476 operis
1758 427 1924 462 exstant
1954 421 1996 461 in
2035 421 2294 463 bibliotheca
2326 424 2417 463 Va-

230 486 380 526 ticana.
414 484 582 525 Primus
617 489 682 524 est
710 482 849 524 codex
878 483 1014 523 Vatic.
1046 497 1084 523 n.
1109 496 1158 523 21
1177 482 1245 531 15,
1277 484 1580 531 membranae,
1607 484 1649 523 in
1684 489 1857 537 quarto,
1883 483 2040 523 saeculi
2066 483 2179 525 XIII:
2216 485 2419 525 nonnulla

231 546 474 588 Aristotelis
518 545 707 586 continet
753 558 904 599 opera,
945 545 1052 585 inter
1094 558 1204 598 quae
1238 545 1392 586 librum
1425 546 1531 586 Peri
1560 545 1828 586 hermeneias
1861 545 1948 599 (fol.
1986 545 2163 599 34-43).
2198 546 2311 586 Huic
2339 546 2418 586 im-

231 608 416 649 mediate
446 607 710 648 subnectitur
742 620 774 647 s.
800 607 997 647 Thomae
1033 607 1378 647 Commentarius
1413 607 1724 661 (complectens
1745 607 1845 647 folia
1870 609 2012 659 44-48
2051 608 2341 662 palimpsesta,
2377 608 2419 648 in

232 670 389 725 quibus
423 669 668 710 Aristotelis
703 674 792 709 erat
824 669 930 709 liber
962 669 1124 723 primus
1166 670 1457 723 Topicorum)‚
1492 669 1672 723 scriptus
1715 682 1844 709 manu
1887 669 2076 718 diversa,
2113 670 2275 711 minuta
2316 669 2419 710 scri-

230 738 354 786 ptura
392 737 433 772 et
465 731 596 772 ferme
634 731 726 771 sine
759 730 846 771 ullo
877 731 1080 786 margine.
1119 732 1198 771 Est
1231 731 1370 771 codex
1399 731 1594 779 caeteris,
1637 744 1735 771 meo
1761 730 1934 779 iudicio,
1962 732 2254 784 praestantior.
2287 731 2419 784 Quod

230 794 266 834 si
300 794 343 834 in
379 794 473 848 ipso
513 793 685 833 lacunas
716 792 929 833 interdum
964 806 1014 833 ac
1050 806 1179 847 saepe
1217 793 1455 847 sphalmata
1492 792 1761 840 offendimus,
1796 793 1895 832 talia
1926 798 2069 833 tamen
2106 793 2209 834 haec
2247 799 2346 834 sunt
2375 799 2420 834 ut

230 855 373 910 seipsa
405 855 600 910 prodant.
631 855 753 895 Alter
786 860 850 895 est
882 855 1116 895 Vaticanus
1150 869 1188 895 n.
1221 856 1327 908 784,
1368 854 1410 894 in
1443 854 1512 895 fol.
1547 868 1689 909 magn.
1725 854 2092 903 membranaceus,
2125 856 2281 896 saeculi
2315 856 2419 896 XIV

230 917 426 958 ineuntis.
466 917 559 958 Fol.
597 916 701 969 195,
744 922 872 965 recto,
907 917 1077 972 legitur:
1116 917 1274 970 Incipit
1291 916 1500 956 sententia
1532 918 1666 970 super
1695 915 1802 956 libro
1834 916 2168 967 Peryarmenias
2186 917 2420 958 secundum

218 978 416 1034 fratrem
446 980 487 1020 T
479 979 654 1020 hemam
687 978 740 1019 de
766 979 942 1032 Aquino
971 978 1148 1019 Ordinis
1167 977 1371 1032 fratrum
1396 977 1773 1018 Praedicatorum:
1808 976 1962 1017 desinit
1990 979 2201 1032 expositio
2225 993 2301 1019 seu
2322 993 2419 1019 sen-

231 1042 363 1082 tentia
410 1041 479 1082 fol.
518 1054 606 1093 229
650 1046 778 1081 recto.
822 1040 1090 1080 Praecedunt
1118 1039 1205 1080 duo
1244 1039 1325 1079 alia
1358 1039 1584 1092 opuscula,
1625 1051 1780 1092 nempe
1819 1038 1976 1079 Contra
2008 1040 2309 1094 impugnantes
2335 1041 2425 1081 Dei

231 1103 392 1144 cultum
421 1106 465 1143 et
489 1103 737 1156 religionem
771 1102 855 1155 (fol.
886 1102 1007 1155 1-84)
1034 1107 1075 1141 et
1106 1101 1333 1155 Expositio
1366 1101 1574 1141 librorum
1600 1100 1802 1152 Dyonisii
1832 1099 1919 1153 (fol.
1947 1101 2157 1156 84-195):
2185 1109 2421 1156 sequuntur

231 1170 395 1205 autem:
440 1164 599 1204 Contra
629 1163 934 1218 pluralitatem
959 1162 1216 1217 formarum
1255 1162 1339 1215 (fol.
1378 1162 1624 1215 229-244);
1669 1162 1710 1201 T
1704 1164 1898 1202 ractatus
1929 1163 1973 1202 in
2010 1176 2092 1215 quo
2118 1164 2424 1218 principaliter

231 1226 446 1267 beatitudo
479 1226 686 1266 consistat
710 1228 868 1272 creata,
900 1226 944 1265 in
978 1224 1214 1265 intellectus
1239 1224 1328 1278 (sic)
1357 1224 1430 1264 vel
1450 1224 1684 1264 voluntatis
1713 1223 1796 1277 (fol.
1826 1225 2057 1278 244-249);
2094 1225 2297 1277 Quaestio
2326 1226 2420 1266 bre-

229 1301 280 1328 ve
303 1287 393 1342 (sic)
428 1287 542 1329 edita
566 1301 594 1328 a
612 1287 766 1342 fratre
802 1288 844 1327 T
835 1287 966 1327 homa
990 1286 1043 1326 de
1068 1287 1245 1340 Aquino
1272 1286 1449 1326 Ordinis
1470 1285 1829 1326 Praedicatorum
1865 1285 1917 1325 de
1933 1286 2038 1339 fide,
2069 1289 2144 1340 spe
2175 1291 2218 1327 et
2242 1288 2421 1328 caritate

230 1349 549 1404 (fot-249-328
575 1356 617 1390 et
644 1348 823 1403 ultimo).
855 1349 979 1401 Quae
1003 1348 1210 1403 opuscula
1233 1354 1374 1388 utrum
1395 1349 1540 1388 omnia
1572 1348 1814 1388 s.Thomae
1836 1347 1920 1387 sint
1943 1361 2020 1388 nec
2050 1361 2102 1388 ne
2126 1349 2418 1399 adiudicanda,

230 1425 311 1452 suo
336 1412 433 1453 loco
460 1412 663 1453 dicemus.
687 1411 841 1452 Codex
867 1417 932 1451 est
959 1410 1101 1451 nitidis
1124 1410 1435 1451 characteribus
1460 1410 1657 1464 scriptus,
1685 1409 1762 1450 sed
1787 1410 1841 1450 ab
1868 1410 2116 1450 amanuensi
2151 1411 2301 1465 ignaro
2331 1417 2420 1452 tum

229 1474 545 1529 philosophiae,
576 1479 667 1514 tum
696 1473 868 1528 linguae
901 1473 1075 1513 latinae:
1101 1472 1216 1513 unde
1242 1472 1394 1513 mirum
1421 1486 1508 1513 non
1535 1478 1598 1513 est
1622 1472 1657 1512 si
1688 1472 1901 1512 erroribus
1934 1478 2136 1513 scateat·
2159 1473 2328 1513 Tertius
2359 1479 2422 1513 est

231 1535 370 1577 codex
399 1536 587 1578 Urbinas
619 1550 657 1576 n.
684 1547 771 1587 214
795 1535 1147 1575 membranaceus
1177 1535 1218 1575 in
1243 1535 1312 1575 fol.
1339 1548 1492 1589 parvo,
1519 1534 1676 1575 saeculi
1705 1534 1801 1575 XV.
1826 1534 2036 1586 Quamvis
2063 1534 2194 1574 nitida
2218 1535 2422 1589 scriptura

231 1604 449 1647 exaratus,
488 1598 698 1639 inscitiam
734 1597 1089 1651 oscitantiamque
1127 1596 1400 1637 amanuensis
1438 1597 1598 1650 passim
1631 1596 1797 1650 prodit;
1843 1602 1884 1636 et
1916 1597 2096 1651 scriptus
2129 1596 2298 1637 videtur
2335 1610 2422 1637 non

229 1659 286 1700 ad
310 1660 520 1709 studium,
555 1660 633 1700 sed
666 1659 722 1700 ad
751 1659 892 1700 solum
927 1664 1225 1700 ornamentum
1254 1659 1550 1699 bibliothecae.
1588 1658 1895 1712 Complectitur
1927 1659 2027 1699 folia
2051 1658 2152 1707 306,
2190 1664 2231 1698 et
2257 1665 2423 1713 praeter

231 1722 599 1763 Commentarium
632 1722 675 1762 in
708 1721 862 1762 librum
895 1721 990 1762 Peri
1023 1720 1289 1761 hermeneias
1319 1720 1401 1760 alia
1434 1720 1621 1760 continet
1646 1720 1868 1774 opuscula,
1900 1734 2010 1774 quae
2040 1734 2072 1761 s.
2099 1720 2294 1761 Thomae
2328 1720 2424 1761 licet

229 1784 482 1833 tribuantur,
522 1798 610 1825 non
648 1784 794 1824 omnia
826 1789 969 1823 tamen
1002 1796 1035 1823 s.
1061 1783 1265 1823 Doctoris
1299 1788 1408 1823 sunt.
1447 1783 1619 1822 Nullam
1655 1782 1977 1823 adnotationem
2017 1782 2186 1823 codices
2228 1783 2422 1823 Vaticani

229 1846 399 1887 habent.
413 1846 612 1887 -Exinde
636 1846 808 1900 colliget
829 1845 962 1886 lector
984 1844 1155 1885 codices
1180 1844 1316 1885 Vatic.
1344 1857 1394 1884 21
1412 1843 1462 1885 15
1483 1850 1525 1884 et
1544 1844 1768 1885 Parisiens.
1794 1845 1924 1899 longe
1945 1844 2166 1894 maiorem,
2191 1858 2291 1899 prae
2314 1845 2421 1893 aliis,

229 1909 524 1949 auctoritatem
558 1907 816 1962 praeseferre
851 1906 997 1961 quoad
1026 1907 1180 1947 librum
1214 1906 1309 1947 Peri
1334 1906 1612 1947 hermeneias.

1080 2205 1214 2245 Codd.
1244 2207 1290 2245 et
1318 2204 1425 2245 Edd.
1455 2204 1576 2245 citat.

1060 2361 1067 2368 .
1116 2360 1124 2367 .
1174 2361 1181 2368 .
1230 2337 1311 2368 Cod.
1332 2337 1431 2368 Vatic.
1459 2338 1542 2367 2115

1003 2405 1011 2413 .
1059 2404 1067 2412 .
1116 2404 1124 2412 .
1172 2404 1180 2412 .
1256 2394 1271 2408 »
1320 2381 1415 2412 Paris.
1445 2382 1562 2420 16‚154

1061 2449 1068 2456 .
1116 2449 1123 2456 .
1172 2449 1180 2456 .
1258 2439 1271 2453 »
1321 2426 1416 2456 Paris.
1448 2426 1559 2463 16,101

1005 2493 1013 2501 .
1061 2493 1069 2500 .
1117 2493 1124 2501 .
1173 2493 1181 2501 .
1257 2482 1271 2496 v
1321 2470 1422 2500 Vatic.
1448 2470 1513 2511 784

1116 2538 1124 2545 .
1173 2537 1180 2545 .
1258 2527 1272 2541 »
1322 2515 1398 2545 Urb.
1427 2523 1490 2553 214

1257 2571 1271 2585 »
1321 2558 1428 2588 Editio
1452 2558 1549 2588 Piana

1256 2615 1270 2629 »
1318 2603 1426 2633 Editio
1455 2603 1575 2633 Veneta
1598 2601 1699 2632 Perih.
1730 2611 1811 2643 1477

1256 2660 1270 2674 ¹>
1319 2647 1378 2677 Ed.
1403 2647 1482 2678 Ven.
1507 2646 1608 2676 Perih.
1640 2647 1719 2686 1495

1256 2704 1270 2719 »
1319 2692 1379 2722 Ed.
1403 2692 1483 2722 Ven.
1507 2690 1608 2721 Perih.
1639 2691 1720 2731 1496

972 2315 1012 2723 veswmvowr.
