<?xml version="1.0" encoding="UTF-8"?>
<!DOCTYPE html PUBLIC "-//W3C//DTD XHTML 1.0 Transitional//EN"
    "http://www.w3.org/TR/xhtml1/DTD/xhtml1-transitional.dtd">
<html xmlns="http://www.w3.org/1999/xhtml" xml:lang="en" lang="en">
 <head>
  <title>
</title>
<meta http-equiv="Content-Type" content="text/html;charset=utf-8" />
  <meta name='ocr-system' content='tesseract 3.04.00' />
  <meta name='ocr-capabilities' content='ocr_page ocr_carea ocr_par ocr_line ocrx_word'/>
</head>
<body>
  <div class='ocr_page' id='page_1' title='image "./operaomniaiussui01thom/operaomniaiussui01thom_0208.png"; bbox 0 0 2548 4192; ppageno 0'>
   <div class='ocr_carea' id='block_1_1' title="bbox 177 272 330 296">
    <p class='ocr_par' dir='ltr' id='par_1_1' title="bbox 177 272 330 296">
     <span class='ocr_line' id='line_1_1' title="bbox 177 272 330 296; baseline 0 0"><span class='ocrx_word' id='word_1_1' title='bbox 177 272 330 296; x_wconf 84' lang='lat' dir='ltr'>CLXXXVI</span> 
     </span>
    </p>
   </div>
   <div class='ocr_carea' id='block_1_2' title="bbox 155 339 1245 2601">
    <p class='ocr_par' dir='ltr' id='par_1_2' title="bbox 167 339 1245 822">
     <span class='ocr_line' id='line_1_2' title="bbox 176 339 1245 385; baseline 0.002 -14"><span class='ocrx_word' id='word_1_2' title='bbox 176 351 242 371; x_wconf 92' lang='lat' dir='ltr'><strong><em>non</em></strong></span> <span class='ocrx_word' id='word_1_3' title='bbox 275 348 320 372; x_wconf 90' lang='lat' dir='ltr'><strong><em>est</em></strong></span> <span class='ocrx_word' id='word_1_4' title='bbox 350 339 485 383; x_wconf 89' lang='lat' dir='ltr'><strong><em>sensilis)</em></strong></span> <span class='ocrx_word' id='word_1_5' title='bbox 518 340 727 381; x_wconf 83' lang='lat' dir='ltr'><em>intelligimus</em></span> <span class='ocrx_word' id='word_1_6' title='bbox 751 350 793 371; x_wconf 89' lang='lat' dir='ltr'><strong><em>ex</em></strong></span> <span class='ocrx_word' id='word_1_7' title='bbox 813 342 1067 372; x_wconf 79' lang='lat' dir='ltr'><strong><em>consideratione</em></strong></span> <span class='ocrx_word' id='word_1_8' title='bbox 1090 344 1139 373; x_wconf 87' lang='lat' dir='ltr'><strong><em>rei</em></strong></span> <span class='ocrx_word' id='word_1_9' title='bbox 1161 341 1245 385; x_wconf 89' lang='lat' dir='ltr'><strong><em>(sen—</em></strong></span> 
     </span>
     <span class='ocr_line' id='line_1_3' title="bbox 175 384 1243 428; baseline 0.002 -12"><span class='ocrx_word' id='word_1_10' title='bbox 175 384 298 428; x_wconf 87' lang='lat' dir='ltr'><strong><em>sibilis),</em></strong></span> <span class='ocrx_word' id='word_1_11' title='bbox 322 387 408 416; x_wconf 91' lang='lat' dir='ltr'><strong><em>circa</em></strong></span> <span class='ocrx_word' id='word_1_12' title='bbox 437 395 532 426; x_wconf 90' lang='lat' dir='ltr'><strong><em>quam</em></strong></span> <span class='ocrx_word' id='word_1_13' title='bbox 562 386 726 416; x_wconf 82' lang='lat' dir='ltr'><strong><em>veritatem</em></strong></span> <span class='ocrx_word' id='word_1_14' title='bbox 755 386 970 425; x_wconf 79' lang='lat' dir='ltr'><em>speculamur.</em></span> <span class='ocrx_word' id='word_1_15' title='bbox 1000 387 1105 416; x_wconf 90' lang='lat' dir='ltr'><strong><em>Deum</em></strong></span> <span class='ocrx_word' id='word_1_16' title='bbox 1137 393 1243 418; x_wconf 90' lang='lat' dir='ltr'><strong><em>autem</em></strong></span> 
     </span>
     <span class='ocr_line' id='line_1_4' title="bbox 175 430 1243 471; baseline 0.001 -10"><span class='ocrx_word' id='word_1_17' title='bbox 175 431 407 471; x_wconf 82' lang='lat' dir='ltr'><em>cognoscimus,</em></span> <span class='ocrx_word' id='word_1_18' title='bbox 429 436 464 461; x_wconf 91' lang='lat' dir='ltr'><strong><em>ut</em></strong></span> <span class='ocrx_word' id='word_1_19' title='bbox 482 430 662 470; x_wconf 81' lang='lat' dir='ltr'><strong><em>Dionysius</em></strong></span> <span class='ocrx_word' id='word_1_20' title='bbox 680 430 766 467; x_wconf 86' lang='lat' dir='ltr'><strong><em>dicit,</em></strong></span> <span class='ocrx_word' id='word_1_21' title='bbox 785 435 820 460; x_wconf 89' lang='lat' dir='ltr'><strong><em>ut</em></strong></span> <span class='ocrx_word' id='word_1_22' title='bbox 839 439 981 467; x_wconf 90' lang='lat' dir='ltr'><strong><em>causam,</em></strong></span> <span class='ocrx_word' id='word_1_23' title='bbox 996 440 1060 470; x_wconf 84' lang='lat' dir='ltr'><strong><em>per</em></strong></span> <span class='ocrx_word' id='word_1_24' title='bbox 1079 441 1243 462; x_wconf 83' lang='lat' dir='ltr'><strong><em>excessum</em></strong></span> 
     </span>
     <span class='ocr_line' id='line_1_5' title="bbox 175 473 1245 517; baseline 0.003 -13"><span class='ocrx_word' id='word_1_25' title='bbox 175 473 286 517; x_wconf 90' lang='lat' dir='ltr'><strong><em>(supra</em></strong></span> <span class='ocrx_word' id='word_1_26' title='bbox 315 484 362 504; x_wconf 92' lang='lat' dir='ltr'><strong><em>res</em></strong></span> <span class='ocrx_word' id='word_1_27' title='bbox 392 484 557 514; x_wconf 90' lang='lat' dir='ltr'><strong><em>corporeas</em></strong></span> <span class='ocrx_word' id='word_1_28' title='bbox 586 480 616 504; x_wconf 91' lang='lat' dir='ltr'><strong><em>et</em></strong></span> <span class='ocrx_word' id='word_1_29' title='bbox 646 473 806 504; x_wconf 87' lang='lat' dir='ltr'>sensibiles</span> <span class='ocrx_word' id='word_1_30' title='bbox 835 480 930 514; x_wconf 87' lang='lat' dir='ltr'><strong><em>atque</em></strong></span> <span class='ocrx_word' id='word_1_31' title='bbox 962 473 1093 517; x_wconf 87' lang='lat' dir='ltr'><strong><em>creatas)</em></strong></span> <span class='ocrx_word' id='word_1_32' title='bbox 1129 481 1160 506; x_wconf 87' lang='lat' dir='ltr'><strong><em>et</em></strong></span> <span class='ocrx_word' id='word_1_33' title='bbox 1180 486 1245 516; x_wconf 90' lang='lat' dir='ltr'><strong><em>per</em></strong></span> 
     </span>
     <span class='ocr_line' id='line_1_6' title="bbox 175 516 1244 560; baseline 0.001 -11"><span class='ocrx_word' id='word_1_34' title='bbox 175 520 379 549; x_wconf 86' lang='lat' dir='ltr'><em>remotionem</em></span> <span class='ocrx_word' id='word_1_35' title='bbox 405 516 707 560; x_wconf 87' lang='lat' dir='ltr'><strong><em>(imperfectionum,</em></strong></span> <span class='ocrx_word' id='word_1_36' title='bbox 727 527 808 557; x_wconf 89' lang='lat' dir='ltr'><strong><em>quae</em></strong></span> <span class='ocrx_word' id='word_1_37' title='bbox 832 518 925 547; x_wconf 91' lang='lat' dir='ltr'><strong><em>rebus</em></strong></span> <span class='ocrx_word' id='word_1_38' title='bbox 947 519 1106 558; x_wconf 87' lang='lat' dir='ltr'><strong><em>corporeis</em></strong></span> <span class='ocrx_word' id='word_1_39' title='bbox 1125 526 1156 550; x_wconf 92' lang='lat' dir='ltr'><strong><em>et</em></strong></span> <span class='ocrx_word' id='word_1_40' title='bbox 1175 530 1244 550; x_wconf 89' lang='lat' dir='ltr'><strong><em>sen—</em></strong></span> 
     </span>
     <span class='ocr_line' id='line_1_7' title="bbox 175 560 1243 603; baseline 0.003 -11"><span class='ocrx_word' id='word_1_41' title='bbox 175 563 316 593; x_wconf 92' lang='lat' dir='ltr'><strong><em>sibilibus</em></strong></span> <span class='ocrx_word' id='word_1_42' title='bbox 340 569 370 593; x_wconf 88' lang='lat' dir='ltr'><strong><em>et</em></strong></span> <span class='ocrx_word' id='word_1_43' title='bbox 398 562 505 593; x_wconf 88' lang='lat' dir='ltr'><strong><em>creatis</em></strong></span> <span class='ocrx_word' id='word_1_44' title='bbox 533 560 666 603; x_wconf 92' lang='lat' dir='ltr'><strong><em>insunt).</em></strong></span> <span class='ocrx_word' id='word_1_45' title='bbox 690 562 782 591; x_wconf 86' lang='lat' dir='ltr'><strong><em>Alias</em></strong></span> <span class='ocrx_word' id='word_1_46' title='bbox 811 562 905 591; x_wconf 90' lang='lat' dir='ltr'><strong><em>etiam</em></strong></span> <span class='ocrx_word' id='word_1_47' title='bbox 937 563 1145 603; x_wconf 86' lang='lat' dir='ltr'><strong><em>incorporeas</em></strong></span> <span class='ocrx_word' id='word_1_48' title='bbox 1171 565 1243 595; x_wconf 93' lang='lat' dir='ltr'><strong><em>sub-</em></strong></span> 
     </span>
     <span class='ocr_line' id='line_1_8' title="bbox 173 606 1241 647; baseline 0.002 -10"><span class='ocrx_word' id='word_1_49' title='bbox 173 608 310 637; x_wconf 89' lang='lat' dir='ltr'><strong><em>stantias</em></strong></span> <span class='ocrx_word' id='word_1_50' title='bbox 326 608 358 636; x_wconf 91' lang='lat' dir='ltr'><strong><em>in</em></strong></span> <span class='ocrx_word' id='word_1_51' title='bbox 374 612 459 637; x_wconf 89' lang='lat' dir='ltr'><strong><em>statu</em></strong></span> <span class='ocrx_word' id='word_1_52' title='bbox 469 606 653 646; x_wconf 87' lang='lat' dir='ltr'><strong><em>praesentis</em></strong></span> <span class='ocrx_word' id='word_1_53' title='bbox 669 606 752 635; x_wconf 78' lang='lat' dir='ltr'><strong><em>vitae</em></strong></span> <span class='ocrx_word' id='word_1_54' title='bbox 771 615 964 646; x_wconf 79' lang='lat' dir='ltr'><strong><em>cognoscere</em></strong></span> <span class='ocrx_word' id='word_1_55' title='bbox 983 617 1045 637; x_wconf 89' lang='lat' dir='ltr'><strong><em>non</em></strong></span> <span class='ocrx_word' id='word_1_56' title='bbox 1056 617 1241 647; x_wconf 90' lang='lat' dir='ltr'><strong><em>possumus,</em></strong></span> 
     </span>
     <span class='ocr_line' id='line_1_9' title="bbox 174 646 1241 690; baseline 0.002 -9"><span class='ocrx_word' id='word_1_57' title='bbox 174 646 237 681; x_wconf 88' lang='lat' dir='ltr'><strong><em>nisi</em></strong></span> <span class='ocrx_word' id='word_1_58' title='bbox 252 661 317 690; x_wconf 89' lang='lat' dir='ltr'><strong><em>per</em></strong></span> <span class='ocrx_word' id='word_1_59' title='bbox 339 652 543 681; x_wconf 86' lang='lat' dir='ltr'><strong><em>remotionem</em></strong></span> <span class='ocrx_word' id='word_1_60' title='bbox 569 650 619 680; x_wconf 80' lang='lat' dir='ltr'><strong><em>vel</em></strong></span> <span class='ocrx_word' id='word_1_61' title='bbox 641 650 784 689; x_wconf 87' lang='lat' dir='ltr'><em>aliquam</em></span> <span class='ocrx_word' id='word_1_62' title='bbox 809 652 1080 690; x_wconf 85' lang='lat' dir='ltr'><strong><em>comparationem</em></strong></span> <span class='ocrx_word' id='word_1_63' title='bbox 1104 652 1148 682; x_wconf 87' lang='lat' dir='ltr'><strong><em>ad</em></strong></span> <span class='ocrx_word' id='word_1_64' title='bbox 1171 662 1241 683; x_wconf 85' lang='lat' dir='ltr'><strong><em>cor-</em></strong></span> 
     </span>
     <span class='ocr_line' id='line_1_10' title="bbox 167 693 1242 737; baseline 0.003 -13"><span class='ocrx_word' id='word_1_65' title='bbox 167 696 308 735; x_wconf 90' lang='lat' dir='ltr'><strong><em>poralia.</em></strong></span> <span class='ocrx_word' id='word_1_66' title='bbox 325 695 423 724; x_wconf 88' lang='lat' dir='ltr'><strong><em>Breve</em></strong></span> <span class='ocrx_word' id='word_1_67' title='bbox 440 694 670 724; x_wconf 88' lang='lat' dir='ltr'><strong><em>documentum</em></strong></span> <span class='ocrx_word' id='word_1_68' title='bbox 686 693 793 731; x_wconf 89' lang='lat' dir='ltr'><strong><em>habes,</em></strong></span> <span class='ocrx_word' id='word_1_69' title='bbox 813 694 901 734; x_wconf 94' lang='lat' dir='ltr'><strong><em>quod</em></strong></span> <span class='ocrx_word' id='word_1_70' title='bbox 926 695 1078 735; x_wconf 86' lang='lat' dir='ltr'><strong><em>exemplis</em></strong></span> <span class='ocrx_word' id='word_1_71' title='bbox 1098 696 1242 737; x_wconf 88' lang='lat' dir='ltr'><strong><em>aptisque</em></strong></span> 
     </span>
     <span class='ocr_line' id='line_1_11' title="bbox 172 736 1242 780; baseline 0.004 -13"><span class='ocrx_word' id='word_1_72' title='bbox 172 738 495 768; x_wconf 83' lang='lat' dir='ltr'><strong><em>animadversionibus</em></strong></span> <span class='ocrx_word' id='word_1_73' title='bbox 519 736 748 778; x_wconf 89' lang='lat' dir='ltr'><strong><em>amplificatum</em></strong></span> <span class='ocrx_word' id='word_1_74' title='bbox 771 738 804 768; x_wconf 94' lang='lat' dir='ltr'><strong><em>in</em></strong></span> <span class='ocrx_word' id='word_1_75' title='bbox 822 738 992 769; x_wconf 86' lang='lat' dir='ltr'><strong><em>latissimos</em></strong></span> <span class='ocrx_word' id='word_1_76' title='bbox 1012 739 1157 780; x_wconf 86' lang='lat' dir='ltr'><strong><em>redegere</em></strong></span> <span class='ocrx_word' id='word_1_77' title='bbox 1181 747 1242 771; x_wconf 88' lang='lat' dir='ltr'><strong><em>tra-</em></strong></span> 
     </span>
     <span class='ocr_line' id='line_1_12' title="bbox 173 781 487 822; baseline -0.006 -9"><span class='ocrx_word' id='word_1_78' title='bbox 173 789 271 813; x_wconf 85' lang='lat' dir='ltr'><strong><em>ctatus</em></strong></span> <span class='ocrx_word' id='word_1_79' title='bbox 295 781 487 822; x_wconf 89' lang='lat' dir='ltr'><strong><em>philosophi.</em></strong></span> 
     </span>
    </p>

    <p class='ocr_par' dir='ltr' id='par_1_3' title="bbox 155 825 1242 2557">
     <span class='ocr_line' id='line_1_13' title="bbox 238 825 1241 868; baseline 0.004 -13"><span class='ocrx_word' id='word_1_80' title='bbox 238 825 323 856; x_wconf 89' lang='lat' dir='ltr'><strong><em>Cum</em></strong></span> <span class='ocrx_word' id='word_1_81' title='bbox 346 826 422 857; x_wconf 85' lang='lat' dir='ltr'><strong><em>haec</em></strong></span> <span class='ocrx_word' id='word_1_82' title='bbox 445 826 486 857; x_wconf 90' lang='lat' dir='ltr'><strong><em>sit</em></strong></span> <span class='ocrx_word' id='word_1_83' title='bbox 508 826 657 856; x_wconf 86' lang='lat' dir='ltr'><strong><em>naturalis</em></strong></span> <span class='ocrx_word' id='word_1_84' title='bbox 680 826 759 856; x_wconf 89' lang='lat' dir='ltr'><strong><em>ratio</em></strong></span> <span class='ocrx_word' id='word_1_85' title='bbox 783 826 898 857; x_wconf 89' lang='lat' dir='ltr'><strong><em>mentis</em></strong></span> <span class='ocrx_word' id='word_1_86' title='bbox 927 827 1082 868; x_wconf 88' lang='lat' dir='ltr'><strong><em>cuiusque</em></strong></span> <span class='ocrx_word' id='word_1_87' title='bbox 1111 835 1241 867; x_wconf 81' lang='lat' dir='ltr'><strong><em>creatae,</em></strong></span> 
     </span>
     <span class='ocr_line' id='line_1_14' title="bbox 170 869 1242 913; baseline 0.004 -14"><span class='ocrx_word' id='word_1_88' title='bbox 170 870 234 900; x_wconf 91' lang='lat' dir='ltr'><strong><em>iam</em></strong></span> <span class='ocrx_word' id='word_1_89' title='bbox 258 869 339 900; x_wconf 84' lang='lat' dir='ltr'><strong><em>facili</em></strong></span> <span class='ocrx_word' id='word_1_90' title='bbox 363 871 492 910; x_wconf 90' lang='lat' dir='ltr'><strong><em>negotio</em></strong></span> <span class='ocrx_word' id='word_1_91' title='bbox 517 870 654 910; x_wconf 88' lang='lat' dir='ltr'><strong><em>expediri</em></strong></span> <span class='ocrx_word' id='word_1_92' title='bbox 677 871 772 901; x_wconf 90' lang='lat' dir='ltr'><strong><em>altera</em></strong></span> <span class='ocrx_word' id='word_1_93' title='bbox 795 871 938 911; x_wconf 84' lang='lat' dir='ltr'><strong><em>quaestio</em></strong></span> <span class='ocrx_word' id='word_1_94' title='bbox 960 878 1075 911; x_wconf 90' lang='lat' dir='ltr'><strong><em>potest,</em></strong></span> <span class='ocrx_word' id='word_1_95' title='bbox 1097 882 1179 913; x_wconf 85' lang='lat' dir='ltr'><strong><em>quae</em></strong></span> <span class='ocrx_word' id='word_1_96' title='bbox 1195 883 1242 903; x_wconf 87' lang='lat' dir='ltr'><strong><em>ra-</em></strong></span> 
     </span>
     <span class='ocr_line' id='line_1_15' title="bbox 170 913 1240 958; baseline 0.004 -14"><span class='ocrx_word' id='word_1_97' title='bbox 170 913 264 944; x_wconf 90' lang='lat' dir='ltr'><strong><em>tionis</em></strong></span> <span class='ocrx_word' id='word_1_98' title='bbox 288 915 436 945; x_wconf 87' lang='lat' dir='ltr'><strong><em>naturalis</em></strong></span> <span class='ocrx_word' id='word_1_99' title='bbox 459 915 540 945; x_wconf 89' lang='lat' dir='ltr'><strong><em>vires</em></strong></span> <span class='ocrx_word' id='word_1_100' title='bbox 564 914 731 954; x_wconf 86' lang='lat' dir='ltr'><strong><em>investigat</em></strong></span> <span class='ocrx_word' id='word_1_101' title='bbox 755 925 830 945; x_wconf 90' lang='lat' dir='ltr'><strong><em>cum</em></strong></span> <span class='ocrx_word' id='word_1_102' title='bbox 853 915 934 946; x_wconf 89' lang='lat' dir='ltr'><strong><em>circa</em></strong></span> <span class='ocrx_word' id='word_1_103' title='bbox 957 916 1016 946; x_wconf 90' lang='lat' dir='ltr'><strong><em>Dei</em></strong></span> <span class='ocrx_word' id='word_1_104' title='bbox 1038 927 1073 947; x_wconf 87' lang='lat' dir='ltr'><strong><em>ac</em></strong></span> <span class='ocrx_word' id='word_1_105' title='bbox 1098 927 1135 947; x_wconf 87' lang='lat' dir='ltr'><strong><em>ea</em></strong></span> <span class='ocrx_word' id='word_1_106' title='bbox 1158 927 1240 958; x_wconf 88' lang='lat' dir='ltr'><strong><em>quae</em></strong></span> 
     </span>
     <span class='ocr_line' id='line_1_16' title="bbox 169 957 1240 996; baseline 0.004 -8"><span class='ocrx_word' id='word_1_107' title='bbox 169 957 228 988; x_wconf 92' lang='lat' dir='ltr'><strong><em>Dei</em></strong></span> <span class='ocrx_word' id='word_1_108' title='bbox 252 964 326 988; x_wconf 91' lang='lat' dir='ltr'><strong><em>sunt</em></strong></span> <span class='ocrx_word' id='word_1_109' title='bbox 343 966 492 990; x_wconf 88' lang='lat' dir='ltr'><strong><em>versatur.</em></strong></span> <span class='ocrx_word' id='word_1_110' title='bbox 514 959 745 996; x_wconf 82' lang='lat' dir='ltr'><strong><em>Quaestionem</em></strong></span> <span class='ocrx_word' id='word_1_111' title='bbox 764 959 883 990; x_wconf 84' lang='lat' dir='ltr'><strong><em>dirimit</em></strong></span> <span class='ocrx_word' id='word_1_112' title='bbox 900 960 933 990; x_wconf 92' lang='lat' dir='ltr'><strong><em>in</em></strong></span> <span class='ocrx_word' id='word_1_113' title='bbox 953 960 1084 991; x_wconf 92' lang='lat' dir='ltr'><strong><em>homine</em></strong></span> <span class='ocrx_word' id='word_1_114' title='bbox 1107 972 1131 991; x_wconf 93' lang='lat' dir='ltr'><strong><em>s.</em></strong></span> <span class='ocrx_word' id='word_1_115' title='bbox 1152 962 1240 992; x_wconf 92' lang='lat' dir='ltr'><strong><em>Tho-</em></strong></span> 
     </span>
     <span class='ocr_line' id='line_1_17' title="bbox 169 1002 1239 1042; baseline 0.005 -10"><span class='ocrx_word' id='word_1_116' title='bbox 169 1012 236 1032; x_wconf 86' lang='lat' dir='ltr'><strong><em>mas</em></strong></span> <span class='ocrx_word' id='word_1_117' title='bbox 261 1002 361 1042; x_wconf 85' lang='lat' dir='ltr'><strong><em>capite</em></strong></span> <span class='ocrx_word' id='word_1_118' title='bbox 384 1014 418 1034; x_wconf 93' lang='lat'><strong><em>111</em></strong></span> <span class='ocrx_word' id='word_1_119' title='bbox 442 1003 552 1034; x_wconf 87' lang='lat' dir='ltr'><strong><em>citato:</em></strong></span> <span class='ocrx_word' id='word_1_120' title='bbox 576 1003 764 1034; x_wconf 81' lang='lat' dir='ltr'><strong><em>Intellectus</em></strong></span> <span class='ocrx_word' id='word_1_121' title='bbox 788 1005 890 1035; x_wconf 86' lang='lat' dir='ltr'><strong><em>nostri</em></strong></span> <span class='ocrx_word' id='word_1_122' title='bbox 911 1005 1086 1036; x_wconf 86' lang='lat' dir='ltr'><strong><em>secundum</em></strong></span> <span class='ocrx_word' id='word_1_123' title='bbox 1111 1006 1239 1037; x_wconf 88' lang='lat' dir='ltr'><strong><em>modum</em></strong></span> 
     </span>
     <span class='ocr_line' id='line_1_18' title="bbox 162 1048 1240 1090; baseline 0.005 -14"><span class='ocrx_word' id='word_1_124' title='bbox 162 1048 345 1086; x_wconf 85' lang='lat' dir='ltr'><strong><em>praesentis</em></strong></span> <span class='ocrx_word' id='word_1_125' title='bbox 365 1048 459 1086; x_wconf 74' lang='lat' dir='ltr'><strong><em>vitae,</em></strong></span> <span class='ocrx_word' id='word_1_126' title='bbox 479 1048 638 1089; x_wconf 91' lang='lat' dir='ltr'><strong><em>inquiens,</em></strong></span> <span class='ocrx_word' id='word_1_127' title='bbox 659 1049 800 1089; x_wconf 83' lang='lat' dir='ltr'><strong><em>cognitio</em></strong></span> <span class='ocrx_word' id='word_1_128' title='bbox 818 1059 839 1079; x_wconf 92' lang='lat' dir='ltr'><strong><em>a</em></strong></span> <span class='ocrx_word' id='word_1_129' title='bbox 858 1058 954 1079; x_wconf 91' lang='lat' dir='ltr'><strong><em>sensu</em></strong></span> <span class='ocrx_word' id='word_1_130' title='bbox 974 1050 1103 1090; x_wconf 82' lang='lat' dir='ltr'><strong><em>incipit:</em></strong></span> <span class='ocrx_word' id='word_1_131' title='bbox 1121 1056 1151 1081; x_wconf 88' lang='lat' dir='ltr'><strong><em>et</em></strong></span> <span class='ocrx_word' id='word_1_132' title='bbox 1170 1051 1240 1082; x_wconf 89' lang='lat' dir='ltr'><strong><em>ideo</em></strong></span> 
     </span>
     <span class='ocr_line' id='line_1_19' title="bbox 169 1088 1240 1135; baseline 0.006 -15"><span class='ocrx_word' id='word_1_133' title='bbox 169 1088 283 1133; x_wconf 90' lang='lat' dir='ltr'><strong><em>(Deus)</em></strong></span> <span class='ocrx_word' id='word_1_134' title='bbox 314 1097 344 1121; x_wconf 91' lang='lat' dir='ltr'><strong><em>et</em></strong></span> <span class='ocrx_word' id='word_1_135' title='bbox 373 1101 411 1122; x_wconf 90' lang='lat' dir='ltr'><strong><em>ea</em></strong></span> <span class='ocrx_word' id='word_1_136' title='bbox 442 1102 525 1133; x_wconf 90' lang='lat' dir='ltr'><strong><em>quae</em></strong></span> <span class='ocrx_word' id='word_1_137' title='bbox 553 1093 585 1123; x_wconf 91' lang='lat' dir='ltr'><strong><em>in</em></strong></span> <span class='ocrx_word' id='word_1_138' title='bbox 613 1102 742 1123; x_wconf 89' lang='lat' dir='ltr'><strong><em>sensum</em></strong></span> <span class='ocrx_word' id='word_1_139' title='bbox 767 1103 830 1123; x_wconf 88' lang='lat' dir='ltr'><strong><em>non</em></strong></span> <span class='ocrx_word' id='word_1_140' title='bbox 854 1094 989 1131; x_wconf 87' lang='lat' dir='ltr'><strong><em>cadunt,</em></strong></span> <span class='ocrx_word' id='word_1_141' title='bbox 1020 1104 1083 1125; x_wconf 91' lang='lat' dir='ltr'><strong><em>non</em></strong></span> <span class='ocrx_word' id='word_1_142' title='bbox 1101 1101 1240 1135; x_wconf 83' lang='lat' dir='ltr'><strong><em>possunt</em></strong></span> 
     </span>
     <span class='ocr_line' id='line_1_20' title="bbox 167 1135 1238 1178; baseline 0.006 -13"><span class='ocrx_word' id='word_1_143' title='bbox 167 1135 308 1166; x_wconf 90' lang='lat' dir='ltr'><strong><em>humano</em></strong></span> <span class='ocrx_word' id='word_1_144' title='bbox 332 1137 494 1167; x_wconf 88' lang='lat' dir='ltr'><strong><em>intellectu</em></strong></span> <span class='ocrx_word' id='word_1_145' title='bbox 518 1138 600 1177; x_wconf 89' lang='lat' dir='ltr'><strong><em>capi,</em></strong></span> <span class='ocrx_word' id='word_1_146' title='bbox 626 1138 688 1168; x_wconf 89' lang='lat' dir='ltr'><strong><em>nisi</em></strong></span> <span class='ocrx_word' id='word_1_147' title='bbox 710 1142 869 1178; x_wconf 88' lang='lat' dir='ltr'><strong><em>quatenus</em></strong></span> <span class='ocrx_word' id='word_1_148' title='bbox 892 1148 934 1168; x_wconf 90' lang='lat' dir='ltr'><strong><em>ex</em></strong></span> <span class='ocrx_word' id='word_1_149' title='bbox 960 1139 1105 1170; x_wconf 87' lang='lat' dir='ltr'><strong><em>sensibus</em></strong></span> <span class='ocrx_word' id='word_1_150' title='bbox 1128 1149 1238 1171; x_wconf 90' lang='lat' dir='ltr'><strong><em>eorum</em></strong></span> 
     </span>
     <span class='ocr_line' id='line_1_21' title="bbox 168 1180 1238 1222; baseline 0.006 -13"><span class='ocrx_word' id='word_1_151' title='bbox 168 1180 309 1220; x_wconf 84' lang='lat' dir='ltr'><strong><em>cognitio</em></strong></span> <span class='ocrx_word' id='word_1_152' title='bbox 333 1181 508 1222; x_wconf 82' lang='lat' dir='ltr'><strong><em>colligitur.</em></strong></span> <span class='ocrx_word' id='word_1_153' title='bbox 533 1182 703 1212; x_wconf 90' lang='lat' dir='ltr'><strong><em>Sensibilia</em></strong></span> <span class='ocrx_word' id='word_1_154' title='bbox 727 1187 834 1212; x_wconf 88' lang='lat' dir='ltr'><strong><em>autem</em></strong></span> <span class='ocrx_word' id='word_1_155' title='bbox 858 1182 902 1213; x_wconf 84' lang='lat' dir='ltr'><strong><em>ad</em></strong></span> <span class='ocrx_word' id='word_1_156' title='bbox 923 1183 983 1213; x_wconf 90' lang='lat' dir='ltr'><strong><em>hoc</em></strong></span> <span class='ocrx_word' id='word_1_157' title='bbox 1005 1183 1124 1214; x_wconf 88' lang='lat' dir='ltr'><strong><em>ducere</em></strong></span> <span class='ocrx_word' id='word_1_158' title='bbox 1147 1186 1238 1215; x_wconf 89' lang='lat' dir='ltr'><strong><em>intel-</em></strong></span> 
     </span>
     <span class='ocr_line' id='line_1_22' title="bbox 167 1223 1239 1266; baseline 0.006 -13"><span class='ocrx_word' id='word_1_159' title='bbox 167 1223 282 1254; x_wconf 91' lang='lat' dir='ltr'><strong><em>lectum</em></strong></span> <span class='ocrx_word' id='word_1_160' title='bbox 308 1230 452 1256; x_wconf 88' lang='lat' dir='ltr'><strong><em>nostrum</em></strong></span> <span class='ocrx_word' id='word_1_161' title='bbox 477 1236 540 1257; x_wconf 89' lang='lat' dir='ltr'><strong><em>non</em></strong></span> <span class='ocrx_word' id='word_1_162' title='bbox 558 1231 713 1266; x_wconf 87' lang='lat' dir='ltr'><strong><em>possunt,</em></strong></span> <span class='ocrx_word' id='word_1_163' title='bbox 745 1232 779 1257; x_wconf 86' lang='lat' dir='ltr'><strong><em>ut</em></strong></span> <span class='ocrx_word' id='word_1_164' title='bbox 803 1227 835 1256; x_wconf 89' lang='lat' dir='ltr'><strong><em>in</em></strong></span> <span class='ocrx_word' id='word_1_165' title='bbox 860 1228 905 1257; x_wconf 91' lang='lat' dir='ltr'><strong><em>eis</em></strong></span> <span class='ocrx_word' id='word_1_166' title='bbox 927 1227 1037 1258; x_wconf 84' lang='lat' dir='ltr'><strong><em>divina</em></strong></span> <span class='ocrx_word' id='word_1_167' title='bbox 1061 1229 1239 1260; x_wconf 90' lang='lat' dir='ltr'><strong><em>substantia</em></strong></span> 
     </span>
     <span class='ocr_line' id='line_1_23' title="bbox 167 1267 1238 1311; baseline 0.006 -13"><span class='ocrx_word' id='word_1_168' title='bbox 167 1267 316 1298; x_wconf 79' lang='lat' dir='ltr'><strong><em>videatur</em></strong></span> <span class='ocrx_word' id='word_1_169' title='bbox 344 1270 421 1309; x_wconf 88' lang='lat' dir='ltr'><strong><em>quid</em></strong></span> <span class='ocrx_word' id='word_1_170' title='bbox 443 1271 495 1308; x_wconf 90' lang='lat' dir='ltr'><strong><em>sit,</em></strong></span> <span class='ocrx_word' id='word_1_171' title='bbox 521 1280 591 1301; x_wconf 92' lang='lat' dir='ltr'><strong><em>cum</em></strong></span> <span class='ocrx_word' id='word_1_172' title='bbox 615 1271 680 1301; x_wconf 90' lang='lat' dir='ltr'><strong><em>sint</em></strong></span> <span class='ocrx_word' id='word_1_173' title='bbox 703 1270 836 1311; x_wconf 88' lang='lat' dir='ltr'><strong><em>effectus</em></strong></span> <span class='ocrx_word' id='word_1_174' title='bbox 859 1281 978 1302; x_wconf 89' lang='lat' dir='ltr'><strong><em>causae</em></strong></span> <span class='ocrx_word' id='word_1_175' title='bbox 1001 1273 1149 1303; x_wconf 78' lang='lat' dir='ltr'><strong><em>virtutem</em></strong></span> <span class='ocrx_word' id='word_1_176' title='bbox 1175 1284 1238 1304; x_wconf 91' lang='lat' dir='ltr'><strong><em>non</em></strong></span> 
     </span>
     <span class='ocr_line' id='line_1_24' title="bbox 166 1311 1238 1352; baseline 0.007 -11"><span class='ocrx_word' id='word_1_177' title='bbox 166 1311 393 1352; x_wconf 85' lang='lat' dir='ltr'><strong><em>adaequantes.</em></strong></span> <span class='ocrx_word' id='word_1_178' title='bbox 417 1315 559 1345; x_wconf 84' lang='lat' dir='ltr'><strong><em>Ducitur</em></strong></span> <span class='ocrx_word' id='word_1_179' title='bbox 581 1320 687 1345; x_wconf 89' lang='lat' dir='ltr'><strong><em>tamen</em></strong></span> <span class='ocrx_word' id='word_1_180' title='bbox 708 1325 750 1345; x_wconf 89' lang='lat' dir='ltr'><strong><em>ex</em></strong></span> <span class='ocrx_word' id='word_1_181' title='bbox 771 1316 971 1346; x_wconf 86' lang='lat' dir='ltr'><strong><em>sensibilibus</em></strong></span> <span class='ocrx_word' id='word_1_182' title='bbox 985 1317 1165 1348; x_wconf 91' lang='lat' dir='ltr'><strong><em>intellectus</em></strong></span> <span class='ocrx_word' id='word_1_183' title='bbox 1184 1328 1238 1348; x_wconf 91' lang='lat' dir='ltr'><strong><em>no-</em></strong></span> 
     </span>
     <span class='ocr_line' id='line_1_25' title="bbox 165 1357 1238 1403; baseline 0.006 -17"><span class='ocrx_word' id='word_1_184' title='bbox 165 1361 232 1386; x_wconf 93' lang='lat' dir='ltr'><strong><em>ster</em></strong></span> <span class='ocrx_word' id='word_1_185' title='bbox 255 1358 287 1387; x_wconf 90' lang='lat' dir='ltr'><strong><em>in</em></strong></span> <span class='ocrx_word' id='word_1_186' title='bbox 312 1357 454 1389; x_wconf 82' lang='lat' dir='ltr'><strong><em>divinam</em></strong></span> <span class='ocrx_word' id='word_1_187' title='bbox 484 1360 717 1400; x_wconf 84' lang='lat' dir='ltr'><strong><em>cognitionem,</em></strong></span> <span class='ocrx_word' id='word_1_188' title='bbox 748 1365 784 1390; x_wconf 90' lang='lat' dir='ltr'><strong><em>ut</em></strong></span> <span class='ocrx_word' id='word_1_189' title='bbox 807 1366 980 1400; x_wconf 88' lang='lat' dir='ltr'><strong><em>cognoscat</em></strong></span> <span class='ocrx_word' id='word_1_190' title='bbox 1007 1361 1047 1391; x_wconf 89' lang='lat' dir='ltr'><strong><em>de</em></strong></span> <span class='ocrx_word' id='word_1_191' title='bbox 1068 1362 1139 1392; x_wconf 89' lang='lat' dir='ltr'><strong><em>Deo</em></strong></span> <span class='ocrx_word' id='word_1_192' title='bbox 1162 1364 1238 1403; x_wconf 88' lang='lat' dir='ltr'><strong><em>quia</em></strong></span> 
     </span>
     <span class='ocr_line' id='line_1_26' title="bbox 166 1401 1236 1447; baseline 0.006 -16"><span class='ocrx_word' id='word_1_193' title='bbox 166 1405 213 1431; x_wconf 89' lang='lat' dir='ltr'><strong><em>est</em></strong></span> <span class='ocrx_word' id='word_1_194' title='bbox 229 1406 259 1431; x_wconf 86' lang='lat' dir='ltr'><strong><em>et</em></strong></span> <span class='ocrx_word' id='word_1_195' title='bbox 274 1401 341 1432; x_wconf 91' lang='lat' dir='ltr'><strong><em>alia</em></strong></span> <span class='ocrx_word' id='word_1_196' title='bbox 357 1403 539 1434; x_wconf 83' lang='lat' dir='ltr'><strong><em>huiusmodi</em></strong></span> <span class='ocrx_word' id='word_1_197' title='bbox 556 1413 639 1444; x_wconf 87' lang='lat' dir='ltr'><strong><em>quae</em></strong></span> <span class='ocrx_word' id='word_1_198' title='bbox 657 1409 781 1443; x_wconf 86' lang='lat' dir='ltr'><strong><em>oportet</em></strong></span> <span class='ocrx_word' id='word_1_199' title='bbox 799 1404 933 1434; x_wconf 83' lang='lat' dir='ltr'><strong><em>attribui</em></strong></span> <span class='ocrx_word' id='word_1_200' title='bbox 944 1406 1054 1444; x_wconf 87' lang='lat' dir='ltr'><strong><em>primo</em></strong></span> <span class='ocrx_word' id='word_1_201' title='bbox 1063 1407 1236 1447; x_wconf 89' lang='lat' dir='ltr'><strong><em>principio.</em></strong></span> 
     </span>
     <span class='ocr_line' id='line_1_27' title="bbox 165 1445 1238 1491; baseline 0.006 -16"><span class='ocrx_word' id='word_1_202' title='bbox 165 1445 316 1484; x_wconf 86' lang='lat' dir='ltr'><strong><em>Angelica</em></strong></span> <span class='ocrx_word' id='word_1_203' title='bbox 332 1447 480 1478; x_wconf 84' lang='lat' dir='ltr'><strong><em>naturalis</em></strong></span> <span class='ocrx_word' id='word_1_204' title='bbox 500 1448 639 1488; x_wconf 86' lang='lat' dir='ltr'><strong><em>cognitio</em></strong></span> <span class='ocrx_word' id='word_1_205' title='bbox 655 1447 714 1478; x_wconf 89' lang='lat' dir='ltr'><strong><em>Dei</em></strong></span> <span class='ocrx_word' id='word_1_206' title='bbox 731 1447 898 1488; x_wconf 85' lang='lat' dir='ltr'><strong><em>perfectior</em></strong></span> <span class='ocrx_word' id='word_1_207' title='bbox 917 1454 977 1479; x_wconf 87' lang='lat' dir='ltr'><strong><em>est:</em></strong></span> <span class='ocrx_word' id='word_1_208' title='bbox 997 1455 1029 1480; x_wconf 89' lang='lat' dir='ltr'><strong><em>at</em></strong></span> <span class='ocrx_word' id='word_1_209' title='bbox 1047 1460 1151 1491; x_wconf 89' lang='lat' dir='ltr'><strong><em>neque</em></strong></span> <span class='ocrx_word' id='word_1_210' title='bbox 1169 1451 1238 1491; x_wconf 88' lang='lat' dir='ltr'><strong><em>ipsa</em></strong></span> 
     </span>
     <span class='ocr_line' id='line_1_28' title="bbox 164 1489 1238 1534; baseline 0.006 -14"><span class='ocrx_word' id='word_1_211' title='bbox 164 1489 301 1528; x_wconf 89' lang='lat' dir='ltr'><strong><em>penitius</em></strong></span> <span class='ocrx_word' id='word_1_212' title='bbox 332 1491 534 1532; x_wconf 91' lang='lat' dir='ltr'><strong><em>introspicere</em></strong></span> <span class='ocrx_word' id='word_1_213' title='bbox 563 1493 670 1522; x_wconf 92' lang='lat' dir='ltr'><strong><em>Deum</em></strong></span> <span class='ocrx_word' id='word_1_214' title='bbox 701 1499 814 1532; x_wconf 87' lang='lat' dir='ltr'><strong><em>potest.</em></strong></span> <span class='ocrx_word' id='word_1_215' title='bbox 839 1492 986 1523; x_wconf 88' lang='lat' dir='ltr'><strong><em>Thomae</em></strong></span> <span class='ocrx_word' id='word_1_216' title='bbox 1014 1494 1120 1534; x_wconf 85' lang='lat' dir='ltr'><strong><em>accipe</em></strong></span> <span class='ocrx_word' id='word_1_217' title='bbox 1143 1496 1238 1526; x_wconf 89' lang='lat' dir='ltr'><strong><em>verba</em></strong></span> 
     </span>
     <span class='ocr_line' id='line_1_29' title="bbox 163 1534 1236 1581; baseline 0.004 -16"><span class='ocrx_word' id='word_1_218' title='bbox 163 1534 298 1565; x_wconf 86' lang='lat' dir='ltr'><strong><em>ibidem:</em></strong></span> <span class='ocrx_word' id='word_1_219' title='bbox 326 1536 498 1577; x_wconf 89' lang='lat' dir='ltr'><strong><em>Cognoscit</em></strong></span> <span class='ocrx_word' id='word_1_220' title='bbox 520 1537 645 1577; x_wconf 88' lang='lat' dir='ltr'><strong><em>quidem</em></strong></span> <span class='ocrx_word' id='word_1_221' title='bbox 668 1537 815 1578; x_wconf 86' lang='lat' dir='ltr'><strong><em>Angelus</em></strong></span> <span class='ocrx_word' id='word_1_222' title='bbox 833 1537 939 1567; x_wconf 90' lang='lat' dir='ltr'><strong><em>Deum</em></strong></span> <span class='ocrx_word' id='word_1_223' title='bbox 959 1546 1001 1567; x_wconf 87' lang='lat' dir='ltr'><strong><em>ex</em></strong></span> <span class='ocrx_word' id='word_1_224' title='bbox 1022 1538 1171 1569; x_wconf 87' lang='lat' dir='ltr'><strong><em>nobiliori</em></strong></span> <span class='ocrx_word' id='word_1_225' title='bbox 1189 1539 1236 1581; x_wconf 69' lang='lat' dir='ltr'><strong><em>ef-</em></strong></span> 
     </span>
     <span class='ocr_line' id='line_1_30' title="bbox 155 1579 1235 1624; baseline 0.004 -14"><span class='ocrx_word' id='word_1_226' title='bbox 155 1579 263 1620; x_wconf 89' lang='lat' dir='ltr'><strong><em>fectu,</em></strong></span> <span class='ocrx_word' id='word_1_227' title='bbox 280 1590 376 1620; x_wconf 89' lang='lat' dir='ltr'><strong><em>quam</em></strong></span> <span class='ocrx_word' id='word_1_228' title='bbox 391 1581 499 1618; x_wconf 91' lang='lat' dir='ltr'><strong><em>homo,</em></strong></span> <span class='ocrx_word' id='word_1_229' title='bbox 515 1586 635 1621; x_wconf 89' lang='lat' dir='ltr'><strong><em>quanto</em></strong></span> <span class='ocrx_word' id='word_1_230' title='bbox 649 1582 718 1621; x_wconf 91' lang='lat' dir='ltr'><strong><em>ipsa</em></strong></span> <span class='ocrx_word' id='word_1_231' title='bbox 732 1581 910 1612; x_wconf 88' lang='lat' dir='ltr'><strong><em>substantia</em></strong></span> <span class='ocrx_word' id='word_1_232' title='bbox 922 1582 1052 1622; x_wconf 88' lang='lat' dir='ltr'><strong><em>Angeli,</em></strong></span> <span class='ocrx_word' id='word_1_233' title='bbox 1062 1593 1127 1623; x_wconf 87' lang='lat' dir='ltr'><strong><em>per</em></strong></span> <span class='ocrx_word' id='word_1_234' title='bbox 1140 1593 1235 1624; x_wconf 89' lang='lat' dir='ltr'><strong><em>quam</em></strong></span> 
     </span>
     <span class='ocr_line' id='line_1_31' title="bbox 165 1625 1238 1668; baseline 0.004 -13"><span class='ocrx_word' id='word_1_235' title='bbox 165 1625 198 1654; x_wconf 94' lang='lat' dir='ltr'><strong><em>in</em></strong></span> <span class='ocrx_word' id='word_1_236' title='bbox 214 1625 278 1655; x_wconf 89' lang='lat' dir='ltr'><strong><em>Dei</em></strong></span> <span class='ocrx_word' id='word_1_237' title='bbox 293 1626 505 1666; x_wconf 87' lang='lat' dir='ltr'><strong><em>cognitionem</em></strong></span> <span class='ocrx_word' id='word_1_238' title='bbox 521 1626 653 1656; x_wconf 86' lang='lat' dir='ltr'><strong><em>ducitur</em></strong></span> <span class='ocrx_word' id='word_1_239' title='bbox 668 1626 814 1656; x_wconf 89' lang='lat' dir='ltr'><strong><em>naturali</em></strong></span> <span class='ocrx_word' id='word_1_240' title='bbox 829 1626 1021 1666; x_wconf 81' lang='lat' dir='ltr'><strong><em>cognitione,</em></strong></span> <span class='ocrx_word' id='word_1_241' title='bbox 1043 1632 1090 1657; x_wconf 90' lang='lat' dir='ltr'><strong><em>est</em></strong></span> <span class='ocrx_word' id='word_1_242' title='bbox 1104 1627 1238 1668; x_wconf 82' lang='lat' dir='ltr'><strong><em>dignior</em></strong></span> 
     </span>
     <span class='ocr_line' id='line_1_32' title="bbox 164 1669 1232 1711; baseline 0.004 -12"><span class='ocrx_word' id='word_1_243' title='bbox 164 1669 260 1700; x_wconf 89' lang='lat' dir='ltr'><strong><em>rebus</em></strong></span> <span class='ocrx_word' id='word_1_244' title='bbox 282 1670 491 1707; x_wconf 87' lang='lat' dir='ltr'><strong><em>sensibilibus,</em></strong></span> <span class='ocrx_word' id='word_1_245' title='bbox 520 1676 550 1701; x_wconf 91' lang='lat' dir='ltr'><strong><em>et</em></strong></span> <span class='ocrx_word' id='word_1_246' title='bbox 573 1671 667 1700; x_wconf 90' lang='lat' dir='ltr'><strong><em>etiam</em></strong></span> <span class='ocrx_word' id='word_1_247' title='bbox 697 1671 766 1710; x_wconf 89' lang='lat' dir='ltr'><strong><em>ipsa</em></strong></span> <span class='ocrx_word' id='word_1_248' title='bbox 790 1671 912 1707; x_wconf 89' lang='lat' dir='ltr'><strong><em>anima,</em></strong></span> <span class='ocrx_word' id='word_1_249' title='bbox 932 1680 996 1710; x_wconf 88' lang='lat' dir='ltr'><strong><em>per</em></strong></span> <span class='ocrx_word' id='word_1_250' title='bbox 1018 1680 1115 1711; x_wconf 88' lang='lat' dir='ltr'><strong><em>quam</em></strong></span> <span class='ocrx_word' id='word_1_251' title='bbox 1140 1673 1232 1703; x_wconf 90' lang='lat' dir='ltr'><strong><em>intel-</em></strong></span> 
     </span>
     <span class='ocr_line' id='line_1_33' title="bbox 164 1713 1235 1755; baseline 0.004 -11"><span class='ocrx_word' id='word_1_252' title='bbox 164 1713 265 1745; x_wconf 91' lang='lat' dir='ltr'><strong><em>lectus</em></strong></span> <span class='ocrx_word' id='word_1_253' title='bbox 282 1714 443 1745; x_wconf 89' lang='lat' dir='ltr'><strong><em>humanus</em></strong></span> <span class='ocrx_word' id='word_1_254' title='bbox 462 1715 494 1744; x_wconf 92' lang='lat' dir='ltr'><strong><em>in</em></strong></span> <span class='ocrx_word' id='word_1_255' title='bbox 514 1716 577 1746; x_wconf 87' lang='lat' dir='ltr'><strong><em>Dei</em></strong></span> <span class='ocrx_word' id='word_1_256' title='bbox 592 1715 805 1755; x_wconf 87' lang='lat' dir='ltr'><strong><em>cognitionem</em></strong></span> <span class='ocrx_word' id='word_1_257' title='bbox 822 1715 975 1745; x_wconf 89' lang='lat' dir='ltr'><strong><em>ascendit.</em></strong></span> <span class='ocrx_word' id='word_1_258' title='bbox 988 1737 1014 1745; x_wconf 88' lang='lat'><strong><em>..</em></strong></span> <span class='ocrx_word' id='word_1_259' title='bbox 1034 1716 1108 1746; x_wconf 91' lang='lat' dir='ltr'><strong><em>Non</em></strong></span> <span class='ocrx_word' id='word_1_260' title='bbox 1128 1722 1235 1748; x_wconf 88' lang='lat' dir='ltr'><strong><em>autem</em></strong></span> 
     </span>
     <span class='ocr_line' id='line_1_34' title="bbox 165 1758 1237 1800; baseline 0.003 -11"><span class='ocrx_word' id='word_1_261' title='bbox 165 1760 310 1789; x_wconf 90' lang='lat' dir='ltr'><strong><em>naturali</em></strong></span> <span class='ocrx_word' id='word_1_262' title='bbox 340 1760 522 1800; x_wconf 84' lang='lat' dir='ltr'><strong><em>cognitione</em></strong></span> <span class='ocrx_word' id='word_1_263' title='bbox 544 1759 694 1800; x_wconf 84' lang='lat' dir='ltr'><strong><em>Angelus</em></strong></span> <span class='ocrx_word' id='word_1_264' title='bbox 720 1758 760 1789; x_wconf 88' lang='lat' dir='ltr'><strong><em>de</em></strong></span> <span class='ocrx_word' id='word_1_265' title='bbox 782 1759 852 1789; x_wconf 88' lang='lat' dir='ltr'><strong><em>Deo</em></strong></span> <span class='ocrx_word' id='word_1_266' title='bbox 881 1761 1046 1800; x_wconf 85' lang='lat' dir='ltr'><strong><em>cognoscit</em></strong></span> <span class='ocrx_word' id='word_1_267' title='bbox 1071 1761 1150 1800; x_wconf 87' lang='lat' dir='ltr'><strong><em>quid</em></strong></span> <span class='ocrx_word' id='word_1_268' title='bbox 1172 1767 1237 1800; x_wconf 87' lang='lat' dir='ltr'><strong><em>est;</em></strong></span> 
     </span>
     <span class='ocr_line' id='line_1_35' title="bbox 163 1804 1235 1847; baseline 0.003 -14"><span class='ocrx_word' id='word_1_269' title='bbox 163 1805 238 1844; x_wconf 87' lang='lat' dir='ltr'><strong><em>quia</em></strong></span> <span class='ocrx_word' id='word_1_270' title='bbox 262 1809 293 1834; x_wconf 91' lang='lat' dir='ltr'><strong><em>et</em></strong></span> <span class='ocrx_word' id='word_1_271' title='bbox 320 1805 388 1844; x_wconf 89' lang='lat' dir='ltr'><strong><em>ipsa</em></strong></span> <span class='ocrx_word' id='word_1_272' title='bbox 411 1804 589 1835; x_wconf 90' lang='lat' dir='ltr'><strong><em>substantia</em></strong></span> <span class='ocrx_word' id='word_1_273' title='bbox 617 1804 748 1845; x_wconf 88' lang='lat' dir='ltr'><strong><em>Angeli,</em></strong></span> <span class='ocrx_word' id='word_1_274' title='bbox 766 1813 831 1843; x_wconf 92' lang='lat' dir='ltr'><strong><em>per</em></strong></span> <span class='ocrx_word' id='word_1_275' title='bbox 857 1813 953 1843; x_wconf 88' lang='lat' dir='ltr'><strong><em>quam</em></strong></span> <span class='ocrx_word' id='word_1_276' title='bbox 978 1805 1011 1834; x_wconf 91' lang='lat' dir='ltr'><strong><em>in</em></strong></span> <span class='ocrx_word' id='word_1_277' title='bbox 1038 1805 1102 1835; x_wconf 86' lang='lat' dir='ltr'><strong><em>Dei</em></strong></span> <span class='ocrx_word' id='word_1_278' title='bbox 1125 1807 1235 1847; x_wconf 90' lang='lat' dir='ltr'><strong><em>cogni-</em></strong></span> 
     </span>
     <span class='ocr_line' id='line_1_36' title="bbox 163 1848 1234 1890; baseline 0.002 -11"><span class='ocrx_word' id='word_1_279' title='bbox 163 1850 278 1879; x_wconf 87' lang='lat' dir='ltr'><strong><em>tionem</em></strong></span> <span class='ocrx_word' id='word_1_280' title='bbox 293 1848 434 1886; x_wconf 85' lang='lat' dir='ltr'><strong><em>ducitur,</em></strong></span> <span class='ocrx_word' id='word_1_281' title='bbox 452 1854 499 1879; x_wconf 88' lang='lat' dir='ltr'><strong><em>est</em></strong></span> <span class='ocrx_word' id='word_1_282' title='bbox 513 1848 645 1889; x_wconf 89' lang='lat' dir='ltr'><strong><em>effectus</em></strong></span> <span class='ocrx_word' id='word_1_283' title='bbox 659 1857 778 1879; x_wconf 87' lang='lat' dir='ltr'><strong><em>causae</em></strong></span> <span class='ocrx_word' id='word_1_284' title='bbox 793 1848 942 1878; x_wconf 79' lang='lat' dir='ltr'><strong><em>virtutem</em></strong></span> <span class='ocrx_word' id='word_1_285' title='bbox 958 1858 1021 1879; x_wconf 90' lang='lat' dir='ltr'><strong><em>non</em></strong></span> <span class='ocrx_word' id='word_1_286' title='bbox 1037 1849 1234 1890; x_wconf 87' lang='lat' dir='ltr'><strong><em>adaequans.</em></strong></span> 
     </span>
     <span class='ocr_line' id='line_1_37' title="bbox 163 1891 1235 1933; baseline 0.002 -10"><span class='ocrx_word' id='word_1_287' title='bbox 163 1893 380 1924; x_wconf 86' lang='lat' dir='ltr'><strong><em>Certissimam</em></strong></span> <span class='ocrx_word' id='word_1_288' title='bbox 409 1893 525 1924; x_wconf 86' lang='lat' dir='ltr'><strong><em>thesim</em></strong></span> <span class='ocrx_word' id='word_1_289' title='bbox 554 1893 587 1923; x_wconf 90' lang='lat' dir='ltr'><strong><em>in</em></strong></span> <span class='ocrx_word' id='word_1_290' title='bbox 610 1893 736 1933; x_wconf 86' lang='lat' dir='ltr'><strong><em>Angelo</em></strong></span> <span class='ocrx_word' id='word_1_291' title='bbox 767 1898 797 1922; x_wconf 92' lang='lat' dir='ltr'><strong><em>et</em></strong></span> <span class='ocrx_word' id='word_1_292' title='bbox 825 1891 858 1922; x_wconf 92' lang='lat' dir='ltr'><strong><em>in</em></strong></span> <span class='ocrx_word' id='word_1_293' title='bbox 882 1891 1013 1923; x_wconf 89' lang='lat' dir='ltr'><strong><em>homine</em></strong></span> <span class='ocrx_word' id='word_1_294' title='bbox 1044 1893 1111 1924; x_wconf 90' lang='lat' dir='ltr'><strong><em>aliis</em></strong></span> <span class='ocrx_word' id='word_1_295' title='bbox 1134 1895 1235 1925; x_wconf 89' lang='lat' dir='ltr'><strong><em>verbis</em></strong></span> 
     </span>
     <span class='ocr_line' id='line_1_38' title="bbox 162 1936 1234 1979; baseline 0.002 -11"><span class='ocrx_word' id='word_1_296' title='bbox 162 1938 306 1968; x_wconf 88' lang='lat' dir='ltr'><strong><em>Thomas</em></strong></span> <span class='ocrx_word' id='word_1_297' title='bbox 333 1938 466 1969; x_wconf 87' lang='lat' dir='ltr'><strong><em>illustrat</em></strong></span> <span class='ocrx_word' id='word_1_298' title='bbox 490 1937 604 1968; x_wconf 89' lang='lat' dir='ltr'><strong><em>eodem</em></strong></span> <span class='ocrx_word' id='word_1_299' title='bbox 626 1936 660 1968; x_wconf 93' lang='lat' dir='ltr'><strong><em>in</em></strong></span> <span class='ocrx_word' id='word_1_300' title='bbox 686 1937 767 1967; x_wconf 91' lang='lat' dir='ltr'><strong><em>libro</em></strong></span> <span class='ocrx_word' id='word_1_301' title='bbox 797 1936 898 1977; x_wconf 87' lang='lat' dir='ltr'><strong><em>capite</em></strong></span> <span class='ocrx_word' id='word_1_302' title='bbox 925 1945 996 1967; x_wconf 84' lang='lat' dir='ltr'><strong><em>vm:</em></strong></span> <span class='ocrx_word' id='word_1_303' title='bbox 1019 1938 1084 1969; x_wconf 91' lang='lat' dir='ltr'><strong><em>Res</em></strong></span> <span class='ocrx_word' id='word_1_304' title='bbox 1107 1939 1234 1979; x_wconf 86' lang='lat' dir='ltr'><strong><em>quidem</em></strong></span> 
     </span>
     <span class='ocr_line' id='line_1_39' title="bbox 162 1979 1236 2025; baseline 0.001 -12"><span class='ocrx_word' id='word_1_305' title='bbox 162 1983 325 2013; x_wconf 87' lang='lat' dir='ltr'><strong><em>sensibiles</em></strong></span> <span class='ocrx_word' id='word_1_306' title='bbox 348 1980 399 2025; x_wconf 91' lang='lat' dir='ltr'><strong><em>(et</em></strong></span> <span class='ocrx_word' id='word_1_307' title='bbox 422 1981 561 2025; x_wconf 88' lang='lat' dir='ltr'><strong><em>creatae)</em></strong></span> <span class='ocrx_word' id='word_1_308' title='bbox 592 1991 634 2012; x_wconf 87' lang='lat' dir='ltr'><strong><em>ex</em></strong></span> <span class='ocrx_word' id='word_1_309' title='bbox 660 1981 774 2023; x_wconf 87' lang='lat' dir='ltr'><strong><em>quibus</em></strong></span> <span class='ocrx_word' id='word_1_310' title='bbox 807 1981 949 2011; x_wconf 90' lang='lat' dir='ltr'><strong><em>humana</em></strong></span> <span class='ocrx_word' id='word_1_311' title='bbox 978 1979 1024 2023; x_wconf 90' lang='lat' dir='ltr'><strong><em>(et</em></strong></span> <span class='ocrx_word' id='word_1_312' title='bbox 1051 1982 1111 2013; x_wconf 84' lang='lat' dir='ltr'><strong><em>alia</em></strong></span> <span class='ocrx_word' id='word_1_313' title='bbox 1135 1990 1236 2014; x_wconf 89' lang='lat' dir='ltr'><strong><em>creata</em></strong></span> 
     </span>
     <span class='ocr_line' id='line_1_40' title="bbox 163 2026 1236 2071; baseline 0.001 -13"><span class='ocrx_word' id='word_1_314' title='bbox 163 2027 404 2071; x_wconf 87' lang='lat' dir='ltr'><strong><em>quaecumque)</em></strong></span> <span class='ocrx_word' id='word_1_315' title='bbox 424 2029 508 2059; x_wconf 87' lang='lat' dir='ltr'><strong><em>ratio</em></strong></span> <span class='ocrx_word' id='word_1_316' title='bbox 527 2027 720 2068; x_wconf 84' lang='lat' dir='ltr'><strong><em>cognitionis</em></strong></span> <span class='ocrx_word' id='word_1_317' title='bbox 733 2026 931 2066; x_wconf 88' lang='lat' dir='ltr'><strong><em>principium</em></strong></span> <span class='ocrx_word' id='word_1_318' title='bbox 955 2027 1068 2064; x_wconf 90' lang='lat' dir='ltr'><strong><em>sumit,</em></strong></span> <span class='ocrx_word' id='word_1_319' title='bbox 1093 2027 1236 2068; x_wconf 81' lang='lat' dir='ltr'><strong><em>aliquale</em></strong></span> 
     </span>
     <span class='ocr_line' id='line_1_41' title="bbox 162 2070 1234 2114; baseline 0 -11"><span class='ocrx_word' id='word_1_320' title='bbox 162 2073 332 2114; x_wconf 74' lang='lat' dir='ltr'><strong><em>vestigium</em></strong></span> <span class='ocrx_word' id='word_1_321' title='bbox 348 2074 380 2103; x_wconf 90' lang='lat' dir='ltr'><strong><em>in</em></strong></span> <span class='ocrx_word' id='word_1_322' title='bbox 403 2082 438 2103; x_wconf 90' lang='lat' dir='ltr'><strong><em>se</em></strong></span> <span class='ocrx_word' id='word_1_323' title='bbox 460 2073 590 2103; x_wconf 78' lang='lat' dir='ltr'><strong><em>divinae</em></strong></span> <span class='ocrx_word' id='word_1_324' title='bbox 604 2071 790 2102; x_wconf 86' lang='lat' dir='ltr'><strong><em>imitationis</em></strong></span> <span class='ocrx_word' id='word_1_325' title='bbox 804 2071 958 2108; x_wconf 83' lang='lat' dir='ltr'><strong><em>retinent,</em></strong></span> <span class='ocrx_word' id='word_1_326' title='bbox 985 2070 1131 2102; x_wconf 81' lang='lat' dir='ltr'><strong><em>videlicet</em></strong></span> <span class='ocrx_word' id='word_1_327' title='bbox 1148 2073 1234 2112; x_wconf 87' lang='lat' dir='ltr'><strong><em>quod</em></strong></span> 
     </span>
     <span class='ocr_line' id='line_1_42' title="bbox 160 2113 1233 2155; baseline 0 -8"><span class='ocrx_word' id='word_1_328' title='bbox 160 2122 237 2147; x_wconf 89' lang='lat' dir='ltr'><strong><em>sunt</em></strong></span> <span class='ocrx_word' id='word_1_329' title='bbox 251 2123 281 2148; x_wconf 90' lang='lat' dir='ltr'><strong><em>et</em></strong></span> <span class='ocrx_word' id='word_1_330' title='bbox 296 2118 397 2148; x_wconf 90' lang='lat' dir='ltr'><strong><em>bonae</em></strong></span> <span class='ocrx_word' id='word_1_331' title='bbox 414 2122 507 2148; x_wconf 88' lang='lat' dir='ltr'><strong><em>sunt:</em></strong></span> <span class='ocrx_word' id='word_1_332' title='bbox 525 2117 569 2147; x_wconf 92' lang='lat' dir='ltr'><strong><em>ita</em></strong></span> <span class='ocrx_word' id='word_1_333' title='bbox 585 2121 691 2146; x_wconf 87' lang='lat' dir='ltr'><strong><em>tamen</em></strong></span> <span class='ocrx_word' id='word_1_334' title='bbox 712 2113 945 2155; x_wconf 78' lang='lat' dir='ltr'><strong><em>imperfectum,</em></strong></span> <span class='ocrx_word' id='word_1_335' title='bbox 962 2115 1048 2155; x_wconf 88' lang='lat' dir='ltr'><strong><em>quod</em></strong></span> <span class='ocrx_word' id='word_1_336' title='bbox 1066 2116 1109 2146; x_wconf 91' lang='lat' dir='ltr'><strong><em>ad</em></strong></span> <span class='ocrx_word' id='word_1_337' title='bbox 1126 2116 1233 2147; x_wconf 88' lang='lat' dir='ltr'><strong><em>decla-</em></strong></span> 
     </span>
     <span class='ocr_line' id='line_1_43' title="bbox 162 2159 1232 2202; baseline 0.002 -12"><span class='ocrx_word' id='word_1_338' title='bbox 162 2161 299 2192; x_wconf 86' lang='lat' dir='ltr'><strong><em>randam</em></strong></span> <span class='ocrx_word' id='word_1_339' title='bbox 320 2162 420 2202; x_wconf 87' lang='lat' dir='ltr'><strong><em>ipsius</em></strong></span> <span class='ocrx_word' id='word_1_340' title='bbox 433 2161 496 2191; x_wconf 92' lang='lat' dir='ltr'><strong><em>Dei</em></strong></span> <span class='ocrx_word' id='word_1_341' title='bbox 513 2160 724 2191; x_wconf 88' lang='lat' dir='ltr'><strong><em>substantiam</em></strong></span> <span class='ocrx_word' id='word_1_342' title='bbox 744 2160 873 2189; x_wconf 87' lang='lat' dir='ltr'><strong><em>omnino</em></strong></span> <span class='ocrx_word' id='word_1_343' title='bbox 893 2159 1094 2200; x_wconf 86' lang='lat' dir='ltr'><strong><em>insufficiens</em></strong></span> <span class='ocrx_word' id='word_1_344' title='bbox 1112 2161 1232 2192; x_wconf 83' lang='lat' dir='ltr'><strong><em>inveni-</em></strong></span> 
     </span>
     <span class='ocr_line' id='line_1_44' title="bbox 161 2204 1233 2246; baseline 0 -10"><span class='ocrx_word' id='word_1_345' title='bbox 161 2210 224 2236; x_wconf 89' lang='lat' dir='ltr'><strong><em>tur.</em></strong></span> <span class='ocrx_word' id='word_1_346' title='bbox 257 2205 389 2236; x_wconf 89' lang='lat' dir='ltr'><strong><em>Habent</em></strong></span> <span class='ocrx_word' id='word_1_347' title='bbox 412 2206 495 2236; x_wconf 85' lang='lat' dir='ltr'><strong><em>enim</em></strong></span> <span class='ocrx_word' id='word_1_348' title='bbox 524 2204 657 2246; x_wconf 86' lang='lat' dir='ltr'><strong><em>effectus</em></strong></span> <span class='ocrx_word' id='word_1_349' title='bbox 685 2213 820 2234; x_wconf 89' lang='lat' dir='ltr'><strong><em>suarum</em></strong></span> <span class='ocrx_word' id='word_1_350' title='bbox 849 2213 1023 2234; x_wconf 88' lang='lat' dir='ltr'><strong><em>causarum</em></strong></span> <span class='ocrx_word' id='word_1_351' title='bbox 1051 2214 1111 2235; x_wconf 87' lang='lat' dir='ltr'><strong><em>suo</em></strong></span> <span class='ocrx_word' id='word_1_352' title='bbox 1126 2205 1233 2237; x_wconf 61' lang='lat' dir='ltr'><strong><em>&gt;modo</em></strong></span> 
     </span>
     <span class='ocr_line' id='line_1_45' title="bbox 160 2247 1231 2290; baseline 0.001 -10"><span class='ocrx_word' id='word_1_353' title='bbox 160 2251 420 2288; x_wconf 86' lang='lat' dir='ltr'><strong><em>similitudinem,</em></strong></span> <span class='ocrx_word' id='word_1_354' title='bbox 453 2260 524 2280; x_wconf 89' lang='lat' dir='ltr'><strong><em>cum</em></strong></span> <span class='ocrx_word' id='word_1_355' title='bbox 556 2258 660 2290; x_wconf 85' lang='lat' dir='ltr'><strong><em>agens</em></strong></span> <span class='ocrx_word' id='word_1_356' title='bbox 688 2253 769 2289; x_wconf 87' lang='lat' dir='ltr'><strong><em>agat</em></strong></span> <span class='ocrx_word' id='word_1_357' title='bbox 797 2247 858 2279; x_wconf 90' lang='lat' dir='ltr'><strong><em>sibi</em></strong></span> <span class='ocrx_word' id='word_1_358' title='bbox 883 2248 1009 2279; x_wconf 84' lang='lat' dir='ltr'><strong><em>simile:</em></strong></span> <span class='ocrx_word' id='word_1_359' title='bbox 1032 2258 1095 2279; x_wconf 92' lang='lat' dir='ltr'><strong><em>non</em></strong></span> <span class='ocrx_word' id='word_1_360' title='bbox 1125 2255 1231 2281; x_wconf 90' lang='lat' dir='ltr'><strong><em>tamen</em></strong></span> 
     </span>
     <span class='ocr_line' id='line_1_46' title="bbox 161 2292 1230 2335; baseline 0 -10"><span class='ocrx_word' id='word_1_361' title='bbox 161 2294 292 2335; x_wconf 89' lang='lat' dir='ltr'><strong><em>effectus</em></strong></span> <span class='ocrx_word' id='word_1_362' title='bbox 310 2295 354 2325; x_wconf 89' lang='lat' dir='ltr'><strong><em>ad</em></strong></span> <span class='ocrx_word' id='word_1_363' title='bbox 366 2294 547 2335; x_wconf 72' lang='lat' dir='ltr'><strong><em>perfectam</em></strong></span> <span class='ocrx_word' id='word_1_364' title='bbox 562 2294 691 2334; x_wconf 88' lang='lat' dir='ltr'><strong><em>agentis</em></strong></span> <span class='ocrx_word' id='word_1_365' title='bbox 708 2292 950 2323; x_wconf 85' lang='lat' dir='ltr'><strong><em>similitudinem</em></strong></span> <span class='ocrx_word' id='word_1_366' title='bbox 969 2302 1096 2333; x_wconf 89' lang='lat' dir='ltr'><strong><em>semper</em></strong></span> <span class='ocrx_word' id='word_1_367' title='bbox 1105 2295 1230 2334; x_wconf 87' lang='lat' dir='ltr'><strong><em>pertin-</em></strong></span> 
     </span>
     <span class='ocr_line' id='line_1_47' title="bbox 159 2336 1230 2380; baseline 0.002 -12"><span class='ocrx_word' id='word_1_368' title='bbox 159 2340 218 2380; x_wconf 87' lang='lat' dir='ltr'><strong><em>git.</em></strong></span> <span class='ocrx_word' id='word_1_369' title='bbox 242 2339 400 2369; x_wconf 91' lang='lat' dir='ltr'><strong><em>Humana</em></strong></span> <span class='ocrx_word' id='word_1_370' title='bbox 424 2340 527 2380; x_wconf 85' lang='lat' dir='ltr'><strong><em>igitur</em></strong></span> <span class='ocrx_word' id='word_1_371' title='bbox 543 2336 588 2380; x_wconf 91' lang='lat' dir='ltr'><strong><em>(et</em></strong></span> <span class='ocrx_word' id='word_1_372' title='bbox 607 2336 722 2380; x_wconf 89' lang='lat' dir='ltr'><strong><em>creata)</em></strong></span> <span class='ocrx_word' id='word_1_373' title='bbox 742 2338 838 2374; x_wconf 89' lang='lat' dir='ltr'><strong><em>ratio,</em></strong></span> <span class='ocrx_word' id='word_1_374' title='bbox 862 2338 908 2367; x_wconf 85' lang='lat' dir='ltr'><strong><em>ad</em></strong></span> <span class='ocrx_word' id='word_1_375' title='bbox 925 2338 1230 2378; x_wconf 85' lang='lat' dir='ltr'><strong><em>cognoscendum...</em></strong></span> 
     </span>
     <span class='ocr_line' id='line_1_48' title="bbox 160 2381 1232 2423; baseline 0.001 -10"><span class='ocrx_word' id='word_1_376' title='bbox 160 2383 300 2414; x_wconf 88' lang='lat' dir='ltr'><strong><em>divinam</em></strong></span> <span class='ocrx_word' id='word_1_377' title='bbox 324 2383 531 2414; x_wconf 84' lang='lat' dir='ltr'><strong><em>substantiam</em></strong></span> <span class='ocrx_word' id='word_1_378' title='bbox 562 2383 606 2413; x_wconf 87' lang='lat' dir='ltr'><strong><em>ita</em></strong></span> <span class='ocrx_word' id='word_1_379' title='bbox 634 2392 669 2413; x_wconf 91' lang='lat' dir='ltr'><strong><em>se</em></strong></span> <span class='ocrx_word' id='word_1_380' title='bbox 699 2381 813 2419; x_wconf 90' lang='lat' dir='ltr'><strong><em>habet,</em></strong></span> <span class='ocrx_word' id='word_1_381' title='bbox 844 2381 930 2422; x_wconf 86' lang='lat' dir='ltr'><strong><em>quod</em></strong></span> <span class='ocrx_word' id='word_1_382' title='bbox 959 2381 1003 2412; x_wconf 88' lang='lat' dir='ltr'><strong><em>ad</em></strong></span> <span class='ocrx_word' id='word_1_383' title='bbox 1031 2391 1101 2412; x_wconf 88' lang='lat' dir='ltr'><strong><em>eam</em></strong></span> <span class='ocrx_word' id='word_1_384' title='bbox 1124 2388 1232 2423; x_wconf 89' lang='lat' dir='ltr'><strong><em>potest</em></strong></span> 
     </span>
     <span class='ocr_line' id='line_1_49' title="bbox 161 2427 1231 2469; baseline 0 -11"><span class='ocrx_word' id='word_1_385' title='bbox 161 2428 287 2468; x_wconf 88' lang='lat' dir='ltr'><strong><em>aliquas</em></strong></span> <span class='ocrx_word' id='word_1_386' title='bbox 304 2437 398 2458; x_wconf 85' lang='lat' dir='ltr'><strong><em>veras</em></strong></span> <span class='ocrx_word' id='word_1_387' title='bbox 412 2427 636 2458; x_wconf 85' lang='lat' dir='ltr'><strong><em>similitudines</em></strong></span> <span class='ocrx_word' id='word_1_388' title='bbox 651 2427 826 2467; x_wconf 86' lang='lat' dir='ltr'><strong><em>colligere:</em></strong></span> <span class='ocrx_word' id='word_1_389' title='bbox 839 2435 922 2466; x_wconf 87' lang='lat' dir='ltr'><strong><em>quae</em></strong></span> <span class='ocrx_word' id='word_1_390' title='bbox 936 2431 1043 2456; x_wconf 89' lang='lat' dir='ltr'><strong><em>tamen</em></strong></span> <span class='ocrx_word' id='word_1_391' title='bbox 1060 2437 1124 2457; x_wconf 92' lang='lat' dir='ltr'><strong><em>non</em></strong></span> <span class='ocrx_word' id='word_1_392' title='bbox 1137 2427 1231 2469; x_wconf 85' lang='lat' dir='ltr'><strong><em>suffi-</em></strong></span> 
     </span>
     <span class='ocr_line' id='line_1_50' title="bbox 161 2471 1232 2512; baseline 0.001 -10"><span class='ocrx_word' id='word_1_393' title='bbox 161 2473 250 2503; x_wconf 89' lang='lat' dir='ltr'><strong><em>ciunt</em></strong></span> <span class='ocrx_word' id='word_1_394' title='bbox 272 2472 316 2502; x_wconf 88' lang='lat' dir='ltr'><strong><em>ad</em></strong></span> <span class='ocrx_word' id='word_1_395' title='bbox 337 2473 442 2503; x_wconf 88' lang='lat' dir='ltr'><strong><em>hoc...</em></strong></span> <span class='ocrx_word' id='word_1_396' title='bbox 469 2471 602 2512; x_wconf 88' lang='lat' dir='ltr'><strong><em>quod...</em></strong></span> <span class='ocrx_word' id='word_1_397' title='bbox 622 2481 685 2511; x_wconf 87' lang='lat' dir='ltr'><strong><em>per</em></strong></span> <span class='ocrx_word' id='word_1_398' title='bbox 702 2480 737 2501; x_wconf 91' lang='lat' dir='ltr'><strong><em>se</em></strong></span> <span class='ocrx_word' id='word_1_399' title='bbox 756 2471 915 2502; x_wconf 88' lang='lat' dir='ltr'><strong><em>intellecta</em></strong></span> <span class='ocrx_word' id='word_1_400' title='bbox 942 2471 1232 2511; x_wconf 81' lang='lat' dir='ltr'><strong><em>comprehendatur</em></strong></span> 
     </span>
     <span class='ocr_line' id='line_1_51' title="bbox 160 2515 829 2557; baseline -0.003 -10"><span class='ocrx_word' id='word_1_401' title='bbox 160 2522 219 2547; x_wconf 89' lang='lat' dir='ltr'><strong><em>aut</em></strong></span> <span class='ocrx_word' id='word_1_402' title='bbox 231 2517 433 2557; x_wconf 87' lang='lat' dir='ltr'><strong><em>percipiatur</em></strong></span> <span class='ocrx_word' id='word_1_403' title='bbox 456 2515 634 2547; x_wconf 87' lang='lat' dir='ltr'><strong><em>cuiusmodi</em></strong></span> <span class='ocrx_word' id='word_1_404' title='bbox 657 2520 703 2546; x_wconf 90' lang='lat' dir='ltr'><strong><em>est</em></strong></span> <span class='ocrx_word' id='word_1_405' title='bbox 726 2515 758 2545; x_wconf 90' lang='lat' dir='ltr'><strong><em>in</em></strong></span> <span class='ocrx_word' id='word_1_406' title='bbox 784 2524 829 2545; x_wconf 90' lang='lat' dir='ltr'><strong><em>se.</em></strong></span> 
     </span>
    </p>

    <p class='ocr_par' dir='ltr' id='par_1_4' title="bbox 178 2558 1231 2601">
     <span class='ocr_line' id='line_1_52' title="bbox 178 2558 1231 2601; baseline 0 -10"><span class='ocrx_word' id='word_1_407' title='bbox 178 2583 182 2586; x_wconf 35' lang='lat' dir='ltr'>v</span> <span class='ocrx_word' id='word_1_408' title='bbox 227 2561 315 2591; x_wconf 88' lang='lat' dir='ltr'><strong><em>Ideas</em></strong></span> <span class='ocrx_word' id='word_1_409' title='bbox 338 2561 459 2591; x_wconf 89' lang='lat' dir='ltr'><strong><em>innatas</em></strong></span> <span class='ocrx_word' id='word_1_410' title='bbox 482 2560 599 2590; x_wconf 85' lang='lat' dir='ltr'><strong><em>invexit</em></strong></span> <span class='ocrx_word' id='word_1_411' title='bbox 617 2559 695 2590; x_wconf 91' lang='lat' dir='ltr'><strong><em>olim</em></strong></span> <span class='ocrx_word' id='word_1_412' title='bbox 714 2558 917 2599; x_wconf 80' lang='lat' dir='ltr'><strong><em>philosophia</em></strong></span> <span class='ocrx_word' id='word_1_413' title='bbox 938 2559 1112 2598; x_wconf 88' lang='lat' dir='ltr'><strong><em>Platonica,</em></strong></span> <span class='ocrx_word' id='word_1_414' title='bbox 1131 2570 1231 2601; x_wconf 85' lang='lat' dir='ltr'><strong><em>quam</em></strong></span> 
     </span>
    </p>
   </div>
   <div class='ocr_carea' id='block_1_3' title="bbox 161 2602 1246 2637">
    <p class='ocr_par' dir='ltr' id='par_1_5' title="bbox 161 2602 1246 2637">
     <span class='ocr_line' id='line_1_53' title="bbox 161 2602 1246 2637; baseline 0 -1"><span class='ocrx_word' id='word_1_415' title='bbox 161 2605 320 2637; x_wconf 90' lang='lat' dir='ltr'><strong><em>Cartesius</em></strong></span> <span class='ocrx_word' id='word_1_416' title='bbox 343 2605 476 2635; x_wconf 87' lang='lat' dir='ltr'><strong><em>demum</em></strong></span> <span class='ocrx_word' id='word_1_417' title='bbox 502 2603 695 2635; x_wconf 82' lang='lat' dir='ltr'><strong><em>instauravit.</em></strong></span> <span class='ocrx_word' id='word_1_418' title='bbox 722 2603 790 2633; x_wconf 90' lang='lat' dir='ltr'><strong><em>Imo</em></strong></span> <span class='ocrx_word' id='word_1_419' title='bbox 815 2602 983 2633; x_wconf 85' lang='lat' dir='ltr'><strong><em>essentiam</em></strong></span> <span class='ocrx_word' id='word_1_420' title='bbox 1013 2603 1153 2634; x_wconf 88' lang='lat' dir='ltr'><strong><em>divinam</em></strong></span> <span class='ocrx_word' id='word_1_421' title='bbox 1175 2605 1246 2636; x_wconf 87' lang='lat' dir='ltr'><strong><em>Ni·-</em></strong></span> 
     </span>
    </p>
   </div>
   <div class='ocr_carea' id='block_1_4' title="bbox 157 2647 1231 3356">
    <p class='ocr_par' dir='ltr' id='par_1_6' title="bbox 157 2647 1231 3356">
     <span class='ocr_line' id='line_1_54' title="bbox 160 2647 1231 2688; baseline -0.001 -7"><span class='ocrx_word' id='word_1_422' title='bbox 160 2651 269 2681; x_wconf 90' lang='lat' dir='ltr'><strong><em>colaus</em></strong></span> <span class='ocrx_word' id='word_1_423' title='bbox 297 2649 550 2680; x_wconf 88' lang='lat' dir='ltr'><strong><em>Malebranchius</em></strong></span> <span class='ocrx_word' id='word_1_424' title='bbox 587 2647 695 2678; x_wconf 79' lang='lat' dir='ltr'><strong><em>statuit</em></strong></span> <span class='ocrx_word' id='word_1_425' title='bbox 714 2670 723 2686; x_wconf 92' lang='lat'><strong><em>,</em></strong></span> <span class='ocrx_word' id='word_1_426' title='bbox 753 2657 834 2688; x_wconf 87' lang='lat' dir='ltr'><strong><em>quae</em></strong></span> <span class='ocrx_word' id='word_1_427' title='bbox 864 2647 963 2677; x_wconf 89' lang='lat' dir='ltr'><strong><em>menti</em></strong></span> <span class='ocrx_word' id='word_1_428' title='bbox 992 2654 1111 2678; x_wconf 79' lang='lat' dir='ltr'><strong><em>creatae</em></strong></span> <span class='ocrx_word' id='word_1_429' title='bbox 1141 2649 1231 2680; x_wconf 85' lang='lat' dir='ltr'><strong><em>unita</em></strong></span> 
     </span>
     <span class='ocr_line' id='line_1_55' title="bbox 159 2690 1231 2735; baseline -0.001 -10"><span class='ocrx_word' id='word_1_430' title='bbox 159 2695 296 2735; x_wconf 86' lang='lat' dir='ltr'><strong><em>seipsam</em></strong></span> <span class='ocrx_word' id='word_1_431' title='bbox 311 2700 486 2735; x_wconf 89' lang='lat' dir='ltr'><strong><em>utcumque</em></strong></span> <span class='ocrx_word' id='word_1_432' title='bbox 502 2690 688 2724; x_wconf 83' lang='lat' dir='ltr'><strong><em>intuendam</em></strong></span> <span class='ocrx_word' id='word_1_433' title='bbox 704 2691 847 2722; x_wconf 86' lang='lat' dir='ltr'><strong><em>exhibeat</em></strong></span> <span class='ocrx_word' id='word_1_434' title='bbox 874 2701 909 2721; x_wconf 84' lang='lat' dir='ltr'><strong><em>ac</em></strong></span> <span class='ocrx_word' id='word_1_435' title='bbox 928 2701 1034 2722; x_wconf 91' lang='lat' dir='ltr'><strong><em>rerum</em></strong></span> <span class='ocrx_word' id='word_1_436' title='bbox 1055 2699 1231 2724; x_wconf 88' lang='lat' dir='ltr'><strong><em>creatarum</em></strong></span> 
     </span>
     <span class='ocr_line' id='line_1_56' title="bbox 159 2733 1230 2779; baseline -0.001 -10"><span class='ocrx_word' id='word_1_437' title='bbox 159 2739 199 2770; x_wconf 91' lang='lat' dir='ltr'><strong><em>sit</em></strong></span> <span class='ocrx_word' id='word_1_438' title='bbox 222 2738 390 2779; x_wconf 86' lang='lat' dir='ltr'><strong><em>archetypa</em></strong></span> <span class='ocrx_word' id='word_1_439' title='bbox 418 2738 498 2768; x_wconf 89' lang='lat' dir='ltr'><strong><em>idea.</em></strong></span> <span class='ocrx_word' id='word_1_440' title='bbox 531 2737 615 2768; x_wconf 87' lang='lat' dir='ltr'><strong><em>Hinc</em></strong></span> <span class='ocrx_word' id='word_1_441' title='bbox 639 2736 749 2767; x_wconf 85' lang='lat' dir='ltr'><strong><em>lumen</em></strong></span> <span class='ocrx_word' id='word_1_442' title='bbox 782 2733 931 2778; x_wconf 84' lang='lat' dir='ltr'><strong><em>(reponat</em></strong></span> <span class='ocrx_word' id='word_1_443' title='bbox 959 2735 1133 2778; x_wconf 88' lang='lat' dir='ltr'><strong><em>quispiam)</em></strong></span> <span class='ocrx_word' id='word_1_444' title='bbox 1163 2747 1230 2778; x_wconf 92' lang='lat' dir='ltr'><strong><em>quo</em></strong></span> 
     </span>
     <span class='ocr_line' id='line_1_57' title="bbox 159 2779 1231 2823; baseline -0.002 -9"><span class='ocrx_word' id='word_1_445' title='bbox 159 2793 249 2814; x_wconf 91' lang='lat' dir='ltr'><strong><em>mens</em></strong></span> <span class='ocrx_word' id='word_1_446' title='bbox 273 2789 375 2814; x_wconf 88' lang='lat' dir='ltr'><strong><em>creata</em></strong></span> <span class='ocrx_word' id='word_1_447' title='bbox 394 2781 557 2823; x_wconf 86' lang='lat' dir='ltr'><strong><em>cognoscit</em></strong></span> <span class='ocrx_word' id='word_1_448' title='bbox 584 2787 639 2812; x_wconf 88' lang='lat' dir='ltr'><strong><em>aut</em></strong></span> <span class='ocrx_word' id='word_1_449' title='bbox 662 2779 852 2821; x_wconf 85' lang='lat' dir='ltr'><strong><em>cognitionis</em></strong></span> <span class='ocrx_word' id='word_1_450' title='bbox 871 2779 1065 2820; x_wconf 89' lang='lat' dir='ltr'><strong><em>principium</em></strong></span> <span class='ocrx_word' id='word_1_451' title='bbox 1087 2781 1126 2811; x_wconf 93' lang='lat' dir='ltr'><strong><em>ab</em></strong></span> <span class='ocrx_word' id='word_1_452' title='bbox 1137 2781 1231 2812; x_wconf 80' lang='lat' dir='ltr'><strong><em>hisce</em></strong></span> 
     </span>
     <span class='ocr_line' id='line_1_58' title="bbox 158 2824 1230 2862; baseline -0.002 -4"><span class='ocrx_word' id='word_1_453' title='bbox 158 2827 272 2858; x_wconf 86' lang='lat' dir='ltr'><strong><em>innatis</em></strong></span> <span class='ocrx_word' id='word_1_454' title='bbox 287 2827 364 2858; x_wconf 89' lang='lat' dir='ltr'><strong><em>ideis</em></strong></span> <span class='ocrx_word' id='word_1_455' title='bbox 387 2827 438 2857; x_wconf 88' lang='lat' dir='ltr'><strong><em>vel</em></strong></span> <span class='ocrx_word' id='word_1_456' title='bbox 461 2827 556 2858; x_wconf 82' lang='lat' dir='ltr'><strong><em>etiam</em></strong></span> <span class='ocrx_word' id='word_1_457' title='bbox 571 2826 610 2856; x_wconf 90' lang='lat' dir='ltr'><strong><em>ab</em></strong></span> <span class='ocrx_word' id='word_1_458' title='bbox 635 2824 768 2856; x_wconf 83' lang='lat' dir='ltr'><strong><em>essentia</em></strong></span> <span class='ocrx_word' id='word_1_459' title='bbox 783 2824 889 2854; x_wconf 85' lang='lat' dir='ltr'><strong><em>divina</em></strong></span> <span class='ocrx_word' id='word_1_460' title='bbox 905 2824 1090 2855; x_wconf 88' lang='lat' dir='ltr'><strong><em>desumitur.</em></strong></span> <span class='ocrx_word' id='word_1_461' title='bbox 1108 2825 1230 2862; x_wconf 87' lang='lat' dir='ltr'><strong><em>Quidni</em></strong></span> 
     </span>
     <span class='ocr_line' id='line_1_59' title="bbox 157 2868 1230 2913; baseline -0.003 -10"><span class='ocrx_word' id='word_1_462' title='bbox 157 2873 239 2903; x_wconf 92' lang='lat' dir='ltr'><strong><em>ultra</em></strong></span> <span class='ocrx_word' id='word_1_463' title='bbox 257 2871 383 2910; x_wconf 90' lang='lat' dir='ltr'><strong><em>limites,</em></strong></span> <span class='ocrx_word' id='word_1_464' title='bbox 403 2881 486 2913; x_wconf 90' lang='lat' dir='ltr'><strong><em>quos</em></strong></span> <span class='ocrx_word' id='word_1_465' title='bbox 505 2869 739 2908; x_wconf 77' lang='lat' dir='ltr'><strong><em>constituimus,</em></strong></span> <span class='ocrx_word' id='word_1_466' title='bbox 759 2878 826 2899; x_wconf 88' lang='lat' dir='ltr'><strong><em>sese</em></strong></span> <span class='ocrx_word' id='word_1_467' title='bbox 842 2868 1030 2909; x_wconf 87' lang='lat' dir='ltr'><strong><em>protendere</em></strong></span> <span class='ocrx_word' id='word_1_468' title='bbox 1047 2868 1128 2899; x_wconf 87' lang='lat' dir='ltr'><strong><em>vires</em></strong></span> <span class='ocrx_word' id='word_1_469' title='bbox 1148 2879 1230 2900; x_wconf 89' lang='lat' dir='ltr'><strong><em>crea-</em></strong></span> 
     </span>
     <span class='ocr_line' id='line_1_60' title="bbox 157 2913 1230 2954; baseline -0.002 -7"><span class='ocrx_word' id='word_1_470' title='bbox 157 2924 206 2948; x_wconf 89' lang='lat' dir='ltr'><strong><em>tae</em></strong></span> <span class='ocrx_word' id='word_1_471' title='bbox 221 2916 335 2947; x_wconf 89' lang='lat' dir='ltr'><strong><em>mentis</em></strong></span> <span class='ocrx_word' id='word_1_472' title='bbox 349 2913 490 2947; x_wconf 86' lang='lat' dir='ltr'><strong><em>valeant?</em></strong></span> <span class='ocrx_word' id='word_1_473' title='bbox 510 2915 545 2945; x_wconf 91' lang='lat' dir='ltr'><strong><em>Id</em></strong></span> <span class='ocrx_word' id='word_1_474' title='bbox 559 2924 633 2945; x_wconf 87' lang='lat' dir='ltr'><strong><em>sane</em></strong></span> <span class='ocrx_word' id='word_1_475' title='bbox 648 2913 843 2954; x_wconf 84' lang='lat' dir='ltr'><strong><em>reposuerim</em></strong></span> <span class='ocrx_word' id='word_1_476' title='bbox 861 2922 920 2953; x_wconf 83' lang='lat' dir='ltr'><strong><em>ego</em></strong></span> <span class='ocrx_word' id='word_1_477' title='bbox 944 2922 1011 2943; x_wconf 90' lang='lat' dir='ltr'><strong><em>non</em></strong></span> <span class='ocrx_word' id='word_1_478' title='bbox 1031 2923 1097 2944; x_wconf 89' lang='lat' dir='ltr'><strong><em>esse</em></strong></span> <span class='ocrx_word' id='word_1_479' title='bbox 1117 2923 1230 2945; x_wconf 91' lang='lat' dir='ltr'><strong><em>eorum</em></strong></span> 
     </span>
     <span class='ocr_line' id='line_1_61' title="bbox 158 2957 1229 3001; baseline -0.002 -10"><span class='ocrx_word' id='word_1_480' title='bbox 158 2961 338 2999; x_wconf 89' lang='lat' dir='ltr'><strong><em>consilium,</em></strong></span> <span class='ocrx_word' id='word_1_481' title='bbox 361 2960 417 3001; x_wconf 89' lang='lat' dir='ltr'><strong><em>qui</em></strong></span> <span class='ocrx_word' id='word_1_482' title='bbox 440 2959 626 2991; x_wconf 88' lang='lat' dir='ltr'><strong><em>huiusmodi</em></strong></span> <span class='ocrx_word' id='word_1_483' title='bbox 650 2958 735 2989; x_wconf 85' lang='lat' dir='ltr'><strong><em>ideas</em></strong></span> <span class='ocrx_word' id='word_1_484' title='bbox 758 2958 952 2988; x_wconf 81' lang='lat' dir='ltr'><strong><em>invexerunt.</em></strong></span> <span class='ocrx_word' id='word_1_485' title='bbox 973 2957 1121 2988; x_wconf 87' lang='lat' dir='ltr'><strong><em>Creatam</em></strong></span> <span class='ocrx_word' id='word_1_486' title='bbox 1139 2968 1229 2989; x_wconf 90' lang='lat' dir='ltr'><strong><em>men-</em></strong></span> 
     </span>
     <span class='ocr_line' id='line_1_62' title="bbox 157 3002 1229 3044; baseline -0.002 -8"><span class='ocrx_word' id='word_1_487' title='bbox 157 3012 222 3036; x_wconf 90' lang='lat' dir='ltr'><strong><em>tem</em></strong></span> <span class='ocrx_word' id='word_1_488' title='bbox 244 3005 356 3036; x_wconf 85' lang='lat' dir='ltr'><strong><em>intima</em></strong></span> <span class='ocrx_word' id='word_1_489' title='bbox 375 3004 566 3035; x_wconf 87' lang='lat' dir='ltr'><strong><em>conscientia</em></strong></span> <span class='ocrx_word' id='word_1_490' title='bbox 584 3003 721 3044; x_wconf 85' lang='lat' dir='ltr'><strong><em>seipsam</em></strong></span> <span class='ocrx_word' id='word_1_491' title='bbox 744 3012 838 3034; x_wconf 91' lang='lat' dir='ltr'><strong><em>nosse</em></strong></span> <span class='ocrx_word' id='word_1_492' title='bbox 858 3002 995 3033; x_wconf 84' lang='lat' dir='ltr'><strong><em>fatentur</em></strong></span> <span class='ocrx_word' id='word_1_493' title='bbox 1017 3002 1080 3032; x_wconf 90' lang='lat' dir='ltr'><strong><em>illi:</em></strong></span> <span class='ocrx_word' id='word_1_494' title='bbox 1107 3009 1138 3033; x_wconf 88' lang='lat' dir='ltr'><strong><em>et</em></strong></span> <span class='ocrx_word' id='word_1_495' title='bbox 1155 3002 1229 3034; x_wconf 90' lang='lat' dir='ltr'><strong><em>hinc</em></strong></span> 
     </span>
     <span class='ocr_line' id='line_1_63' title="bbox 158 3046 1229 3090; baseline -0.002 -10"><span class='ocrx_word' id='word_1_496' title='bbox 158 3050 224 3080; x_wconf 91' lang='lat' dir='ltr'><strong><em>sine</em></strong></span> <span class='ocrx_word' id='word_1_497' title='bbox 248 3049 346 3080; x_wconf 92' lang='lat' dir='ltr'><strong><em>dubio</em></strong></span> <span class='ocrx_word' id='word_1_498' title='bbox 370 3048 559 3090; x_wconf 82' lang='lat' dir='ltr'><strong><em>cognitionis</em></strong></span> <span class='ocrx_word' id='word_1_499' title='bbox 578 3047 663 3078; x_wconf 88' lang='lat' dir='ltr'><strong><em>illius</em></strong></span> <span class='ocrx_word' id='word_1_500' title='bbox 687 3046 879 3087; x_wconf 88' lang='lat' dir='ltr'><strong><em>principium</em></strong></span> <span class='ocrx_word' id='word_1_501' title='bbox 903 3046 1049 3085; x_wconf 89' lang='lat' dir='ltr'><strong><em>sumitur,</em></strong></span> <span class='ocrx_word' id='word_1_502' title='bbox 1074 3056 1156 3087; x_wconf 91' lang='lat' dir='ltr'><strong><em>quae</em></strong></span> <span class='ocrx_word' id='word_1_503' title='bbox 1175 3057 1229 3078; x_wconf 91' lang='lat' dir='ltr'><strong><em>na-</em></strong></span> 
     </span>
     <span class='ocr_line' id='line_1_64' title="bbox 158 3090 1229 3134; baseline -0.002 -10"><span class='ocrx_word' id='word_1_504' title='bbox 158 3093 266 3124; x_wconf 86' lang='lat' dir='ltr'><strong><em>turalis</em></strong></span> <span class='ocrx_word' id='word_1_505' title='bbox 301 3100 347 3124; x_wconf 90' lang='lat' dir='ltr'><strong><em>est</em></strong></span> <span class='ocrx_word' id='word_1_506' title='bbox 380 3104 415 3124; x_wconf 90' lang='lat' dir='ltr'><strong><em>ac</em></strong></span> <span class='ocrx_word' id='word_1_507' title='bbox 444 3093 628 3134; x_wconf 88' lang='lat' dir='ltr'><strong><em>appellatur.</em></strong></span> <span class='ocrx_word' id='word_1_508' title='bbox 663 3092 772 3132; x_wconf 83' lang='lat' dir='ltr'><strong><em>ltaque</em></strong></span> <span class='ocrx_word' id='word_1_509' title='bbox 796 3090 954 3132; x_wconf 88' lang='lat' dir='ltr'><strong><em>quidquid</em></strong></span> <span class='ocrx_word' id='word_1_510' title='bbox 983 3090 1071 3121; x_wconf 87' lang='lat' dir='ltr'><strong><em>ideae</em></strong></span> <span class='ocrx_word' id='word_1_511' title='bbox 1103 3091 1229 3123; x_wconf 84' lang='lat' dir='ltr'><strong><em>innatae</em></strong></span> 
     </span>
     <span class='ocr_line' id='line_1_65' title="bbox 158 3135 1229 3179; baseline -0.002 -11"><span class='ocrx_word' id='word_1_512' title='bbox 158 3145 213 3169; x_wconf 89' lang='lat' dir='ltr'><strong><em>aut</em></strong></span> <span class='ocrx_word' id='word_1_513' title='bbox 242 3138 309 3179; x_wconf 88' lang='lat' dir='ltr'><strong><em>ipsa</em></strong></span> <span class='ocrx_word' id='word_1_514' title='bbox 345 3138 450 3168; x_wconf 90' lang='lat' dir='ltr'><strong><em>divina</em></strong></span> <span class='ocrx_word' id='word_1_515' title='bbox 485 3137 617 3168; x_wconf 88' lang='lat' dir='ltr'><strong><em>essentia</em></strong></span> <span class='ocrx_word' id='word_1_516' title='bbox 653 3135 819 3167; x_wconf 88' lang='lat' dir='ltr'><strong><em>exhibeant</em></strong></span> <span class='ocrx_word' id='word_1_517' title='bbox 850 3145 886 3165; x_wconf 89' lang='lat' dir='ltr'><strong><em>ac</em></strong></span> <span class='ocrx_word' id='word_1_518' title='bbox 917 3142 1166 3175; x_wconf 87' lang='lat' dir='ltr'><strong><em>repraesentent,</em></strong></span> <span class='ocrx_word' id='word_1_519' title='bbox 1196 3135 1229 3166; x_wconf 92' lang='lat' dir='ltr'><strong><em>id</em></strong></span> 
     </span>
     <span class='ocr_line' id='line_1_66' title="bbox 158 3179 1230 3222; baseline -0.003 -9"><span class='ocrx_word' id='word_1_520' title='bbox 158 3192 254 3213; x_wconf 91' lang='lat' dir='ltr'><strong><em>omne</em></strong></span> <span class='ocrx_word' id='word_1_521' title='bbox 278 3182 459 3213; x_wconf 83' lang='lat' dir='ltr'><strong><em>exhibeatur</em></strong></span> <span class='ocrx_word' id='word_1_522' title='bbox 482 3188 608 3222; x_wconf 85' lang='lat' dir='ltr'><strong><em>oportet</em></strong></span> <span class='ocrx_word' id='word_1_523' title='bbox 631 3190 666 3211; x_wconf 92' lang='lat' dir='ltr'><strong><em>ac</em></strong></span> <span class='ocrx_word' id='word_1_524' title='bbox 689 3185 938 3220; x_wconf 87' lang='lat' dir='ltr'><strong><em>repraesentetur</em></strong></span> <span class='ocrx_word' id='word_1_525' title='bbox 966 3179 1006 3210; x_wconf 92' lang='lat' dir='ltr'><strong><em>ad</em></strong></span> <span class='ocrx_word' id='word_1_526' title='bbox 1032 3179 1230 3210; x_wconf 89' lang='lat' dir='ltr'><strong><em>efficiendam</em></strong></span> 
     </span>
     <span class='ocr_line' id='line_1_67' title="bbox 158 3224 1229 3267; baseline -0.004 -9"><span class='ocrx_word' id='word_1_527' title='bbox 158 3227 334 3258; x_wconf 80' lang='lat' dir='ltr'><strong><em>naturalem</em></strong></span> <span class='ocrx_word' id='word_1_528' title='bbox 349 3227 552 3267; x_wconf 85' lang='lat' dir='ltr'><strong><em>cogitionem,</em></strong></span> <span class='ocrx_word' id='word_1_529' title='bbox 571 3235 645 3256; x_wconf 92' lang='lat' dir='ltr'><strong><em>cum</em></strong></span> <span class='ocrx_word' id='word_1_530' title='bbox 661 3224 804 3266; x_wconf 89' lang='lat' dir='ltr'><strong><em>quodam</em></strong></span> <span class='ocrx_word' id='word_1_531' title='bbox 820 3233 1008 3255; x_wconf 88' lang='lat' dir='ltr'><strong><em>commensu</em></strong></span> <span class='ocrx_word' id='word_1_532' title='bbox 1025 3224 1065 3254; x_wconf 90' lang='lat' dir='ltr'><strong><em>ad</em></strong></span> <span class='ocrx_word' id='word_1_533' title='bbox 1083 3231 1229 3255; x_wconf 87' lang='lat' dir='ltr'><strong><em>naturam</em></strong></span> 
     </span>
     <span class='ocr_line' id='line_1_68' title="bbox 157 3268 1230 3312; baseline -0.003 -10"><span class='ocrx_word' id='word_1_534' title='bbox 157 3279 188 3303; x_wconf 91' lang='lat' dir='ltr'><strong><em>et</em></strong></span> <span class='ocrx_word' id='word_1_535' title='bbox 211 3271 346 3302; x_wconf 91' lang='lat' dir='ltr'><strong><em>modum</em></strong></span> <span class='ocrx_word' id='word_1_536' title='bbox 370 3271 469 3312; x_wconf 88' lang='lat' dir='ltr'><strong><em>ipsius</em></strong></span> <span class='ocrx_word' id='word_1_537' title='bbox 492 3276 611 3301; x_wconf 86' lang='lat' dir='ltr'><strong><em>creatae</em></strong></span> <span class='ocrx_word' id='word_1_538' title='bbox 630 3269 755 3307; x_wconf 86' lang='lat' dir='ltr'><strong><em>mentis,</em></strong></span> <span class='ocrx_word' id='word_1_539' title='bbox 780 3278 818 3299; x_wconf 85' lang='lat' dir='ltr'><strong><em>ex</em></strong></span> <span class='ocrx_word' id='word_1_540' title='bbox 835 3278 899 3310; x_wconf 90' lang='lat' dir='ltr'><strong><em>qua</em></strong></span> <span class='ocrx_word' id='word_1_541' title='bbox 918 3268 1067 3299; x_wconf 89' lang='lat' dir='ltr'><strong><em>naturalis</em></strong></span> <span class='ocrx_word' id='word_1_542' title='bbox 1087 3268 1230 3300; x_wconf 88' lang='lat' dir='ltr'><strong><em>eiusdem</em></strong></span> 
     </span>
     <span class='ocr_line' id='line_1_69' title="bbox 157 3312 1229 3356; baseline -0.003 -9"><span class='ocrx_word' id='word_1_543' title='bbox 157 3315 348 3356; x_wconf 85' lang='lat' dir='ltr'><strong><em>cognitionis</em></strong></span> <span class='ocrx_word' id='word_1_544' title='bbox 371 3316 514 3346; x_wconf 90' lang='lat' dir='ltr'><strong><em>hauritur</em></strong></span> <span class='ocrx_word' id='word_1_545' title='bbox 537 3315 646 3345; x_wconf 93' lang='lat' dir='ltr'><strong><em>lumen</em></strong></span> <span class='ocrx_word' id='word_1_546' title='bbox 675 3313 875 3354; x_wconf 86' lang='lat' dir='ltr'><strong><em>sumiturque</em></strong></span> <span class='ocrx_word' id='word_1_547' title='bbox 903 3312 1106 3354; x_wconf 88' lang='lat' dir='ltr'><strong><em>principium.</em></strong></span> <span class='ocrx_word' id='word_1_548' title='bbox 1141 3313 1229 3351; x_wconf 90' lang='lat' dir='ltr'><strong><em>Quid</em></strong></span> 
     </span>
    </p>
   </div>
   <div class='ocr_carea' id='block_1_5' title="bbox 157 3357 1233 3401">
    <p class='ocr_par' dir='ltr' id='par_1_7' title="bbox 157 3357 1233 3401">
     <span class='ocr_line' id='line_1_70' title="bbox 157 3357 1233 3401; baseline -0.004 -10"><span class='ocrx_word' id='word_1_549' title='bbox 157 3360 243 3392; x_wconf 92' lang='lat' dir='ltr'><strong><em>enim</em></strong></span> <span class='ocrx_word' id='word_1_550' title='bbox 266 3367 312 3391; x_wconf 87' lang='lat' dir='ltr'><strong><em>est</em></strong></span> <span class='ocrx_word' id='word_1_551' title='bbox 334 3370 363 3391; x_wconf 85' lang='lat' dir='ltr'><strong><em>v.</em></strong></span> <span class='ocrx_word' id='word_1_552' title='bbox 384 3370 414 3401; x_wconf 83' lang='lat' dir='ltr'><strong><em>g.</em></strong></span> <span class='ocrx_word' id='word_1_553' title='bbox 434 3370 489 3390; x_wconf 90' lang='lat' dir='ltr'><strong><em>ens</em></strong></span> <span class='ocrx_word' id='word_1_554' title='bbox 509 3358 774 3400; x_wconf 84' lang='lat' dir='ltr'><strong><em>perfectissimum</em></strong></span> <span class='ocrx_word' id='word_1_555' title='bbox 797 3357 886 3399; x_wconf 89' lang='lat' dir='ltr'><strong><em>quod</em></strong></span> <span class='ocrx_word' id='word_1_556' title='bbox 908 3357 1006 3388; x_wconf 80' lang='lat' dir='ltr'><strong><em>menti</em></strong></span> <span class='ocrx_word' id='word_1_557' title='bbox 1033 3357 1233 3397; x_wconf 69' lang='lat' dir='ltr'><strong><em>obversatur,</em></strong></span> 
     </span>
    </p>
   </div>
   <div class='ocr_carea' id='block_1_6' title="bbox 157 3401 1228 3666">
    <p class='ocr_par' dir='ltr' id='par_1_8' title="bbox 157 3401 1228 3666">
     <span class='ocr_line' id='line_1_71' title="bbox 158 3401 1228 3446; baseline -0.003 -10"><span class='ocrx_word' id='word_1_558' title='bbox 158 3405 216 3436; x_wconf 86' lang='lat' dir='ltr'><strong><em>nisi</em></strong></span> <span class='ocrx_word' id='word_1_559' title='bbox 240 3415 287 3435; x_wconf 87' lang='lat' dir='ltr'><strong><em>res</em></strong></span> <span class='ocrx_word' id='word_1_560' title='bbox 311 3405 484 3446; x_wconf 85' lang='lat' dir='ltr'><strong><em>quaedam,</em></strong></span> <span class='ocrx_word' id='word_1_561' title='bbox 513 3414 531 3434; x_wconf 88' lang='lat' dir='ltr'><strong><em>a</em></strong></span> <span class='ocrx_word' id='word_1_562' title='bbox 554 3413 618 3445; x_wconf 89' lang='lat' dir='ltr'><strong><em>qua</em></strong></span> <span class='ocrx_word' id='word_1_563' title='bbox 641 3401 895 3443; x_wconf 85' lang='lat' dir='ltr'><strong><em>imperfectiones</em></strong></span> <span class='ocrx_word' id='word_1_564' title='bbox 924 3411 1126 3433; x_wconf 88' lang='lat' dir='ltr'><strong><em>removemus</em></strong></span> <span class='ocrx_word' id='word_1_565' title='bbox 1149 3412 1228 3444; x_wconf 87' lang='lat' dir='ltr'><strong><em>quas</em></strong></span> 
     </span>
     <span class='ocr_line' id='line_1_72' title="bbox 157 3444 1228 3490; baseline -0.002 -11"><span class='ocrx_word' id='word_1_566' title='bbox 157 3444 305 3480; x_wconf 85' lang='lat' dir='ltr'><strong><em>novimus</em></strong></span> <span class='ocrx_word' id='word_1_567' title='bbox 329 3455 359 3480; x_wconf 92' lang='lat' dir='ltr'><strong><em>et</em></strong></span> <span class='ocrx_word' id='word_1_568' title='bbox 377 3449 410 3479; x_wconf 91' lang='lat' dir='ltr'><strong><em>in</em></strong></span> <span class='ocrx_word' id='word_1_569' title='bbox 434 3458 532 3490; x_wconf 88' lang='lat' dir='ltr'><strong><em>quam</em></strong></span> <span class='ocrx_word' id='word_1_570' title='bbox 550 3447 760 3489; x_wconf 89' lang='lat' dir='ltr'><strong><em>perfectiones</em></strong></span> <span class='ocrx_word' id='word_1_571' title='bbox 779 3456 891 3478; x_wconf 90' lang='lat' dir='ltr'><strong><em>omnes</em></strong></span> <span class='ocrx_word' id='word_1_572' title='bbox 914 3446 1124 3486; x_wconf 85' lang='lat' dir='ltr'><strong><em>refundimus,</em></strong></span> <span class='ocrx_word' id='word_1_573' title='bbox 1149 3456 1228 3488; x_wconf 82' lang='lat' dir='ltr'><strong><em>quas</em></strong></span> 
     </span>
     <span class='ocr_line' id='line_1_73' title="bbox 158 3490 1228 3534; baseline -0.002 -10"><span class='ocrx_word' id='word_1_574' title='bbox 158 3493 190 3523; x_wconf 92' lang='lat' dir='ltr'><strong><em>in</em></strong></span> <span class='ocrx_word' id='word_1_575' title='bbox 214 3494 360 3524; x_wconf 80' lang='lat' dir='ltr'><strong><em>creaturis</em></strong></span> <span class='ocrx_word' id='word_1_576' title='bbox 380 3490 664 3534; x_wconf 89' lang='lat' dir='ltr'><strong><em>deprehendimus?</em></strong></span> <span class='ocrx_word' id='word_1_577' title='bbox 688 3491 775 3530; x_wconf 91' lang='lat' dir='ltr'><strong><em>Quid</em></strong></span> <span class='ocrx_word' id='word_1_578' title='bbox 794 3498 841 3523; x_wconf 85' lang='lat' dir='ltr'><strong><em>est</em></strong></span> <span class='ocrx_word' id='word_1_579' title='bbox 862 3491 957 3522; x_wconf 88' lang='lat' dir='ltr'><strong><em>etiam</em></strong></span> <span class='ocrx_word' id='word_1_580' title='bbox 976 3490 1148 3530; x_wconf 88' lang='lat' dir='ltr'><strong><em>infinitum,</em></strong></span> <span class='ocrx_word' id='word_1_581' title='bbox 1168 3491 1228 3522; x_wconf 83' lang='lat' dir='ltr'><strong><em>nisi</em></strong></span> 
     </span>
     <span class='ocr_line' id='line_1_74' title="bbox 159 3535 1228 3578; baseline -0.001 -11"><span class='ocrx_word' id='word_1_582' title='bbox 159 3538 247 3577; x_wconf 91' lang='lat' dir='ltr'><strong><em>quod</em></strong></span> <span class='ocrx_word' id='word_1_583' title='bbox 270 3547 325 3577; x_wconf 89' lang='lat' dir='ltr'><strong><em>per</em></strong></span> <span class='ocrx_word' id='word_1_584' title='bbox 348 3537 542 3568; x_wconf 88' lang='lat' dir='ltr'><strong><em>additionem</em></strong></span> <span class='ocrx_word' id='word_1_585' title='bbox 565 3537 704 3578; x_wconf 88' lang='lat' dir='ltr'><strong><em>partium</em></strong></span> <span class='ocrx_word' id='word_1_586' title='bbox 728 3543 782 3567; x_wconf 87' lang='lat' dir='ltr'><strong><em>aut</em></strong></span> <span class='ocrx_word' id='word_1_587' title='bbox 805 3535 1103 3577; x_wconf 70' lang='lat' dir='ltr'><strong><em>perfectionumita</em></strong></span> <span class='ocrx_word' id='word_1_588' title='bbox 1123 3535 1228 3567; x_wconf 89' lang='lat' dir='ltr'><strong><em>conci-</em></strong></span> 
     </span>
     <span class='ocr_line' id='line_1_75' title="bbox 158 3577 1228 3621; baseline 0 -11"><span class='ocrx_word' id='word_1_589' title='bbox 158 3581 276 3620; x_wconf 89' lang='lat' dir='ltr'><strong><em>pimus,</em></strong></span> <span class='ocrx_word' id='word_1_590' title='bbox 295 3588 330 3612; x_wconf 84' lang='lat' dir='ltr'><strong><em>ut</em></strong></span> <span class='ocrx_word' id='word_1_591' title='bbox 349 3582 459 3612; x_wconf 90' lang='lat' dir='ltr'><strong><em>eadem</em></strong></span> <span class='ocrx_word' id='word_1_592' title='bbox 477 3582 510 3611; x_wconf 90' lang='lat' dir='ltr'><strong><em>in</em></strong></span> <span class='ocrx_word' id='word_1_593' title='bbox 529 3581 689 3612; x_wconf 87' lang='lat' dir='ltr'><strong><em>additione</em></strong></span> <span class='ocrx_word' id='word_1_594' title='bbox 706 3580 778 3611; x_wconf 82' lang='lat' dir='ltr'><strong><em>finis</em></strong></span> <span class='ocrx_word' id='word_1_595' title='bbox 798 3590 864 3611; x_wconf 90' lang='lat' dir='ltr'><strong><em>non</em></strong></span> <span class='ocrx_word' id='word_1_596' title='bbox 883 3577 1079 3611; x_wconf 83' lang='lat' dir='ltr'><strong><em>innotescat?</em></strong></span> <span class='ocrx_word' id='word_1_597' title='bbox 1097 3579 1131 3611; x_wconf 90' lang='lat' dir='ltr'><strong><em>Si</em></strong></span> <span class='ocrx_word' id='word_1_598' title='bbox 1150 3579 1228 3621; x_wconf 88' lang='lat' dir='ltr'><strong><em>quid</em></strong></span> 
     </span>
     <span class='ocr_line' id='line_1_76' title="bbox 159 3623 1227 3666; baseline 0 -12"><span class='ocrx_word' id='word_1_599' title='bbox 159 3625 294 3665; x_wconf 90' lang='lat' dir='ltr'><strong><em>amplius</em></strong></span> <span class='ocrx_word' id='word_1_600' title='bbox 309 3625 446 3666; x_wconf 88' lang='lat' dir='ltr'><strong><em>denique</em></strong></span> <span class='ocrx_word' id='word_1_601' title='bbox 461 3625 645 3666; x_wconf 87' lang='lat' dir='ltr'><strong><em>philosophi</em></strong></span> <span class='ocrx_word' id='word_1_602' title='bbox 661 3625 769 3664; x_wconf 88' lang='lat' dir='ltr'><strong><em>velint,</em></strong></span> <span class='ocrx_word' id='word_1_603' title='bbox 789 3624 933 3655; x_wconf 88' lang='lat' dir='ltr'><strong><em>involuta</em></strong></span> <span class='ocrx_word' id='word_1_604' title='bbox 949 3630 981 3655; x_wconf 81' lang='lat' dir='ltr'><strong><em>et</em></strong></span> <span class='ocrx_word' id='word_1_605' title='bbox 995 3624 1128 3655; x_wconf 66' lang='lat' dir='ltr'><strong><em>confusa</em></strong></span> <span class='ocrx_word' id='word_1_606' title='bbox 1147 3623 1227 3655; x_wconf 73' lang='lat' dir='ltr'><strong><em>entis</em></strong></span> 
     </span>
    </p>
   </div>
   <div class='ocr_carea' id='block_1_7' title="bbox 902 263 1638 305">
    <p class='ocr_par' dir='ltr' id='par_1_9' title="bbox 902 263 1638 305">
     <span class='ocr_line' id='line_1_77' title="bbox 902 263 1638 305; baseline 0.008 -6"><span class='ocrx_word' id='word_1_607' title='bbox 902 263 1360 302; x_wconf 89' lang='lat' dir='ltr'><strong><em>DISSERTATIONES</em></strong></span> <span class='ocrx_word' id='word_1_608' title='bbox 1390 266 1638 305; x_wconf 91' lang='lat' dir='ltr'><strong><em>CRITICAE</em></strong></span> 
     </span>
    </p>
   </div>
   <div class='ocr_carea' id='block_1_8' title="bbox 1279 345 2383 2201">
    <p class='ocr_par' dir='ltr' id='par_1_10' title="bbox 1301 345 2382 564">
     <span class='ocr_line' id='line_1_78' title="bbox 1303 345 2382 392; baseline 0.006 -17"><span class='ocrx_word' id='word_1_609' title='bbox 1303 345 1520 385; x_wconf 87' lang='lat' dir='ltr'><strong><em>perfectissimi</em></strong></span> <span class='ocrx_word' id='word_1_610' title='bbox 1544 354 1575 378; x_wconf 89' lang='lat' dir='ltr'><strong><em>et</em></strong></span> <span class='ocrx_word' id='word_1_611' title='bbox 1597 346 1712 378; x_wconf 89' lang='lat' dir='ltr'><strong><em>infiniti</em></strong></span> <span class='ocrx_word' id='word_1_612' title='bbox 1736 349 1826 379; x_wconf 90' lang='lat' dir='ltr'><strong><em>notio</em></strong></span> <span class='ocrx_word' id='word_1_613' title='bbox 1851 349 1954 388; x_wconf 89' lang='lat' dir='ltr'><strong><em>fuerit,</em></strong></span> <span class='ocrx_word' id='word_1_614' title='bbox 1979 360 2078 391; x_wconf 88' lang='lat' dir='ltr'><strong><em>quam</em></strong></span> <span class='ocrx_word' id='word_1_615' title='bbox 2104 350 2207 380; x_wconf 91' lang='lat' dir='ltr'><strong><em>evolvi</em></strong></span> <span class='ocrx_word' id='word_1_616' title='bbox 2231 357 2262 381; x_wconf 91' lang='lat' dir='ltr'><strong><em>et</em></strong></span> <span class='ocrx_word' id='word_1_617' title='bbox 2285 351 2382 392; x_wconf 87' lang='lat' dir='ltr'><strong><em>expli-</em></strong></span> 
     </span>
     <span class='ocr_line' id='line_1_79' title="bbox 1303 390 2381 435; baseline 0.006 -15"><span class='ocrx_word' id='word_1_618' title='bbox 1303 390 1365 420; x_wconf 89' lang='lat' dir='ltr'><strong><em>cari</em></strong></span> <span class='ocrx_word' id='word_1_619' title='bbox 1389 398 1545 431; x_wconf 86' lang='lat' dir='ltr'><strong><em>oporteat,</em></strong></span> <span class='ocrx_word' id='word_1_620' title='bbox 1570 391 1651 422; x_wconf 77' lang='lat' dir='ltr'><strong><em>facta</em></strong></span> <span class='ocrx_word' id='word_1_621' title='bbox 1679 402 1754 423; x_wconf 91' lang='lat' dir='ltr'><strong><em>cum</em></strong></span> <span class='ocrx_word' id='word_1_622' title='bbox 1781 393 1874 424; x_wconf 90' lang='lat' dir='ltr'><strong><em>rebus</em></strong></span> <span class='ocrx_word' id='word_1_623' title='bbox 1904 394 2070 425; x_wconf 89' lang='lat' dir='ltr'><strong><em>sensilibus</em></strong></span> <span class='ocrx_word' id='word_1_624' title='bbox 2095 395 2268 435; x_wconf 88' lang='lat' dir='ltr'><strong><em>creatisque</em></strong></span> <span class='ocrx_word' id='word_1_625' title='bbox 2293 405 2381 426; x_wconf 90' lang='lat' dir='ltr'><strong><em>com-</em></strong></span> 
     </span>
     <span class='ocr_line' id='line_1_80' title="bbox 1302 434 2380 480; baseline 0.006 -16"><span class='ocrx_word' id='word_1_626' title='bbox 1302 434 1475 474; x_wconf 81' lang='lat' dir='ltr'><strong><em>paratione.</em></strong></span> <span class='ocrx_word' id='word_1_627' title='bbox 1501 436 1577 473; x_wconf 92' lang='lat' dir='ltr'><strong><em>Quo</em></strong></span> <span class='ocrx_word' id='word_1_628' title='bbox 1600 442 1693 475; x_wconf 87' lang='lat' dir='ltr'><strong><em>pacto</em></strong></span> <span class='ocrx_word' id='word_1_629' title='bbox 1718 437 1846 467; x_wconf 88' lang='lat' dir='ltr'><strong><em>insitam</em></strong></span> <span class='ocrx_word' id='word_1_630' title='bbox 1871 438 1964 469; x_wconf 89' lang='lat' dir='ltr'><strong><em>nobis</em></strong></span> <span class='ocrx_word' id='word_1_631' title='bbox 1987 439 2132 469; x_wconf 89' lang='lat' dir='ltr'><strong><em>Thomas</em></strong></span> <span class='ocrx_word' id='word_1_632' title='bbox 2157 439 2275 469; x_wconf 87' lang='lat' dir='ltr'><strong><em>docetI</em></strong></span> <span class='ocrx_word' id='word_1_633' title='bbox 2300 450 2380 480; x_wconf 66' lang='lat' dir='ltr'><strong><em>par„</em></strong></span> 
     </span>
     <span class='ocr_line' id='line_1_81' title="bbox 1302 480 2377 523; baseline 0.006 -15"><span class='ocrx_word' id='word_1_634' title='bbox 1302 485 1422 518; x_wconf 86' lang='lat' dir='ltr'><strong><em>quaest.</em></strong></span> <span class='ocrx_word' id='word_1_635' title='bbox 1439 489 1472 518; x_wconf 91' lang='lat'><strong><em>11,</em></strong></span> <span class='ocrx_word' id='word_1_636' title='bbox 1489 486 1545 510; x_wconf 88' lang='lat' dir='ltr'><strong><em>art.</em></strong></span> <span class='ocrx_word' id='word_1_637' title='bbox 1562 490 1573 509; x_wconf 95' lang='lat'>1</span> <span class='ocrx_word' id='word_1_638' title='bbox 1590 480 1629 509; x_wconf 89' lang='lat' dir='ltr'><strong><em>ad</em></strong></span> <span class='ocrx_word' id='word_1_639' title='bbox 1648 490 1659 509; x_wconf 85' lang='lat'>1</span> <span class='ocrx_word' id='word_1_640' title='bbox 1682 480 1850 511; x_wconf 92' lang='lat' dir='ltr'><strong><em>notionem</em></strong></span> <span class='ocrx_word' id='word_1_641' title='bbox 1864 482 1923 512; x_wconf 93' lang='lat' dir='ltr'><strong><em>Dei</em></strong></span> <span class='ocrx_word' id='word_1_642' title='bbox 1943 484 1975 513; x_wconf 92' lang='lat' dir='ltr'><strong><em>in</em></strong></span> <span class='ocrx_word' id='word_1_643' title='bbox 1995 484 2104 523; x_wconf 92' lang='lat' dir='ltr'><strong><em>aliquo</em></strong></span> <span class='ocrx_word' id='word_1_644' title='bbox 2124 484 2296 521; x_wconf 91' lang='lat' dir='ltr'><strong><em>communi,</em></strong></span> <span class='ocrx_word' id='word_1_645' title='bbox 2318 485 2377 514; x_wconf 91' lang='lat' dir='ltr'><strong><em>sub</em></strong></span> 
     </span>
     <span class='ocr_line' id='line_1_82' title="bbox 1301 523 2018 564; baseline 0.007 -12"><span class='ocrx_word' id='word_1_646' title='bbox 1301 523 1440 562; x_wconf 84' lang='lat' dir='ltr'><strong><em>quadam</em></strong></span> <span class='ocrx_word' id='word_1_647' title='bbox 1465 523 1664 564; x_wconf 91' lang='lat' dir='ltr'><strong><em>confusione,</em></strong></span> <span class='ocrx_word' id='word_1_648' title='bbox 1689 534 1719 555; x_wconf 89' lang='lat' dir='ltr'><strong><em>v.</em></strong></span> <span class='ocrx_word' id='word_1_649' title='bbox 1748 534 1777 564; x_wconf 89' lang='lat' dir='ltr'><strong><em>g.</em></strong></span> <span class='ocrx_word' id='word_1_650' title='bbox 1803 525 2018 557; x_wconf 86' lang='lat' dir='ltr'><strong><em>beatitudinis.</em></strong></span> 
     </span>
    </p>

    <p class='ocr_par' dir='ltr' id='par_1_11' title="bbox 1295 566 2383 1482">
     <span class='ocr_line' id='line_1_83' title="bbox 1369 566 2378 612; baseline 0.005 -15"><span class='ocrx_word' id='word_1_651' title='bbox 1369 566 1622 606; x_wconf 89' lang='lat' dir='ltr'><strong><em>Consectarium‚</em></strong></span> <span class='ocrx_word' id='word_1_652' title='bbox 1647 569 1736 609; x_wconf 93' lang='lat' dir='ltr'><strong><em>quod</em></strong></span> <span class='ocrx_word' id='word_1_653' title='bbox 1759 578 1796 599; x_wconf 90' lang='lat' dir='ltr'><strong><em>ex</em></strong></span> <span class='ocrx_word' id='word_1_654' title='bbox 1819 569 1868 599; x_wconf 92' lang='lat' dir='ltr'><strong><em>his</em></strong></span> <span class='ocrx_word' id='word_1_655' title='bbox 1893 570 2093 601; x_wconf 89' lang='lat' dir='ltr'><strong><em>documentis</em></strong></span> <span class='ocrx_word' id='word_1_656' title='bbox 2117 570 2197 610; x_wconf 88' lang='lat' dir='ltr'><strong><em>fluit,</em></strong></span> <span class='ocrx_word' id='word_1_657' title='bbox 2231 571 2280 602; x_wconf 89' lang='lat' dir='ltr'><strong><em>his</em></strong></span> <span class='ocrx_word' id='word_1_658' title='bbox 2303 582 2378 612; x_wconf 93' lang='lat' dir='ltr'><strong><em>pro-</em></strong></span> 
     </span>
     <span class='ocr_line' id='line_1_84' title="bbox 1300 610 2378 656; baseline 0.006 -16"><span class='ocrx_word' id='word_1_659' title='bbox 1300 610 1431 649; x_wconf 91' lang='lat' dir='ltr'><strong><em>ponitur</em></strong></span> <span class='ocrx_word' id='word_1_660' title='bbox 1453 612 1555 642; x_wconf 90' lang='lat' dir='ltr'><strong><em>verbis</em></strong></span> <span class='ocrx_word' id='word_1_661' title='bbox 1579 622 1597 642; x_wconf 88' lang='lat' dir='ltr'><strong><em>a</em></strong></span> <span class='ocrx_word' id='word_1_662' title='bbox 1620 622 1644 642; x_wconf 88' lang='lat' dir='ltr'><strong><em>s.</em></strong></span> <span class='ocrx_word' id='word_1_663' title='bbox 1669 612 1799 643; x_wconf 89' lang='lat' dir='ltr'><strong><em>Thoma</em></strong></span> <span class='ocrx_word' id='word_1_664' title='bbox 1821 613 1955 644; x_wconf 91' lang='lat' dir='ltr'><strong><em>ibidem:</em></strong></span> <span class='ocrx_word' id='word_1_665' title='bbox 1987 615 2071 645; x_wconf 90' lang='lat' dir='ltr'><strong><em>Sunt</em></strong></span> <span class='ocrx_word' id='word_1_666' title='bbox 2094 616 2198 656; x_wconf 90' lang='lat' dir='ltr'><strong><em>igitur</em></strong></span> <span class='ocrx_word' id='word_1_667' title='bbox 2219 616 2378 656; x_wconf 89' lang='lat' dir='ltr'><strong><em>quaedam</em></strong></span> 
     </span>
     <span class='ocr_line' id='line_1_85' title="bbox 1301 655 2378 700; baseline 0.006 -16"><span class='ocrx_word' id='word_1_668' title='bbox 1301 655 1550 695; x_wconf 85' lang='lat' dir='ltr'><strong><em>intelligibilium</em></strong></span> <span class='ocrx_word' id='word_1_669' title='bbox 1567 656 1768 694; x_wconf 83' lang='lat' dir='ltr'><strong><em>divinorum,</em></strong></span> <span class='ocrx_word' id='word_1_670' title='bbox 1788 667 1872 698; x_wconf 92' lang='lat' dir='ltr'><strong><em>quae</em></strong></span> <span class='ocrx_word' id='word_1_671' title='bbox 1894 659 2056 689; x_wconf 87' lang='lat' dir='ltr'><strong><em>humanae</em></strong></span> <span class='ocrx_word' id='word_1_672' title='bbox 2078 661 2200 690; x_wconf 88' lang='lat' dir='ltr'><strong><em>rationi</em></strong></span> <span class='ocrx_word' id='word_1_673' title='bbox 2212 665 2289 690; x_wconf 91' lang='lat' dir='ltr'><strong><em>sunt</em></strong></span> <span class='ocrx_word' id='word_1_674' title='bbox 2298 670 2378 700; x_wconf 91' lang='lat' dir='ltr'><strong><em>per-</em></strong></span> 
     </span>
     <span class='ocr_line' id='line_1_86' title="bbox 1300 698 2377 741; baseline 0.006 -13"><span class='ocrx_word' id='word_1_675' title='bbox 1300 698 1374 728; x_wconf 71' lang='lat' dir='ltr'><strong><em>via:</em></strong></span> <span class='ocrx_word' id='word_1_676' title='bbox 1405 700 1564 738; x_wconf 87' lang='lat' dir='ltr'><strong><em>quaedam</em></strong></span> <span class='ocrx_word' id='word_1_677' title='bbox 1596 710 1689 738; x_wconf 81' lang='lat' dir='ltr'><strong><em>vero,</em></strong></span> <span class='ocrx_word' id='word_1_678' title='bbox 1721 710 1805 741; x_wconf 87' lang='lat' dir='ltr'><strong><em>quae</em></strong></span> <span class='ocrx_word' id='word_1_679' title='bbox 1835 703 1965 732; x_wconf 91' lang='lat' dir='ltr'><strong><em>omnino</em></strong></span> <span class='ocrx_word' id='word_1_680' title='bbox 1994 704 2056 733; x_wconf 78' lang='lat' dir='ltr'><strong><em>vim</em></strong></span> <span class='ocrx_word' id='word_1_681' title='bbox 2089 704 2252 734; x_wconf 86' lang='lat' dir='ltr'><strong><em>humanae</em></strong></span> <span class='ocrx_word' id='word_1_682' title='bbox 2278 705 2377 735; x_wconf 88' lang='lat' dir='ltr'><strong><em>ratio-</em></strong></span> 
     </span>
     <span class='ocr_line' id='line_1_87' title="bbox 1300 743 2375 786; baseline 0.007 -15"><span class='ocrx_word' id='word_1_683' title='bbox 1300 743 1350 772; x_wconf 90' lang='lat' dir='ltr'><strong><em>nis</em></strong></span> <span class='ocrx_word' id='word_1_684' title='bbox 1373 743 1541 774; x_wconf 88' lang='lat' dir='ltr'><strong><em>excedunt.</em></strong></span> <span class='ocrx_word' id='word_1_685' title='bbox 1566 744 1742 785; x_wconf 82' lang='lat' dir='ltr'><strong><em>Utramque</em></strong></span> <span class='ocrx_word' id='word_1_686' title='bbox 1762 745 1880 776; x_wconf 88' lang='lat' dir='ltr'><strong><em>Paulus</em></strong></span> <span class='ocrx_word' id='word_1_687' title='bbox 1899 747 2075 786; x_wconf 83' lang='lat' dir='ltr'><strong><em>Apostolus</em></strong></span> <span class='ocrx_word' id='word_1_688' title='bbox 2096 747 2276 778; x_wconf 89' lang='lat' dir='ltr'><strong><em>divinarum</em></strong></span> <span class='ocrx_word' id='word_1_689' title='bbox 2294 748 2375 778; x_wconf 89' lang='lat' dir='ltr'><strong><em>veri-</em></strong></span> 
     </span>
     <span class='ocr_line' id='line_1_88' title="bbox 1298 786 2377 830; baseline 0.006 -15"><span class='ocrx_word' id='word_1_690' title='bbox 1298 791 1401 816; x_wconf 88' lang='lat' dir='ltr'><strong><em>tatum</em></strong></span> <span class='ocrx_word' id='word_1_691' title='bbox 1420 786 1553 817; x_wconf 89' lang='lat' dir='ltr'><strong><em>classem</em></strong></span> <span class='ocrx_word' id='word_1_692' title='bbox 1572 787 1750 827; x_wconf 82' lang='lat' dir='ltr'><strong><em>distinguit:</em></strong></span> <span class='ocrx_word' id='word_1_693' title='bbox 1771 789 1927 830; x_wconf 92' lang='lat' dir='ltr'><strong><em>docetque</em></strong></span> <span class='ocrx_word' id='word_1_694' title='bbox 1944 796 2074 821; x_wconf 89' lang='lat' dir='ltr'><strong><em>naturae</em></strong></span> <span class='ocrx_word' id='word_1_695' title='bbox 2089 791 2170 821; x_wconf 86' lang='lat' dir='ltr'><strong><em>vires</em></strong></span> <span class='ocrx_word' id='word_1_696' title='bbox 2187 792 2227 821; x_wconf 91' lang='lat' dir='ltr'><strong><em>ad</em></strong></span> <span class='ocrx_word' id='word_1_697' title='bbox 2246 792 2377 822; x_wconf 89' lang='lat' dir='ltr'><strong><em>alteram</em></strong></span> 
     </span>
     <span class='ocr_line' id='line_1_89' title="bbox 1298 829 2376 876; baseline 0.007 -17"><span class='ocrx_word' id='word_1_698' title='bbox 1298 829 1514 869; x_wconf 85' lang='lat' dir='ltr'><strong><em>attingendam</em></strong></span> <span class='ocrx_word' id='word_1_699' title='bbox 1538 841 1639 871; x_wconf 85' lang='lat' dir='ltr'><strong><em>pares,</em></strong></span> <span class='ocrx_word' id='word_1_700' title='bbox 1659 831 1796 872; x_wconf 85' lang='lat' dir='ltr'><strong><em>impares</em></strong></span> <span class='ocrx_word' id='word_1_701' title='bbox 1814 833 1855 862; x_wconf 94' lang='lat' dir='ltr'><strong><em>ad</em></strong></span> <span class='ocrx_word' id='word_1_702' title='bbox 1878 833 2018 864; x_wconf 87' lang='lat' dir='ltr'><strong><em>alteram.</em></strong></span> <span class='ocrx_word' id='word_1_703' title='bbox 2037 835 2090 865; x_wconf 86' lang='lat' dir='ltr'><strong><em>Ad</em></strong></span> <span class='ocrx_word' id='word_1_704' title='bbox 2109 835 2252 875; x_wconf 89' lang='lat' dir='ltr'><strong><em>primum</em></strong></span> <span class='ocrx_word' id='word_1_705' title='bbox 2274 845 2376 876; x_wconf 89' lang='lat' dir='ltr'><strong><em>genus</em></strong></span> 
     </span>
     <span class='ocr_line' id='line_1_90' title="bbox 1298 874 2375 920; baseline 0.006 -16"><span class='ocrx_word' id='word_1_706' title='bbox 1298 874 1455 913; x_wconf 89' lang='lat' dir='ltr'><strong><em>pertinent</em></strong></span> <span class='ocrx_word' id='word_1_707' title='bbox 1470 885 1552 916; x_wconf 87' lang='lat' dir='ltr'><strong><em>quae</em></strong></span> <span class='ocrx_word' id='word_1_708' title='bbox 1571 882 1750 916; x_wconf 88' lang='lat' dir='ltr'><strong><em>sequuntur</em></strong></span> <span class='ocrx_word' id='word_1_709' title='bbox 1767 877 1862 907; x_wconf 87' lang='lat' dir='ltr'><strong><em>verba</em></strong></span> <span class='ocrx_word' id='word_1_710' title='bbox 1878 877 1918 906; x_wconf 88' lang='lat' dir='ltr'><strong><em>ad</em></strong></span> <span class='ocrx_word' id='word_1_711' title='bbox 1937 877 2103 908; x_wconf 84' lang='lat' dir='ltr'><strong><em>Romanos</em></strong></span> <span class='ocrx_word' id='word_1_712' title='bbox 2120 879 2221 919; x_wconf 84' lang='lat' dir='ltr'><strong><em>capite</em></strong></span> <span class='ocrx_word' id='word_1_713' title='bbox 2237 890 2259 918; x_wconf 93' lang='lat'><strong><em>1,</em></strong></span> <span class='ocrx_word' id='word_1_714' title='bbox 2274 885 2303 910; x_wconf 65' lang='grc' dir='ltr'><strong><em>ν.</em></strong></span> <span class='ocrx_word' id='word_1_715' title='bbox 2326 888 2375 920; x_wconf 87' lang='lat'><strong><em>19:</em></strong></span> 
     </span>
     <span class='ocr_line' id='line_1_91' title="bbox 1301 918 2376 962; baseline 0.006 -14"><span class='ocrx_word' id='word_1_716' title='bbox 1301 918 1396 955; x_wconf 80' lang='lat' dir='ltr'><strong><em>Quod</em></strong></span> <span class='ocrx_word' id='word_1_717' title='bbox 1419 924 1528 949; x_wconf 89' lang='lat' dir='ltr'><strong><em>notum</em></strong></span> <span class='ocrx_word' id='word_1_718' title='bbox 1553 924 1601 950; x_wconf 87' lang='lat' dir='ltr'><strong><em>est</em></strong></span> <span class='ocrx_word' id='word_1_719' title='bbox 1622 920 1686 950; x_wconf 88' lang='lat' dir='ltr'><strong><em>Dei</em></strong></span> <span class='ocrx_word' id='word_1_720' title='bbox 1704 918 1783 962; x_wconf 88' lang='lat' dir='ltr'><strong><em>(sive</em></strong></span> <span class='ocrx_word' id='word_1_721' title='bbox 1807 921 1896 961; x_wconf 88' lang='lat' dir='ltr'><strong><em>quod</em></strong></span> <span class='ocrx_word' id='word_1_722' title='bbox 1914 920 2037 951; x_wconf 88' lang='lat' dir='ltr'><strong><em>lumine</em></strong></span> <span class='ocrx_word' id='word_1_723' title='bbox 2061 923 2195 953; x_wconf 87' lang='lat' dir='ltr'><strong><em>naturali</em></strong></span> <span class='ocrx_word' id='word_1_724' title='bbox 2223 923 2313 954; x_wconf 91' lang='lat' dir='ltr'><strong><em>nosci</em></strong></span> <span class='ocrx_word' id='word_1_725' title='bbox 2337 925 2376 954; x_wconf 90' lang='lat' dir='ltr'><strong><em>de</em></strong></span> 
     </span>
     <span class='ocr_line' id='line_1_92' title="bbox 1297 961 2376 1009; baseline 0.005 -16"><span class='ocrx_word' id='word_1_726' title='bbox 1297 963 1367 993; x_wconf 90' lang='lat' dir='ltr'><strong><em>Deo</em></strong></span> <span class='ocrx_word' id='word_1_727' title='bbox 1391 961 1528 1006; x_wconf 91' lang='lat' dir='ltr'><strong><em>potest),</em></strong></span> <span class='ocrx_word' id='word_1_728' title='bbox 1558 963 1766 1004; x_wconf 74' lang='lat' dir='ltr'><strong><em>manifestum</em></strong></span> <span class='ocrx_word' id='word_1_729' title='bbox 1798 969 1845 995; x_wconf 88' lang='lat' dir='ltr'><strong><em>est</em></strong></span> <span class='ocrx_word' id='word_1_730' title='bbox 1875 966 1907 995; x_wconf 88' lang='lat' dir='ltr'><strong><em>in</em></strong></span> <span class='ocrx_word' id='word_1_731' title='bbox 1937 965 2002 996; x_wconf 89' lang='lat' dir='ltr'><strong><em>illis</em></strong></span> <span class='ocrx_word' id='word_1_732' title='bbox 2030 963 2254 1009; x_wconf 83' lang='lat' dir='ltr'><strong><em>(Gentilibus):</em></strong></span> <span class='ocrx_word' id='word_1_733' title='bbox 2284 967 2376 998; x_wconf 87' lang='lat' dir='ltr'><strong><em>Deus</em></strong></span> 
     </span>
     <span class='ocr_line' id='line_1_93' title="bbox 1297 1007 2375 1049; baseline 0.004 -12"><span class='ocrx_word' id='word_1_734' title='bbox 1297 1008 1381 1037; x_wconf 91' lang='lat' dir='ltr'><strong><em>enim</em></strong></span> <span class='ocrx_word' id='word_1_735' title='bbox 1406 1008 1471 1038; x_wconf 90' lang='lat' dir='ltr'><strong><em>illis</em></strong></span> <span class='ocrx_word' id='word_1_736' title='bbox 1489 1007 1719 1049; x_wconf 60' lang='lat' dir='ltr'><strong><em>manifestavit.</em></strong></span> <span class='ocrx_word' id='word_1_737' title='bbox 1744 1009 1820 1046; x_wconf 91' lang='lat' dir='ltr'><strong><em>Quo</em></strong></span> <span class='ocrx_word' id='word_1_738' title='bbox 1839 1007 1894 1039; x_wconf 89' lang='lat' dir='ltr'><strong><em>fiat</em></strong></span> <span class='ocrx_word' id='word_1_739' title='bbox 1917 1009 2018 1039; x_wconf 91' lang='lat' dir='ltr'><strong><em>modo</em></strong></span> <span class='ocrx_word' id='word_1_740' title='bbox 2037 1010 2190 1040; x_wconf 85' lang='lat' dir='ltr'><strong><em>naturalis</em></strong></span> <span class='ocrx_word' id='word_1_741' title='bbox 2205 1010 2286 1041; x_wconf 79' lang='lat' dir='ltr'><strong><em>haec</em></strong></span> <span class='ocrx_word' id='word_1_742' title='bbox 2307 1021 2375 1041; x_wconf 87' lang='lat' dir='ltr'><strong><em>ma-</em></strong></span> 
     </span>
     <span class='ocr_line' id='line_1_94' title="bbox 1297 1051 2375 1094; baseline 0.005 -13"><span class='ocrx_word' id='word_1_743' title='bbox 1297 1051 1455 1082; x_wconf 85' lang='lat' dir='ltr'><strong><em>nifestatio</em></strong></span> <span class='ocrx_word' id='word_1_744' title='bbox 1487 1052 1667 1083; x_wconf 89' lang='lat' dir='ltr'><strong><em>edisseritur</em></strong></span> <span class='ocrx_word' id='word_1_745' title='bbox 1687 1058 1718 1084; x_wconf 62' lang='lat' dir='ltr'><strong><em>v.</em></strong></span> <span class='ocrx_word' id='word_1_746' title='bbox 1741 1060 1799 1083; x_wconf 89' lang='lat'><strong><em>20:</em></strong></span> <span class='ocrx_word' id='word_1_747' title='bbox 1820 1052 2000 1084; x_wconf 81' lang='lat' dir='ltr'><strong><em>Invisibilia</em></strong></span> <span class='ocrx_word' id='word_1_748' title='bbox 2019 1055 2104 1087; x_wconf 83' lang='lat' dir='ltr'><strong><em>enim</em></strong></span> <span class='ocrx_word' id='word_1_749' title='bbox 2124 1055 2225 1094; x_wconf 53' lang='lat' dir='ltr'><strong><em>nisius</em></strong></span> <span class='ocrx_word' id='word_1_750' title='bbox 2244 1064 2266 1085; x_wconf 89' lang='lat' dir='ltr'><strong><em>a</em></strong></span> <span class='ocrx_word' id='word_1_751' title='bbox 2285 1061 2375 1086; x_wconf 75' lang='lat' dir='ltr'><strong><em>crea·-</em></strong></span> 
     </span>
     <span class='ocr_line' id='line_1_95' title="bbox 1297 1096 2373 1139; baseline 0.004 -13"><span class='ocrx_word' id='word_1_752' title='bbox 1297 1101 1372 1126; x_wconf 88' lang='lat' dir='ltr'><strong><em>tura</em></strong></span> <span class='ocrx_word' id='word_1_753' title='bbox 1387 1096 1510 1135; x_wconf 89' lang='lat' dir='ltr'><strong><em>mundi,</em></strong></span> <span class='ocrx_word' id='word_1_754' title='bbox 1513 1106 1578 1137; x_wconf 88' lang='lat' dir='ltr'><strong><em>per</em></strong></span> <span class='ocrx_word' id='word_1_755' title='bbox 1591 1107 1629 1127; x_wconf 90' lang='lat' dir='ltr'><strong><em>ea</em></strong></span> <span class='ocrx_word' id='word_1_756' title='bbox 1643 1097 1830 1138; x_wconf 86' lang='lat' dir='ltr'><strong><em>quaefacta</em></strong></span> <span class='ocrx_word' id='word_1_757' title='bbox 1844 1103 1930 1135; x_wconf 86' lang='lat' dir='ltr'><strong><em>sunt,</em></strong></span> <span class='ocrx_word' id='word_1_758' title='bbox 1942 1098 2104 1129; x_wconf 87' lang='lat' dir='ltr'><strong><em>intellecta</em></strong></span> <span class='ocrx_word' id='word_1_759' title='bbox 2118 1100 2373 1139; x_wconf 83' lang='lat' dir='ltr'><strong><em>conspiciuntur,</em></strong></span> 
     </span>
     <span class='ocr_line' id='line_1_96' title="bbox 1295 1142 2383 1182; baseline 0.003 -11"><span class='ocrx_word' id='word_1_760' title='bbox 1295 1142 1490 1181; x_wconf 88' lang='lat' dir='ltr'><strong><em>sempiterna</em></strong></span> <span class='ocrx_word' id='word_1_761' title='bbox 1513 1150 1639 1182; x_wconf 86' lang='lat' dir='ltr'><strong><em>quoque</em></strong></span> <span class='ocrx_word' id='word_1_762' title='bbox 1657 1143 1726 1172; x_wconf 90' lang='lat' dir='ltr'><strong><em>eius</em></strong></span> <span class='ocrx_word' id='word_1_763' title='bbox 1749 1143 1853 1172; x_wconf 76' lang='lat' dir='ltr'><strong><em>virtus</em></strong></span> <span class='ocrx_word' id='word_1_764' title='bbox 1872 1147 1903 1172; x_wconf 89' lang='lat' dir='ltr'><strong><em>et</em></strong></span> <span class='ocrx_word' id='word_1_765' title='bbox 1923 1142 2085 1173; x_wconf 83' lang='lat' dir='ltr'><strong><em>divinitas.</em></strong></span> <span class='ocrx_word' id='word_1_766' title='bbox 2109 1142 2296 1175; x_wconf 81' lang='lat' dir='ltr'><strong><em>Naturalem</em></strong></span> <span class='ocrx_word' id='word_1_767' title='bbox 2313 1144 2383 1174; x_wconf 59' lang='lat' dir='ltr'><strong><em>Dei*</em></strong></span> 
     </span>
     <span class='ocr_line' id='line_1_97' title="bbox 1297 1185 2373 1226; baseline 0.004 -11"><span class='ocrx_word' id='word_1_768' title='bbox 1297 1185 1514 1224; x_wconf 89' lang='lat' dir='ltr'><strong><em>cognitionem</em></strong></span> <span class='ocrx_word' id='word_1_769' title='bbox 1538 1186 1631 1216; x_wconf 91' lang='lat' dir='ltr'><strong><em>docet</em></strong></span> <span class='ocrx_word' id='word_1_770' title='bbox 1649 1186 1826 1226; x_wconf 82' lang='lat' dir='ltr'><strong><em>Apostolus</em></strong></span> <span class='ocrx_word' id='word_1_771' title='bbox 1854 1185 2011 1226; x_wconf 87' lang='lat' dir='ltr'><strong><em>originem</em></strong></span> <span class='ocrx_word' id='word_1_772' title='bbox 2030 1196 2155 1218; x_wconf 90' lang='lat' dir='ltr'><strong><em>sumere</em></strong></span> <span class='ocrx_word' id='word_1_773' title='bbox 2179 1197 2200 1219; x_wconf 92' lang='lat' dir='ltr'><strong><em>a</em></strong></span> <span class='ocrx_word' id='word_1_774' title='bbox 2219 1193 2373 1219; x_wconf 85' lang='lat' dir='ltr'><strong><em>creatura</em></strong></span> 
     </span>
     <span class='ocr_line' id='line_1_98' title="bbox 1296 1230 2372 1271; baseline 0.004 -12"><span class='ocrx_word' id='word_1_775' title='bbox 1296 1230 1409 1260; x_wconf 87' lang='lat' dir='ltr'><strong><em>mundi</em></strong></span> <span class='ocrx_word' id='word_1_776' title='bbox 1430 1230 1481 1260; x_wconf 88' lang='lat' dir='ltr'><strong><em>vel</em></strong></span> <span class='ocrx_word' id='word_1_777' title='bbox 1498 1240 1562 1270; x_wconf 88' lang='lat' dir='ltr'><strong><em>per</em></strong></span> <span class='ocrx_word' id='word_1_778' title='bbox 1585 1240 1622 1261; x_wconf 86' lang='lat' dir='ltr'><strong><em>ea</em></strong></span> <span class='ocrx_word' id='word_1_779' title='bbox 1646 1230 1842 1271; x_wconf 86' lang='lat' dir='ltr'><strong><em>quaefacta</em></strong></span> <span class='ocrx_word' id='word_1_780' title='bbox 1863 1236 1957 1261; x_wconf 84' lang='lat' dir='ltr'><strong><em>sunt:</em></strong></span> <span class='ocrx_word' id='word_1_781' title='bbox 1980 1237 2138 1271; x_wconf 88' lang='lat' dir='ltr'><strong><em>quatenus</em></strong></span> <span class='ocrx_word' id='word_1_782' title='bbox 2165 1241 2273 1263; x_wconf 87' lang='lat' dir='ltr'><strong><em>rerum</em></strong></span> <span class='ocrx_word' id='word_1_783' title='bbox 2296 1242 2372 1263; x_wconf 88' lang='lat' dir='ltr'><strong><em>con-</em></strong></span> 
     </span>
     <span class='ocr_line' id='line_1_99' title="bbox 1297 1273 2370 1317; baseline 0.003 -13"><span class='ocrx_word' id='word_1_784' title='bbox 1297 1273 1434 1304; x_wconf 88' lang='lat' dir='ltr'><strong><em>ditarum</em></strong></span> <span class='ocrx_word' id='word_1_785' title='bbox 1457 1274 1623 1314; x_wconf 84' lang='lat' dir='ltr'><strong><em>notiones,</em></strong></span> <span class='ocrx_word' id='word_1_786' title='bbox 1647 1282 1702 1305; x_wconf 88' lang='lat' dir='ltr'><strong><em>aut</em></strong></span> <span class='ocrx_word' id='word_1_787' title='bbox 1725 1274 1943 1315; x_wconf 88' lang='lat' dir='ltr'><strong><em>perceptiones</em></strong></span> <span class='ocrx_word' id='word_1_788' title='bbox 1967 1281 2023 1305; x_wconf 87' lang='lat' dir='ltr'><strong><em>aut</em></strong></span> <span class='ocrx_word' id='word_1_789' title='bbox 2045 1275 2145 1313; x_wconf 86' lang='lat' dir='ltr'><strong><em>ideae,</em></strong></span> <span class='ocrx_word' id='word_1_790' title='bbox 2169 1284 2252 1317; x_wconf 74' lang='lat' dir='ltr'><strong><em>quae</em></strong></span> <span class='ocrx_word' id='word_1_791' title='bbox 2275 1276 2370 1307; x_wconf 84' lang='lat' dir='ltr'><strong><em>mini-</em></strong></span> 
     </span>
     <span class='ocr_line' id='line_1_100' title="bbox 1296 1318 2371 1360; baseline 0.004 -12"><span class='ocrx_word' id='word_1_792' title='bbox 1296 1318 1390 1348; x_wconf 90' lang='lat' dir='ltr'><strong><em>sterio</em></strong></span> <span class='ocrx_word' id='word_1_793' title='bbox 1413 1328 1566 1349; x_wconf 89' lang='lat' dir='ltr'><strong><em>sensuum</em></strong></span> <span class='ocrx_word' id='word_1_794' title='bbox 1582 1329 1618 1350; x_wconf 90' lang='lat' dir='ltr'><strong><em>ac</em></strong></span> <span class='ocrx_word' id='word_1_795' title='bbox 1638 1319 1752 1350; x_wconf 90' lang='lat' dir='ltr'><strong><em>mentis</em></strong></span> <span class='ocrx_word' id='word_1_796' title='bbox 1776 1318 1944 1349; x_wconf 84' lang='lat' dir='ltr'><strong><em>reflexione</em></strong></span> <span class='ocrx_word' id='word_1_797' title='bbox 1960 1319 1993 1349; x_wconf 88' lang='lat' dir='ltr'><strong><em>in</em></strong></span> <span class='ocrx_word' id='word_1_798' title='bbox 2013 1319 2151 1359; x_wconf 88' lang='lat' dir='ltr'><strong><em>seipsam</em></strong></span> <span class='ocrx_word' id='word_1_799' title='bbox 2170 1327 2371 1360; x_wconf 84' lang='lat' dir='ltr'><strong><em>comparatae</em></strong></span> 
     </span>
     <span class='ocr_line' id='line_1_101' title="bbox 1295 1362 2372 1404; baseline 0.004 -12"><span class='ocrx_word' id='word_1_800' title='bbox 1295 1362 1388 1393; x_wconf 89' lang='lat' dir='ltr'><strong><em>nobis</em></strong></span> <span class='ocrx_word' id='word_1_801' title='bbox 1411 1363 1530 1402; x_wconf 90' lang='lat' dir='ltr'><strong><em>insunt,</em></strong></span> <span class='ocrx_word' id='word_1_802' title='bbox 1555 1373 1621 1394; x_wconf 91' lang='lat' dir='ltr'><strong><em>non</em></strong></span> <span class='ocrx_word' id='word_1_803' title='bbox 1645 1363 1745 1394; x_wconf 91' lang='lat' dir='ltr'><strong><em>modo</em></strong></span> <span class='ocrx_word' id='word_1_804' title='bbox 1769 1373 1817 1394; x_wconf 88' lang='lat' dir='ltr'><strong><em>res</em></strong></span> <span class='ocrx_word' id='word_1_805' title='bbox 1845 1364 1928 1404; x_wconf 87' lang='lat' dir='ltr'><strong><em>ipsas</em></strong></span> <span class='ocrx_word' id='word_1_806' title='bbox 1953 1363 2095 1394; x_wconf 88' lang='lat' dir='ltr'><strong><em>conditas</em></strong></span> <span class='ocrx_word' id='word_1_807' title='bbox 2119 1368 2372 1404; x_wconf 54' lang='lat' dir='ltr'><strong><em>repraesentatum</em></strong></span> 
     </span>
     <span class='ocr_line' id='line_1_102' title="bbox 1295 1407 2374 1450; baseline 0.004 -14"><span class='ocrx_word' id='word_1_808' title='bbox 1295 1407 1350 1436; x_wconf 88' lang='lat' dir='ltr'><strong><em>sed</em></strong></span> <span class='ocrx_word' id='word_1_809' title='bbox 1382 1414 1524 1438; x_wconf 87' lang='lat' dir='ltr'><strong><em>mentem</em></strong></span> <span class='ocrx_word' id='word_1_810' title='bbox 1555 1417 1687 1450; x_wconf 93' lang='lat' dir='ltr'><strong><em>quoque</em></strong></span> <span class='ocrx_word' id='word_1_811' title='bbox 1720 1407 1854 1439; x_wconf 85' lang='lat' dir='ltr'><strong><em>excitant</em></strong></span> <span class='ocrx_word' id='word_1_812' title='bbox 1869 1431 1878 1447; x_wconf 96' lang='lat'><strong><em>,</em></strong></span> <span class='ocrx_word' id='word_1_813' title='bbox 1912 1414 1948 1438; x_wconf 94' lang='lat' dir='ltr'><strong><em>ut</em></strong></span> <span class='ocrx_word' id='word_1_814' title='bbox 1979 1408 2012 1438; x_wconf 91' lang='lat' dir='ltr'><strong><em>in</em></strong></span> <span class='ocrx_word' id='word_1_815' title='bbox 2045 1407 2192 1439; x_wconf 86' lang='lat' dir='ltr'><strong><em>notitiam</em></strong></span> <span class='ocrx_word' id='word_1_816' title='bbox 2209 1409 2374 1450; x_wconf 67' lang='lat' dir='ltr'><strong><em>adsurgat</em></strong></span> 
     </span>
     <span class='ocr_line' id='line_1_103' title="bbox 1295 1450 2370 1482; baseline 0.006 -2"><span class='ocrx_word' id='word_1_817' title='bbox 1295 1450 1465 1482; x_wconf 90' lang='lat' dir='ltr'><strong><em>Creatoris.</em></strong></span> <span class='ocrx_word' id='word_1_818' title='bbox 1914 1463 1916 1465; x_wconf 66' lang='grc'><strong><em>’</em></strong></span> <span class='ocrx_word' id='word_1_819' title='bbox 2190 1467 2196 1470; x_wconf 53' lang='lat'>&gt;</span> <span class='ocrx_word' id='word_1_820' title='bbox 2282 1455 2286 1461; x_wconf 89' lang='lat'>&#39;</span> <span class='ocrx_word' id='word_1_821' title='bbox 2365 1469 2370 1473; x_wconf 63' lang='lat'>&gt;</span> 
     </span>
    </p>

    <p class='ocr_par' dir='ltr' id='par_1_12' title="bbox 1279 1495 2381 2201">
     <span class='ocr_line' id='line_1_104' title="bbox 1362 1495 2371 1538; baseline 0.003 -12"><span class='ocrx_word' id='word_1_822' title='bbox 1362 1495 1471 1526; x_wconf 90' lang='lat' dir='ltr'><strong><em>Genus</em></strong></span> <span class='ocrx_word' id='word_1_823' title='bbox 1491 1496 1625 1526; x_wconf 85' lang='lat' dir='ltr'><strong><em>alterum</em></strong></span> <span class='ocrx_word' id='word_1_824' title='bbox 1647 1496 1830 1527; x_wconf 81' lang='lat' dir='ltr'><strong><em>divinorum</em></strong></span> <span class='ocrx_word' id='word_1_825' title='bbox 1851 1497 2113 1537; x_wconf 87' lang='lat' dir='ltr'><strong><em>intelligibilium,</em></strong></span> <span class='ocrx_word' id='word_1_826' title='bbox 2134 1507 2217 1538; x_wconf 85' lang='lat' dir='ltr'><strong><em>quae</em></strong></span> <span class='ocrx_word' id='word_1_827' title='bbox 2235 1497 2371 1529; x_wconf 87' lang='lat' dir='ltr'><strong><em>omnino</em></strong></span> 
     </span>
     <span class='ocr_line' id='line_1_105' title="bbox 1293 1538 2371 1583; baseline 0.004 -14"><span class='ocrx_word' id='word_1_828' title='bbox 1293 1538 1359 1569; x_wconf 90' lang='lat' dir='ltr'><strong><em>vim</em></strong></span> <span class='ocrx_word' id='word_1_829' title='bbox 1382 1539 1542 1570; x_wconf 85' lang='lat' dir='ltr'><strong><em>humanae</em></strong></span> <span class='ocrx_word' id='word_1_830' title='bbox 1565 1546 1763 1575; x_wconf 39' lang='lat' dir='ltr'><strong><em>aut-creatae</em></strong></span> <span class='ocrx_word' id='word_1_831' title='bbox 1781 1541 1896 1571; x_wconf 86' lang='lat' dir='ltr'><strong><em>mentis</em></strong></span> <span class='ocrx_word' id='word_1_832' title='bbox 1920 1541 2085 1579; x_wconf 87' lang='lat' dir='ltr'><strong><em>excedunt,</em></strong></span> <span class='ocrx_word' id='word_1_833' title='bbox 2107 1541 2202 1572; x_wconf 88' lang='lat' dir='ltr'><strong><em>verba</em></strong></span> <span class='ocrx_word' id='word_1_834' title='bbox 2218 1542 2371 1583; x_wconf 81' lang='lat' dir='ltr'><strong><em>Apostoli</em></strong></span> 
     </span>
     <span class='ocr_line' id='line_1_106' title="bbox 1292 1582 2371 1627; baseline 0.005 -14"><span class='ocrx_word' id='word_1_835' title='bbox 1292 1582 1433 1614; x_wconf 88' lang='lat' dir='ltr'><strong><em>indicant</em></strong></span> <span class='ocrx_word' id='word_1_836' title='bbox 1459 1584 1493 1614; x_wconf 92' lang='lat' dir='ltr'><strong><em>in</em></strong></span> <span class='ocrx_word' id='word_1_837' title='bbox 1516 1584 1660 1624; x_wconf 87' lang='lat' dir='ltr'><strong><em>Epistola</em></strong></span> <span class='ocrx_word' id='word_1_838' title='bbox 1683 1584 1695 1614; x_wconf 89' lang='lat'>1</span> <span class='ocrx_word' id='word_1_839' title='bbox 1719 1584 1760 1614; x_wconf 89' lang='lat' dir='ltr'><strong><em>ad</em></strong></span> <span class='ocrx_word' id='word_1_840' title='bbox 1783 1584 1968 1615; x_wconf 82' lang='lat' dir='ltr'><strong><em>Corinthios</em></strong></span> <span class='ocrx_word' id='word_1_841' title='bbox 1997 1585 2099 1625; x_wconf 89' lang='lat' dir='ltr'><strong><em>capite</em></strong></span> <span class='ocrx_word' id='word_1_842' title='bbox 2121 1595 2162 1623; x_wconf 86' lang='lat'><strong><em>11,</em></strong></span> <span class='ocrx_word' id='word_1_843' title='bbox 2185 1591 2215 1617; x_wconf 66' lang='grc' dir='ltr'><strong><em>ν.</em></strong></span> <span class='ocrx_word' id='word_1_844' title='bbox 2235 1596 2256 1627; x_wconf 89' lang='lat'>7</span> <span class='ocrx_word' id='word_1_845' title='bbox 2281 1592 2312 1617; x_wconf 88' lang='lat' dir='ltr'><strong><em>et</em></strong></span> <span class='ocrx_word' id='word_1_846' title='bbox 2334 1593 2371 1626; x_wconf 76' lang='lat'><strong><em>9:</em></strong></span> 
     </span>
     <span class='ocr_line' id='line_1_107' title="bbox 1293 1626 2370 1670; baseline 0.003 -12"><span class='ocrx_word' id='word_1_847' title='bbox 1293 1627 1472 1668; x_wconf 86' lang='lat' dir='ltr'><strong><em>Loquimur</em></strong></span> <span class='ocrx_word' id='word_1_848' title='bbox 1489 1628 1554 1659; x_wconf 90' lang='lat' dir='ltr'><strong><em>Dei</em></strong></span> <span class='ocrx_word' id='word_1_849' title='bbox 1571 1628 1770 1669; x_wconf 86' lang='lat' dir='ltr'><strong><em>Sapientiam</em></strong></span> <span class='ocrx_word' id='word_1_850' title='bbox 1790 1626 1995 1670; x_wconf 86' lang='lat' dir='ltr'><strong><em>(Trinitatem</em></strong></span> <span class='ocrx_word' id='word_1_851' title='bbox 2013 1638 2242 1668; x_wconf 87' lang='lat' dir='ltr'><strong><em>personarum,</em></strong></span> <span class='ocrx_word' id='word_1_852' title='bbox 2266 1630 2370 1661; x_wconf 78' lang='lat' dir='ltr'><strong><em>Incar-</em></strong></span> 
     </span>
     <span class='ocr_line' id='line_1_108' title="bbox 1293 1672 2381 1711; baseline 0.004 -9"><span class='ocrx_word' id='word_1_853' title='bbox 1293 1672 1457 1703; x_wconf 86' lang='lat' dir='ltr'><strong><em>nationem</em></strong></span> <span class='ocrx_word' id='word_1_854' title='bbox 1480 1672 1551 1703; x_wconf 86' lang='lat' dir='ltr'><strong><em>Filii</em></strong></span> <span class='ocrx_word' id='word_1_855' title='bbox 1574 1672 1645 1711; x_wconf 90' lang='lat' dir='ltr'><strong><em>Dei,</em></strong></span> <span class='ocrx_word' id='word_1_856' title='bbox 1675 1673 1783 1703; x_wconf 91' lang='lat' dir='ltr'><strong><em>Deum</em></strong></span> <span class='ocrx_word' id='word_1_857' title='bbox 1805 1672 1980 1703; x_wconf 87' lang='lat' dir='ltr'><strong><em>videndum</em></strong></span> <span class='ocrx_word' id='word_1_858' title='bbox 2003 1672 2036 1702; x_wconf 87' lang='lat' dir='ltr'><strong><em>in</em></strong></span> <span class='ocrx_word' id='word_1_859' title='bbox 2060 1672 2167 1704; x_wconf 84' lang='lat' dir='ltr'><strong><em>futura</em></strong></span> <span class='ocrx_word' id='word_1_860' title='bbox 2188 1673 2254 1705; x_wconf 69' lang='lat' dir='ltr'><strong><em>vita</em></strong></span> <span class='ocrx_word' id='word_1_861' title='bbox 2276 1673 2381 1706; x_wconf 62' lang='lat' dir='ltr'><strong><em>sicud</em></strong></span> 
     </span>
     <span class='ocr_line' id='line_1_109' title="bbox 1293 1714 2373 1759; baseline 0.004 -13"><span class='ocrx_word' id='word_1_862' title='bbox 1293 1714 1362 1759; x_wconf 89' lang='lat' dir='ltr'><strong><em>est).</em></strong></span> <span class='ocrx_word' id='word_1_863' title='bbox 1379 1717 1540 1757; x_wconf 87' lang='lat' dir='ltr'><strong><em>Scriptum</em></strong></span> <span class='ocrx_word' id='word_1_864' title='bbox 1558 1722 1605 1748; x_wconf 89' lang='lat' dir='ltr'><strong><em>est</em></strong></span> <span class='ocrx_word' id='word_1_865' title='bbox 1619 1718 1702 1747; x_wconf 88' lang='lat' dir='ltr'><strong><em>enim</em></strong></span> <span class='ocrx_word' id='word_1_866' title='bbox 1718 1715 1831 1759; x_wconf 85' lang='lat' dir='ltr'><strong><em>(Isaiae</em></strong></span> <span class='ocrx_word' id='word_1_867' title='bbox 1847 1717 1948 1757; x_wconf 91' lang='lat' dir='ltr'><strong><em>capite</em></strong></span> <span class='ocrx_word' id='word_1_868' title='bbox 1962 1727 2044 1755; x_wconf 75' lang='lat' dir='ltr'><strong><em>thv,</em></strong></span> <span class='ocrx_word' id='word_1_869' title='bbox 2059 1722 2088 1747; x_wconf 73' lang='grc' dir='ltr'><strong><em>ν.</em></strong></span> <span class='ocrx_word' id='word_1_870' title='bbox 2105 1715 2142 1759; x_wconf 91' lang='lat'><strong><em>4)</em></strong></span> <span class='ocrx_word' id='word_1_871' title='bbox 2158 1717 2244 1758; x_wconf 83' lang='lat' dir='ltr'><strong><em>quod</em></strong></span> <span class='ocrx_word' id='word_1_872' title='bbox 2257 1718 2373 1750; x_wconf 79' lang='lat' dir='ltr'><strong><em>oculus</em></strong></span> 
     </span>
     <span class='ocr_line' id='line_1_110' title="bbox 1292 1761 2368 1801; baseline 0.003 -10"><span class='ocrx_word' id='word_1_873' title='bbox 1292 1770 1356 1791; x_wconf 91' lang='lat' dir='ltr'><strong><em>non</em></strong></span> <span class='ocrx_word' id='word_1_874' title='bbox 1377 1761 1466 1799; x_wconf 79' lang='lat' dir='ltr'><strong><em>vidit,</em></strong></span> <span class='ocrx_word' id='word_1_875' title='bbox 1492 1771 1550 1792; x_wconf 83' lang='lat' dir='ltr'><strong><em>nec</em></strong></span> <span class='ocrx_word' id='word_1_876' title='bbox 1572 1762 1664 1792; x_wconf 82' lang='lat' dir='ltr'><strong><em>auris</em></strong></span> <span class='ocrx_word' id='word_1_877' title='bbox 1683 1761 1817 1799; x_wconf 78' lang='lat' dir='ltr'><strong><em>audivit,</em></strong></span> <span class='ocrx_word' id='word_1_878' title='bbox 1838 1771 1897 1792; x_wconf 89' lang='lat' dir='ltr'><strong><em>nec</em></strong></span> <span class='ocrx_word' id='word_1_879' title='bbox 1920 1763 1952 1792; x_wconf 90' lang='lat' dir='ltr'><strong><em>in</em></strong></span> <span class='ocrx_word' id='word_1_880' title='bbox 1977 1771 2034 1792; x_wconf 92' lang='lat' dir='ltr'><strong><em>cor</em></strong></span> <span class='ocrx_word' id='word_1_881' title='bbox 2054 1761 2193 1792; x_wconf 87' lang='lat' dir='ltr'><strong><em>hominis</em></strong></span> <span class='ocrx_word' id='word_1_882' title='bbox 2211 1762 2368 1801; x_wconf 76' lang='lat' dir='ltr'><strong><em>ascendit,</em></strong></span> 
     </span>
     <span class='ocr_line' id='line_1_111' title="bbox 1291 1806 2370 1846; baseline 0.002 -10"><span class='ocrx_word' id='word_1_883' title='bbox 1291 1815 1375 1846; x_wconf 87' lang='lat' dir='ltr'><strong><em>quae</em></strong></span> <span class='ocrx_word' id='word_1_884' title='bbox 1391 1806 1607 1846; x_wconf 85' lang='lat' dir='ltr'><strong><em>praeparavit</em></strong></span> <span class='ocrx_word' id='word_1_885' title='bbox 1628 1806 1719 1836; x_wconf 89' lang='lat' dir='ltr'><strong><em>Deus</em></strong></span> <span class='ocrx_word' id='word_1_886' title='bbox 1742 1807 1782 1836; x_wconf 91' lang='lat' dir='ltr'><strong><em>iis</em></strong></span> <span class='ocrx_word' id='word_1_887' title='bbox 1804 1807 1860 1846; x_wconf 84' lang='lat' dir='ltr'><strong><em>qui</em></strong></span> <span class='ocrx_word' id='word_1_888' title='bbox 1882 1806 2026 1846; x_wconf 85' lang='lat' dir='ltr'><strong><em>diligunt</em></strong></span> <span class='ocrx_word' id='word_1_889' title='bbox 2049 1806 2151 1837; x_wconf 89' lang='lat' dir='ltr'><strong><em>illum.</em></strong></span> <span class='ocrx_word' id='word_1_890' title='bbox 2181 1806 2270 1837; x_wconf 84' lang='lat' dir='ltr'><strong><em>Haec</em></strong></span> <span class='ocrx_word' id='word_1_891' title='bbox 2293 1816 2370 1839; x_wconf 78' lang='lat' dir='ltr'><strong><em>varo</em></strong></span> 
     </span>
     <span class='ocr_line' id='line_1_112' title="bbox 1291 1848 2372 1893; baseline 0.004 -13"><span class='ocrx_word' id='word_1_892' title='bbox 1291 1848 1334 1892; x_wconf 72' lang='lat' dir='ltr'><strong><em>(vt.</em></strong></span> <span class='ocrx_word' id='word_1_893' title='bbox 1353 1848 1414 1892; x_wconf 67' lang='lat' dir='ltr'><strong><em>io)</em></strong></span> <span class='ocrx_word' id='word_1_894' title='bbox 1434 1849 1523 1881; x_wconf 88' lang='lat' dir='ltr'><strong><em>nobis</em></strong></span> <span class='ocrx_word' id='word_1_895' title='bbox 1547 1850 1702 1880; x_wconf 81' lang='lat' dir='ltr'><strong><em>revelavit</em></strong></span> <span class='ocrx_word' id='word_1_896' title='bbox 1723 1850 1814 1881; x_wconf 89' lang='lat' dir='ltr'><strong><em>Deus</em></strong></span> <span class='ocrx_word' id='word_1_897' title='bbox 1831 1859 1896 1890; x_wconf 89' lang='lat' dir='ltr'><strong><em>per</em></strong></span> <span class='ocrx_word' id='word_1_898' title='bbox 1910 1850 2067 1890; x_wconf 87' lang='lat' dir='ltr'><strong><em>Spiritum</em></strong></span> <span class='ocrx_word' id='word_1_899' title='bbox 2091 1859 2197 1881; x_wconf 88' lang='lat' dir='ltr'><strong><em>suum.</em></strong></span> <span class='ocrx_word' id='word_1_900' title='bbox 2222 1850 2291 1882; x_wconf 85' lang='lat' dir='ltr'><strong><em>Cur</em></strong></span> <span class='ocrx_word' id='word_1_901' title='bbox 2313 1856 2372 1893; x_wconf 77' lang='lat' dir='ltr'><strong><em>pe‘r</em></strong></span> 
     </span>
     <span class='ocr_line' id='line_1_113' title="bbox 1291 1892 2372 1936; baseline 0.001 -11"><span class='ocrx_word' id='word_1_902' title='bbox 1291 1894 1446 1934; x_wconf 89' lang='lat' dir='ltr'><strong><em>Spiritum</em></strong></span> <span class='ocrx_word' id='word_1_903' title='bbox 1465 1892 1580 1925; x_wconf 87' lang='lat' dir='ltr'><strong><em>suum?</em></strong></span> <span class='ocrx_word' id='word_1_904' title='bbox 1599 1894 1740 1934; x_wconf 88' lang='lat' dir='ltr'><strong><em>Spiritus</em></strong></span> <span class='ocrx_word' id='word_1_905' title='bbox 1755 1895 1839 1925; x_wconf 88' lang='lat' dir='ltr'><strong><em>enim</em></strong></span> <span class='ocrx_word' id='word_1_906' title='bbox 1856 1895 1964 1925; x_wconf 89' lang='lat' dir='ltr'><strong><em>omnia</em></strong></span> <span class='ocrx_word' id='word_1_907' title='bbox 1983 1899 2162 1932; x_wconf 84' lang='lat' dir='ltr'><strong><em>scrutatur,</em></strong></span> <span class='ocrx_word' id='word_1_908' title='bbox 2180 1895 2277 1925; x_wconf 82' lang='lat' dir='ltr'><strong><em>etiam</em></strong></span> <span class='ocrx_word' id='word_1_909' title='bbox 2291 1905 2372 1936; x_wconf 85' lang='lat' dir='ltr'><strong><em>pro-</em></strong></span> 
     </span>
     <span class='ocr_line' id='line_1_114' title="bbox 1279 1937 2371 1979; baseline 0.003 -10"><span class='ocrx_word' id='word_1_910' title='bbox 1279 1938 1395 1979; x_wconf 89' lang='lat' dir='ltr'><strong><em>funda</em></strong></span> <span class='ocrx_word' id='word_1_911' title='bbox 1412 1939 1489 1969; x_wconf 76' lang='lat' dir='ltr'><strong><em>Dei:</em></strong></span> <span class='ocrx_word' id='word_1_912' title='bbox 1506 1939 1595 1969; x_wconf 87' lang='lat' dir='ltr'><strong><em>Haec</em></strong></span> <span class='ocrx_word' id='word_1_913' title='bbox 1613 1938 1709 1979; x_wconf 81' lang='lat' dir='ltr'><strong><em>igitur</em></strong></span> <span class='ocrx_word' id='word_1_914' title='bbox 1726 1938 1888 1979; x_wconf 82' lang='lat' dir='ltr'><strong><em>profunda</em></strong></span> <span class='ocrx_word' id='word_1_915' title='bbox 1905 1938 1976 1976; x_wconf 90' lang='lat' dir='ltr'><strong><em>Dei,</em></strong></span> <span class='ocrx_word' id='word_1_916' title='bbox 1995 1937 2126 1969; x_wconf 88' lang='lat' dir='ltr'><strong><em>nonnisi</em></strong></span> <span class='ocrx_word' id='word_1_917' title='bbox 2140 1938 2276 1978; x_wconf 68' lang='lat' dir='ltr'><strong><em>Spiritus</em></strong></span> <span class='ocrx_word' id='word_1_918' title='bbox 2302 1939 2371 1972; x_wconf 72' lang='lat' dir='ltr'><strong><em>eiu·</em></strong></span> 
     </span>
     <span class='ocr_line' id='line_1_115' title="bbox 1289 1982 2369 2024; baseline 0.003 -11"><span class='ocrx_word' id='word_1_919' title='bbox 1289 1982 1490 2014; x_wconf 83' lang='lat' dir='ltr'><strong><em>manifestare</em></strong></span> <span class='ocrx_word' id='word_1_920' title='bbox 1517 1989 1632 2024; x_wconf 88' lang='lat' dir='ltr'><strong><em>potest.</em></strong></span> <span class='ocrx_word' id='word_1_921' title='bbox 1662 1982 1875 2023; x_wconf 88' lang='lat' dir='ltr'><strong><em>Aptissimum</em></strong></span> <span class='ocrx_word' id='word_1_922' title='bbox 1905 1982 2012 2023; x_wconf 87' lang='lat' dir='ltr'><strong><em>accipe</em></strong></span> <span class='ocrx_word' id='word_1_923' title='bbox 2044 1982 2227 2023; x_wconf 85' lang='lat' dir='ltr'><strong><em>exemplum</em></strong></span> <span class='ocrx_word' id='word_1_924' title='bbox 2254 1988 2285 2015; x_wconf 65' lang='lat' dir='ltr'><strong><em>v.</em></strong></span> <span class='ocrx_word' id='word_1_925' title='bbox 2307 1988 2369 2016; x_wconf 57' lang='lat' dir='ltr'><strong><em>*i&#39;rz</em></strong></span> 
     </span>
     <span class='ocr_line' id='line_1_116' title="bbox 1293 2027 2371 2068; baseline 0.004 -11"><span class='ocrx_word' id='word_1_926' title='bbox 1293 2027 1373 2064; x_wconf 89' lang='lat' dir='ltr'><strong><em>Quis</em></strong></span> <span class='ocrx_word' id='word_1_927' title='bbox 1396 2029 1480 2060; x_wconf 90' lang='lat' dir='ltr'><strong><em>enim</em></strong></span> <span class='ocrx_word' id='word_1_928' title='bbox 1503 2028 1667 2058; x_wconf 89' lang='lat' dir='ltr'><strong><em>hominum</em></strong></span> <span class='ocrx_word' id='word_1_929' title='bbox 1687 2028 1747 2058; x_wconf 86' lang='lat' dir='ltr'><strong><em>scit</em></strong></span> <span class='ocrx_word' id='word_1_930' title='bbox 1768 2037 1852 2068; x_wconf 87' lang='lat' dir='ltr'><strong><em>quae</em></strong></span> <span class='ocrx_word' id='word_1_931' title='bbox 1873 2031 1951 2058; x_wconf 89' lang='lat' dir='ltr'><strong><em>sunt</em></strong></span> <span class='ocrx_word' id='word_1_932' title='bbox 1968 2027 2117 2064; x_wconf 82' lang='lat' dir='ltr'><strong><em>hominis,</em></strong></span> <span class='ocrx_word' id='word_1_933' title='bbox 2140 2028 2206 2058; x_wconf 79' lang='lat' dir='ltr'><strong><em>nisi</em></strong></span> <span class='ocrx_word' id='word_1_934' title='bbox 2233 2028 2371 2068; x_wconf 64' lang='lat' dir='ltr'><strong><em>spirim</em></strong></span> 
     </span>
     <span class='ocr_line' id='line_1_117' title="bbox 1288 2071 2373 2113; baseline 0 -11"><span class='ocrx_word' id='word_1_935' title='bbox 1288 2072 1440 2110; x_wconf 89' lang='lat' dir='ltr'><strong><em>hominis,</em></strong></span> <span class='ocrx_word' id='word_1_936' title='bbox 1465 2073 1521 2113; x_wconf 89' lang='lat' dir='ltr'><strong><em>qui</em></strong></span> <span class='ocrx_word' id='word_1_937' title='bbox 1544 2073 1576 2102; x_wconf 92' lang='lat' dir='ltr'><strong><em>in</em></strong></span> <span class='ocrx_word' id='word_1_938' title='bbox 1594 2073 1662 2112; x_wconf 90' lang='lat' dir='ltr'><strong><em>ipso</em></strong></span> <span class='ocrx_word' id='word_1_939' title='bbox 1685 2071 1760 2102; x_wconf 79' lang='lat' dir='ltr'><strong><em>est?</em></strong></span> <span class='ocrx_word' id='word_1_940' title='bbox 1781 2071 1835 2102; x_wconf 88' lang='lat' dir='ltr'><strong><em>Ita</em></strong></span> <span class='ocrx_word' id='word_1_941' title='bbox 1859 2076 1890 2102; x_wconf 88' lang='lat' dir='ltr'><strong><em>et</em></strong></span> <span class='ocrx_word' id='word_1_942' title='bbox 1911 2081 1995 2112; x_wconf 85' lang='lat' dir='ltr'><strong><em>quae</em></strong></span> <span class='ocrx_word' id='word_1_943' title='bbox 2016 2071 2081 2102; x_wconf 89' lang='lat' dir='ltr'><strong><em>Dei</em></strong></span> <span class='ocrx_word' id='word_1_944' title='bbox 2102 2075 2179 2102; x_wconf 82' lang='lat' dir='ltr'><strong><em>sunt</em></strong></span> <span class='ocrx_word' id='word_1_945' title='bbox 2194 2075 2291 2113; x_wconf 79' lang='lat' dir='ltr'><strong><em>nemo</em></strong></span> <span class='ocrx_word' id='word_1_946' title='bbox 2314 2077 2373 2109; x_wconf 64' lang='lat' dir='ltr'><strong><em>oon·</em></strong></span> 
     </span>
     <span class='ocr_line' id='line_1_118' title="bbox 1287 2114 2367 2157; baseline 0 -10"><span class='ocrx_word' id='word_1_947' title='bbox 1287 2117 1412 2157; x_wconf 77' lang='lat' dir='ltr'><strong><em>gnovit,</em></strong></span> <span class='ocrx_word' id='word_1_948' title='bbox 1438 2117 1501 2147; x_wconf 91' lang='lat' dir='ltr'><strong><em>nisi</em></strong></span> <span class='ocrx_word' id='word_1_949' title='bbox 1523 2116 1665 2156; x_wconf 84' lang='lat' dir='ltr'><strong><em>Spiritus</em></strong></span> <span class='ocrx_word' id='word_1_950' title='bbox 1686 2116 1759 2146; x_wconf 89' lang='lat' dir='ltr'><strong><em>Dei.</em></strong></span> <span class='ocrx_word' id='word_1_951' title='bbox 1783 2115 1909 2146; x_wconf 84' lang='lat' dir='ltr'><strong><em>Secreta</em></strong></span> <span class='ocrx_word' id='word_1_952' title='bbox 1932 2115 2035 2146; x_wconf 80' lang='lat' dir='ltr'><strong><em>cordis</em></strong></span> <span class='ocrx_word' id='word_1_953' title='bbox 2062 2114 2208 2154; x_wconf 88' lang='lat' dir='ltr'><strong><em>humani,</em></strong></span> <span class='ocrx_word' id='word_1_954' title='bbox 2237 2114 2367 2150; x_wconf 53' lang='lat' dir='ltr'><strong><em>noun&amp;</em></strong></span> 
     </span>
     <span class='ocr_line' id='line_1_119' title="bbox 1288 2158 2270 2201; baseline 0.001 -11"><span class='ocrx_word' id='word_1_955' title='bbox 1288 2160 1343 2191; x_wconf 90' lang='lat' dir='ltr'><strong><em>abs</em></strong></span> <span class='ocrx_word' id='word_1_956' title='bbox 1367 2161 1479 2201; x_wconf 91' lang='lat' dir='ltr'><strong><em>spiritu</em></strong></span> <span class='ocrx_word' id='word_1_957' title='bbox 1503 2160 1661 2199; x_wconf 88' lang='lat' dir='ltr'><strong><em>hominis,</em></strong></span> <span class='ocrx_word' id='word_1_958' title='bbox 1686 2160 1742 2201; x_wconf 91' lang='lat' dir='ltr'><strong><em>qui</em></strong></span> <span class='ocrx_word' id='word_1_959' title='bbox 1765 2159 1855 2190; x_wconf 86' lang='lat' dir='ltr'><strong><em>novit</em></strong></span> <span class='ocrx_word' id='word_1_960' title='bbox 1878 2169 1925 2198; x_wconf 92' lang='lat' dir='ltr'><strong><em>ea,</em></strong></span> <span class='ocrx_word' id='word_1_961' title='bbox 1949 2158 2198 2190; x_wconf 81' lang='lat' dir='ltr'><strong><em>manifestantur.</em></strong></span> <span class='ocrx_word' id='word_1_962' title='bbox 2225 2161 2270 2191; x_wconf 79' lang='lat' dir='ltr'><strong><em>At</em></strong></span> 
     </span>
    </p>
   </div>
   <div class='ocr_carea' id='block_1_9' title="bbox 1244 2203 2381 2246">
    <p class='ocr_par' dir='ltr' id='par_1_13' title="bbox 1244 2203 2381 2246">
     <span class='ocr_line' id='line_1_120' title="bbox 1244 2203 2381 2246; baseline 0.001 -10"><span class='ocrx_word' id='word_1_963' title='bbox 1244 2229 1246 2231; x_wconf 49' lang='lat'>&gt;</span> <span class='ocrx_word' id='word_1_964' title='bbox 1277 2205 1392 2246; x_wconf 87' lang='lat' dir='ltr'><strong><em>funda</em></strong></span> <span class='ocrx_word' id='word_1_965' title='bbox 1408 2206 1482 2244; x_wconf 87' lang='lat' dir='ltr'><strong><em>Dei,</em></strong></span> <span class='ocrx_word' id='word_1_966' title='bbox 1499 2215 1566 2236; x_wconf 90' lang='lat' dir='ltr'><strong><em>non</em></strong></span> <span class='ocrx_word' id='word_1_967' title='bbox 1585 2205 1692 2235; x_wconf 89' lang='lat' dir='ltr'><strong><em>solum</em></strong></span> <span class='ocrx_word' id='word_1_968' title='bbox 1711 2214 1823 2235; x_wconf 91' lang='lat' dir='ltr'><strong><em>arcana</em></strong></span> <span class='ocrx_word' id='word_1_969' title='bbox 1838 2203 2011 2235; x_wconf 84' lang='lat' dir='ltr'><strong><em>voluntatis</em></strong></span> <span class='ocrx_word' id='word_1_970' title='bbox 2030 2203 2098 2235; x_wconf 87' lang='lat' dir='ltr'><strong><em>eius</em></strong></span> <span class='ocrx_word' id='word_1_971' title='bbox 2111 2203 2211 2235; x_wconf 85' lang='lat' dir='ltr'><strong><em>libera</em></strong></span> <span class='ocrx_word' id='word_1_972' title='bbox 2228 2203 2364 2244; x_wconf 46' lang='lat' dir='ltr'><strong><em>decre&amp;</em></strong></span> <span class='ocrx_word' id='word_1_973' title='bbox 2380 2226 2381 2229; x_wconf 62' lang='lat'><em>=</em></span> 
     </span>
    </p>
   </div>
   <div class='ocr_carea' id='block_1_10' title="bbox 1282 2246 2384 3666">
    <p class='ocr_par' dir='ltr' id='par_1_14' title="bbox 1286 2246 2384 2467">
     <span class='ocr_line' id='line_1_121' title="bbox 1287 2246 2383 2290; baseline 0.001 -11"><span class='ocrx_word' id='word_1_974' title='bbox 1287 2259 1399 2280; x_wconf 88' lang='lat' dir='ltr'><strong><em>verum</em></strong></span> <span class='ocrx_word' id='word_1_975' title='bbox 1415 2249 1511 2281; x_wconf 89' lang='lat' dir='ltr'><strong><em>etiam</em></strong></span> <span class='ocrx_word' id='word_1_976' title='bbox 1534 2250 1603 2290; x_wconf 92' lang='lat' dir='ltr'><strong><em>ipsa</em></strong></span> <span class='ocrx_word' id='word_1_977' title='bbox 1625 2249 1685 2280; x_wconf 85' lang='lat' dir='ltr'><strong><em>Dei</em></strong></span> <span class='ocrx_word' id='word_1_978' title='bbox 1708 2255 1820 2280; x_wconf 86' lang='lat' dir='ltr'><strong><em>natura</em></strong></span> <span class='ocrx_word' id='word_1_979' title='bbox 1849 2255 1880 2280; x_wconf 90' lang='lat' dir='ltr'><strong><em>et</em></strong></span> <span class='ocrx_word' id='word_1_980' title='bbox 1903 2248 1970 2279; x_wconf 87' lang='lat' dir='ltr'><strong><em>eius</em></strong></span> <span class='ocrx_word' id='word_1_981' title='bbox 1999 2247 2158 2286; x_wconf 83' lang='lat' dir='ltr'><strong><em>attributa,</em></strong></span> <span class='ocrx_word' id='word_1_982' title='bbox 2183 2246 2383 2283; x_wconf 61' lang='lat' dir='ltr'><strong><em>cuiusmod-</em></strong></span> 
     </span>
     <span class='ocr_line' id='line_1_122' title="bbox 1287 2292 2384 2334; baseline 0 -9"><span class='ocrx_word' id='word_1_983' title='bbox 1287 2301 1362 2325; x_wconf 88' lang='lat' dir='ltr'><strong><em>sunt</em></strong></span> <span class='ocrx_word' id='word_1_984' title='bbox 1388 2294 1421 2325; x_wconf 89' lang='lat' dir='ltr'><strong><em>in</em></strong></span> <span class='ocrx_word' id='word_1_985' title='bbox 1445 2304 1496 2333; x_wconf 88' lang='lat' dir='ltr'><strong><em>se,</em></strong></span> <span class='ocrx_word' id='word_1_986' title='bbox 1527 2294 1553 2324; x_wconf 90' lang='lat' dir='ltr'><strong><em>si</em></strong></span> <span class='ocrx_word' id='word_1_987' title='bbox 1577 2300 1802 2334; x_wconf 88' lang='lat' dir='ltr'><strong><em>comparentur</em></strong></span> <span class='ocrx_word' id='word_1_988' title='bbox 1832 2293 1872 2323; x_wconf 85' lang='lat' dir='ltr'><strong><em>ad</em></strong></span> <span class='ocrx_word' id='word_1_989' title='bbox 1900 2292 2077 2324; x_wconf 87' lang='lat' dir='ltr'><strong><em>naturalem</em></strong></span> <span class='ocrx_word' id='word_1_990' title='bbox 2090 2298 2221 2324; x_wconf 78' lang='lat' dir='ltr'><strong><em>-creatne</em></strong></span> <span class='ocrx_word' id='word_1_991' title='bbox 2250 2292 2384 2327; x_wconf 72' lang='lat' dir='ltr'><strong><em>mentia-e</em></strong></span> 
     </span>
     <span class='ocr_line' id='line_1_123' title="bbox 1287 2336 2367 2380; baseline 0.001 -10"><span class='ocrx_word' id='word_1_992' title='bbox 1287 2339 1522 2379; x_wconf 85' lang='lat' dir='ltr'><strong><em>cognitionem,</em></strong></span> <span class='ocrx_word' id='word_1_993' title='bbox 1551 2348 1634 2380; x_wconf 89' lang='lat' dir='ltr'><strong><em>quae</em></strong></span> <span class='ocrx_word' id='word_1_994' title='bbox 1663 2338 1800 2369; x_wconf 86' lang='lat' dir='ltr'><strong><em>sumitur</em></strong></span> <span class='ocrx_word' id='word_1_995' title='bbox 1828 2347 1865 2368; x_wconf 86' lang='lat' dir='ltr'><strong><em>ex</em></strong></span> <span class='ocrx_word' id='word_1_996' title='bbox 1888 2337 1926 2368; x_wconf 87' lang='lat' dir='ltr'><strong><em>iis</em></strong></span> <span class='ocrx_word' id='word_1_997' title='bbox 1954 2347 2036 2378; x_wconf 86' lang='lat' dir='ltr'><strong><em>quae</em></strong></span> <span class='ocrx_word' id='word_1_998' title='bbox 2060 2336 2141 2368; x_wconf 76' lang='lat' dir='ltr'><strong><em>facta</em></strong></span> <span class='ocrx_word' id='word_1_999' title='bbox 2164 2343 2256 2375; x_wconf 86' lang='lat' dir='ltr'><strong><em>sunt,</em></strong></span> <span class='ocrx_word' id='word_1_1000' title='bbox 2284 2336 2367 2371; x_wconf 67' lang='lat' dir='ltr'><strong><em>inter</em></strong></span> 
     </span>
     <span class='ocr_line' id='line_1_124' title="bbox 1287 2379 2364 2424; baseline -0.003 -10"><span class='ocrx_word' id='word_1_1001' title='bbox 1287 2390 1404 2414; x_wconf 91' lang='lat' dir='ltr'><strong><em>secreta</em></strong></span> <span class='ocrx_word' id='word_1_1002' title='bbox 1427 2382 1606 2423; x_wconf 87' lang='lat' dir='ltr'><strong><em>computari</em></strong></span> <span class='ocrx_word' id='word_1_1003' title='bbox 1631 2383 1757 2421; x_wconf 89' lang='lat' dir='ltr'><strong><em>debent,</em></strong></span> <span class='ocrx_word' id='word_1_1004' title='bbox 1781 2392 1862 2423; x_wconf 87' lang='lat' dir='ltr'><strong><em>quae</em></strong></span> <span class='ocrx_word' id='word_1_1005' title='bbox 1886 2381 2015 2412; x_wconf 88' lang='lat' dir='ltr'><strong><em>nonnisi</em></strong></span> <span class='ocrx_word' id='word_1_1006' title='bbox 2038 2390 2057 2412; x_wconf 85' lang='lat' dir='ltr'><strong><em>a</em></strong></span> <span class='ocrx_word' id='word_1_1007' title='bbox 2076 2380 2195 2422; x_wconf 87' lang='lat' dir='ltr'><strong><em>Spiritu</em></strong></span> <span class='ocrx_word' id='word_1_1008' title='bbox 2216 2379 2287 2420; x_wconf 83' lang='lat' dir='ltr'><strong><em>Dei,</em></strong></span> <span class='ocrx_word' id='word_1_1009' title='bbox 2307 2381 2364 2424; x_wconf 76' lang='lat' dir='ltr'><strong><em>qui</em></strong></span> 
     </span>
     <span class='ocr_line' id='line_1_125' title="bbox 1286 2426 2314 2467; baseline -0.002 -9"><span class='ocrx_word' id='word_1_1010' title='bbox 1286 2428 1377 2459; x_wconf 89' lang='lat' dir='ltr'><strong><em>novit</em></strong></span> <span class='ocrx_word' id='word_1_1011' title='bbox 1400 2438 1447 2467; x_wconf 89' lang='lat' dir='ltr'><strong><em>ea,</em></strong></span> <span class='ocrx_word' id='word_1_1012' title='bbox 1471 2427 1665 2458; x_wconf 81' lang='lat' dir='ltr'><strong><em>manifestari</em></strong></span> <span class='ocrx_word' id='word_1_1013' title='bbox 1689 2437 1724 2458; x_wconf 90' lang='lat' dir='ltr'><strong><em>ac</em></strong></span> <span class='ocrx_word' id='word_1_1014' title='bbox 1748 2426 1877 2458; x_wconf 87' lang='lat' dir='ltr'><strong><em>revelari</em></strong></span> <span class='ocrx_word' id='word_1_1015' title='bbox 1900 2432 2046 2467; x_wconf 85' lang='lat' dir='ltr'><strong><em>possunt.</em></strong></span> <span class='ocrx_word' id='word_1_1016' title='bbox 2310 2434 2314 2436; x_wconf 86' lang='lat'>·</span> 
     </span>
    </p>

    <p class='ocr_par' dir='ltr' id='par_1_15' title="bbox 1285 2469 2380 2911">
     <span class='ocr_line' id='line_1_126' title="bbox 1308 2469 2379 2512; baseline -0.001 -9"><span class='ocrx_word' id='word_1_1017' title='bbox 1308 2490 1313 2492; x_wconf 99' lang='lat'>-</span> <span class='ocrx_word' id='word_1_1018' title='bbox 1354 2473 1392 2504; x_wconf 88' lang='lat'><strong><em>11.</em></strong></span> <span class='ocrx_word' id='word_1_1019' title='bbox 1410 2472 1534 2503; x_wconf 91' lang='lat' dir='ltr'><strong><em>Dantur</em></strong></span> <span class='ocrx_word' id='word_1_1020' title='bbox 1550 2481 1625 2512; x_wconf 83' lang='lat' dir='ltr'><strong><em>ergo</em></strong></span> <span class='ocrx_word' id='word_1_1021' title='bbox 1641 2471 1802 2512; x_wconf 83' lang='lat' dir='ltr'><strong><em>profunda</em></strong></span> <span class='ocrx_word' id='word_1_1022' title='bbox 1816 2470 1888 2509; x_wconf 86' lang='lat' dir='ltr'><strong><em>Dei,</em></strong></span> <span class='ocrx_word' id='word_1_1023' title='bbox 1905 2471 2021 2502; x_wconf 87' lang='lat' dir='ltr'><strong><em>dantur</em></strong></span> <span class='ocrx_word' id='word_1_1024' title='bbox 2035 2469 2181 2502; x_wconf 85' lang='lat' dir='ltr'><strong><em>veritates</em></strong></span> <span class='ocrx_word' id='word_1_1025' title='bbox 2197 2470 2238 2501; x_wconf 85' lang='lat' dir='ltr'><strong><em>ad</em></strong></span> <span class='ocrx_word' id='word_1_1026' title='bbox 2256 2470 2379 2505; x_wconf 62' lang='lat' dir='ltr'><strong><em>Deum&gt;-</em></strong></span> 
     </span>
     <span class='ocr_line' id='line_1_127' title="bbox 1286 2513 2365 2558; baseline -0.003 -10"><span class='ocrx_word' id='word_1_1027' title='bbox 1286 2516 1488 2557; x_wconf 83' lang='lat' dir='ltr'><strong><em>pertinentes,</em></strong></span> <span class='ocrx_word' id='word_1_1028' title='bbox 1507 2526 1587 2558; x_wconf 90' lang='lat' dir='ltr'><strong><em>quas</em></strong></span> <span class='ocrx_word' id='word_1_1029' title='bbox 1606 2516 1730 2547; x_wconf 87' lang='lat' dir='ltr'><strong><em>nativae</em></strong></span> <span class='ocrx_word' id='word_1_1030' title='bbox 1746 2522 1922 2547; x_wconf 86' lang='lat' dir='ltr'><strong><em>creatarum</em></strong></span> <span class='ocrx_word' id='word_1_1031' title='bbox 1938 2515 2097 2546; x_wconf 88' lang='lat' dir='ltr'><strong><em>mentium</em></strong></span> <span class='ocrx_word' id='word_1_1032' title='bbox 2111 2514 2193 2546; x_wconf 70' lang='lat' dir='ltr'><strong><em>vires</em></strong></span> <span class='ocrx_word' id='word_1_1033' title='bbox 2211 2513 2365 2554; x_wconf 60' lang='lat' dir='ltr'><strong><em>attingere</em></strong></span> 
     </span>
     <span class='ocr_line' id='line_1_128' title="bbox 1286 2558 2378 2602; baseline -0.003 -10"><span class='ocrx_word' id='word_1_1034' title='bbox 1286 2571 1353 2592; x_wconf 90' lang='lat' dir='ltr'><strong><em>non</em></strong></span> <span class='ocrx_word' id='word_1_1035' title='bbox 1376 2562 1491 2592; x_wconf 87' lang='lat' dir='ltr'><strong><em>valent.</em></strong></span> <span class='ocrx_word' id='word_1_1036' title='bbox 1516 2561 1610 2602; x_wconf 88' lang='lat' dir='ltr'><strong><em>Opus</em></strong></span> <span class='ocrx_word' id='word_1_1037' title='bbox 1633 2567 1680 2592; x_wconf 89' lang='lat' dir='ltr'><strong><em>est</em></strong></span> <span class='ocrx_word' id='word_1_1038' title='bbox 1702 2560 1893 2592; x_wconf 89' lang='lat' dir='ltr'><strong><em>revelatione</em></strong></span> <span class='ocrx_word' id='word_1_1039' title='bbox 1917 2559 2052 2600; x_wconf 87' lang='lat' dir='ltr'><strong><em>Spiritus</em></strong></span> <span class='ocrx_word' id='word_1_1040' title='bbox 2075 2558 2145 2590; x_wconf 90' lang='lat' dir='ltr'><strong><em>Dei.</em></strong></span> <span class='ocrx_word' id='word_1_1041' title='bbox 2170 2559 2260 2590; x_wconf 85' lang='lat' dir='ltr'><strong><em>Num</em></strong></span> <span class='ocrx_word' id='word_1_1042' title='bbox 2284 2558 2378 2593; x_wconf 68' lang='lat' dir='ltr'><strong><em>haee⁴</em></strong></span> 
     </span>
     <span class='ocr_line' id='line_1_129' title="bbox 1286 2602 2380 2646; baseline -0.003 -10"><span class='ocrx_word' id='word_1_1043' title='bbox 1286 2613 1441 2646; x_wconf 82' lang='lat' dir='ltr'><strong><em>repugnet</em></strong></span> <span class='ocrx_word' id='word_1_1044' title='bbox 1464 2605 1571 2636; x_wconf 88' lang='lat' dir='ltr'><strong><em>divina</em></strong></span> <span class='ocrx_word' id='word_1_1045' title='bbox 1593 2602 1761 2636; x_wconf 86' lang='lat' dir='ltr'><strong><em>revelatio?</em></strong></span> <span class='ocrx_word' id='word_1_1046' title='bbox 1785 2605 1856 2645; x_wconf 88' lang='lat' dir='ltr'><strong><em>Ipsa</em></strong></span> <span class='ocrx_word' id='word_1_1047' title='bbox 1879 2613 1935 2644; x_wconf 88' lang='lat' dir='ltr'><strong><em>per</em></strong></span> <span class='ocrx_word' id='word_1_1048' title='bbox 1953 2613 2021 2634; x_wconf 90' lang='lat' dir='ltr'><strong><em>sese</em></strong></span> <span class='ocrx_word' id='word_1_1049' title='bbox 2045 2609 2183 2644; x_wconf 82' lang='lat' dir='ltr'><strong><em>spectata</em></strong></span> <span class='ocrx_word' id='word_1_1050' title='bbox 2202 2602 2380 2637; x_wconf 75' lang='lat' dir='ltr'><strong><em>contradi--</em></strong></span> 
     </span>
     <span class='ocr_line' id='line_1_130' title="bbox 1287 2648 2379 2689; baseline -0.001 -9"><span class='ocrx_word' id='word_1_1051' title='bbox 1287 2648 1426 2680; x_wconf 88' lang='lat' dir='ltr'><strong><em>ctionem</em></strong></span> <span class='ocrx_word' id='word_1_1052' title='bbox 1449 2649 1583 2680; x_wconf 85' lang='lat' dir='ltr'><strong><em>involvit</em></strong></span> <span class='ocrx_word' id='word_1_1053' title='bbox 1606 2649 1796 2689; x_wconf 86' lang='lat' dir='ltr'><strong><em>exhibetque</em></strong></span> <span class='ocrx_word' id='word_1_1054' title='bbox 1821 2648 1960 2679; x_wconf 86' lang='lat' dir='ltr'><strong><em>nullam:</em></strong></span> <span class='ocrx_word' id='word_1_1055' title='bbox 1985 2657 2089 2688; x_wconf 88' lang='lat' dir='ltr'><strong><em>neque</em></strong></span> <span class='ocrx_word' id='word_1_1056' title='bbox 2108 2653 2268 2687; x_wconf 85' lang='lat' dir='ltr'><strong><em>praeterea</em></strong></span> <span class='ocrx_word' id='word_1_1057' title='bbox 2287 2654 2379 2679; x_wconf 67' lang='grc' dir='ltr'><strong><em>ωηο·</em></strong></span> 
     </span>
     <span class='ocr_line' id='line_1_131' title="bbox 1286 2690 2377 2733; baseline -0.002 -9"><span class='ocrx_word' id='word_1_1058' title='bbox 1286 2693 1504 2724; x_wconf 89' lang='lat' dir='ltr'><strong><em>tradictorium</em></strong></span> <span class='ocrx_word' id='word_1_1059' title='bbox 1532 2700 1587 2724; x_wconf 93' lang='lat' dir='ltr'><strong><em>aut</em></strong></span> <span class='ocrx_word' id='word_1_1060' title='bbox 1615 2692 1812 2733; x_wconf 90' lang='lat' dir='ltr'><strong><em>impossibile</em></strong></span> <span class='ocrx_word' id='word_1_1061' title='bbox 1830 2698 1883 2723; x_wconf 81' lang='lat' dir='ltr'><strong><em>est</em></strong></span> <span class='ocrx_word' id='word_1_1062' title='bbox 1905 2691 2040 2732; x_wconf 87' lang='lat' dir='ltr'><strong><em>produci</em></strong></span> <span class='ocrx_word' id='word_1_1063' title='bbox 2063 2701 2082 2722; x_wconf 88' lang='lat' dir='ltr'><strong><em>a</em></strong></span> <span class='ocrx_word' id='word_1_1064' title='bbox 2105 2691 2176 2722; x_wconf 87' lang='lat' dir='ltr'><strong><em>Deo</em></strong></span> <span class='ocrx_word' id='word_1_1065' title='bbox 2206 2697 2304 2722; x_wconf 79' lang='lat' dir='ltr'><strong><em>sonos</em></strong></span> <span class='ocrx_word' id='word_1_1066' title='bbox 2326 2690 2377 2722; x_wconf 68' lang='lat' dir='ltr'><strong><em>in*</em></strong></span> 
     </span>
     <span class='ocr_line' id='line_1_132' title="bbox 1286 2734 2379 2782; baseline -0.002 -14"><span class='ocrx_word' id='word_1_1067' title='bbox 1286 2747 1367 2776; x_wconf 88' lang='lat' dir='ltr'><strong><em>aere,</em></strong></span> <span class='ocrx_word' id='word_1_1068' title='bbox 1386 2744 1441 2769; x_wconf 90' lang='lat' dir='ltr'><strong><em>aut</em></strong></span> <span class='ocrx_word' id='word_1_1069' title='bbox 1459 2743 1568 2768; x_wconf 89' lang='lat' dir='ltr'><strong><em>motus</em></strong></span> <span class='ocrx_word' id='word_1_1070' title='bbox 1586 2737 1620 2767; x_wconf 89' lang='lat' dir='ltr'><strong><em>in</em></strong></span> <span class='ocrx_word' id='word_1_1071' title='bbox 1639 2746 1760 2776; x_wconf 85' lang='lat' dir='ltr'><strong><em>organo</em></strong></span> <span class='ocrx_word' id='word_1_1072' title='bbox 1780 2736 1907 2767; x_wconf 91' lang='lat' dir='ltr'><strong><em>auditus</em></strong></span> <span class='ocrx_word' id='word_1_1073' title='bbox 1926 2735 2062 2773; x_wconf 86' lang='lat' dir='ltr'><strong><em>excitari,</em></strong></span> <span class='ocrx_word' id='word_1_1074' title='bbox 2083 2741 2138 2766; x_wconf 89' lang='lat' dir='ltr'><strong><em>aut</em></strong></span> <span class='ocrx_word' id='word_1_1075' title='bbox 2156 2734 2245 2774; x_wconf 83' lang='lat' dir='ltr'><strong><em>signa</em></strong></span> <span class='ocrx_word' id='word_1_1076' title='bbox 2264 2742 2379 2782; x_wconf 62' lang='lat' dir='ltr'><strong><em>quae-&#39;²</em></strong></span> 
     </span>
     <span class='ocr_line' id='line_1_133' title="bbox 1286 2778 2362 2822; baseline -0.003 -10"><span class='ocrx_word' id='word_1_1077' title='bbox 1286 2782 1361 2812; x_wconf 85' lang='lat' dir='ltr'><strong><em>dam</em></strong></span> <span class='ocrx_word' id='word_1_1078' title='bbox 1384 2782 1445 2812; x_wconf 88' lang='lat' dir='ltr'><strong><em>alia</em></strong></span> <span class='ocrx_word' id='word_1_1079' title='bbox 1467 2781 1692 2822; x_wconf 87' lang='lat' dir='ltr'><strong><em>conspicienda</em></strong></span> <span class='ocrx_word' id='word_1_1080' title='bbox 1715 2780 1867 2821; x_wconf 87' lang='lat' dir='ltr'><strong><em>praeberi,</em></strong></span> <span class='ocrx_word' id='word_1_1081' title='bbox 1891 2786 1946 2811; x_wconf 88' lang='lat' dir='ltr'><strong><em>aut</em></strong></span> <span class='ocrx_word' id='word_1_1082' title='bbox 1973 2778 2115 2819; x_wconf 88' lang='lat' dir='ltr'><strong><em>imprimi</em></strong></span> <span class='ocrx_word' id='word_1_1083' title='bbox 2142 2778 2362 2819; x_wconf 77' lang='lat' dir='ltr'><strong><em>perceptiones</em></strong></span> 
     </span>
     <span class='ocr_line' id='line_1_134' title="bbox 1285 2822 2368 2864; baseline -0.003 -8"><span class='ocrx_word' id='word_1_1084' title='bbox 1285 2826 1318 2856; x_wconf 89' lang='lat' dir='ltr'><strong><em>in</em></strong></span> <span class='ocrx_word' id='word_1_1085' title='bbox 1342 2826 1459 2864; x_wconf 89' lang='lat' dir='ltr'><strong><em>anima,</em></strong></span> <span class='ocrx_word' id='word_1_1086' title='bbox 1482 2832 1519 2857; x_wconf 91' lang='lat' dir='ltr'><strong><em>ut</em></strong></span> <span class='ocrx_word' id='word_1_1087' title='bbox 1542 2825 1627 2856; x_wconf 88' lang='lat' dir='ltr'><strong><em>hisce</em></strong></span> <span class='ocrx_word' id='word_1_1088' title='bbox 1650 2825 1756 2855; x_wconf 88' lang='lat' dir='ltr'><strong><em>modis</em></strong></span> <span class='ocrx_word' id='word_1_1089' title='bbox 1778 2824 1924 2856; x_wconf 86' lang='lat' dir='ltr'><strong><em>veritates</em></strong></span> <span class='ocrx_word' id='word_1_1090' title='bbox 1946 2823 2145 2854; x_wconf 83' lang='lat' dir='ltr'><strong><em>innotescant</em></strong></span> <span class='ocrx_word' id='word_1_1091' title='bbox 2163 2822 2368 2863; x_wconf 67' lang='lat' dir='ltr'><strong><em>hominibus,-</em></strong></span> 
     </span>
     <span class='ocr_line' id='line_1_135' title="bbox 1286 2868 2364 2911; baseline -0.003 -10"><span class='ocrx_word' id='word_1_1092' title='bbox 1286 2880 1366 2911; x_wconf 87' lang='lat' dir='ltr'><strong><em>quas</em></strong></span> <span class='ocrx_word' id='word_1_1093' title='bbox 1388 2870 1466 2911; x_wconf 86' lang='lat' dir='ltr'><strong><em>ipsis</em></strong></span> <span class='ocrx_word' id='word_1_1094' title='bbox 1489 2869 1689 2900; x_wconf 85' lang='lat' dir='ltr'><strong><em>manifestare</em></strong></span> <span class='ocrx_word' id='word_1_1095' title='bbox 1712 2869 1783 2900; x_wconf 89' lang='lat' dir='ltr'><strong><em>Deo</em></strong></span> <span class='ocrx_word' id='word_1_1096' title='bbox 1807 2868 1968 2909; x_wconf 82' lang='lat' dir='ltr'><strong><em>placuerit.</em></strong></span> <span class='ocrx_word' id='word_1_1097' title='bbox 2139 2874 2142 2878; x_wconf 90' lang='grc'>’</span> <span class='ocrx_word' id='word_1_1098' title='bbox 2265 2875 2269 2878; x_wconf 79' lang='grc'><strong>”</strong></span> <span class='ocrx_word' id='word_1_1099' title='bbox 2334 2876 2338 2879; x_wconf 93' lang='grc'><em>·</em></span> <span class='ocrx_word' id='word_1_1100' title='bbox 2360 2875 2364 2879; x_wconf 91' lang='grc'><strong><em>·</em></strong></span> 
     </span>
    </p>

    <p class='ocr_par' dir='ltr' id='par_1_16' title="bbox 1282 2911 2379 3666">
     <span class='ocr_line' id='line_1_136' title="bbox 1351 2911 2362 2954; baseline -0.003 -9"><span class='ocrx_word' id='word_1_1101' title='bbox 1351 2915 1440 2946; x_wconf 87' lang='lat' dir='ltr'><strong><em>Haec</em></strong></span> <span class='ocrx_word' id='word_1_1102' title='bbox 1461 2923 1538 2945; x_wconf 89' lang='lat' dir='ltr'><strong><em>vero</em></strong></span> <span class='ocrx_word' id='word_1_1103' title='bbox 1561 2913 1703 2954; x_wconf 87' lang='lat' dir='ltr'><strong><em>supremi</em></strong></span> <span class='ocrx_word' id='word_1_1104' title='bbox 1733 2913 1882 2944; x_wconf 88' lang='lat' dir='ltr'><strong><em>Numinis</em></strong></span> <span class='ocrx_word' id='word_1_1105' title='bbox 1905 2911 2082 2944; x_wconf 89' lang='lat' dir='ltr'><strong><em>bonitatem</em></strong></span> <span class='ocrx_word' id='word_1_1106' title='bbox 2112 2917 2142 2942; x_wconf 91' lang='lat' dir='ltr'><strong><em>et</em></strong></span> <span class='ocrx_word' id='word_1_1107' title='bbox 2174 2911 2362 2952; x_wconf 84' lang='lat' dir='ltr'><strong><em>sapientiam</em></strong></span> 
     </span>
     <span class='ocr_line' id='line_1_137' title="bbox 1285 2955 2361 2998; baseline -0.002 -8"><span class='ocrx_word' id='word_1_1108' title='bbox 1285 2959 1422 2990; x_wconf 86' lang='lat' dir='ltr'><strong><em>maxime</em></strong></span> <span class='ocrx_word' id='word_1_1109' title='bbox 1446 2959 1536 2990; x_wconf 92' lang='lat' dir='ltr'><strong><em>decet</em></strong></span> <span class='ocrx_word' id='word_1_1110' title='bbox 1563 2957 1727 2989; x_wconf 87' lang='lat' dir='ltr'><strong><em>revelatio:</em></strong></span> <span class='ocrx_word' id='word_1_1111' title='bbox 1756 2957 1974 2998; x_wconf 87' lang='lat' dir='ltr'><strong><em>plurimasque</em></strong></span> <span class='ocrx_word' id='word_1_1112' title='bbox 2001 2955 2187 2988; x_wconf 88' lang='lat' dir='ltr'><strong><em>hominibus</em></strong></span> <span class='ocrx_word' id='word_1_1113' title='bbox 2210 2955 2361 2988; x_wconf 74' lang='lat' dir='ltr'><strong><em>utilitate·</em></strong></span> 
     </span>
     <span class='ocr_line' id='line_1_138' title="bbox 1284 3000 2371 3044; baseline -0.001 -10"><span class='ocrx_word' id='word_1_1114' title='bbox 1284 3002 1382 3034; x_wconf 75' lang='lat' dir='ltr'><strong><em>affert.</em></strong></span> <span class='ocrx_word' id='word_1_1115' title='bbox 1397 3003 1586 3044; x_wconf 85' lang='lat' dir='ltr'><strong><em>Aptissimas</em></strong></span> <span class='ocrx_word' id='word_1_1116' title='bbox 1601 3001 1788 3033; x_wconf 84' lang='lat' dir='ltr'><strong><em>huiusmodi</em></strong></span> <span class='ocrx_word' id='word_1_1117' title='bbox 1803 3001 1976 3033; x_wconf 87' lang='lat' dir='ltr'><strong><em>utilitatum</em></strong></span> <span class='ocrx_word' id='word_1_1118' title='bbox 1997 3010 2033 3032; x_wconf 85' lang='lat' dir='ltr'><strong><em>ac</em></strong></span> <span class='ocrx_word' id='word_1_1119' title='bbox 2048 3000 2208 3031; x_wconf 89' lang='lat' dir='ltr'><strong><em>decentiae</em></strong></span> <span class='ocrx_word' id='word_1_1120' title='bbox 2223 3000 2371 3033; x_wconf 61' lang='lat' dir='ltr'><strong><em>ration-⁸&gt;</em></strong></span> 
     </span>
     <span class='ocr_line' id='line_1_139' title="bbox 1284 3044 2378 3088; baseline -0.002 -10"><span class='ocrx_word' id='word_1_1121' title='bbox 1284 3047 1497 3086; x_wconf 89' lang='lat' dir='ltr'><strong><em>accumulant,</em></strong></span> <span class='ocrx_word' id='word_1_1122' title='bbox 1517 3047 1573 3088; x_wconf 89' lang='lat' dir='ltr'><strong><em>qui</em></strong></span> <span class='ocrx_word' id='word_1_1123' title='bbox 1595 3047 1719 3078; x_wconf 86' lang='lat' dir='ltr'><strong><em>divinae</em></strong></span> <span class='ocrx_word' id='word_1_1124' title='bbox 1738 3045 1938 3078; x_wconf 88' lang='lat' dir='ltr'><strong><em>revelationis</em></strong></span> <span class='ocrx_word' id='word_1_1125' title='bbox 1952 3055 1988 3076; x_wconf 88' lang='lat' dir='ltr'><strong><em>ac</em></strong></span> <span class='ocrx_word' id='word_1_1126' title='bbox 2007 3044 2184 3085; x_wconf 85' lang='lat' dir='ltr'><strong><em>Religionis</em></strong></span> <span class='ocrx_word' id='word_1_1127' title='bbox 2206 3044 2378 3080; x_wconf 56' lang='lat' dir='ltr'><strong><em>revelatae*</em></strong></span> 
     </span>
     <span class='ocr_line' id='line_1_140' title="bbox 1283 3088 2378 3132; baseline -0.003 -10"><span class='ocrx_word' id='word_1_1128' title='bbox 1283 3090 1435 3123; x_wconf 82' lang='lat' dir='ltr'><strong><em>vindicias</em></strong></span> <span class='ocrx_word' id='word_1_1129' title='bbox 1458 3092 1600 3132; x_wconf 80' lang='lat' dir='ltr'><strong><em>egerunt.</em></strong></span> <span class='ocrx_word' id='word_1_1130' title='bbox 1625 3091 1695 3122; x_wconf 84' lang='lat' dir='ltr'><strong><em>Illas</em></strong></span> <span class='ocrx_word' id='word_1_1131' title='bbox 1719 3100 1831 3122; x_wconf 87' lang='lat' dir='ltr'><strong><em>omnes</em></strong></span> <span class='ocrx_word' id='word_1_1132' title='bbox 1855 3089 2048 3130; x_wconf 88' lang='lat' dir='ltr'><strong><em>compendio</em></strong></span> <span class='ocrx_word' id='word_1_1133' title='bbox 2072 3089 2220 3120; x_wconf 84' lang='lat' dir='ltr'><strong><em>collectas</em></strong></span> <span class='ocrx_word' id='word_1_1134' title='bbox 2241 3088 2378 3129; x_wconf 59' lang='lat' dir='ltr'><strong><em>profert&gt;</em></strong></span> 
     </span>
     <span class='ocr_line' id='line_1_141' title="bbox 1284 3132 2379 3177; baseline 0 -10"><span class='ocrx_word' id='word_1_1135' title='bbox 1284 3136 1428 3177; x_wconf 80' lang='lat' dir='ltr'><strong><em>Aquinas</em></strong></span> <span class='ocrx_word' id='word_1_1136' title='bbox 1444 3136 1545 3177; x_wconf 89' lang='lat' dir='ltr'><strong><em>capite</em></strong></span> <span class='ocrx_word' id='word_1_1137' title='bbox 1558 3146 1589 3167; x_wconf 85' lang='lat' dir='ltr'><strong><em>v.</em></strong></span> <span class='ocrx_word' id='word_1_1138' title='bbox 1609 3135 1761 3175; x_wconf 85' lang='lat' dir='ltr'><strong><em>Adsurgit</em></strong></span> <span class='ocrx_word' id='word_1_1139' title='bbox 1779 3134 1866 3165; x_wconf 89' lang='lat' dir='ltr'><strong><em>enim</em></strong></span> <span class='ocrx_word' id='word_1_1140' title='bbox 1880 3134 2073 3165; x_wconf 88' lang='lat' dir='ltr'><strong><em>desiderium</em></strong></span> <span class='ocrx_word' id='word_1_1141' title='bbox 2090 3133 2231 3164; x_wconf 83' lang='lat' dir='ltr'><strong><em>hominis</em></strong></span> <span class='ocrx_word' id='word_1_1142' title='bbox 2249 3133 2294 3165; x_wconf 82' lang='lat' dir='ltr'><strong><em>ad</em></strong></span> <span class='ocrx_word' id='word_1_1143' title='bbox 2302 3132 2379 3167; x_wconf 60' lang='lat' dir='ltr'><strong><em>a&amp;</em></strong></span> 
     </span>
     <span class='ocr_line' id='line_1_142' title="bbox 1285 3177 2379 3222; baseline -0.002 -10"><span class='ocrx_word' id='word_1_1144' title='bbox 1285 3181 1349 3211; x_wconf 87' lang='lat' dir='ltr'><strong><em>tius</em></strong></span> <span class='ocrx_word' id='word_1_1145' title='bbox 1371 3181 1500 3218; x_wconf 87' lang='lat' dir='ltr'><strong><em>bonum,</em></strong></span> <span class='ocrx_word' id='word_1_1146' title='bbox 1524 3190 1620 3222; x_wconf 87' lang='lat' dir='ltr'><strong><em>quam</em></strong></span> <span class='ocrx_word' id='word_1_1147' title='bbox 1645 3179 1735 3221; x_wconf 89' lang='lat' dir='ltr'><strong><em>quod</em></strong></span> <span class='ocrx_word' id='word_1_1148' title='bbox 1759 3180 1902 3220; x_wconf 67' lang='lat' dir='ltr'><strong><em>experiri</em></strong></span> <span class='ocrx_word' id='word_1_1149' title='bbox 1925 3180 1957 3210; x_wconf 92' lang='lat' dir='ltr'><strong><em>in</em></strong></span> <span class='ocrx_word' id='word_1_1150' title='bbox 1976 3179 2144 3219; x_wconf 84' lang='lat' dir='ltr'><strong><em>praesenti</em></strong></span> <span class='ocrx_word' id='word_1_1151' title='bbox 2167 3178 2232 3209; x_wconf 75' lang='lat' dir='ltr'><strong><em>vita</em></strong></span> <span class='ocrx_word' id='word_1_1152' title='bbox 2253 3177 2379 3218; x_wconf 63' lang='lat' dir='ltr'><strong><em>poerit·-</em></strong></span> 
     </span>
     <span class='ocr_line' id='line_1_143' title="bbox 1284 3221 2372 3266; baseline -0.003 -10"><span class='ocrx_word' id='word_1_1153' title='bbox 1284 3225 1427 3256; x_wconf 83' lang='lat' dir='ltr'><strong><em>humana</em></strong></span> <span class='ocrx_word' id='word_1_1154' title='bbox 1446 3224 1640 3266; x_wconf 83' lang='lat' dir='ltr'><strong><em>fragilitas:</em></strong></span> <span class='ocrx_word' id='word_1_1155' title='bbox 1667 3224 1878 3264; x_wconf 88' lang='lat' dir='ltr'><strong><em>hominesque</em></strong></span> <span class='ocrx_word' id='word_1_1156' title='bbox 1905 3233 1926 3254; x_wconf 90' lang='lat' dir='ltr'><strong><em>a</em></strong></span> <span class='ocrx_word' id='word_1_1157' title='bbox 1953 3223 2151 3254; x_wconf 83' lang='lat' dir='ltr'><strong><em>sensibilium</em></strong></span> <span class='ocrx_word' id='word_1_1158' title='bbox 2175 3221 2372 3261; x_wconf 64' lang='lat' dir='ltr'><strong><em>delectatio-&gt;</em></strong></span> 
     </span>
     <span class='ocr_line' id='line_1_144' title="bbox 1286 3265 2378 3308; baseline -0.003 -8"><span class='ocrx_word' id='word_1_1159' title='bbox 1286 3269 1382 3300; x_wconf 88' lang='lat' dir='ltr'><strong><em>nibus</em></strong></span> <span class='ocrx_word' id='word_1_1160' title='bbox 1401 3279 1440 3300; x_wconf 91' lang='lat' dir='ltr'><strong><em>eo</em></strong></span> <span class='ocrx_word' id='word_1_1161' title='bbox 1463 3269 1599 3300; x_wconf 85' lang='lat' dir='ltr'><strong><em>validius</em></strong></span> <span class='ocrx_word' id='word_1_1162' title='bbox 1626 3268 1670 3300; x_wconf 90' lang='lat' dir='ltr'><strong><em>ad</em></strong></span> <span class='ocrx_word' id='word_1_1163' title='bbox 1698 3269 1893 3300; x_wconf 87' lang='lat' dir='ltr'><strong><em>honestatem</em></strong></span> <span class='ocrx_word' id='word_1_1164' title='bbox 1912 3268 2151 3308; x_wconf 85' lang='lat' dir='ltr'><strong><em>perducuntur,</em></strong></span> <span class='ocrx_word' id='word_1_1165' title='bbox 2176 3265 2267 3308; x_wconf 89' lang='lat' dir='ltr'><strong><em>quod</em></strong></span> <span class='ocrx_word' id='word_1_1166' title='bbox 2289 3273 2378 3299; x_wconf 70' lang='lat' dir='ltr'><strong><em>euo-</em></strong></span> 
     </span>
     <span class='ocr_line' id='line_1_145' title="bbox 1284 3311 2377 3353; baseline -0.002 -9"><span class='ocrx_word' id='word_1_1167' title='bbox 1284 3314 1352 3344; x_wconf 90' lang='lat' dir='ltr'><strong><em>alia</em></strong></span> <span class='ocrx_word' id='word_1_1168' title='bbox 1375 3314 1458 3345; x_wconf 89' lang='lat' dir='ltr'><strong><em>bona</em></strong></span> <span class='ocrx_word' id='word_1_1169' title='bbox 1473 3314 1522 3344; x_wconf 91' lang='lat' dir='ltr'><strong><em>his</em></strong></span> <span class='ocrx_word' id='word_1_1170' title='bbox 1536 3313 1737 3345; x_wconf 86' lang='lat' dir='ltr'><strong><em>sensibilibus</em></strong></span> <span class='ocrx_word' id='word_1_1171' title='bbox 1754 3313 1884 3353; x_wconf 85' lang='lat' dir='ltr'><strong><em>potiora</em></strong></span> <span class='ocrx_word' id='word_1_1172' title='bbox 1904 3311 2233 3352; x_wconf 73' lang='lat' dir='ltr'><strong><em>noverint3‘quorum</em></strong></span> <span class='ocrx_word' id='word_1_1173' title='bbox 2255 3313 2357 3351; x_wconf 63' lang='lat' dir='ltr'><strong><em>guam</em></strong></span> <span class='ocrx_word' id='word_1_1174' title='bbox 2374 3319 2377 3321; x_wconf 83' lang='lat'>·</span> 
     </span>
     <span class='ocr_line' id='line_1_146' title="bbox 1285 3353 2378 3399; baseline -0.005 -10"><span class='ocrx_word' id='word_1_1175' title='bbox 1285 3358 1385 3389; x_wconf 89' lang='lat' dir='ltr'><strong><em>multo</em></strong></span> <span class='ocrx_word' id='word_1_1176' title='bbox 1407 3359 1552 3396; x_wconf 77' lang='lat' dir='ltr'><strong><em>suavius,</em></strong></span> <span class='ocrx_word' id='word_1_1177' title='bbox 1581 3359 1636 3399; x_wconf 84' lang='lat' dir='ltr'><strong><em>qui</em></strong></span> <span class='ocrx_word' id='word_1_1178' title='bbox 1657 3360 1782 3389; x_wconf 68' lang='lat' dir='ltr'><strong><em>‘vacant</em></strong></span> <span class='ocrx_word' id='word_1_1179' title='bbox 1804 3357 1918 3388; x_wconf 83' lang='lat' dir='ltr'><strong><em>activis</em></strong></span> <span class='ocrx_word' id='word_1_1180' title='bbox 1945 3357 1996 3388; x_wconf 82' lang='lat' dir='ltr'><strong><em>vel</em></strong></span> <span class='ocrx_word' id='word_1_1181' title='bbox 2017 3354 2270 3396; x_wconf 71' lang='lat' dir='ltr'><strong><em>contemplativis</em></strong></span> <span class='ocrx_word' id='word_1_1182' title='bbox 2293 3353 2378 3385; x_wconf 60' lang='lat' dir='ltr'><strong><em>vin-²</em></strong></span> 
     </span>
     <span class='ocr_line' id='line_1_147' title="bbox 1284 3397 2356 3448; baseline -0.006 -14"><span class='ocrx_word' id='word_1_1183' title='bbox 1284 3403 1414 3441; x_wconf 86' lang='lat' dir='ltr'><strong><em>tutibus,</em></strong></span> <span class='ocrx_word' id='word_1_1184' title='bbox 1429 3402 1640 3434; x_wconf 86' lang='lat' dir='ltr'><strong><em>delectantur.</em></strong></span> <span class='ocrx_word' id='word_1_1185' title='bbox 1657 3402 1727 3433; x_wconf 90' lang='lat' dir='ltr'><strong><em>Imo</em></strong></span> <span class='ocrx_word' id='word_1_1186' title='bbox 1744 3401 1840 3433; x_wconf 88' lang='lat' dir='ltr'><strong><em>etiam</em></strong></span> <span class='ocrx_word' id='word_1_1187' title='bbox 1856 3402 1965 3433; x_wconf 76' lang='lat' dir='ltr'><strong><em>verior</em></strong></span> <span class='ocrx_word' id='word_1_1188' title='bbox 1977 3401 2041 3432; x_wconf 86' lang='lat' dir='ltr'><strong><em>Dei</em></strong></span> <span class='ocrx_word' id='word_1_1189' title='bbox 2054 3400 2196 3441; x_wconf 82' lang='lat' dir='ltr'><strong><em>cognitio</em></strong></span> <span class='ocrx_word' id='word_1_1190' title='bbox 2207 3397 2356 3448; x_wconf 70' lang='lat' dir='ltr'><strong><em>habetur:</em></strong></span> 
     </span>
     <span class='ocr_line' id='line_1_148' title="bbox 1285 3442 2356 3487; baseline -0.003 -9"><span class='ocrx_word' id='word_1_1191' title='bbox 1285 3453 1361 3478; x_wconf 88' lang='lat' dir='ltr'><strong><em>tunc</em></strong></span> <span class='ocrx_word' id='word_1_1192' title='bbox 1384 3448 1468 3478; x_wconf 91' lang='lat' dir='ltr'><strong><em>enim</em></strong></span> <span class='ocrx_word' id='word_1_1193' title='bbox 1492 3447 1595 3478; x_wconf 85' lang='lat' dir='ltr'><strong><em>solum</em></strong></span> <span class='ocrx_word' id='word_1_1194' title='bbox 1616 3456 1690 3478; x_wconf 81' lang='lat' dir='ltr'><strong><em>vere</em></strong></span> <span class='ocrx_word' id='word_1_1195' title='bbox 1712 3447 1817 3477; x_wconf 89' lang='lat' dir='ltr'><strong><em>Deum</em></strong></span> <span class='ocrx_word' id='word_1_1196' title='bbox 1843 3446 2085 3487; x_wconf 81' lang='lat' dir='ltr'><strong><em>cognoscimus,</em></strong></span> <span class='ocrx_word' id='word_1_1197' title='bbox 2105 3442 2234 3485; x_wconf 78' lang='lat' dir='ltr'><strong><em>quando</em></strong></span> <span class='ocrx_word' id='word_1_1198' title='bbox 2252 3449 2356 3482; x_wconf 62' lang='lat' dir='ltr'><strong><em>ipsum</em></strong></span> 
     </span>
     <span class='ocr_line' id='line_1_149' title="bbox 1284 3484 2357 3537; baseline -0.007 -14"><span class='ocrx_word' id='word_1_1199' title='bbox 1284 3501 1352 3523; x_wconf 87' lang='lat' dir='ltr'><strong><em>esse</em></strong></span> <span class='ocrx_word' id='word_1_1200' title='bbox 1375 3492 1536 3523; x_wconf 89' lang='lat' dir='ltr'><strong><em>credimus</em></strong></span> <span class='ocrx_word' id='word_1_1201' title='bbox 1562 3501 1663 3532; x_wconf 88' lang='lat' dir='ltr'><strong><em>supra</em></strong></span> <span class='ocrx_word' id='word_1_1202' title='bbox 1686 3500 1780 3522; x_wconf 87' lang='lat' dir='ltr'><strong><em>omne</em></strong></span> <span class='ocrx_word' id='word_1_1203' title='bbox 1808 3490 1858 3528; x_wconf 89' lang='lat' dir='ltr'><strong><em>id,</em></strong></span> <span class='ocrx_word' id='word_1_1204' title='bbox 1887 3489 1973 3531; x_wconf 87' lang='lat' dir='ltr'><strong><em>quod</em></strong></span> <span class='ocrx_word' id='word_1_1205' title='bbox 1994 3488 2035 3520; x_wconf 82' lang='lat' dir='ltr'><strong><em>de</em></strong></span> <span class='ocrx_word' id='word_1_1206' title='bbox 2056 3489 2126 3519; x_wconf 88' lang='lat' dir='ltr'><strong><em>Deo</em></strong></span> <span class='ocrx_word' id='word_1_1207' title='bbox 2154 3486 2294 3537; x_wconf 78' lang='lat' dir='ltr'><strong><em>cogitari</em></strong></span> <span class='ocrx_word' id='word_1_1208' title='bbox 2315 3484 2357 3537; x_wconf 73' lang='lat' dir='ltr'><strong><em>ab</em></strong></span> 
     </span>
     <span class='ocr_line' id='line_1_150' title="bbox 1283 3531 2354 3580; baseline -0.007 -13"><span class='ocrx_word' id='word_1_1209' title='bbox 1283 3537 1410 3567; x_wconf 88' lang='lat' dir='ltr'><strong><em>homine</em></strong></span> <span class='ocrx_word' id='word_1_1210' title='bbox 1427 3536 1580 3577; x_wconf 86' lang='lat' dir='ltr'><strong><em>possibile</em></strong></span> <span class='ocrx_word' id='word_1_1211' title='bbox 1603 3541 1659 3574; x_wconf 89' lang='lat' dir='ltr'><strong><em>est,</em></strong></span> <span class='ocrx_word' id='word_1_1212' title='bbox 1685 3545 1760 3566; x_wconf 90' lang='lat' dir='ltr'><strong><em>cum</em></strong></span> <span class='ocrx_word' id='word_1_1213' title='bbox 1784 3544 1858 3565; x_wconf 87' lang='lat' dir='ltr'><strong><em>sane</em></strong></span> <span class='ocrx_word' id='word_1_1214' title='bbox 1882 3533 2064 3565; x_wconf 83' lang='lat' dir='ltr'><strong><em>naturalem</em></strong></span> <span class='ocrx_word' id='word_1_1215' title='bbox 2088 3531 2224 3562; x_wconf 75' lang='lat' dir='ltr'><strong><em>hominis</em></strong></span> <span class='ocrx_word' id='word_1_1216' title='bbox 2242 3538 2354 3580; x_wconf 79' lang='lat' dir='ltr'><strong><em>cognt-</em></strong></span> 
     </span>
     <span class='ocr_line' id='line_1_151' title="bbox 1283 3574 2353 3612; baseline -0.008 0"><span class='ocrx_word' id='word_1_1217' title='bbox 1283 3582 1400 3612; x_wconf 85' lang='lat' dir='ltr'><strong><em>tionem</em></strong></span> <span class='ocrx_word' id='word_1_1218' title='bbox 1416 3581 1526 3611; x_wconf 77' lang='lat' dir='ltr'><strong><em>divina</em></strong></span> <span class='ocrx_word' id='word_1_1219' title='bbox 1544 3580 1724 3611; x_wconf 87' lang='lat' dir='ltr'><strong><em>substantia</em></strong></span> <span class='ocrx_word' id='word_1_1220' title='bbox 1744 3578 1886 3610; x_wconf 85' lang='lat' dir='ltr'><strong><em>excedat.</em></strong></span> <span class='ocrx_word' id='word_1_1221' title='bbox 1913 3577 1998 3608; x_wconf 87' lang='lat' dir='ltr'><strong><em>Hinc</em></strong></span> <span class='ocrx_word' id='word_1_1222' title='bbox 2015 3575 2158 3608; x_wconf 87' lang='lat' dir='ltr'><strong><em>firmatur</em></strong></span> <span class='ocrx_word' id='word_1_1223' title='bbox 2176 3575 2209 3604; x_wconf 90' lang='lat' dir='ltr'><strong><em>in</em></strong></span> <span class='ocrx_word' id='word_1_1224' title='bbox 2225 3574 2353 3604; x_wconf 77' lang='lat' dir='ltr'><strong><em>homine</em></strong></span> 
     </span>
     <span class='ocr_line' id='line_1_152' title="bbox 1282 3617 2355 3666; baseline -0.006 -10"><span class='ocrx_word' id='word_1_1225' title='bbox 1282 3626 1400 3665; x_wconf 88' lang='lat' dir='ltr'><strong><em>opinio,</em></strong></span> <span class='ocrx_word' id='word_1_1226' title='bbox 1421 3634 1503 3666; x_wconf 88' lang='lat' dir='ltr'><strong><em>quae</em></strong></span> <span class='ocrx_word' id='word_1_1227' title='bbox 1522 3623 1663 3654; x_wconf 84' lang='lat' dir='ltr'><strong><em>divinam</em></strong></span> <span class='ocrx_word' id='word_1_1228' title='bbox 1682 3624 1789 3654; x_wconf 88' lang='lat' dir='ltr'><strong><em>deceat</em></strong></span> <span class='ocrx_word' id='word_1_1229' title='bbox 1807 3621 1963 3653; x_wconf 86' lang='lat' dir='ltr'><strong><em>infinitam</em></strong></span> <span class='ocrx_word' id='word_1_1230' title='bbox 1979 3618 2203 3651; x_wconf 85' lang='lat' dir='ltr'><strong><em>excellentiam.</em></strong></span> <span class='ocrx_word' id='word_1_1231' title='bbox 2224 3617 2355 3650; x_wconf 83' lang='lat' dir='ltr'><strong><em>Accedit</em></strong></span> 
     </span>
    </p>
   </div>
  </div>
 </body>
</html>
