2548 4192
920 285 974 320 IN
1005 284 1043 320 S.
1069 282 1311 319 THOMAM
1338 282 1662 329 AQUINATEM

563 364 774 401 CAPUT
810 365 882 400 XI.

185 470 324 496 Fullonem
343 475 403 493 esse
422 471 556 492 auctorem
575 467 816 499 Areopagiticorum
833 475 886 492 non
899 467 994 500 probat
1007 467 1073 492 ritus
1087 466 1207 499 publicae
1222 474 1262 491 sa-

257 505 292 530 cri
310 503 437 536 unguenti
456 502 659 528 consecrationis
678 503 705 527 in
729 503 917 536 Areopagiticis
937 503 1098 536 descriptus,
1118 510 1199 534 quem
1218 510 1262 526 an-

257 539 411 572 tiquissimis
437 538 600 570 temporibus
626 538 768 563 nonnullae
786 539 918 564 Ecclesiae
941 538 1104 563 adhibebant.
1129 538 1263 562 Canticum

257 574 396 607 Trisagion
422 574 448 598 in
467 574 566 598 eisdem
591 574 777 606 Areopagiticis
796 575 837 599 vel
863 582 916 599 non
944 579 1104 598 memoratur
1134 574 1176 598 vel
1196 578 1264 598 certe

258 618 311 635 non
329 610 429 635 redolet
447 609 566 634 Fullonis
586 613 611 634 et
630 609 829 634 Severianorum
848 610 990 642 ingenium.

188 711 210 742 1.
235 708 481 790 praemittere
500 710 592 741 liceat
605 710 906 751 Areopagiticorum
921 711 1059 742 auctoris
1073 711 1178 750 verba,
1194 711 1264 753 qui-

305 758 364 788 bus
388 755 543 795 unguenti
575 755 653 785 sacri
677 754 866 786 conficiendi
897 755 975 786 ritus
1000 756 1201 795 describitur,
1226 756 1265 787 de

188 801 396 835 ecclesiastica
418 799 603 831 Hierarchia
626 810 694 840 cap.
714 810 756 838 1v,
771 810 861 830 num.
885 807 919 830 2:
943 800 1064 831 Eodem
1082 801 1186 838 modo,
1202 811 1265 841 quo

188 848 221 878 in
246 846 387 889 Synaxi,
405 845 535 876 ordines
559 854 681 881 eorum,
702 845 758 884 qui
781 846 888 875 minus
900 844 1041 885 perfecti
1054 850 1140 882 sunt,
1157 846 1265 876 exclu-

187 891 330 923 duntur:
350 890 539 931 praemissis
562 889 708 919 videlicet
725 898 821 920 sacra
830 899 894 929 per
909 895 1008 920 totum
1024 890 1176 930 templum
1192 899 1264 920 cum

188 937 298 968 odoris
312 935 512 977 fragrantia
531 934 738 974 processione
750 934 1017 974 psalmorumque
1045 943 1141 964 sacra
1156 934 1266 965 modu-

189 982 310 1013 latione
333 985 364 1011 et
387 979 659 1010 divinissimorum
684 978 882 1018 eloquiorum
901 979 1177 1019 promulgatione.
1202 979 1267 1008 Ha-

189 1032 299 1057 ctenus
323 1024 494 1055 Missarum
517 1022 673 1052 solemnia
695 1021 782 1052 vides
807 1022 847 1052 ad
874 1022 1075 1061 evangelium
1099 1032 1200 1063 usque
1224 1023 1266 1053 le-

189 1077 279 1101 ctum
293 1068 608 1110 promulgatumque.
625 1066 751 1096 Deinde
764 1066 927 1106 Pontifex,
943 1072 1072 1106 accepto
1087 1072 1265 1108 unguento,

186 1116 279 1155 ponit
302 1113 385 1144 illud
406 1121 507 1151 supra
530 1111 674 1141 divinum
698 1110 815 1147 altare,
839 1110 1006 1141 duodecim
1020 1112 1125 1141 sacris
1138 1112 1200 1142 alis
1214 1111 1266 1141 ob-

190 1159 350 1195 velatum,
376 1156 500 1186 cunctis
522 1155 725 1185 sanctissima
750 1164 825 1185 voce
853 1155 1092 1185 concinentibus
1115 1155 1197 1186 illud
1219 1155 1267 1185 di-

190 1203 310 1235 vinitus
340 1200 532 1242 afflatorum
557 1198 792 1239 prophetarum
824 1200 984 1229 canticum
1014 1198 1206 1240 afflationis.
1233 1200 1266 1229 ln

189 1245 279 1278 altari
306 1245 452 1285 adeoque
483 1243 565 1274 intra
587 1242 757 1273 Missurum
781 1242 952 1281 solemnia,
977 1243 1119 1273 adstante
1142 1244 1267 1284 populo

189 1290 286 1329 fideli,
311 1295 456 1320 sanctum
480 1293 682 1327 unguentum
697 1294 854 1317 sacratum
869 1297 887 1316 a
900 1286 1054 1318 Pontifice
1078 1287 1154 1318 haec
1173 1289 1268 1319 verba

191 1332 470 1375 declarmAtqui
479 1331 645 1363 Theodori
660 1331 801 1362 Lectoris
815 1331 847 1361 in
863 1331 1004 1362 Historia
1019 1332 1128 1363 eccles.
1143 1332 1225 1363 libro
1241 1333 1266 1363 11

151 1388 155 1389 ⁷
189 1375 286 1411 verba
299 1385 389 1410 sunt:
404 1378 535 1408 Petrum
549 1376 719 1407 Fullonem
735 1376 910 1406 instituisse
929 1381 965 1406 ut
977 1386 1107 1407 sacrum
1127 1377 1266 1408 chrisma

189 1434 301 1456 coram
325 1423 412 1454 omni
429 1421 553 1462 populo
575 1426 831 1451 consecraretur.
847 1420 931 1451 Hinc
946 1421 1101 1461 Lequieni
1116 1422 1267 1462 suspicio,

190 1475 247 1500 aut
268 1467 330 1509 ipsi
357 1465 487 1497 Fulloni
519 1471 575 1496 aut
597 1464 665 1495 eius
696 1465 784 1495 socio
809 1471 840 1495 et
863 1464 998 1495 asseclae
1028 1466 1268 1506 Areopagiticos

190 1513 289 1544 libros
313 1511 498 1543 tribuendos
522 1519 599 1540 esse.

257 1559 301 1588 At
324 1556 401 1587 haec
424 1555 562 1586 scribens
586 1554 779 1584 Theodorus
802 1554 917 1584 Lector
940 1553 965 1584 si
988 1555 1140 1594 deceptus
1163 1554 1267 1593 fuerit,

190 1602 283 1634 cadat
301 1606 428 1642 oportet
451 1599 638 1639 labaturque
657 1598 812 1639 Lequieni
836 1598 1026 1629 coniectura.
1047 1599 1174 1630 Errasse
1193 1609 1268 1630 vero

191 1645 416 1683 Theodorum,
441 1644 467 1674 si
490 1643 662 1674 Fullonem
682 1642 777 1673 fuisse
796 1642 992 1681 intellexerit,
1012 1643 1068 1684 qui
1090 1643 1212 1684 primus
1236 1644 1268 1674 in

192 1690 339 1722 universa
371 1688 512 1720 Ecclesia
540 1687 708 1718 christiana
740 1687 838 1718 ritum
868 1684 1022 1718 invexerit
1055 1687 1191 1718 chrisma
1222 1699 1269 1719 sa-

193 1734 300 1766 crandi
323 1734 358 1764 in
381 1732 470 1764 altari
500 1732 581 1763 inter
605 1731 764 1762 actionem
787 1731 986 1771 liturgicum,
1011 1742 1120 1763 coram
1143 1733 1268 1773 populo

192 1779 290 1818 fideli,
314 1788 373 1819 pro
399 1783 484 1808 certo
508 1777 603 1807 habet
621 1776 813 1807 Edmundus
832 1776 973 1807 Martene
992 1776 1031 1807 de
1055 1776 1192 1817 antiquis
1211 1777 1270 1808 Ec-

194 1823 306 1856 clesiae
329 1822 454 1854 Ritibus
483 1819 584 1861 capite
607 1830 690 1859 xxn,
713 1820 742 1861 ἓ.
770 1821 799 1858 3,
823 1830 914 1851 num.
945 1831 971 1858 1,
995 1820 1068 1851 ubi:
1103 1833 1118 1848 ι
1141 1821 1271 1852 Publica

197 1882 212 1896 2
233 1867 366 1900 huiusce
394 1864 640 1896 consecrationis
668 1864 853 1896 solemnitas
877 1862 960 1907 (ait)
984 1865 1018 1895 in
1041 1865 1189 1896 Africana
1212 1866 1270 1896 Ec-

196 1925 212 1941 »
235 1911 328 1943 clesia
346 1911 412 1942 iam
429 1910 526 1950 longe
544 1915 616 1940 ante
636 1909 832 1940 obtinuerat:
856 1915 970 1949 utpote
987 1920 1088 1950 quarn
1107 1910 1146 1940 ad
1175 1910 1271 1941 altare

196 1969 212 1985 »
233 1962 394 1998 peractam
417 1954 525 1992 fuisse,
542 1963 609 1984 non
632 1963 722 1984 secus
745 1963 780 1984 ac
796 1953 1038 1991 Eucharistiam,
1056 1954 1171 1985 docent
1194 1955 1272 1986 haec

196 2014 211 2030 :-
233 2012 259 2032 s.
269 1999 421 2042 Cypriani
437 1999 532 2030 verba
550 1998 584 2028 in
598 1998 742 2038 Epistola
757 1998 858 2029 LXX:
878 1999 982 2029 Porro
1000 1999 1220 2037 Eucharistia,
1242 2005 1272 2031 et

195 2058 212 2074 2
235 2045 321 2077 unde
343 2044 494 2085 baptizati
524 2048 697 2084 unguntur
718 2043 824 2073 oleum
849 2043 881 2073 in
914 2043 1016 2074 altari
1037 2043 1269 2085 sanctificatur.

196 2103 211 2118 ›
233 2090 275 2121 Et
289 2089 421 2130 quidem
434 2087 583 2119 invocato
599 2086 716 2118 Christi
732 2087 875 2125 nomine,
891 2094 927 2118 ut
942 2087 1094 2118 discimus
1109 2098 1146 2119 ex
1161 2088 1271 2128 Optati

195 2147 212 2163 ›
233 2133 407 2166 Milevitani
430 2132 511 2163 libro
536 2131 591 2162 Vll
615 2132 763 2162 adversus
787 2132 1051 2163 Parmenianum:
1079 2132 1194 2164 Oleum
1215 2143 1270 2164 no-

196 2191 212 2207 »
234 2179 360 2210 minant
384 2177 474 2208 illum
495 2177 662 2217 liquorem,
683 2177 739 2217 qui
762 2177 794 2207 in
815 2177 944 2208 nomine
965 2177 1086 2208 Christi
1108 2178 1269 2215 conditur,

196 2236 212 2251 »
233 2222 320 2264 quod
342 2222 492 2259 chrisma,
513 2226 684 2262 postquam
709 2221 870 2252 conditum
895 2226 952 2259 est,
978 2222 1174 2253 nominatur.
1195 2235 1208 2250 »

262 2265 415 2308 Cypriani
445 2265 555 2296 locum
586 2265 712 2296 adhibet
742 2266 903 2304 Martene,
936 2273 1035 2306 prout
1066 2267 1104 2297 ab
1135 2267 1270 2297 Erasmo

194 2312 381 2343 emendatus
406 2317 468 2349 est,
497 2320 619 2351 suaque
642 2310 675 2340 in
699 2309 837 2340 editione
867 2320 886 2340 a
913 2310 1055 2341 Pamelio
1081 2311 1205 2351 positus
1228 2311 1271 2342 le-

193 2356 287 2398 gitur.
308 2355 408 2386 Aliter
426 2354 598 2394 legendum
618 2354 740 2385 censuit
763 2354 912 2385 Baluzius
933 2355 1020 2386 iuxta
1037 2355 1135 2386 fidem
1154 2355 1271 2386 codicis

195 2399 414 2433 Corbeiensis:
438 2400 542 2430 Porro
565 2404 672 2430 autem
697 2399 905 2430 Eucharistia
929 2405 986 2437 est,
1013 2400 1098 2430 unde
1121 2400 1273 2441 baptizati

195 2450 369 2486 unguntur
391 2443 460 2474 oleo
493 2445 525 2474 in
559 2443 660 2474 altari
681 2443 891 2484 sanctificato.
917 2444 1086 2485 Aliamque
1109 2450 1184 2484 post
1206 2445 1272 2474 Ma-

196 2489 325 2520 nutium
347 2488 518 2518 lectionem
541 2488 742 2528 amplectitur
760 2488 930 2527 Rigaltius:
950 2489 1054 2519 Porro
1077 2494 1184 2519 autem
1203 2489 1271 2519 Eu-

196 2534 350 2565 charistia
382 2537 445 2569 est,
471 2532 557 2562 unde
585 2532 738 2573 baptizati
768 2537 956 2573 unguntur,
982 2533 1086 2563 oleum
1116 2534 1148 2563 in
1173 2533 1273 2563 altari

194 2577 450 2618 sancttficatum;
468 2586 504 2607 ac
519 2576 546 2606 si
561 2576 630 2616 ipsa
645 2576 842 2607 Eucharistia
858 2576 939 2607 dicta
955 2577 1147 2617 intelligatur
1162 2577 1272 2607 oleum

196 2621 358 2663 spirituale
387 2621 566 2661 eodemque
590 2620 622 2651 in
647 2621 720 2651 loco
745 2621 784 2651 de
807 2620 937 2661 spiritali
961 2621 1112 2652 unctione
1142 2628 1270 2661 agatur,

196 2676 279 2708 quae
302 2666 340 2696 ab
364 2665 436 2706 ipso
460 2664 669 2706 proficiscitur
691 2664 907 2696 Eucharistiae
930 2665 1144 2696 Sacramento.
1166 2666 1271 2703 Quae-

194 2721 272 2743 nam
290 2709 504 2751 praeferenda,
527 2709 626 2740 veluti
645 2709 793 2750 genuina,
817 2709 911 2740 lectio
931 2710 980 2748 sit,
1001 2710 1182 2750 diligentius
1201 2720 1271 2750 per-

198 2755 322 2797 quirere
338 2764 406 2784 non
421 2760 525 2785 vacat:
546 2761 668 2785 certum
683 2764 759 2784 vero
777 2753 855 2784 mihi
871 2761 1138 2795 compertumque
1157 2755 1272 2785 eodem

195 2799 230 2831 in
252 2799 326 2830 loco
350 2798 550 2840 Cyprianum
573 2798 612 2829 de
635 2798 706 2839 ipso
730 2798 826 2829 etiam
854 2799 1020 2830 chrismate
1050 2799 1140 2840 loqui
1169 2799 1271 2840 deque

198 2843 434 2875 consecratione
455 2843 523 2873 eius
544 2843 576 2874 in
587 2843 684 2874 altari.
700 2843 777 2873 Post
798 2843 891 2874 allata
909 2844 1003 2874 verba
1027 2844 1133 2875 statim
1147 2844 1272 2875 subiicit

197 2888 252 2919 ille
275 2887 488 2929 Sanctificate
510 2893 617 2918 autem
642 2897 706 2918 non
724 2888 832 2927 potuit
847 2888 910 2918 olei
925 2893 1122 2926 creaturam,
1142 2890 1199 2928 qui
1214 2898 1272 2919 nec

198 2932 307 2963 altare
338 2932 449 2970 habet,
476 2941 535 2962 nec
557 2932 723 2963 ecclesiam
748 2930 842 2974 (idest
864 2931 1070 2975 haereticus):
1099 2933 1185 2963 unde
1213 2942 1272 2963 nec

200 2977 309 3007 unctio
331 2976 512 3016 spiritualis
526 2976 614 3016 apud
636 2977 814 3007 haereticos
826 2982 933 3017 potest
955 2986 1034 3014 esse,
1051 2977 1181 3018 quando
1196 2986 1270 3008 con-

199 3025 262 3050 stet
281 3019 386 3050 oleum
418 3020 618 3061 sanctificari
644 3026 675 3051 et
705 3021 947 3052 Eucharistiam
970 3021 1053 3062 fieri
1082 3021 1170 3062 apud
1199 3022 1272 3052 illos

201 3064 332 3095 omnino
355 3073 418 3094 non
436 3073 542 3104 posse.
560 3065 636 3102 Quo
660 3065 733 3095 loco
757 3065 820 3096 olei
838 3071 1034 3103 creaturam,
1055 3076 1137 3106 quae
1152 3067 1271 3097 sancti-

188 3109 329 3150 ficatur,
346 3107 418 3148 quis
441 3107 594 3148 intelligat
611 3107 864 3140 Eucharistiam?
884 3110 954 3140 Imo
978 3110 1083 3140 oleum
1108 3110 1272 3150 distinguit

200 3152 381 3193 Cyprianus
401 3158 431 3182 et
453 3152 714 3191 Eucharistiam,·
736 3153 893 3194 docetque
924 3164 1028 3195 neque
1050 3154 1131 3185 illud
1153 3155 1271 3185 sancti-

186 3197 312 3239 ficari,
339 3205 444 3236 neque
467 3195 560 3226 istam
572 3197 655 3237 fieri
686 3198 773 3238 apud
795 3198 970 3229 haereticos
993 3209 1106 3239 posse,
1129 3199 1186 3239 qui
1215 3208 1273 3229 nec

200 3241 307 3272 altare
322 3240 450 3278 habent,
466 3250 524 3270 nec
539 3241 716 3272 ecclesiam.
745 3242 854 3273 Hocce
875 3249 1111 3282 argumentum,
1126 3253 1192 3283 quo
1209 3242 1271 3283 Cy-

199 3285 331 3327 prianus
354 3284 586 3315 haereticorum
601 3292 794 3316 sacramenta
812 3286 982 3325 reficiebat,
998 3287 1126 3317 adducit
1149 3297 1185 3318 ac
1209 3287 1271 3317 sol-

200 3329 246 3360 vit
278 3328 476 3369 Augustinus
506 3328 560 3359 lib.
586 3329 616 3359 V
635 3330 673 3359 de
695 3330 860 3370 Baptismo
885 3331 1205 3369 contraDonatistas,
1223 3341 1273 3361 ca—

202 3374 267 3414 pite
289 3384 341 3412 xx,
365 3373 538 3414 oleumque
562 3373 674 3413 accipit
696 3374 735 3404 ab
759 3374 955 3405 Eucharistia
983 3375 1182 3405 distinctum:
1205 3374 1275 3405 Cur

201 3423 323 3456 autem,
340 3417 498 3458 inquiens,
514 3417 558 3448 ad
573 3418 681 3455 verba,
700 3427 784 3458 quae
800 3419 983 3458 procedunt
1001 3428 1043 3449 ex
1065 3428 1122 3449 ore
1144 3419 1274 3449 homici-

201 3463 265 3494 dae
288 3460 370 3505 (non
392 3461 550 3500 haeretici,
565 3462 621 3492 sed
643 3461 724 3493 intra
747 3462 935 3493 catholicam
964 3462 1139 3501 Ecclesiam
1166 3472 1273 3502 pecca-

204 3504 308 3549 toris),
317 3507 422 3547 possit
440 3511 546 3537 tamen
562 3506 653 3537 Deus
675 3507 780 3537 oleum
799 3507 1023 3547 sanctificat&
1044 3511 1075 3537 et
1097 3507 1130 3536 in
1155 3507 1273 3543 altari,

203 3550 290 3592 quod
311 3551 466 3582 haeretici
482 3556 675 3591 posuerunt,
696 3561 760 3581 non
778 3551 892 3591 possit,
921 3551 1044 3581 nescio.
1057 3573 1064 3581 .
1077 3573 1085 3580 .
1109 3550 1275 3587 Quomodo

205 3595 339 3635 exaudit
361 3595 551 3626 homicidam
575 3595 797 3635 deprecantem
829 3595 880 3626 vel
901 3604 1000 3635 super
1028 3604 1146 3635 aquam
1177 3595 1276 3634 bapti-

202 3640 277 3677 smi,
294 3639 344 3670 vel
366 3649 465 3680 super
487 3640 610 3677 oleum,
636 3640 687 3670 vel
707 3649 807 3680 super
828 3640 1086 3676 Eucharistiam,
1107 3639 1158 3670 vel
1179 3648 1278 3679 super

2286 294 2392 320 CXLIX

1317 363 1422 402 capita
1447 372 1569 399 eorum,
1590 361 1704 402 quibus
1721 371 1837 392 manus
1860 362 2064 401 imponitur?
2082 363 2229 393 Materiae
2253 371 2307 395 aut
2328 365 2389 395 ele-

1317 406 1416 437 menti
1440 406 1572 436 nomine
1605 405 1750 436 distincta
1782 412 1928 436 numerat
1951 412 1981 436 et
2016 406 2154 446 appellat
2176 416 2388 448 sacramenta,

1318 450 1524 490 baptismum,
1542 449 1830 488 confirmationem,
1848 450 2090 488 Eucharistiam,
2107 451 2351 483 ordinationem.

1386 495 1422 524 In
1441 495 1528 525 altari
1548 504 1639 534 ergo,
1658 494 1739 526 intra
1757 494 1927 525 Missarurn
1947 495 2118 533 solemnia,
2142 505 2248 525 coram
2268 497 2391 536 populo

1318 538 1403 569 fideli
1426 539 1521 579 longe
1545 545 1617 569 ante
1640 539 1785 569 Fullonis
1809 545 1943 569 aetatem
1967 545 2124 569 sacratum
2142 539 2238 570 fuisse
2258 540 2393 571 chrisma

1319 593 1375 613 seu
1399 593 1524 613 sacrum
1548 590 1750 624 unguentum
1774 590 1858 614 certo
1883 590 2015 614 constat.
2048 584 2159 624 Neque
2183 594 2318 624 reponas
2335 585 2391 615 Pe-

1319 634 1405 658 trum
1429 628 1610 666 Fullonem,
1627 628 1801 658 Theodoro
1825 628 1958 658 Lectore
1978 634 2066 663 teste,
2083 628 2181 658 ritum
2196 628 2289 659 illurn
2315 639 2390 659 con-

1320 671 1460 702 secrandi
1484 672 1660 702 chrismatis
1683 672 1824 712 primum
1848 672 2001 702 invexisse
2018 672 2103 712 apud
2128 672 2283 711 Graecos;
2303 683 2391 703 eum-

1320 716 1458 757 demque
1490 716 1588 746 ritum
1619 716 1684 746 iam
1717 716 1796 746 olim
1827 716 1858 746 in
1892 716 2032 746 Ecclesia
2061 716 2158 747 latina
2195 717 2392 748 obtinentem

1320 760 1453 800 spectari
1485 760 1618 791 minime
1651 761 1792 800 potuisse
1816 771 1833 790 a
1857 760 1978 791 Graeco
2011 761 2310 801 Areopagiticorum
2332 762 2392 792 >au-

1321 811 1416 835 ctore.
1432 805 1560 835 Praesto
1584 815 1723 845 namque
1739 805 1904 844 responsio
1928 805 2031 844 prima
2048 812 2103 843 est,
2121 805 2179 836 sibi
2201 806 2296 836 etiam
2319 806 2392 836 scri-

1321 855 1446 889 ptorem
1468 849 1561 879 illum
1585 849 1800 888 proposuisse,
1831 849 1996 888 Lequieno
2020 850 2235 880 consentiente
2267 860 2303 881 ac
2326 850 2392 880 ani·

1321 893 1535 923 madvertente
1559 893 1743 930 Scholiaste,
1760 899 1796 923 ut
1818 893 1976 923 Ecclesiae
1995 894 2159 924 Romanae
2183 901 2214 924 et
2236 894 2392 925 Occiden-

1321 937 1390 968 talis
1414 937 1491 967 ritus
1525 937 1649 977 aliquos
1679 936 1800 967 afferret
1828 944 1858 967 et
1890 944 2078 976 exponeret:
2109 939 2198 978 quod
2228 939 2329 979 capite
2361 949 2393 968 vr

1321 981 1472 1021 exemplis
1483 980 1752 1011 confirmavimus.
1764 981 1977 1021 Sequiturque
1991 982 2155 1021 responsio
2171 983 2276 1021 altera,
2285 983 2392 1013 Theo—

1321 1025 1391 1055 dori
1410 1024 1595 1055 testimonio
1611 1025 1643 1054 id
1659 1035 1762 1055 unum
1778 1025 1890 1063 evinci,
1902 1025 2071 1056 Fullonem
2087 1026 2119 1055 in
2134 1027 2308 1057 Ecclesiam
2326 1029 2392 1058 An-

1321 1069 1514 1106 tiochenam,
1530 1069 1563 1098 in
1587 1079 1651 1109 qua
1675 1069 1874 1109 tyrannidem
1898 1070 2075 1106 exercebat,
2100 1070 2196 1100 ritum
2219 1071 2310 1101 illum
2334 1081 2392 1112 po-

1322 1113 1418 1144 tuisse
1451 1113 1593 1153 primum
1624 1113 1791 1150 invehere;
1819 1120 1851 1144 at
1881 1114 1986 1153 colligi
2018 1123 2084 1143 non
2117 1125 2211 1154 posse
2242 1117 2392 1146 eumdem

1322 1158 1419 1188 ritum
1442 1157 1475 1187 in
1499 1157 1657 1197 aliquibus
1690 1157 1826 1187 Graecae
1855 1157 2093 1188 communionis
2126 1159 2271 1189 Ecclesiis
2302 1166 2392 1190 antea

1322 1211 1389 1232 non
1413 1201 1597 1231 obtinuisse.

1393 1258 1407 1273 α
1431 1246 1468 1275 ΙΙ.
1489 1247 1531 1275 At
1555 1245 1632 1275 ritus
1655 1244 1727 1283 ille,
1753 1245 1809 1286 qui
1833 1245 1951 1276 ibidem
1983 1246 2185 1286 subiungitur
2215 1246 2394 1288 (Lequieni

1325 1303 1340 1317 »
1363 1290 1459 1320 verba
1482 1289 1593 1331 sunt),
1619 1295 1654 1319 ut
1678 1296 1879 1329 unguentum
1904 1300 1999 1330 super
2022 1291 2116 1321 altare
2141 1291 2322 1331 depositum
2346 1302 2392 1322 se-

1325 1347 1340 1362 »
1363 1333 1497 1374 raphicis
1514 1333 1621 1373 figuris
1637 1334 1761 1364 duabus
1778 1341 1977 1374 contegatur,
1998 1345 2064 1375 quo
2089 1335 2280 1374 significetur
2303 1336 2393 1367 Chri-

1325 1391 1340 1407 »
1363 1385 1460 1416 stum,
1484 1378 1540 1419 qui
1564 1385 1729 1418 unguento
1753 1385 2022 1418 repraesentatur,
2047 1386 2202 1419 perpetuo
2227 1380 2393 1420 Seraphim

1325 1436 1340 1451 ›
1363 1423 1497 1461 cantico,
1524 1423 1612 1463 quod
1642 1423 1813 1463 Trisagion
1838 1433 1892 1453 seu
1923 1424 2131 1454 Tersanctum
2156 1423 2288 1462 dicitur,
2315 1424 2393 1455 cele-

1325 1480 1340 1496 »
1362 1467 1462 1505 brari;
1481 1477 1522 1497 an
1538 1477 1604 1497 non
1620 1467 1682 1497 hoc
1698 1467 1793 1498 etiam
1818 1467 1980 1507 Cnaphaei
1995 1475 2026 1498 et
2041 1467 2283 1498 Severianorum
2305 1478 2393 1499 men·

1325 1525 1340 1540 ›
1363 1518 1428 1543 tem
1444 1518 1475 1542 et
1497 1511 1662 1551 ingenium
1678 1511 1808 1549 redolet,
1825 1512 1881 1552 qui
1903 1513 2054 1553 Trisagia
2077 1512 2197 1543 cantica
2220 1513 2320 1543 modo
2336 1512 2395 1543 toti

1326 1570 1340 1584 »
1363 1556 1510 1587 Trinitati
1534 1556 1700 1594 accinunt,
1726 1556 1826 1586 modo
1852 1556 1911 1586 soli
1944 1557 2025 1587 Filio
2050 1563 2081 1587 et
2113 1554 2259 1587 Christo?
2281 1569 2296 1584 »
2318 1557 2393 1587 Duo

1323 1600 1536 1631 animadverte
1551 1600 1584 1631 in
1599 1600 1673 1638 ritu,
1684 1610 1782 1641 quem
1796 1601 1942 1631 describit
1957 1601 2253 1641 Areopagiticorum
2269 1607 2394 1631 auctor:

1330 1656 1355 1676 1.
1375 1645 1584 1685 Unguentum
1617 1655 1712 1685 supra
1745 1645 1890 1675 divinum
1914 1645 2009 1676 altare
2038 1646 2202 1686 positum,
2228 1646 2396 1687 seraphicis

1324 1689 1432 1729 figuris
1457 1690 1591 1726 duabus,
1610 1698 1667 1720 seu
1691 1689 1856 1720 duodecim
1888 1690 1950 1720 alis
1977 1690 2141 1721 obvelari:
2165 1700 2193 1721 2.
2219 1690 2396 1722 Concinere

1325 1734 1482 1764 adstantes
1498 1733 1581 1764 illud
1595 1733 1750 1764 divinitus
1768 1734 1960 1775 afflatorum
1985 1735 2219 1774 Prophetarum
2237 1737 2396 1766 canticum

1325 1778 1517 1819 afflationis.
1544 1778 1647 1808 Verba
1670 1778 1748 1808 haec
1781 1788 1854 1808 cum
1878 1778 2000 1818 integro
2025 1785 2110 1810 textu
2142 1779 2286 1819 superius
2311 1780 2397 1810 dedi-

1326 1833 1409 1854 mus.
1427 1822 1598 1853 Canticum
1620 1821 1716 1860 istud,
1733 1823 1823 1863 quod
1846 1823 2003 1853 adstantes
2027 1823 2210 1861 concinunt,
2227 1823 2270 1854 ita
2297 1824 2398 1854 decla-

1326 1874 1373 1898 rat
1394 1866 1599 1898 Scholiastes:
1619 1879 1633 1894 «
1658 1866 1838 1898 Canticum.
1856 1867 1979 1898 Scilicet
1993 1867 2131 1898 Sanctus
2146 1868 2197 1898 vel
2210 1868 2362 1899 Alleluia.
2381 1881 2396 1896 »

1327 1912 1389 1942 Sed
1412 1911 1474 1942 hoc
1497 1911 1666 1951 posterius,
1682 1911 1836 1949 Alleluia,
1861 1911 2047 1942 intellexisse
2071 1918 2235 1942 auctorem
2257 1914 2399 1953 Areopa-

1326 1956 1508 1996 gificorum,
1525 1955 1592 1996 ipse
1616 1955 1665 1986 sui
1689 1955 1841 1996 interpres
1865 1963 1911 1986 est
1934 1956 2007 1986 loco
2025 1956 2120 1987 citato
2144 1966 2233 1987 num.
2254 1957 2283 1995 3,
2300 1957 2327 1997 §-
2351 1967 2400 1996 12,

1327 2000 1382 2031 ubi
1406 2000 1499 2030 latius
1524 2000 1664 2040 exponit,
1688 2009 1770 2041 quae
1793 2000 1925 2031 strictim
1948 2007 2176 2041 proposuerat:
2202 2001 2325 2038 Porro,
2352 2001 2399 2031 in-

1327 2045 1451 2086 quienS,
1468 2045 1567 2075 melos
1583 2045 1666 2075 illud
1682 2054 1812 2075 sacrum
1837 2045 2070 2085 Prophetarum
2092 2046 2245 2076 divinitus
2268 2045 2398 2086 afflato-

1327 2100 1400 2120 rum
1416 2090 1522 2120 sciunt
1544 2089 1588 2126 hi,
1613 2090 1668 2130 qui
1690 2089 1837 2120 hebraice
1865 2095 2002 2127 norunt,
2026 2091 2089 2120 Dei
2117 2090 2244 2120 laudem
2273 2090 2398 2131 signifi-

1327 2144 1404 2165 care
1421 2135 1488 2164 sive
1511 2134 1643 2164 laudate
1664 2134 1850 2164 Dominum.
1873 2134 1981 2174 ltaque
2005 2134 2163 2164 canticum
2187 2134 2285 2172 illud,
2310 2135 2399 2175 quod

1326 2178 1359 2208 in
1384 2177 1583 2209 confectione
1616 2178 1694 2208 sacri
1727 2178 1881 2218 unguenti
1912 2178 2120 2209 concinebant
2152 2179 2328 2217 adstantes,
2354 2178 2399 2209 nil

1327 2222 1415 2253 aliud
1437 2229 1503 2253 erat
1526 2222 1585 2252 nisi
1608 2223 1773 2260 Alleluia;
1792 2222 1881 2263 quod
1904 2222 1999 2252 latine
2022 2223 2151 2262 perinde
2180 2232 2246 2252 esse
2268 2233 2303 2253 ac
2327 2223 2398 2253 lau-

1327 2267 1402 2298 date
1424 2267 1528 2297 Deum
1553 2266 1602 2297 vel
1618 2266 1708 2307 pueri
1732 2273 1859 2297 norunt.
1876 2267 1972 2297 Nulla
1989 2277 2063 2306 ergo
2079 2267 2111 2297 in
2135 2267 2184 2297 his
2205 2267 2307 2297 verbis
2329 2267 2398 2297 Tri-

1327 2313 1414 2352 sagii
1438 2311 1568 2341 mentio.
1587 2312 1698 2351 Neque
1722 2317 1751 2341 te
1776 2318 1903 2341 moveat
1926 2309 2069 2353 (obviarn
2095 2311 2264 2351 praevenio
2288 2322 2323 2342 ac
2348 2311 2400 2341 de-

1328 2356 1413 2396 pello
1446 2353 1688 2397 difficultatem)
1718 2355 1892 2385 chrismatis
1925 2355 2159 2386 confectionem
2191 2356 2232 2386 ad
2260 2362 2401 2386 sanctam

1329 2407 1360 2431 et
1383 2409 1533 2439 magnam
1557 2399 1667 2430 feriam
1696 2399 1841 2440 quintam
1865 2400 2084 2430 Hebdomadis
2114 2407 2238 2431 sanctae
2266 2410 2400 2430 reserva-

1329 2451 1394 2475 tam
1418 2451 1502 2481 esse;
1518 2443 1662 2484 illudque
1678 2444 1847 2480 canticum,
1865 2444 2018 2481 Alleluia,
2036 2444 2168 2475 minime
2191 2444 2401 2484 Quadragesi-

1329 2498 1400 2519 mae
1423 2495 1567 2528 tempore
1590 2488 1748 2519 decantari
1771 2488 1913 2519 solitum.
1937 2488 2026 2519 Olim
2049 2489 2135 2519 enirn
2162 2489 2298 2519 liberum
2325 2489 2400 2529 Epi-

1329 2532 1434 2573 scopis
1458 2532 1573 2570 fuisse,
1600 2539 1636 2563 ut
1658 2542 1784 2563 sacrum
1817 2533 1952 2563 chrisma
1982 2533 2072 2563 omni
2106 2533 2156 2563 die
2189 2533 2398 2572 conficerent,

1329 2577 1493 2618 perspicue
1517 2583 1603 2617 patet
1626 2587 1663 2607 ex
1686 2576 1833 2607 Concilio
1861 2577 2021 2607 Toletano
2046 2578 2057 2607 I
2082 2578 2172 2618 quod
2195 2588 2283 2608 aerae
2308 2578 2398 2608 Chri—

1329 2622 1446 2652 stianae
1470 2631 1555 2652 anno
1579 2631 1645 2660 400
1670 2621 1862 2653 celebratum
1885 2628 1942 2660 est,
1958 2631 2080 2652 canone
2103 2632 2154 2660 xx,
2171 2622 2225 2652 ubi
2244 2623 2321 2653 haec
2344 2622 2399 2652 ha·

1329 2667 1457 2696 bentur:
1482 2666 1640 2706 Episcopo
1671 2675 1751 2697 sane
1781 2671 1902 2697 certum
1934 2671 1981 2697 est
2010 2667 2098 2696 omni
2130 2672 2270 2707 tempore
2292 2667 2399 2703 licere

1328 2711 1468 2741 chrisma
1498 2711 1664 2750 conficere.
1690 2710 1816 2748 Quibus
1839 2711 1919 2741 adde
1952 2710 2060 2741 Goarii
2093 2711 2399 2741 animadversionem

1327 2755 1360 2785 in
1384 2755 1476 2786 Notis
1500 2755 1539 2785 ad
1563 2755 1801 2795 Euchologium
1833 2755 2047 2786 Graecorum:
2081 2768 2096 2783 a<
2119 2755 2154 2785 In
2178 2755 2298 2786 Officiis
2322 2765 2399 2796 qua-

1331 2812 1346 2826 »
1368 2799 1627 2839 dragesimalibus
1651 2800 1820 2837 canticum,
1837 2800 1989 2836 Alleluia,
2011 2799 2207 2839 frequentare
2228 2799 2352 2839 saepius
2369 2806 2400 2830 et

1331 2856 1346 2871 »
1367 2844 1478 2874 iterare
1501 2843 1655 2882 Graecos3
1675 2844 1767 2885 eique
1784 2844 1980 2874 decantando
1997 2843 2118 2874 facilius
2141 2843 2314 2883 indulgere,
2331 2853 2398 2884 quo

1331 2901 1346 2916 s
1368 2895 1496 2928 tempus
1518 2888 1597 2918 illud
1617 2888 1829 2919 diuturniores
1853 2888 1973 2918 divinas
1993 2888 2102 2918 laudes
2126 2888 2282 2928 requirere
2301 2898 2398 2927 agno-

1330 2946 1345 2960 »
1368 2939 1475 2963 scunt:
1492 2942 1527 2963 ac
1541 2932 1628 2963 idem
1641 2943 1772 2973 quoque
1782 2933 1814 2962 in
1829 2939 2033 2963 mortuorum
2044 2932 2182 2972 exequiis
2197 2942 2365 2962 assumere.
2380 2944 2395 2959 »

1394 2977 1514 3008 Dixerit
1537 2977 1718 3017 Lequienus
1743 2977 1781 3007 de
1802 2978 1951 3017 Trisagio
1975 2987 2007 3007 se
2027 2976 2128 3016 loqui,
2148 2976 2238 3016 quod
2261 2976 2398 3016 seraphi-

1328 3031 1381 3052 cae
1404 3021 1475 3052 illae
1498 3020 1617 3061 figurae
1641 3022 1738 3059 duae,
1764 3031 1888 3052 sacrum
1912 3027 2112 3060 unguentum
2136 3021 2338 3060 obtegentes,
2358 3020 2398 3051 si-

1327 3065 1484 3105 gnificent.
1503 3067 1622 3096 Annuo
1638 3065 1865 3096 lubentissime.
1884 3065 1952 3105 lpse
1977 3071 2087 3095 auctor
2101 3065 2398 3105 Areopagiticorum

1326 3110 1400 3140 loco
1435 3110 1528 3140 citato
1562 3120 1651 3140 num.
1675 3111 1713 3146 3,
1737 3110 1765 3150 §-
1790 3111 1805 3140 5
1832 3110 1875 3140 sic
1903 3109 1964 3140 ait:
1993 3110 2026 3139 ln
2051 3108 2107 3139 alis
2137 3109 2308 3140 duodecim
2340 3119 2398 3139 un-

1327 3161 1484 3194 guentum
1507 3154 1539 3183 in
1556 3154 1643 3184 altari
1663 3154 1805 3194 positum
1821 3153 2039 3184 obvelantibus
2063 3152 2229 3193 significari
2253 3154 2397 3184 ordinem

1327 3199 1507 3238 Seraphim,
1525 3198 1582 3239 qui
1605 3198 1735 3229 adstant
1758 3198 1844 3235 Iesu,
1863 3204 1893 3228 et
1916 3199 2050 3228 multum
2074 3198 2277 3228 decantatam
2309 3199 2397 3228 illam

1329 3243 1521 3283 theologiam
1546 3243 1727 3273 incessabili
1757 3252 1831 3273 voce
1855 3243 2071 3282 proclamant.
2108 3242 2195 3272 Voce
2218 3242 2288 3279 illa,
2312 3243 2397 3272 theo-

1329 3287 1471 3327 logiam,
1498 3286 1629 3317 adnotat
1660 3287 1849 3317 Scholiastes
1882 3286 2013 3326 intelligi
2041 3286 2211 3316 Canticum
2239 3286 2396 3323 Sanctus,

1330 3331 1479 3367 Sanctus,
1505 3330 1653 3361 Sanctus.
1677 3331 1759 3361 Ecce
1782 3330 1969 3370 Trisagion,
1994 3330 2083 3370 quod
2102 3330 2196 3360 etiam
2219 3331 2400 3370 theologiae

1329 3384 1408 3404 voce
1441 3374 1571 3404 indicari
1605 3375 1699 3405 docet
1736 3374 1873 3415 Cyrillus
1905 3374 2215 3414 Hierosolymitanus
2249 3373 2399 3404 Cateche-

1331 3418 1356 3448 si
1372 3428 1457 3455 xxm,
1474 3418 1689 3458 Mystagogica
1704 3429 1734 3455 v,
1746 3428 1836 3448 num.
1854 3428 1885 3457 4.
1906 3431 1921 3446 α
1940 3418 2137 3448 Mentionem
2153 3418 2248 3448 etiarn
2264 3417 2398 3448 facimus

1334 3474 1349 3489 »
1372 3461 1547 3501 Seraphim,
1565 3472 1646 3502 quae
1669 3461 1702 3491 in
1719 3462 1836 3501 Spiritu
1861 3468 1969 3492 sancto
1992 3461 2070 3491 vidit
2091 3461 2222 3492 Hesaias
2245 3462 2400 3492 thronum

1334 3518 1350 3533 s
1371 3506 1430 3536 Dei
1447 3505 1689 3543 circumstantia,
1706 3512 1737 3536 et
1753 3506 1875 3536 duabus
1891 3506 1947 3536 alis
1971 3505 2084 3536 faciem
2104 3506 2240 3545 tegentia
2262 3506 2400 3537 duabus-

1335 3562 1350 3577 »
1372 3550 1434 3590 q'ue
1463 3549 1578 3589 pedes,
1611 3559 1647 3580 ac
1675 3550 1798 3580 duabus
1829 3549 1969 3580 volantia
1998 3556 2028 3580 et
2058 3550 2208 3580 dicentia:
2243 3550 2398 3588 Sanctus,

1335 3606 1350 3621 »
1377 3594 1531 3631 Sanctus,
1557 3594 1695 3624 Sanctus
1717 3594 1876 3625 Dominus
1892 3594 2041 3624 Sabaoth.
2062 3594 2232 3635 Propterea
2254 3595 2401 3625 traditam

1336 3650 1350 3665 >›
1374 3637 1466 3668 nobis
1489 3638 1527 3668 ab
1544 3638 1709 3678 Seraphim
1732 3639 1816 3669 hanc
1845 3639 2038 3679 theologiam
2059 3638 2240 3678 recitamus,
2255 3645 2292 3670 ut
2312 3649 2399 3670 com-
