2788 4204
71 399 83 410 '⁴'
103 402 284 422 manumm-

72 430 120 445 om.
135 424 220 445 lineae.

73 452 81 460 ·
110 456 145 471 cu:
176 448 283 477 aequidi-

74 477 181 502 stantes,
210 479 232 496 et
255 475 285 496 ita

72 502 125 523 infr.

71 606 83 617 ⁶
93 612 117 628 L:
136 605 285 634 procedant;

73 632 285 660 mprotendantur.

73 661 82 669 ·
96 665 130 680 u:
161 658 285 680 secundum

71 687 172 707 neutr...
186 691 284 706 concur-

73 713 134 735 rut.

72 817 82 825 ·
95 816 171 838 Codd.
182 823 226 838 -r:
247 817 288 844 qui

73 849 135 865 vere.

74 1136 86 1148 ¹·
104 1142 136 1158 n:
162 1135 226 1164 quod
247 1135 289 1156 ult.

69 1163 290 1216 madata<

74 1214 87 1227 ⁸
94 1220 272 1245 ιυιιιιιοαμτ.
278 1225 288 1230 -

74 1247 132 1289 2²...
147 1266 210 1298 me,
223 1246 288 1288 ἕιὶἐῑ

72 1293 120 1317 Aac
150 1294 208 1315 ma.
221 1304 238 1309 -
248 1293 289 1314 ΑΙ.

69 1317 231 1349 ,coddqexe-o,
238 1325 287 1341 om.

75 1346 114 1373 σιτ
125 1351 288 1372 mmor:

75 1361 143 1395 dea·
150 1371 195 1394 hoc
203 1373 288 1395 autem.

74 1398 168 1447 :aasz
182 1403 216 1446 9.

75 1455 209 1484 Ρῐοβθῆίῦ·

75 1673 234 1717 wi„
245 1672 290 1688 aa·

86 1735 88 1740 ’
179 1730 188 1747 ι

77 1883 88 1894 ·
98 1882 175 1906 codd.
189 1884 247 1910 (aa.
261 1889 292 1905 m«

77 1911 101 1936 01
107 1917 113 1931 =
120 1911 220 1932 anteum-
226 1916 247 1932 P:
253 1916 292 1931 er-

74 1941 292 2010 {simiis}

77 2014 216 2038 *Codd.-m:
222 2014 294 2040 aad&

77 2047 112 2090 :tg-
118 2043 168 2063 om'.
177 2041 246 2068 ude,
256 2042 292 2063 ve!

78 2101 91 2115 ⁹
99 2101 158 2124 Vero
165 2108 205 2124 om
213 2102 291 2128 codd„

79 2134 130 2151 uc.
143 2135 222 2151 =.-r:
245 2129 292 2151 duo

78 2160 136 2204 εἴτ
149 2155 292 2210 waide-

78 2207 294 2265 Quum

75 2260 293 2313 &35¹3

78 2319 294 2366 dssffQffl²

79 2371 243 2418 &aaut
250 2366 295 2414 23:

77 2424 260 2471 εῗιὶυιιιιατι
270 2451 294 2466 ο-

78 2477 132 2493 me
139 2477 211 2500 prop.

1167 251 1278 286 CAP.
1308 251 1359 297 V,
1389 250 1541 287 LECT.
1571 251 1641 286 XII

310 333 386 369 hoc
417 329 504 375 fiat,
538 328 609 365 nisi
646 328 767 365 lineae
797 335 919 364 rectae
953 328 1028 364 sint
1057 328 1248 375 aequales,
1285 328 1380 365 idest

312 394 433 431 aeque
462 382 651 419 distantes.
683 381 761 418 Sed
793 380 823 416 si
852 381 971 416 lineae
987 380 1158 416 *fuerint
1185 382 1378 428 aequales,

312 436 407 473 idest
434 446 554 482 aeque
580 435 757 472 distantes
773 434 804 480 ²¹²,
821 441 910 470 tunc
938 445 1017 469 non
1046 445 1271 470 concurrere
1292 446 1380 470 con-

310 489 415 526 venit
452 488 504 524 eis
538 487 577 524 in
611 488 792 535 quolibet,
827 486 916 534 quia
948 486 1208 523 universaliter
1244 499 1380 524 verum

313 549 369 578 est
395 541 500 589 quod
529 541 648 577 lineae
678 547 801 576 rectae
831 551 953 587 aeque
982 539 1171 586 distantes,
1203 540 1315 576 etiarn
1351 540 1382 576 si

311 594 350 631 in
384 594 572 631 infinitum
609 594 875 642 protrahantur
894 593 931 640 *,
958 592 997 629 in
1025 601 1197 630 neutram
1235 601 1381 642 partem

312 654 538 684 concurrent
551 647 583 683 ²⁸.

366 711 402 747 7.
433 699 628 745 Secundo;
663 699 732 736 ibi:
766 700 816 735 Et
846 699 881 735 si
913 698 1127 747 triangulus
1155 707 1244 746 etc.,
1274 698 1383 747 ponit

315 754 534 802 exemplum
563 753 611 790 ad
639 753 807 803 primum
837 751 1016 799 modum,
1052 752 1180 789 dicens
1215 753 1318 800 quod
1353 753 1382 789 si

313 818 393 842 non
421 814 519 843 esset
547 806 639 843 alius
667 807 884 854 triangulus,
914 817 1031 853 quam
1060 805 1247 853 isosceles,
1277 806 1342 854 qui
1362 807 1382 827 ²⁸

315 866 370 895 est
397 853 602 908 tria'ngulus
630 860 796 897 duorum
825 858 1040 907 aequalium
1069 860 1246 906 laterum,
1277 859 1381 907 quod

315 919 370 948 est
392 912 564 960 trianguli
583 912 621 949 in
636 922 822 961 quantum
842 911 1073 959 huiusmodi,
1090 911 1281 948 videretur
1300 925 1381 948 esse

315 965 482 1003 isoscelis
510 967 722 1003 secundum
747 967 851 1015 quod
872 974 927 1003 est
945 966 1138 1002 isosceles:
1159 977 1231 1001 nec
1254 973 1382 1001 tamen

313 1019 389 1056 hoc
418 1026 515 1056 esset
540 1031 688 1056 verum.

369 1072 405 1108 8.
417 1072 567 1118 Tertio;
584 1072 652 1108 ibi:
673 1073 725 1108 Et
733 1071 1019 1120 proportionale
1038 1078 1119 1116 etc.,
1133 1070 1384 1118 exemplificat

315 1124 364 1162 de
383 1125 552 1162 secundo
571 1124 703 1161 modo.
721 1126 770 1162 Et
788 1125 938 1162 videtur
957 1125 1032 1161 hoc
1044 1124 1206 1160 *ultimo
1225 1135 1381 1171 ponere,

315 1178 403 1225 quia
432 1177 530 1214 circa
556 1178 632 1214 hoc
660 1177 797 1214 diutius
812 1179 832 1199 *
846 1178 1082 1214 immoratur.
1108 1177 1157 1212 Et
1185 1175 1283 1213 circa
1310 1177 1384 1212 hoc

314 1230 384 1267 tria
399 1231 420 1252 ²¹⁴
435 1229 536 1267 facit:
566 1229 707 1279 primo,
728 1232 837 1279 ponit
856 1230 1090 1279 exemplum;
1119 1229 1308 1275 secundo,
1329 1229 1383 1265 in-

315 1283 418 1320 ducit
436 1283 633 1331 quoddam
658 1284 899 1322 corollarium
920 1296 965 1320 ex
984 1282 1107 1328 dictis;
1128 1282 1197 1319 ibi:
1225 1284 1386 1330 Propter

314 1337 386 1383 hoc
406 1347 482 1381 ,nec
506 1337 542 1373 si
567 1337 701 1385 aliquis
716 1337 736 1358 *
753 1345 841 1382 etc.‚·
869 1336 988 1383 tertio,
1009 1336 1172 1384 assignat
1200 1335 1384 1372 rationem

316 1387 516 1435 dictorum;
533 1389 597 1427 ibi:
610 1390 770 1432 Quando
790 1390 907 1439 igitur
925 1402 1000 1426 non
1021 1389 1153 1427 novit*
1165 1389 1385 1426 etc.-Circa

315 1442 483 1491 primum
503 1442 700 1480 sciendum
717 1450 772 1479 est
791 1443 897 1491 quod
916 1443 1112 1492 proportio
1134 1450 1188 1478 est
1202 1442 1384 1479 habitudo

315 1495 428 1532 unius
455 1496 670 1542 quantitatis
698 1496 747 1533 ad
776 1497 944 1543 alteram,
969 1496 1064 1532 sicut
1092 1507 1157 1532 sex
1180 1496 1228 1533 ad
1248 1496 1317 1532 tria
1345 1507 1384 1531 se

315 1547 458 1585 habent
471 1547 511 1584 in
528 1548 774 1598 proportione
795 1549 910 1598 dupla
924 1551 955 1586 ⁴⁶.
972 1548 1306 1598 Proportionalitas
1320 1561 1385 1585 ve-

316 1613 360 1639 ro
375 1601 396 1620 ⁴*
412 1608 468 1637 est
497 1602 644 1639 collatio
673 1601 835 1639 duarum
863 1602 1155 1652 proportionum
1169 1608 1188 1638 ⁴.
1211 1602 1333 1648 Quae,
1355 1601 1385 1638 si

317 1654 364 1692 sit
395 1653 600 1701 disiuncta,
638 1655 755 1692 habet
790 1664 953 1704 quatuor
988 1655 1187 1700 terminos;
1224 1662 1266 1691 ut
1302 1654 1383 1691 hic:

316 1707 423 1745 Sicut
445 1719 486 1743 se
511 1708 651 1745 hahent
675 1715 838 1757 quatuor
861 1709 913 1746 ad
938 1709 1025 1755 duo,
1055 1709 1106 1745 ita
1123 1720 1192 1745 sex
1219 1708 1270 1744 ad
1296 1708 1386 1743 tria.-

317 1760 350 1797 si
375 1772 470 1796 vero
503 1760 549 1802 sit
581 1761 791 1808 coniuncta,
821 1762 936 1798 habet
963 1769 1038 1798 tres
1066 1761 1265 1798 terminos:
1295 1772 1385 1796 nam

319 1825 398 1850 uno
432 1813 546 1850 utitur
578 1822 620 1851 ut
653 1814 822 1860 duobus;
860 1821 902 1851 ut
936 1814 1014 1851 hic:
1044 1814 1149 1850 Sicut
1179 1825 1219 1850 se
1251 1814 1389 1850 habent

317 1872 400 1904 octo
420 1865 472 1903 ad
488 1872 662 1914 quatuor,
678 1867 728 1904 ita
747 1873 910 1915 quatuor
928 1867 980 1903 ad
996 1867 1082 1904 duo.
1103 1868 1211 1903 Patet
1227 1874 1355 1903 autem
1367 1867 1386 1886 ¹*

314 1919 423 1968 quod
457 1918 497 1956 in
529 1921 775 1969 proportione
809 1920 886 1957 duo
920 1919 1070 1956 termini
1098 1932 1139 1956 se
1172 1920 1314 1956 habent
1347 1927 1388 1955 ut

317 1971 594 2018 antecedentia;
624 1973 701 2010 duo
720 1985 814 2010 vero
833 1981 875 2010 ut
903 1973 1188 2021 consequentia;
1216 1979 1258 2009 ut
1272 1974 1292 1992 ⁴*
1307 1972 1385 2009 hic:

317 2026 424 2063 Sicut
446 2036 486 2062 se
503 2026 642 2063 habent
667 2032 830 2076 quatuor
856 2027 908 2063 ad
924 2026 1010 2072 duo,
1040 2026 1091 2062 ita
1109 2038 1149 2062 se
1166 2026 1303 2062 habent
1319 2037 1388 2062 sex

319 2079 371 2116 ad
402 2078 494 2122 tria;
526 2090 596 2115 sex
624 2087 660 2116 et
693 2085 856 2128 quatuor
883 2087 969 2116 sunt
1003 2079 1280 2116 antecedentia:
1314 2079 1386 2115 tria

318 2143 412 2168 vero
437 2131 457 2150 ‘⁶
479 2139 516 2168 et
535 2133 609 2168 duo
629 2141 715 2170 sunt
743 2132 1023 2180 consequentia.
1054 2133 1272 2168 Permutata
1298 2143 1386 2179 ergo

318 2185 515 2234 proportio
526 2185 546 2205 ⁴⁸
559 2193 614 2222 est
624 2186 778 2234 quando
799 2185 1059 2223 antecedentia
1069 2185 1233 2221 invicem
1243 2185 1287 2206 ³⁸*
1297 2197 1386 2221 con-

319 2238 505 2285 feruntur,
535 2246 571 2275 et
607 2239 876 2287 consequentia
904 2238 1081 2275 similiter.
1111 2238 1161 2275 Ut
1189 2238 1219 2274 si
1244 2237 1386 2274 dicam:

320 2291 424 2328 Sicut
447 2301 488 2328 se
505 2291 643 2328 habent
659 2298 822 2340 quatuor
849 2292 901 2328 ad
923 2291 1009 2337 duo,
1030 2291 1081 2328 ita
1108 2303 1148 2327 se
1165 2291 1303 2328 habent
1318 2303 1388 2327 sex

319 2345 372 2382 ad
387 2345 478 2390 tria,·
505 2357 599 2395 ergo
613 2345 737 2382 *sicut
751 2357 793 2395 se
818 2345 955 2382 habent
981 2350 1143 2392 quatuor
1169 2345 1221 2380 ad
1236 2356 1315 2389 sex,
1337 2344 1387 2380 ita

317 2410 358 2435 se
390 2398 529 2435 habent
552 2398 572 2419 *
593 2398 668 2434 duo
702 2398 754 2435 ad
785 2398 868 2434 tria.
904 2397 1003 2434 Dicit
1042 2409 1130 2444 ergo
1165 2396 1270 2445 quod
1305 2408 1387 2433 esse

317 2450 601 2500 proportionale
618 2451 638 2472 *
653 2450 969 2487 commutabiliter
998 2449 1175 2486 convenit
1202 2449 1386 2496 numeris,

373 2587 392 2623 ι)
406 2588 550 2620 Hoportio
567 2591 608 2613 est
626 2588 754 2613 habitudo
773 2587 851 2613 unius
869 2587 1027 2620 quantitatis
1040 2587 1078 2612 ad
1095 2587 1208 2611 alteram
1229 2585 1288 2619 (ΒΜ
1302 2586 1385 2611 omitt.

317 2624 459 2653 habitum·
473 2624 507 2654 H,
521 2623 558 2648 ad
571 2624 652 2648 aliam
667 2622 893 2656 quantitatem)...
903 2622 1145 2654 Proportionalitas
1155 2625 1194 2647 est
1202 2621 1309 2647 collatio
1322 2620 1385 2654 (col-

316 2659 384 2685 latio
403 2666 434 2684 ex
451 2658 628 2689 CDMQRST;
648 2659 667 2683 Ρ
687 2663 713 2683 et
732 2658 774 2683 alii
792 2658 876 2688 codd„
896 2657 1024 2691 collectio)
1040 2657 1155 2682 duarum
1169 2657 1384 2689 proportionum.

316 2694 456 2720 Sciendum
470 2699 511 2719 est
529 2694 601 2726 quod
614 2694 757 2726 proportio,
771 2694 915 2718 secundum
929 2693 1039 2726 primam
1059 2692 1171 2717 nominis
1185 2692 1386 2725 impositionem,

317 2728 443 2762 significat
456 2729 632 2754 habitudinem
651 2729 798 2761 quantitatis
816 2729 848 2753 ad
864 2729 1032 2761 quantitatem
1058 2728 1201 2752 secundum
1215 2728 1327 2760 aliquem
1342 2728 1386 2752 de-

316 2765 482 2790 terminamm
496 2772 631 2789 excessum
645 2765 687 2789 vel
701 2765 927 2797 adaequationem;
942 2764 988 2788 sed
998 2763 1105 2788 ulterius
1118 2771 1214 2787 nomen
1227 2763 1289 2787 illud
1303 2768 1387 2787 trans-

317 2800 400 2825 latum
413 2805 453 2825 est
470 2800 503 2824 ad
516 2799 712 2832 significandum
730 2807 838 2824 omnem
851 2799 1029 2824 habitudinem
1048 2798 1235 2830 cuiuscumque
1253 2799 1285 2822 ad
1304 2798 1385 2823 aliud:

317 2842 372 2868 quo
385 2835 465 2860 modo
483 2835 592 2860 dicimus
611 2835 683 2867 quod
701 2835 784 2859 forma
808 2834 884 2859 debet
902 2842 962 2859 esse
979 2834 1172 2866 proportionata
1189 2833 1319 2864 materiae,
1338 2841 1385 2866 po-

317 2870 395 2895 tentin
412 2870 587 2902 cognoscitiva
604 2871 636 2894 ad
655 2870 828 2902 cognoscibile
852 2875 900 2894 etc.
917 2883 938 2888 —
953 2870 1019 2894 Hinc
1037 2868 1100 2894 finiti
1125 2870 1157 2893 ad
1176 2868 1317 2899 infinitum,
1336 2876 1384 2893 seu

318 2909 448 2930 “eume
461 2906 494 2930 ad
507 2905 602 2936 Deum,
620 2905 747 2937 imprimis
767 2913 819 2930 non
838 2909 878 2929 est
896 2904 1029 2937 proportio
1048 2905 1150 2936 proprie
1169 2904 1243 2933 dicta,
1263 2904 1323 2936 quia
1342 2911 1384 2928 ex-

319 2947 409 2965 cessus
427 2939 517 2965 infiniti
535 2948 614 2973 supra
631 2939 732 2964 finitum
757 2948 809 2965 non
828 2945 868 2964 est
889 2940 1086 2969 determinatus,
1110 2939 1176 2964 sicut
1200 2939 1384 2964 determinatus

318 2982 379 3000 esse
403 2975 480 3000 debet
503 2966 529 3000 in
553 2976 596 3000 tali
615 2975 795 3008 proportione3
815 2975 907 2999 deinde
932 2982 983 2999 non
1002 2979 1042 2999 est
1060 2974 1207 3006 proportio,
1232 2974 1292 3006 quia
1313 2974 1384 2998 Deus

318 3017 371 3035 non
390 3014 430 3034 eat
448 3017 534 3042 neque
552 3017 611 3035 esse
633 3015 719 3042 potest
737 3010 763 3035 in
782 3017 876 3042 genere
895 3009 1138 3042 quantitatis-Sed
1161 3015 1248 3034 tamen
1266 3014 1306 3034 est
1324 3017 1384 3041 pro-

318 3045 495 3078 portionalitas
514 3044 592 3077 (quae
611 3049 651 3069 est
669 3045 771 3070 collatio
789 3045 1010 3077 proportionum),
1029 3044 1079 3069 hoc
1097 3052 1177 3069 sensu
1201 3052 1294 3076 nempe
1313 3044 1384 3076 quod

318 3080 385 3105 sicut
396 3079 498 3104 finitum
517 3080 675 3112 adaequatur
691 3079 772 3111 finito,
790 3080 825 3104 ita
842 3079 969 3104 infinitum
988 3080 1146 3112 adaequatur
1163 3079 1262 3104 infinito
1278 3078 1315 3113 (in
1329 3087 1382 3111 quo

318 3115 436 3140 consistit
455 3115 596 3140 similitudo
617 3115 815 3147 proportionum
832 3122 879 3139 seu
896 3113 1151 3148 proportionalitas):
1171 3120 1211 3139 est
1227 3115 1303 3139 etiam
1323 3122 1382 3146 pro-

318 3151 402 3182 portio
418 3150 563 3174 secundum
580 3150 698 3175 vocabuli
715 3150 921 3180 translationem,
940 3150 1000 3182 quia
1013 3149 1158 3174 intellectus
1175 3154 1263 3174 noster
1281 3148 1381 3178 finitus,

318 3193 341 3210 e.
356 3193 391 3217 g.,
405 3185 465 3210 dicit
483 3186 677 3217 proportionem
691 3185 723 3209 ad
737 3185 883 3214 videndam,
899 3184 1018 3217 quamvis
1032 3192 1084 3209 non
1098 3185 1130 3209 ad
1144 3184 1382 3216 comphrehenden-

318 3221 378 3245 dam
397 3219 536 3245 essentiam
555 3220 602 3244 Dei
620 3220 646 3244 in
665 3219 763 3252 seipsa:
783 3227 850 3252 quae
864 3224 904 3244 est
918 3220 1049 3252 proportio
1068 3227 1120 3244 non
1135 3219 1245 3244 entimtis
1261 3226 1307 3243 seu
1322 3226 1381 3251 per-

292 3257 298 3259 ”
318 3255 444 3285 fectionis,
460 3255 506 3279 sed
519 3254 675 3279 habitudinis
686 3252 736 3288 (Cf.
749 3254 829 3280 s.Th.
843 3255 868 3279 in
878 3254 912 3279 IV
923 3255 1050 3284 Sentent„
1066 3255 1124 3279 dist.
1134 3262 1199 3285 mx,
1213 3262 1257 3286 qu.
1271 3261 1298 3283 11,
1313 3258 1359 3278 art.
1372 3261 1382 3278 1

370 3318 494 3357 Leginius
509 3330 596 3349 autem
613 3324 662 3349 hoc
681 3325 740 3349 loco
758 3332 818 3349 cum
837 3324 911 3349 codd.
929 3324 987 3349 BN:
1006 3331 1073 3357 quae
1090 3324 1114 3349 si
1131 3324 1167 3349 sit
1185 3323 1317 3348 disiuncta
1335 3323 1382 3348 ha-

318 3361 374 3389 bet;
387 3365 413 3384 et
431 3359 507 3384 infra:
522 3359 546 3384 si
564 3366 626 3384 vero
643 3359 679 3384 sit
696 3359 837 3384 coniuncta
850 3359 935 3387 habet,
952 3367 1004 3383 non
1018 3364 1103 3383 autem
1120 3366 1179 3383 cum
1197 3359 1254 3382 PR:
1273 3365 1341 3390 quae
1358 3358 1383 3383 si

315 3396 371 3421 sint
385 3395 532 3420 disiunctae
549 3395 681 3419 habent...
691 3395 714 3419 si
732 3401 795 3419 vero
808 3394 863 3419 sint
879 3393 1035 3419 coniunctae
1048 3393 1152 3418 habent.
1161 3393 1239 3417 —Alii
1254 3394 1327 3418 codd.
1342 3393 1380 3417 in-

316 3435 419 3456 vertunt
436 3430 562 3460 ordinem,
577 3434 603 3454 et
621 3430 706 3462 primo
724 3429 826 3461 legunt:
845 3435 912 3461 quae
925 3429 950 3453 si
966 3429 1002 3453 sit
1014 3429 1155 3454 coniuncta
1168 3428 1259 3457 haben
1273 3428 1378 3453 deinde:

316 3466 341 3492 si
359 3473 421 3491 vero
439 3465 475 3490 sit
493 3465 625 3490 disiuncta
640 3465 721 3489 habet
738 3469 786 3489 etc.

370 3500 396 3535 x)
417 3501 454 3526 Et
468 3500 574 3533 firmis,
593 3500 661 3525 idest
679 3499 833 3532 corporibus
851 3503 898 3523 etc.
923 3499 1061 3523 Mendosus
1086 3502 1126 3523 est
1152 3497 1202 3522 hoc
1224 3498 1282 3522 loco
1301 3498 1380 3522 codex

316 3536 352 3567 B,
375 3537 450 3569 plura
468 3535 611 3560 omittendo
634 3542 664 3559 ex
682 3542 788 3559 recursu
806 3534 923 3559 eiusdem
941 3533 1059 3558 vocabuli
1077 3533 1199 3566 (sirmis),
1225 3538 1250 3558 et
1273 3540 1391 3558 sensumr

317 3572 497 3604 pervertendo.
516 3571 556 3595 En
575 3570 650 3595 lectio
668 3569 744 3594 huius
760 3569 867 3594 codicis:
892 3571 918 3593 et
928 3569 1020 3602 firmis
1040 3569 1066 3594 in
1085 3568 1230 3601 geometria
1236 3586 1244 3598 ,
1263 3568 1297 3593 de
1314 3571 1378 3593 tem-

459 3623 528 3656 Opp.
547 3623 578 3648 D.
593 3623 706 3647 Tnouaa
725 3622 757 3647 T.
772 3622 790 3647 1.

2429 253 2496 290 185

1436 334 1472 363 et
1489 326 1606 374 lineis,
1637 334 1673 364 et
1700 327 1832 374 firmis,
1853 328 1949 366 idest
1968 328 2190 377 corporibus
2204 334 2230 375 χ,
2261 336 2296 365 et
2323 329 2501 378 tempori-

1436 380 1518 416 bus.
1537 380 1641 416 Sicut
1655 388 1782 416 autem
1799 381 1847 418 de
1862 381 2013 429 singulis
2028 381 2319 418 determinatum
2335 383 2354 401 ⁴*
2371 390 2426 419 est
2439 382 2501 418 ali-

1436 432 1592 480 quando
1612 445 1797 481 seorsum,
1825 433 1871 470 de
1892 435 1911 455 '⁸
1930 434 2098 471 numeris
2127 434 2283 482 quidem
2307 434 2345 471 in
2369 435 2501 471 arithe-

1437 485 1589 533 metica,
1610 485 1657 522 de
1676 485 1782 523 lineis
1807 495 1843 523 et
1860 487 1980 523 firmis
2014 487 2053 524 in
2084 487 2309 535 geometria,
2336 488 2384 524 de
2407 496 2501 524 tem-

1436 537 1594 586 poribus
1626 538 1663 574 in
1691 539 1849 575 naturali
1866 540 2106 589 philosophia
2123 541 2216 577 vel⁴⁹
2232 541 2441 588 astrologia,
2453 541 2503 578 ita

1439 591 1658 638 contingens
1683 599 1749 639 est,
1770 593 1874 640 quod
1896 593 1942 630 de
1965 594 2143 630 omnibus
2157 594 2357 642 praedictis
2371 592 2384 614 λ
2399 607 2502 631 com-

1439 644 1611 680 mutatim
1648 645 1927 693 proportionari
1963 659 2040 683 una
2081 647 2402 684 demonstratione
2439 648 2502 684 de-

1439 703 1678 733 monstretur.
1709 698 1785 734 Sed
1810 698 1895 735 ideo
1921 700 2184 736 commutatim
2211 701 2501 749 proportionari,

1439 748 1485 785 de
1521 749 1671 797 singulis
1705 750 1845 788 horum
1880 763 2053 788 seorsum
2082 753 2378 801 demonstratur,
2414 754 2503 802 quia

1438 813 1516 837 non
1537 810 1591 838 est
1609 802 1848 839 nominatum
1860 804 1976 841 *illud
1993 817 2210 854 commune,
2226 806 2264 843 in
2279 819 2357 854 quo
2373 807 2503 843 omnia

1438 854 1506 890 ista
1526 862 1612 890 sunt
1638 867 1771 892 unum.
1798 856 1878 892 Etsi
1907 857 2008 893 enim
2029 859 2215 906 quantitas
2243 861 2422 896 omnibus
2442 861 2501 897 his

1439 906 1653 943 consmunis
1672 907 1728 955 sit,
1749 915 1878 945 tamen
1896 910 1966 945 sub
1986 922 2026 946 se
2047 919 2083 947 et
2095 917 2115 938 ¹¹⁴
2130 912 2211 958 alia,
2231 920 2381 961 praeter
2394 914 2501 960 haec,

1439 960 1737 1008 comprehendit,
1755 961 1849 997 sicut
1864 962 2074 999 orationem
2094 972 2131 1001 et
2149 966 2339 1012 quaedam
2355 968 2387 1014 ¹⁶,
2403 979 2501 1014 quae

1439 1020 1525 1048 sunt
1543 1013 1767 1060 quantitates
1788 1026 1861 1062 per
1887 1016 2069 1053 accidens.
2085 1037 2109 1043 -
2124 1018 2194 1054 Vel
2213 1019 2348 1055 melius
2376 1020 2502 1057 dicen-

1439 1064 1533 1101 dum
1567 1066 1671 1112 quod
1707 1067 1970 1104 commutatim
2001 1070 2279 1118 proportionari
2307 1084 2386 1109 non
2413 1085 2502 1110 con-

1438 1117 1543 1153 venit
1570 1118 1765 1165 quantitati
1792 1119 1830 1155 in
1858 1128 2043 1167 quantum
2073 1130 2127 1159 est
2155 1125 2352 1172 quantitas,
2377 1126 2446 1162 sed
2464 1127 2502 1163 in

1439 1177 1624 1217 quantum
1645 1179 1700 1207 est
1719 1181 1939 1220 comparata
1953 1174 2056 1210 alteri
2076 1176 2268 1222 quantitati
2292 1179 2502 1216 secundum

1439 1223 1830 1271 proportionalitatem
1837 1226 1857 1246 ³¹²
1864 1227 2069 1273 quandam.
2082 1229 2130 1264 Et
2140 1229 2226 1266 ideo
2238 1230 2379 1267 dixerat
2389 1232 2501 1269 etiam

1439 1275 1478 1311 in
1505 1276 1689 1325 principio
1717 1279 1999 1326 proportionale
2020 1292 2100 1317 esse
2129 1283 2234 1329 quod
2254 1285 2502 1321 commutabi-

1439 1329 1520 1365 liter
1548 1337 1604 1365 est
1618 1331 1649 1366 ⁴⁶.
1664 1330 1854 1367 Omnibus
1883 1340 2011 1369 autem
2039 1333 2127 1380 istis,
2148 1334 2186 1371 in
2205 1344 2390 1383 quantum
2418 1346 2503 1374 sunt
2529 1350 2540 1361 ⁶

1439 1382 1751 1430 proportionalia,
1781 1396 1860 1421 non
1889 1393 1944 1422 est
1971 1388 2149 1423 nomen*
2166 1400 2371 1426 commune
2403 1391 2502 1439 posi·
2529 1404 2541 1415 ⁴

1440 1443 1533 1472 tum.
1562 1436 1661 1472 Cum
1681 1445 1809 1473 autem
1829 1437 2110 1477 demonstratur
2135 1443 2397 1479 commutatim
2416 1456 2503 1492 pro-

1439 1488 1646 1537 portionari
1675 1490 1721 1526 de
1751 1490 1902 1539 singulis
1929 1493 2210 1540 praedictorum
2239 1495 2401 1543 divisim,
2426 1509 2504 1534 non

1441 1541 1721 1579 demonstratur
1734 1544 1985 1582 *universale
2008 1547 2098 1583 Non
2119 1548 2220 1584 enim
2241 1550 2504 1586 commutatim

1440 1595 1718 1643 proportionari
1746 1596 1842 1633 inest
1869 1599 2036 1636 numeris
2065 1600 2263 1648 et*lineis,
2294 1603 2503 1640 seeundum

1441 1648 1545 1696 quod
1577 1649 1808 1696 huiusmodi,
1839 1651 1905 1687 sed
1934 1653 2146 1690 secundum
2174 1655 2370 1702 quoddam
2400 1669 2503 1693 com-

1441 1714 1568 1738 mune.
1599 1703 1912 1740 Demonstrantes
1940 1713 2067 1743 autem
2087 1707 2134 1743 de
2163 1708 2268 1744 lineis
2296 1712 2504 1746 seorsum*

1440 1756 1502 1792 vel
1522 1755 1570 1792 de
1598 1755 1766 1792 numeris
1790 1765 1939 1804 ponunt
1965 1759 2050 1806 hoc,
2076 1761 2181 1807 quod
2211 1769 2266 1798 est
2294 1771 2504 1799 commuta-

1442 1808 1563 1845 biliter
1595 1809 1892 1857 proportionari,
1929 1823 2009 1847 esse
2044 1813 2151 1860 quasi
2179 1815 2503 1861 quoddam*uni-

1441 1862 1586 1898 versale
1614 1862 1873 1910 praedicatum
1902 1863 2021 1900 lineae
2041 1866 2252 1904 secundum
2275 1868 2379 1916 quod
2406 1868 2504 1906 linea

1443 1922 1509 1962 est,
1539 1923 1603 1952 aut
1630 1915 1779 1952 numeri
1807 1916 2151 1969 secundumquod
2179 1933 2362 1958 numerus
2383 1922 2412 1958 *.

1488 1980 1523 2016 9.
1536 1968 1684 2005 Deinde
1696 1981 1783 2005 cum
1795 1969 1899 2006 dicit:
1910 1971 2069 2018 Propter
2078 1973 2149 2008 hoc
2158 1985 2227 2010 nec
2235 1975 2269 2010 si
2276 1974 2410 2022 aliquis
2420 1983 2501 2022 etc„

1442 2021 1584 2058 inducit
1593 2021 1790 2069 quoddam
1802 2023 2041 2060 corollarium
2053 2037 2099 2061 ex
2109 2025 2249 2073 dictis*,
2262 2027 2390 2064 dicens
2400 2029 2503 2076 quod

1443 2076 1579 2112 eadem
1608 2076 1763 2123 ratione,
1793 2087 1869 2123 qua
1895 2089 1973 2113 non
1993 2077 2272 2116 demonstratur
2293 2081 2503 2118 universale

1443 2141 1530 2165 cum
1560 2128 1606 2165 de
1636 2129 1786 2176 singulis
1819 2129 2017 2177 speciebus
2046 2131 2183 2179 aliquid
2213 2133 2502 2181 demonstratur,

1442 2181 1545 2229 quod
1571 2189 1627 2218 est
1644 2182 1856 2219 universale
1876 2183 2134 2231 praedicatum
2155 2187 2369 2223 communis
2397 2187 2503 2224 inno-

1442 2234 1590 2280 minati;
1620 2247 1690 2271 nec
1719 2235 1831 2271 etiarn
1851 2236 2130 2274 demonstratur
2153 2238 2365 2276 universale
2384 2241 2503 2277 modo

1442 2288 1656 2337 praedicto,
1686 2288 1716 2324 si
1750 2288 1795 2324 sit
1823 2301 2028 2326 commune
2066 2303 2209 2328 nomen
2237 2292 2415 2340 positum.
2447 2293 2503 2330 Si-

1444 2348 1506 2377 cut
1529 2341 1559 2377 si
1584 2340 1715 2388 aliquis
1744 2349 1808 2378 aut
1832 2342 1968 2379 eadem
1994 2342 2317 2381 demonstratione
2336 2351 2347 2365 ⁹
2367 2354 2431 2382 aut
2450 2346 2523 2387 di-,

1442 2406 1553 2430 versa
1573 2393 1807 2430 demonstret
1834 2394 1882 2431 de
1905 2407 2135 2444 unaquaque
2159 2397 2284 2445 specie
2311 2398 2501 2447 trianguli,

1443 2446 1548 2495 quod
1576 2446 1691 2482 habet
1718 2447 1815 2484 duos
1844 2455 1977 2496 rectos,
2008 2461 2180 2486 seorsum
2200 2450 2338 2487 scilicet
2356 2451 2404 2488 de
2432 2452 2504 2488 iso-

1437 2586 1548 2618 poribus
1563 2586 1589 2610 in
1605 2586 1725 2611 naturali
1734 2585 1904 2618 philosophia
1914 2586 1954 2611 vel
1968 2586 1994 2611 in
2009 2587 2165 2619 astrologia,
2177 2587 2215 2611 ita
2228 2587 2384 2620 contingens
2397 2591 2437 2613 est
2447 2594 2503 2619 etc„

1439 2626 1468 2645 ut
1482 2621 1507 2645 in
1521 2621 1722 2646 Pinum-Codd.
1737 2622 1801 2654 (exc.
1812 2620 1872 2654 GO)
1888 2622 1976 2653 legunt
1990 2629 2049 2646 cum
2063 2622 2208 2646 inversione
2221 2630 2301 2654 quarn
2316 2623 2502 2655 adoptavimus,

1440 2664 1561 2689 quaeque
1579 2657 1605 2681 in
1624 2657 1742 2689 sequenti
1761 2657 1955 2681 enumeratione
1973 2657 2097 2681 indicatur
2115 2665 2129 2681 a
2147 2665 2169 2682 s.
2183 2657 2298 2682 Thoma:
2316 2659 2437 2683 convenit
2455 2667 2503 2683 nu-

1441 2691 1520 2716 meris
1539 2691 1572 2725 (1,
1591 2695 1618 2716 et
1636 2692 1718 2724 num.)
1738 2695 1764 2716 et
1782 2692 1858 2717 lineis
1875 2695 1902 2716 et
1920 2690 1971 2725 (CS
1985 2700 2038 2717 om.
2057 2691 2093 2726 et)
2110 2693 2271 2725 firmis.·-M
2290 2701 2343 2718 om.
2361 2697 2388 2718 et
2403 2694 2504 2726 firmis3

1440 2727 1464 2751 Ο
1483 2735 1537 2751 om.
1556 2730 1583 2751 et
1601 2733 1659 2751 ante
1678 2727 1794 2752 numeris
1812 2732 1838 2752 et
1856 2732 1914 2751 ante
1925 2728 2029 2760 firmis,·
2047 2728 2081 2752 P:
2099 2728 2221 2752 convenit
2238 2728 2321 2757 lineis,
2337 2732 2364 2753 et
2377 2730 2501 2759 numeris,

1439 2765 1466 2787 et
1477 2762 1576 2794 firmis,
1596 2762 1665 2787 idest
1683 2767 1743 2791 etc.;
1763 2763 1784 2787 C
1802 2770 1855 2787 om.
1876 2762 1944 2787 idest
1961 2763 2124 2794 corporibus.

1492 2796 1521 2831 λ)
1542 2797 1622 2827 Quod
1640 2798 1673 2822 de
1686 2797 1806 2822 omnibus
1819 2798 1969 2829 praedictis
1983 2803 2029 2822 etc.
2041 2811 2061 2815 —
2070 2798 2236 2823 &aedicatis
2249 2798 2344 2823 habent
2359 2799 2433 2823 codd.
2447 2800 2502 2830 CH,

1439 2833 1486 2857 sed
1495 2833 1570 2858 falso.
1580 2833 1680 2857 Deinde
1690 2833 1750 2857 HR:
1765 2837 1928 2858 commutata
1937 2833 2079 2865 proportio
2083 2840 2092 2862 ,·
2106 2834 2146 2858 M:
2160 2837 2322 2858 commutata
2328 2835 2502 2865 proportione

1441 2875 1493 2892 una
1519 2868 1745 2893 demonstratione
1764 2868 1959 2898 demonstrare,·
1978 2868 2076 2893 scilicet
2095 2869 2224 2901 (corrupte
2239 2876 2285 2901 pro
2303 2869 2360 2900 sed)
2380 2869 2439 2894 ideo
2454 2870 2500 2901 (C,

1440 2903 1636 2933 demonstrare,·
1650 2907 1677 2928 et
1690 2903 1760 2935 ideo)
1775 2907 1938 2928 commutata
1952 2903 2127 2935 proportione
2145 2904 2189 2935 (C,
2208 2907 2371 2928 commutata
2384 2912 2501 2936 propor-

1439 2938 1552 2967 tionari5
1571 2939 1593 2968 1,
1612 2942 1803 2963 commutatum
1823 2939 2041 2970 proportionari;
2060 2939 2099 2968 H,
2119 2942 2283 2963 commutata
2296 2940 2448 2971 proportio)
2469 2940 2501 2965 de

1438 2974 1551 3006 singulis
1565 2974 1703 2998 etc—Non
1713 2974 1823 2999 curanda
1834 2979 1873 2998 est
1883 2974 1945 2998 haec
1959 2974 2178 2998 lecti0.-Pianam
2193 2973 2288 2998 habent
2301 2974 2376 2998 ceteri
2390 2975 2500 3000 codices.

1493 3008 1521 3042 μ)
1541 3009 1638 3034 Tamen
1653 3009 1700 3034 sub
1714 3016 1742 3033 se
1753 3012 1779 3033 et
1792 3014 1840 3033 etc.
1849 3022 1869 3027 -
1879 3009 1942 3033 Cod.
1961 3009 1995 3033 B:
2010 3012 2096 3033 tamen
2112 3009 2191 3033 etiam
2209 3009 2245 3040 (et
2263 3010 2297 3033 ita
2310 3010 2449 3041 AGlNO(S
2462 3011 2499 3042 s);

1438 3043 1556 3075 (ELQR,
1576 3044 1612 3075 et)
1627 3044 1675 3069 sub
1688 3051 1716 3068 se
1730 3044 1784 3068 alia
1797 3047 1909 3075 praeter
1927 3044 2101 3075 (amanuensis
2121 3044 2189 3068 addit
2207 3044 2232 3068 in
2252 3044 2366 3075 margine
2384 3044 2456 3073 haec,
2472 3050 2501 3069 ut

1438 3079 1534 3103 scilicet
1553 3079 1627 3104 lectio
1645 3078 1690 3103 sit:
1703 3082 1816 3110 praeter
1834 3079 1908 3111 haec)
1928 3079 1979 3103 ista
1997 3079 2202 3110 comprehendit.
2222 3079 2249 3103 ln
2268 3080 2355 3104 codice
2380 3080 2400 3103 C
2419 3080 2499 3104 mani-

1437 3114 1504 3138 festo
1527 3121 1614 3138 errore
1637 3114 1759 3138 habetur:
1778 3121 1830 3138 non
1849 3114 1913 3145 (non
1933 3114 2091 3146 expungitur,
2113 3114 2159 3138 sed
2178 3114 2340 3138 substituitur
2358 3122 2404 3146 per
2421 3114 2500 3146 sicut)

1437 3149 1635 3180 comprehendit
1652 3149 1707 3173 alia
1725 3152 1839 3180 propter
1857 3149 1934 3177 haec,·
1957 3157 1985 3173 ac
2005 3154 2093 3181 postea
2112 3149 2181 3173 idem
2199 3149 2256 3174 cod.
2282 3149 2457 3181 prosequitur:
2477 3150 2501 3174 si

1438 3183 1583 3215 (corrigitur
1596 3184 1622 3207 in
1635 3183 1683 3215 sic)
1703 3184 1891 3215 oppositionem
1907 3184 1947 3208 vel
1960 3184 2115 3209 orationem.
2130 3184 2220 3216 Neque
2239 3185 2297 3208 edit.
2311 3185 2395 3215 Piana,
2415 3192 2500 3217 neque

1437 3219 1511 3243 codd.
1531 3218 1626 3242 habent
1643 3219 1832 3250 oppositionem
1851 3219 2002 3243 veL-Cod.
2019 3219 2042 3243 O
2069 3219 2128 3251 legit
2154 3224 2179 3243 et
2197 3219 2261 3243 forte
2280 3220 2385 3243 melius:
2411 3223 2499 3244 tamen

1436 3253 1484 3278 sub
1502 3260 1541 3282 se,
1561 3256 1674 3284 praeter
1691 3254 1762 3282 haec,
1782 3254 1836 3278 alia
1854 3254 2177 3285 comprehendit.—Codd.
2196 3254 2373 3278 BDEKLMT:
2390 3258 2500 3286 praeter

1436 3288 1485 3312 hoc
1500 3288 1536 3319 (S,
1546 3291 1661 3319 propter
1679 3288 1750 3320 hoc);
1766 3289 1812 3312 sed
1827 3296 1878 3312 non
1891 3289 1964 3318 bene,
1978 3289 2038 3321 quia
2051 3286 2080 3313 τὸ
2095 3289 2160 3313 haec
2178 3289 2282 3321 ponitur
2295 3289 2399 3314 relative
2418 3290 2450 3314 ad
2468 3286 2498 3314 τὸ

1436 3323 1564 3351 omnibus,
1583 3323 1654 3355 quod
1673 3328 1713 3347 est
1731 3323 1780 3347 sub
1799 3323 1939 3355 quantitate
1957 3324 2004 3348 sed
2023 3331 2075 3348 non
2093 3325 2188 3349 solum.
2328 3347 2332 3351 .

1489 3357 1513 3392 ν)
1530 3358 1605 3382 Sicut
1622 3357 1647 3382 si
1658 3358 1753 3390 aliquis
1766 3361 1815 3382 aut
1827 3358 1919 3383 eadem
1935 3359 2185 3383 demonstratione...
2200 3367 2251 3384 non
2265 3363 2353 3384 tamen
2365 3364 2412 3385 etc.
2426 3360 2500 3384 Hanc

1436 3393 1571 3417 lectionem
1590 3393 1664 3417 codd.
1678 3391 1743 3425 (exc.
1762 3393 1796 3423 M,
1816 3393 1859 3425 qui
1879 3393 1955 3418 habet
1973 3393 2102 3427 lacunam)
2121 3394 2300 3426 amplectimur
2317 3402 2378 3427 prae
2397 3395 2440 3419 illa
2458 3395 2498 3419 ed.

1436 3428 1542 3452 Pianae:
1557 3427 1633 3452 Sicut
1646 3427 1670 3452 si
1682 3428 1778 3459 aliquis
1796 3428 1888 3453 eadem
1904 3428 2127 3453 demonstratione
2141 3430 2264 3454 ostendat
2276 3433 2325 3454 aut
2338 3431 2499 3455 demonstret

1436 3463 1469 3488 de
1484 3470 1640 3495 unaquaque
1651 3463 1736 3494 specie
1750 3463 1881 3496 trianguli
1894 3463 1965 3495 quod
1978 3464 2056 3488 habet
2069 3467 2123 3489 tres
2137 3465 2250 3497 angulos
2263 3466 2385 3497 aequales
2398 3465 2499 3490 duobus

1435 3498 1522 3526 rectis,
1537 3501 1585 3522 aut
1604 3498 1881 3526 diversa,-seorsum...
1896 3506 1947 3523 non
1963 3501 2050 3523 tamen
2075 3504 2151 3524 etc.-
2162 3500 2243 3524 Codd.
2259 3500 2418 3525 BClMNST:
2434 3507 2498 3525 non·

1436 3533 1499 3557 dum
1512 3536 1628 3564 propter
1645 3533 1707 3561 hoc,·
1725 3533 1808 3557 HKL:
1828 3540 1880 3558 non
1894 3536 2008 3565 propter
2026 3534 2088 3563 hoc‚·
2111 3534 2148 3559 0:
2173 3535 2290 3560 nondum
2309 3543 2363 3568 per
2379 3536 2443 3565 hoc,·
2460 3535 2496 3560 G:

1435 3567 1506 3597 dum,
1527 3573 1648 3600 corrupte
1666 3576 1713 3601 pro
1732 3568 1856 3598 nondum,
1870 3572 1985 3601 propter
2002 3569 2059 3594 hoc.

2291 3625 2356 3654 24*

2629 347 2642 362 χ

2527 390 2537 400 “
2546 396 2583 411 an:
2595 391 2742 415 demonstra-

2530 418 2583 437 tum.

2531 445 2538 451 '
2551 449 2577 464 o:
2598 444 2652 471 quia
2668 445 2704 471 de,
2721 450 2742 467 et

2534 475 2585 491 cum
2602 476 2618 491 u
2629 477 2677 492 om.
2693 478 2742 500 seq.

2529 495 2628 522 quidem.

2530 548 2538 555 ·
2548 555 2573 569 L:
2588 551 2613 569 et
2629 550 2652 570 in
2661 557 2670 575 ‚·
2684 556 2743 572 acne

2529 580 2597 596 oum:
2613 576 2650 596 vel
2661 577 2694 598 in.

2627 603 2644 627 λ

2529 813 2539 824 *
2548 819 2575 834 ιι
2604 814 2660 840 quia
2689 820 2744 835 vere

2530 841 2569 867 est
2575 839 2742 862 innominatum

2530 865 2595 886 illud.
2603 882 2620 887 ..
2637 872 2743 888 seorsum

2530 898 2606 913 unum.

2629 929 2647 953 μ.

2530 980 2538 987 ·
2547 985 2614 1025 ῗμκεε
2628 980 2744 1007 quaedam

2529 1011 2543 1025 a
2555 1011 2588 1026 ia.

2530 1248 2538 1256 ’
2544 1253 2605 1278 'nutu
2612 1256 2618 1270 ε
2637 1255 2742 1277 propor-

2530 1275 2623 1296 tionem.

2536 1378 2541 1382 ι
2550 1357 2573 1373 nt
2581 1356 2602 1373 et
2610 1353 2633 1374 in
2641 1359 2712 1382 marg.
2720 1362 2743 1376 a:

2531 1380 2599 1399 mest.

2552 1410 2617 1426 cuns:
2630 1412 2711 1428 nomen
2722 1414 2746 1428 u-

2530 1436 2583 1451 num
2609 1438 2688 1454 comm.
2700 1441 2708 1458 ,-
2729 1440 2744 1454 o

2531 1458 2590 1478 male
2611 1464 2659 1479 om.
2683 1465 2745 1481 com-

2531 1489 2606 1505 mune.

2532 1562 2541 1571 ‘
2554 1561 2628 1583 Codd.
2643 1565 2699 1588 (exc.
2715 1570 2743 1585 eo

2531 1591 2578 1611 nul:
2590 1592 2744 1611 monstratur.

2533 1616 2540 1624 ·
2553 1615 2628 1636 Codd.
2642 1618 2698 1640 (exc.
2713 1623 2744 1638 ou

2533 1644 2590 1667 ionj:
2606 1642 2650 1664 vel.

2533 1720 2544 1730 '⁵
2553 1726 2567 1741 ο
2578 1726 2625 1741 om.
2637 1727 2744 1743 erronee:

2534 1752 2649 1768 seorsum.

2531 1825 2542 1835 ¹*
2553 1825 2628 1846 Codd.
2648 1827 2705 1850 (exc.
2722 1828 2744 1852 κ)

2532 1852 2606 1873 omitt.
2618 1852 2744 1879 quoddam.

2532 1931 2540 1938 ”
2547 1936 2626 1976 Ateio-r:
2634 1936 2744 1952 numerus

2531 1962 2555 1977 es
2570 1973 2575 1977 .

2533 2037 2540 2044 ·
2545 2041 2622 2081 tacens
2629 2043 2634 2056 ,-
2642 2034 2742 2062 praedi-

2532 2067 2543 2082 c
2555 2068 2584 2083 w.
