2788 4204
1088 259 1199 295 CAP.
1229 259 1335 305 XIX,
1366 259 1517 296 LECT.
1547 259 1674 295 XXXI

2400 260 2471 296 261

842 458 1145 514 LECTIO
1191 459 1921 516 TRIGESIMAPRIMA

538 593 968 646 QUAESTIONES
1002 595 1348 637 MOVENTUR
1372 596 1457 636 AN
1480 596 1574 637 SIT
1600 597 1802 638 STARE
1826 598 1888 638 IN
1916 598 2223 640 EXTREMIS

425 670 504 710 ET
535 668 742 710 MEDIIS
778 668 1144 710 SYLLOGISMI
1178 670 1701 720 DEMONSTRATIVI,
1736 673 1857 713 VEL
1888 672 1982 713 SIT
2010 673 2332 715 POSSIBILIS

986 744 1338 786 PROCESSUS
1372 746 1433 786 IN
1462 746 1779 788 INFINITUM

277 879 377 913 Ἔστι
401 875 440 911 δὲ
464 880 532 918 πᾶς
564 880 786 926 συλλογισμὸς
817 876 877 912 διά
908 881 1006 925 τριῶν
1038 880 1134 925 ὅρων,
1167 883 1226 912 καὶ
1253 882 1268 913 ὁ
1295 882 1354 925 μὲν

352 920 523 956 δεικνύναι
548 919 733 967 δυνάμενος
760 924 813 957 ὅτι
840 924 986 969 ὑπάρχει
1011 925 1054 957 vd
1072 927 1097 956 A
1122 926 1170 966 τῷ
1188 927 1209 956 Γ
1234 920 1293 957 διά
1313 926 1355 958 τὸ

353 969 516 1013 ὑπάρχειν
543 969 591 1010 τῷ
616 970 640 999 Β
665 971 723 1000 καὶ
754 970 861 1001 τοῦτο
887 971 934 1010 τῷ
960 971 1001 1009 Γ,
1029 970 1045 1000 ὁ
1070 965 1108 1001 δέ
1133 970 1352 1014 στερητικός,

353 1013 416 1050 τήν
443 1014 501 1058 μὲν
528 1013 648 1057 ἑτέραν
675 1012 841 1056 πρότασιν
868 1013 952 1058 ἔχων
976 1012 1029 1045 ὅτι
1054 1013 1199 1059 ὑπάρχει
1217 1025 1251 1046 τι
1271 1014 1354 1046 ἄλλο

354 1058 457 1099 ἄλλῳ,
483 1057 548 1094 τήν
574 1053 606 1088 δ’
634 1057 754 1102 ἑτέραν
782 1057 836 1090 ὅτι
863 1058 926 1102 οὑχ
951 1056 1107 1102 ὑπάρχει.

283 1102 433 1147 Φανερόν
460 1100 516 1133 οὖν
544 1101 598 1134 ὅτι
624 1104 659 1133 αἰ
684 1102 742 1146 μὲν
771 1100 873 1146 ἀρχαὶ
897 1103 956 1133 καὶ
983 1103 1018 1132 αἱ
1033 1100 1216 1146 λεγόμεναι
1235 1100 1355 1133 ὑποθέ-

353 1159 418 1184 σεις
446 1146 555 1178 αὑταί
580 1146 655 1177 εἰσι·
680 1146 841 1186 λαβόντα
865 1145 930 1191 γάρ
955 1146 1076 1178 ταῦτα
1095 1145 1206 1183 οὕτως·
1221 1143 1352 1191 ἀνάγκη

351 1187 538 1231 δεικνύναι,
566 1190 633 1222 οἷον
663 1189 717 1222 ὅτι
742 1190 784 1223 τὸ
809 1193 834 1221 Α
858 1191 907 1230 τῷ
933 1192 954 1220 Γ
981 1189 1127 1233 ὑπάρχει
1151 1185 1211 1221 διά
1234 1192 1296 1221 τοῦ
1315 1192 1353 1231 Β,

353 1234 456 1267 πάλιν
481 1230 510 1266 δ’
541 1233 595 1266 ὅτι
619 1234 661 1266 τὸ
687 1236 713 1266 Α
737 1235 787 1276 τῷ
812 1235 836 1265 Β
860 1231 898 1265 δι’
929 1234 1032 1266 ἄλλου
1057 1234 1180 1277 μέσου,
1215 1235 1274 1265 καὶ
1301 1233 1355 1266 ὅτι

352 1280 394 1312 τὸ
418 1281 442 1310 Β
468 1279 516 1320 τῷ
542 1279 563 1309 Γ
589 1278 765 1316 ὡσαύτως.

283 1323 390 1357 Kar&
414 1324 473 1368 μέν
501 1321 556 1355 οὖν
581 1318 686 1364 δόξαν
716 1321 1008 1368 συλλογιζομένοις
1034 1323 1092 1353 καί
1117 1321 1216 1365 μόνον
1243 1317 1355 1354 διαλε-

350 1369 476 1406 κτικῶς
506 1363 611 1404 δῆλον
638 1366 692 1399 ὃτι
717 1367 825 1399 τοῦτο
850 1365 950 1410 μόνον
977 1366 1165 1407 σκεπτέον,
1199 1367 1226 1398 εἰ
1253 1365 1286 1408 ἐξ
1312 1367 1355 1399 ών

298 1418 322 1423 ’”
353 1408 532 1458 ἐνδέχεται
557 1406 795 1452 ἐνδοξοτάτων
813 1413 948 1456 γίνεται
974 1411 990 1442 ὁ
1015 1411 1252 1457 συλλογισμός,
1272 1410 1351 1444 ὥστ’

351 1458 380 1490 εἰ
403 1459 462 1488 καὶ
487 1456 534 1500 μή
559 1456 635 1488 ἔστι
660 1467 694 1488 τι
719 1456 765 1498 τῇ
793 1453 934 1495 ἀληθεία
952 1455 1021 1487 τῶν
1039 1456 1064 1486 A
1080 1457 1104 1486 Β
1129 1456 1244 1500 μέσον,
1263 1452 1358 1488 δοκεῖ

351 1497 389 1533 δὲ
421 1497 528 1542 εἶναι,
562 1501 578 1531 ὁ
610 1495 670 1532 διά
700 1500 829 1532 τούτου
862 1499 1141 1545 συλλογιζόμενος
1178 1501 1355 1548 συλλελόγι

350 1557 434 1578 σται
450 1541 686 1582 διαλεκτικῶς·
705 1545 785 1589 πρὸς
803 1540 835 1576 δ’
857 1542 1020 1581 ἀλήθειαν
1040 1545 1077 1578 ἐκ
1094 1547 1162 1578 τῶν
1185 1545 1356 1591 ὑπαρχόν-

351 1602 419 1623 των
445 1584 498 1621 δεῖ
520 1593 670 1622 σκοπεῖν.

275 1637 374 1682 Ἔχει
397 1630 428 1665 δ’
467 1632 587 1671 οὕτως·
620 1631 740 1669 ἐπειδή
774 1633 865 1665 ἔστιν
893 1633 909 1664 ὃ
936 1629 1025 1665 αὑτὸ
1050 1634 1109 1678 μὲν
1134 1632 1213 1666 κατ’
1252 1635 1355 1666 ἄλλου

350 1682 601 1724 κατηγορεῖται
618 1679 666 1722 μή
682 1678 779 1710 κατά
794 1676 1017 1722 συμβεβηκός,
1036 1678 1126 1724 λέγω
1143 1673 1181 1710 δὲ
1198 1679 1242 1711 *ro*
1259 1679 1356 1712 κατά

351 1722 576 1767 συμβεβηκός,
598 1724 664 1755 οἷον
691 1722 733 1754 τὸ
757 1722 874 1754 λευκόν
902 1720 981 1754 ποτ’
1011 1721 1119 1755 ἐκεῖνό
1142 1734 1250 1766 φαμεν
1269 1721 1355 1756 εἶναι

354 1767 550 1812 ἄνθρωπον,
589 1766 652 1813 οὑχ
677 1768 797 1811 ὁμοίως
825 1767 986 1812 λέγοντες
1010 1770 1068 1799 καὶ
1094 1767 1154 1800 τὸν
1182 1766 1354 1812 ἄνθρωπον

350 1811 482 1844 λευκόν·
510 1812 526 1843 ὀ
551 1812 612 1856 μέν
637 1812 702 1858 γάρ
730 1809 792 1856 οὑχ
817 1810 931 1853 ἕτερόν
954 1822 989 1843 τι
1009 1811 1052 1843 ὢν
1069 1813 1188 1844 λευκόν
1207 1810 1295 1854 ἐστι,
1314 1813 1356 1846 τὸ

351 1852 390 1889 δὲ
412 1855 544 1898 λευκόν,
573 1855 627 1888 ὅτι
652 1855 843 1899 συμβέβηκε
869 1855 918 1896 τῷ
946 1852 1106 1900 ἀνθρώπῳ
1131 1854 1218 1889 εἶναι
1235 1859 1354 1899 λευκῷ.

343 1901 462 1933 Ἔστιν
490 1899 545 1933 οὖν
572 1901 644 1932 ἔνια
677 1901 831 1933 τοιαῦτα
860 1899 950 1932 ὥστε
974 1899 1052 1931 καθ’
1081 1901 1177 1934 αὑτοὶ
1205 1913 1359 1949 κατηγο-

351 1944 491 1991 ρεῖσθαι.

275 1990 391 2023 Ἔστω
425 1985 464 2021 δὲ
487 1989 530 2022 τὸ
550 1990 581 2021 Γ.
597 1988 780 2030 τοιοῦτον,
808 1989 824 2020 ὃ
851 1985 939 2020 αὑτό
964 1988 1023 2032 μὲν
1054 1989 1178 2033 μηκέτι
1211 1991 1356 2036 ὑπάρχει

353 2035 466 2075 ἄλλῳ,
497 2032 610 2074 τούτῳ
635 2027 674 2064 δὲ
699 2033 741 2066 τὸ
758 2034 782 2064 Β
808 2032 950 2076 πρώτῳ,
977 2034 1036 2064 καὶ
1063 2032 1122 2065 οὑκ
1148 2034 1239 2067 ἐ’στιν
1272 2036 1355 2068 ἄλλο

351 2077 499 2124 μεταξύ·
523 2080 582 2110 καὶ
608 2076 710 2109 πάλιν
737 2077 778 2110 τὸ
794 2079 819 2108 Ε
845 2078 893 2119 τῷ
911 2079 933 2108 Ζ
958 2077 1138 2119 ὡσαύτως,
1164 2081 1223 2110 καὶ
1248 2081 1355 2112 τοῦτο

352 2124 401 2164 τῷ
422 2125 460 2154 Β·
488 2120 534 2167 ἆρ’
564 2119 620 2154 οὑν
652 2122 760 2154 τοῦτο
788 2120 919 2168 ἀνάγκη
952 2122 1102 2165 στῆναι,
1130 2121 1150 2160 ἦ
1176 2119 1356 2169 ἐνδέχεται

351 2167 396 2204 εἰς
423 2167 560 2211 ἄπειρον
585 2166 694 2206 ὶέναι;

283 2213 350 2244 Καὶ
365 2211 468 2245 πάλιν
483 2213 512 2244 εἰ
531 2212 595 2244 τοῦ
611 2210 670 2254 μέν
685 2213 710 2241 Α
723 2209 826 2254 μηδὲν
840 2214 1090 2266 κατηγορεῖται
1104 2209 1180 2243 καθ’
1201 2212 1303 2253 αὑτό,
1315 2213 1357 2246 τὸ

352 2251 391 2288 δέ
407 2257 433 2287 A
446 2258 495 2298 τῷ
507 2257 533 2288 Θ
549 2255 694 2300 ὑπάρχει
709 2255 844 2300 πρώτῳ,
856 2254 988 2299 μεταξυ
1002 2250 1040 2287 δὲ
1054 2251 1171 2300 μηδενὶ
1189 2257 1355 2301 προτέρῳ,

350 2303 409 2333 καὶ
444 2301 486 2333 τὸ
510 2301 536 2331 Θ
560 2301 608 2341 τῷ
626 2303 677 2341 Η,
702 2301 761 2331 καὶ
787 2301 894 2332 τοῦτο
920 2301 968 2341 τῷ
990 2301 1035 2340 Β,
1069 2299 1136 2344 οἷρα
1160 2302 1218 2332 καὶ
1248 2303 1355 2334 τοῦτο

348 2344 518 2377 ἵστασθαι
544 2342 691 2391 ἀνάγκη,
710 2343 730 2381 ἦ
751 2346 810 2376 καὶ
831 2342 927 2377 τοῦτ’
957 2339 1137 2388 ἐνδέχεται
1153 2346 1196 2383 εἱς
1221 2346 1355 2391 ἄπειρον

351 2388 457 2429 ἰέναι;
484 2388 638 2433 Διαφέρει
654 2384 692 2421 δὲ
708 2389 816 2421 τοῦτο
837 2389 900 2421 τοῦ
918 2390 1081 2433 πρότερον
1102 2390 1285 2432 τοσοῦτον,
1302 2390 1356 2424 ὅτι

352 2434 394 2467 τὸ
420 2433 478 2478 μέν
501 2432 606 2474 ἐστιν,
628 2432 692 2478 ἄρα
711 2427 890 2478 ἐνδέχεται
911 2431 1084 2477 ἀρξαμένῳ
1107 2432 1176 2466 ἀπὸ
1194 2435 1356 2468 τοιούτου

354 2479 371 2510 ὃ
388 2473 505 2523 μηδενὶ
523 2477 669 2523 ὑπάρχει
687 2477 788 2521 ἑτέρῳ
811 2476 884 2510 ἀλλ’-
907 2477 990 2509 ἄλλο
1008 2476 1133 2519 ἐκείνῳ,
1154 2476 1209 2511 ἐπὶ
1227 2480 1268 2512 τό
1288 2480 1355 2513 ἄνω

352 2523 397 2561 εἰς
425 2523 561 2567 ἄπειρον
586 2523 687 2564 ἱέναι,
715 2521 857 2567 θάτερον
883 2516 921 2554 δέ
941 2521 1128 2566 ἀρξάμενον
1158 2521 1226 2556 ἀπὸ
1243 2525 1355 2556 τοιού-

353 2579 415 2599 του
431 2568 447 2599 ὂ
462 2565 550 2600 αὐτὸ
567 2568 626 2611 μὲν
644 2567 760 2608 ἄλλου,
778 2565 902 2598 ἐκείνου
917 2561 955 2599 δὲ
968 2563 1073 2610 μηδὲν
1091 2573 1354 2615 κατηγορεῖται,

353 2609 409 2644 ἐπὶ
430 2612 472 2644 τὸ
488 2611 586 2644 κάτω
603 2615 742 2644 σκοπεῖν
760 2612 787 2643 εἰ
809 2607 990 2657 ἐνδέχεται
1010 2612 1055 2649 εἰς
1075 2611 1212 2657 ἄπειρον
1230 2613 1330 2646 ἰε’ναι.

276 2655 356 2688 Ἔτι
381 2656 430 2689 τά
453 2655 586 2700 μεταξὺ
613 2654 657 2700 ἄρ’
693 2651 872 2701 ἐνδέχεται
910 2656 1034 2700 ἄπειρα
1059 2653 1144 2688 εἶναι
1169 2657 1356 2702 ὡρισμένων

353 2701 420 2733 τῶν
449 2701 571 2746 ἄκρων;
596 2701 686 2746 λέγω
711 2696 740 2731 δ’
770 2702 838 2733 οἷον
859 2701 887 2732 εἰ
908 2700 949 2733 τὸ
971 2702 996 2732 Α
1013 2701 1062 2742 τῷ
1079 2702 1101 2731 Γ
1124 2701 1282 2748 ὑπάρχει,
1301 2702 1357 2746 με’-

353 2756 410 2776 σον
436 2740 467 2776 δ’
496 2743 612 2777 αὐτῶν
638 2744 680 2777 τὸ
697 2746 734 2786 Β,
753 2746 816 2777 τοῦ
841 2740 879 2777 δὲ
895 2746 920 2776 Β
936 2747 993 2776 καὶ
1011 2745 1075 2778 τοῦ
1093 2746 1118 2776 A
1143 2745 1258 2791 ἕτερα,
1278 2747 1357 2780 τού-

353 2801 420 2822 των
446 2784 476 2821 δ’
508 2790 611 2831 ἄλλα,
633 2788 698 2832 οἷρα
723 2791 781 2822 καὶ
806 2790 995 2828 ταῦτα-εὶς
1021 2789 1157 2835 ἄπειρον
1179 2787 1357 2837 ἐνδέχεται

353 2832 455 2875 ἰέναι,
481 2833 502 2870 ἦ
530 2829 725 2873 άδύνατον;

277 2876 379 2910 Ἔστι
403 2872 441 2909 δὲ
465 2879 575 2911 τοῦτο
599 2882 737 2911 σκοπεῖν
764 2878 878 2911 ταὺτὸ
901 2880 959 2910 καὶ
986 2878 1014 2910 εἰ
1040 2881 1075 2910 αἱ
1103 2875 1292 2921 ἀποδείξεις
1311 2881 1355 2918 εἰς

356 2922 492 2967 ἄπειρον
519 2923 698 2968 ἔρχονται,
724 2926 782 2954 καὶ
808 2923 836 2955 εἱ
861 2923 954 2956 ἔστιν
982 2918 1155 2964 ἀπόδειξις
1182 2924 1355 2967 ἅπαντος,

354 2965 376 3002 ἦ
402 2967 483 3011 πρὸς
511 2967 645 3004 ἄλληλα
671 2970 883 3009 περαίνεται.

282 3011 423 3055 Ὁμοίως
449 3005 487 3042 δὲ
509 3010 598 3058 λέγω
627 3013 686 3043 καὶ
711 3011 768 3044 ἐπὶ
793 3012 860 3045 τῶν
885 3012 1093 3055 στερητικῶν
1127 3014 1356 3060 σνλλογισμῶν

354 3055 413 3086 καὶ
438 3055 651 3100 προτάσεων,
678 3055 745 3088 οἷον
772 3056 800 3087 εἰ
825 3056 866 3088 τὸ
887 3056 913 3087 A
937 3054 984 3099 μή
1012 3055 1157 3101 ὑπάρχει
1182 3059 1231 3099 τῷ
1248 3060 1272 3089 Β
1297 3070 1358 3101 μη-

355 3094 447 3140 δενί,
471 3099 552 3135 ἤτοι
586 3099 726 3143 πρώτῳ,
753 3099 774 3136 ἦ
801 3100 900 3132 ἔσται
935 3111 969 3132 τι
999 3101 1131 3143 μεταξύ
1157 3102 1182 3143 ᾦ
1207 3102 1357 3147 προτέρῳ

357 3141 421 3188 οὐχ
446 3143 604 3190 ὑπάρχει,
631 3145 699 3175 οἷον
726 3145 753 3175 εἱ
778 3144 820 3176 τὸ
841 3145 884 3185 Η,
904 3144 920 3175 ὃ
945 3145 994 3185 τῷ
1015 3145 1039 3174 Β
1065 3145 1210 3192 ὑπάρχει
1235 3149 1355 3187 παντί,

355 3189 415 3219 καὶ
440 3187 542 3220 πάλιν
568 3187 696 3221 τούτου
722 3189 775 3221 ἔτι
802 3189 890 3229 ἄλλῳ
915 3187 1085 3233 προτέρῳ,
1113 3191 1181 3222 οἷον
1206 3191 1234 3222 εἱ
1259 3191 1301 3222 τὸ
1318 3191 1356 3231 Θ,

357 3232 374 3264 ὃ
392 3233 441 3274 τῷ
453 3234 483 3263 Η
500 3234 607 3265 παντὶ
623 3231 779 3278 ὑπάρχει.
799 3235 866 3264 Καὶ
883 3233 947 3278 γάρ
966 3230 1021 3264 ἐπὶ
1039 3233 1173 3267 τούτων
1192 3234 1213 3272 ἧ
1233 3235 1357 3277 ἄπειρα

358 3276 404 3313 οἷς
431 3276 576 3322 ὑπάρχει
601 3277 790 3321 προτέροις,
817 3276 838 3313 ἦ
859 3276 1021 3309 ἵσταται.

283 3319 363 3353 Ἐπὶ
388 3315 426 3352 δέ
450 3322 519 3353 τῶν
559 3319 851 3366 ἀντιστρεφόντων
877 3319 941 3366 οὐχ
965 3322 1086 3364 ὁμοίως
1112 3322 1194 3368 ἔχει.
1221 3320 1266 3354 Οὑ
1292 3323 1357 3368 γάρ

358 3365 449 3397 ἔστιν
476 3364 508 3398 έν
534 3369 606 3403 τοῖς
638 3364 946 3412 κατηγορουμένοις
975 3365 1014 3396 οὗ
1046 3365 1180 3410 πρώτου
1207 3378 1361 3412 κατηγο-

358 3413 469 3454 ρεῖται
494 3409 514 3446 ἦ
540 3411 756 3442 τελευταίου·
778 3409 898 3442 πάντα
940 3410 978 3454 άρ
995 3409 1075 3450 πρὸς
1097 3410 1216 3443 πάντα
1241 3412 1357 3454 ταύτῃ

357 3467 396 3500 γε
426 3455 545 3498 ὁμοίως
579 3455 669 3500 ἔχει,
703 3452 764 3486 εἴτ’
794 3453 884 3486 ἐστὶν
938 3464 1038 3497 πειρα
1067 3455 1116 3487 τά
1138 3453 1217 3487 κατ’
1247 3453 1357 3488 αὑτοῦ

356 3498 656 3545 κατηγορούμενα,
675 3497 737 3531 εἴτ’
762 3496 941 3544 ἀμφότερά
964 3496 1039 3533 ἐστι
1065 3499 1113 3531 τά
1138 3497 1359 3544 ἀπορηθέντα

360 3543 496 3587 ἄπειρα·
524 3543 611 3580 πλήν
638 3544 666 3575 εἰ
691 3542 738 3587 μή
765 3544 885 3588 ὁμοίως
908 3538 980 3575 ἑνδέ
1007 3554 1084 3574 εται
1112 3541 1357 3587 ἀντιστρέφειν,

1017 3585 1025 3596 v

359 3585 450 3622 ἀλλὰ
473 3587 515 3620 v&
540 3589 599 3633 μὲν
625 3589 668 3626 ὠς
692 3587 915 3632 συμβεβηκός,
933 3586 975 3620 τὸ
1045 3588 1088 3625 ὠς
1108 3591 1333 3634 κατηγορίαν.

1409 883 1494 914 *Est
1516 890 1624 914 autem
1647 884 1752 914 omnis
1776 884 1978 924 syllogismus
2002 895 2058 924 per
2080 891 2141 915 tres
2165 885 2335 923 terminos;
2360 893 2390 917 et
2413 886 2475 917 hoc

1475 928 1606 968 quidem
1629 929 1843 958 demonstrare
1867 928 2015 967 possibile
2032 935 2078 959 est
2101 929 2255 969 quoniam
2281 937 2327 960 est
2342 933 2371 960 A
2386 930 2419 960 in
2436 930 2475 968 C,

1475 979 1604 1011 propter
1629 972 1661 1001 id
1685 972 1774 1012 quod
1790 978 1836 1002 est
1859 972 1891 1001 in
1915 972 1940 1002 Β
1965 979 1994 1002 et
2017 973 2130 1002 hocin
2154 973 2200 1011 C;
2224 974 2279 1004 sed
2304 975 2474 1014 privativus

1476 1023 1522 1046 est
1538 1016 1666 1046 alteram
1689 1016 1819 1056 quidem
1843 1016 2096 1055 propositionem
2119 1017 2237 1047 habens
2260 1019 2414 1058 quoniam
2431 1025 2476 1049 est

1475 1059 1561 1089 aliud
1579 1059 1611 1089 in
1631 1059 1711 1097 alio,
1732 1060 1861 1089 alteram
1880 1067 1986 1090 autem
2006 1061 2159 1100 quoniam
2178 1071 2244 1091 non
2263 1069 2319 1093 est.

1408 1103 1611 1133 Manifestum
1627 1103 1722 1143 igitur
1737 1110 1783 1133 est
1798 1104 1886 1143 quod
1908 1104 2060 1143 principia
2076 1112 2106 1135 et
2122 1105 2220 1136 dictae
2242 1106 2476 1146 suppositiones

1474 1147 1533 1177 hae
1550 1154 1641 1177 sunt:
1667 1147 1852 1187 accipientes
1877 1147 1962 1177 enim
1987 1148 2060 1186 hoc,
2080 1149 2123 1179 sic
2143 1159 2267 1179 necesse
2284 1157 2329 1180 est
2345 1151 2476 1180 demon-

1476 1198 1582 1228 strare,
1606 1198 1642 1221 ut
1665 1191 1739 1231 quia
1767 1194 1797 1221 A
1821 1191 1860 1222 sit
1882 1191 1915 1221 in
1939 1191 1965 1222 C
1990 1202 2046 1231 per
2067 1193 2112 1230 B;
2135 1193 2250 1223 iterum
2273 1201 2380 1224 autem
2403 1194 2478 1234 quia

1475 1237 1505 1264 A
1529 1235 1568 1265 sit
1590 1234 1623 1264 in
1646 1235 1671 1265 B
1695 1245 1752 1274 per
1774 1235 1861 1265 aliud
1883 1235 2037 1274 medium,
2062 1244 2092 1267 et
2110 1237 2199 1277 quod
2221 1238 2246 1267 B
2271 1238 2309 1268 sit
2331 1239 2363 1268 in
2387 1238 2414 1269 C
2438 1238 2477 1268 si-

1477 1278 1600 1309 militer.

1410 1322 1594 1353 Secundum
1617 1322 1747 1363 quidem
1770 1322 1864 1362 igitur
1888 1323 2073 1363 opinionem
2098 1324 2354 1365 syllogizantibus
2379 1333 2408 1356 et
2427 1336 2478 1356 so-

1476 1367 1545 1397 lum
1561 1367 1737 1405 dialectice,
1763 1367 1967 1397 manifestum
1993 1374 2039 1398 est
2057 1368 2146 1408 quod
2169 1369 2230 1399 hoc
2250 1370 2356 1400 solum
2379 1370 2478 1400 inten-

1477 1412 1618 1441 dendum
1642 1411 1699 1449 sit,
1732 1421 1768 1441 ex
1791 1411 1908 1451 quibus
1934 1412 2086 1451 contingit
2109 1413 2284 1443 verisimilis
2307 1413 2361 1444 fiat
2384 1414 2479 1454 syllo-

1478 1455 1615 1495 gismus:
1640 1465 1737 1496 quare
1762 1462 1792 1485 et
1815 1455 1840 1485 si
1860 1463 1906 1486 est
1929 1456 2059 1496 aliquod
2074 1456 2107 1486 in
2127 1457 2254 1488 veritate
2270 1468 2382 1488 eorum
2398 1468 2480 1498 quae

1476 1507 1551 1530 sunt
1573 1502 1602 1530 A
1620 1500 1646 1530 B
1670 1499 1830 1538 medium,
1855 1500 1978 1530 videtur
1995 1507 2103 1531 autem
2119 1512 2204 1540 non,
2228 1512 2284 1542 per
2298 1502 2360 1532 hoc
2384 1503 2478 1543 syllo-

1476 1544 1597 1584 gizans,
1626 1543 1829 1585 syllogizatus
1853 1551 1899 1574 est
1923 1544 2098 1575 dialectice:
2124 1546 2164 1575 ad
2186 1546 2348 1577 veritatem
2372 1554 2479 1577 autem

1477 1599 1513 1618 ex
1531 1588 1579 1618 his
1599 1598 1680 1628 quae
1699 1595 1774 1623 sunt
1793 1595 1919 1628 oportet
1937 1588 2107 1619 intendere.

1409 1633 1514 1663 Habet
1537 1640 1643 1663 autem
1667 1642 1700 1662 se
1724 1632 1781 1662 sic:
1807 1632 1960 1672 quoniam
1984 1640 2029 1663 est
2049 1634 2138 1673 quod
2161 1633 2268 1673 ipsum
2286 1635 2418 1675 quidem
2442 1634 2480 1664 de

1476 1677 1539 1707 alio
1566 1677 1761 1716 praedicatur
1789 1686 1855 1706 non
1878 1677 2054 1707 secundum
2083 1678 2244 1709 accidens:
2275 1679 2346 1709 dico
2370 1686 2479 1709 autem

1477 1722 1654 1751 secundum
1677 1720 1835 1759 accidens,
1860 1728 1895 1751 ut
1918 1722 2027 1751 album
2049 1722 2220 1762 aliquando
2243 1723 2323 1754 illud
2347 1723 2480 1766 dicimus

1476 1765 1642 1795 hominem
1669 1775 1752 1803 esse,
1777 1775 1843 1795 non
1869 1765 2009 1796 similiter
2037 1766 2173 1797 dicentes
2197 1774 2227 1797 et
2249 1767 2414 1798 hominem
2437 1768 2480 1798 al—

1476 1810 1571 1839 bum:
1593 1810 1681 1850 quod
1698 1809 1828 1849 quidem
1845 1809 1941 1847 enim,
1958 1820 2032 1840 cum
2048 1821 2114 1840 non
2130 1811 2264 1842 alterum
2281 1812 2411 1852 aliquod
2430 1812 2479 1850 sit,

1477 1854 1586 1884 album
1615 1860 1679 1891 est;
1709 1853 1818 1883 album
1848 1861 1954 1884 autem
1983 1861 2029 1884 est
2053 1854 2154 1885 homo
2185 1856 2339 1896 quoniam
2370 1856 2481 1887 accidit

1476 1897 1600 1928 homini
1624 1908 1690 1928 esse
1718 1898 1836 1928 album.
1869 1898 1948 1928 Sunt
1977 1898 2071 1938 igitur
2098 1900 2255 1940 quaedam
2278 1900 2480 1938 huiusmodi,

1478 1952 1559 1983 quae
1583 1942 1760 1972 secundum
1778 1951 1811 1971 se
1830 1942 2056 1981 praedicantur.

1410 1987 1456 2018 Sit
1469 1986 1563 2027 igitur
1587 1986 1613 2017 C
1637 1986 1823 2016 huiusmodi
1843 1987 1932 2026 quod
1948 1986 2054 2026 ipsum
2070 1987 2201 2027 quidem
2217 1998 2283 2018 non
2298 1989 2336 2019 sit
2351 1989 2384 2019 in
2399 1988 2480 2027 alio,

1476 2031 1510 2061 in
1533 2030 1595 2061 hoc
1619 2038 1726 2061 autem
1749 2030 1775 2060 B
1799 2030 1838 2061 sit
1860 2030 1965 2070 primo
1996 2038 2026 2061 et
2053 2041 2119 2062 non
2144 2039 2190 2062 est
2213 2033 2299 2063 aliud
2321 2033 2480 2072 medium,

1477 2075 1592 2106 iterum
1616 2075 1640 2105 F
1665 2074 1697 2104 in
1720 2075 1746 2104 E
1771 2074 1809 2105 sit
1826 2074 1966 2105 similiter
1985 2082 2015 2105 et
2030 2075 2140 2106 hocin
2162 2076 2204 2114 B;
2228 2077 2374 2118 nunquid
2389 2077 2482 2118 igitur

1477 2119 1527 2149 hic
1546 2129 1672 2150 necesse
1692 2125 1737 2149 est
1756 2126 1846 2158 stare,
1866 2126 1921 2149 aut
1940 2119 2092 2160 contingit
2112 2120 2145 2150 in
2163 2120 2324 2152 infinitum
2341 2119 2405 2152 ire?

1410 2214 1451 2245 Et
1466 2214 1581 2245 iterum
1600 2213 1625 2243 si
1642 2214 1680 2244 de
1704 2215 1733 2244 A
1756 2213 1887 2254 quidem
1911 2213 1990 2243 nihil
2013 2215 2209 2253 praedicatur
2231 2226 2287 2255 per
2306 2226 2349 2254 se,
2373 2219 2403 2246 A
2426 2226 2480 2246 au-

1477 2265 1543 2289 tem
1561 2258 1593 2288 in
1617 2258 1644 2289 C
1668 2265 1714 2288 est
1737 2257 1852 2297 primo,
1876 2258 2019 2288 medium
2035 2266 2142 2290 autem
2160 2259 2193 2289 in
2212 2261 2302 2290 nullo
2324 2260 2431 2301 priori,
2451 2268 2482 2292 et

1476 2303 1553 2333 item
1577 2302 1603 2333 C
1628 2302 1666 2332 sit
1689 2301 1722 2331 in
1746 2302 1757 2332 1
1782 2309 1813 2332 et
1830 2302 1944 2332 hocin
1966 2303 2010 2341 B,
2035 2304 2182 2344 nunquid
2206 2311 2236 2335 et
2258 2304 2291 2334 in
2314 2305 2377 2336 hoc
2401 2312 2481 2335 stare

1479 2356 1604 2377 necesse
1632 2353 1696 2384 est,
1727 2353 1781 2376 aut
1814 2346 1848 2376 in
1871 2346 1933 2376 hoc
1961 2347 2112 2388 contingit
2134 2348 2168 2378 in
2195 2348 2354 2379 infinitum
2378 2347 2481 2379 abire?

1478 2391 1587 2421 Differt
1610 2397 1718 2420 autem
1740 2390 1802 2420 hoc
1825 2400 1843 2420 a
1866 2390 1979 2430 priori:
2007 2392 2162 2432 quoniam
2185 2392 2246 2423 hoc
2270 2393 2400 2434 quidem
2424 2400 2480 2431 est,

1478 2434 1624 2475 nunquid
1648 2434 1800 2475 contingit
1822 2434 2024 2474 incepturum
2047 2437 2086 2466 ab
2109 2436 2312 2475 huiusmodi,
2337 2438 2426 2478 quod
2449 2437 2482 2467 in

1479 2480 1569 2510 nullo
1589 2486 1634 2509 est
1650 2479 1759 2517 altero,
1777 2479 1831 2508 sed
1847 2479 1932 2509 aliud
1949 2479 1981 2509 in
1997 2480 2064 2518 illo,
2080 2480 2113 2510 in
2130 2491 2256 2511 sursum
2273 2481 2306 2511 in
2322 2482 2482 2512 infinitum

1479 2521 1582 2554 abire?
1605 2523 1740 2553 alterum
1763 2530 1870 2554 autem
1892 2523 2095 2564 incepturum
2118 2526 2156 2555 ab
2184 2525 2369 2556 huiusmodi
2393 2526 2483 2566 quod

1479 2568 1587 2608 ipsum
1611 2567 1741 2608 quidem
1758 2567 1796 2597 de
1812 2567 1886 2606 alio,
1911 2568 1950 2598 de
1973 2568 2028 2598 illo
2052 2576 2160 2599 autem
2181 2570 2258 2600 nihil
2275 2571 2480 2610 praedicatur,

1478 2612 1512 2642 in
1535 2613 1686 2642 deorsum
1715 2612 1891 2650 intendere,
1917 2612 1943 2642 si
1967 2613 2120 2653 contingit
2142 2614 2175 2644 in
2198 2613 2358 2645 infinitum
2381 2615 2452 2645 ire?

1411 2656 1560 2697 Amplius
1579 2656 1685 2686 media
1702 2656 1861 2696 numquid
1876 2656 2030 2697 contingit
2045 2657 2166 2688 infinita
2178 2669 2254 2696 esse,
2272 2659 2483 2690 determinatis

1478 2698 1640 2732 terminis?
1664 2700 1735 2731 dico
1752 2707 1869 2738 autem,
1887 2708 1922 2731 ut
1945 2701 1970 2731 si
1993 2704 2022 2732 A
2046 2701 2078 2732 in
2102 2702 2128 2733 C
2153 2702 2201 2741 sit,
2218 2703 2360 2733 medium
2377 2711 2483 2734 autem

1478 2745 1624 2785 ipsorum
1652 2745 1691 2775 sit
1713 2745 1757 2783 B,
1782 2746 1820 2775 ab
1849 2745 1919 2785 ipso
1948 2753 2055 2776 autem
2079 2746 2104 2776 B
2127 2747 2166 2776 ad
2190 2750 2219 2777 A
2243 2748 2396 2786 alterum,
2428 2748 2482 2778 sed

1480 2789 1598 2820 horum
1614 2789 1684 2827 alia,
1709 2789 1855 2830 nunquid
1871 2797 1901 2820 et
1916 2790 1977 2820 hoc
1993 2790 2026 2820 in
2041 2790 2201 2821 infinitum
2220 2792 2372 2832 contingit
2387 2792 2481 2831 abire,

1479 2841 1534 2864 aut
1555 2833 1750 2874 impossibile
1774 2832 1838 2864 est?

1412 2878 1470 2909 Est
1493 2885 1600 2909 autem
1626 2878 1689 2908 hoc
1718 2878 1878 2908 intendere
1907 2878 1992 2908 idem
2023 2886 2053 2909 et
2085 2879 2110 2908 si
2143 2879 2426 2910 demonstrationes
2449 2880 2482 2910 in

1479 2922 1639 2953 infinitum
1661 2922 1802 2960 veniunt,
1819 2929 1849 2953 et
1864 2922 1890 2952 si
1906 2930 1951 2953 est
1974 2923 2199 2954 demonstratio
2223 2923 2328 2953 omnis
2351 2924 2405 2963 rei,
2428 2932 2483 2955 aut

1481 2967 1521 2996 ad
1539 2967 1674 2997 invicem
1692 2967 1902 2997 includantur.

1414 3011 1563 3042 Similiter
1586 3018 1693 3041 autem
1717 3011 1787 3041 dico
1813 3018 1843 3041 et
1865 3011 1897 3040 in
1920 3011 2077 3051 privativis
2101 3011 2290 3051 syllogismis
2315 3018 2345 3042 et
2363 3022 2481 3052 propo-

1480 3055 1657 3092 sitionibus,
1675 3062 1710 3085 ut
1727 3055 1752 3085 si
1774 3057 1803 3085 A
1827 3065 1893 3085 non
1912 3055 1992 3085 inest
2008 3055 2086 3085 nulli
2110 3056 2135 3085 Β
2160 3055 2274 3095 primo,
2292 3063 2346 3086 aut
2362 3056 2482 3096 aliquid

1480 3099 1579 3137 infra,
1605 3099 1655 3130 cui
1679 3099 1776 3139 priori
1799 3109 1864 3129 non
1888 3099 1967 3129 inest
1990 3102 2034 3137 A,
2060 3107 2095 3130 ut
2117 3099 2176 3138 ipsi
2201 3099 2244 3137 C,
2268 3100 2356 3140 quod
2380 3107 2427 3130 est
2448 3100 2481 3130 in

1481 3143 1570 3173 omni
1592 3144 1637 3180 B;
1669 3150 1699 3174 et
1721 3143 1835 3174 iterum
1858 3143 1920 3173 hoc
1943 3144 2037 3174 etiam
2060 3144 2093 3173 in
2116 3143 2178 3173 alio
2202 3143 2316 3183 priori,
2346 3151 2381 3174 ut
2404 3144 2430 3174 si
2453 3145 2480 3176 C

1482 3194 1528 3217 est
1547 3187 1636 3227 quod
1656 3187 1695 3217 sit
1715 3187 1748 3217 in
1771 3187 1860 3217 omni
1884 3188 1907 3218 I.
1933 3188 1973 3218 Et
1996 3198 2133 3228 namque
2148 3187 2181 3217 in
2204 3187 2262 3225 his,
2285 3194 2339 3218 aut
2361 3187 2481 3220 infinita

1480 3238 1554 3261 sunt
1571 3231 1604 3260 in
1623 3231 1739 3271 quibus
1758 3241 1824 3261 non
1843 3231 1923 3262 inest
1940 3232 2109 3271 prioribus,
2129 3239 2184 3262 aut
2202 3239 2309 3262 statur.

1413 3325 1475 3356 Sed
1498 3325 1530 3355 in
1554 3325 1807 3356 convertibilibus
1840 3336 1905 3356 non
1930 3326 2069 3356 similiter
2101 3336 2133 3356 se
2157 3325 2260 3356 habet.
2290 3326 2365 3357 Non
2395 3327 2481 3357 enim

1481 3376 1526 3400 est
1544 3369 1576 3399 in
1593 3379 1693 3410 aeque
1716 3370 1974 3409 praedicabilibus
1998 3371 2037 3400 de
2061 3380 2126 3410 quo
2150 3370 2254 3409 primo
2273 3371 2480 3411 praedicatur,

1480 3420 1534 3444 aut
1557 3413 1690 3444 ultimo:
1716 3413 1823 3444 omnia
1842 3414 1927 3444 enim
1952 3414 1991 3444 ad
2016 3414 2123 3444 omnia
2146 3414 2189 3444 sic
2213 3414 2353 3445 similiter
2375 3425 2407 3446 se
2425 3416 2479 3446 ha-

1480 3457 1630 3495 bent,sive
1647 3465 1719 3488 sunt
1742 3457 1862 3488 infinita
1878 3458 1916 3487 de
1932 3458 2002 3497 ipso
2021 3458 2240 3497 praedicantia,
2261 3458 2324 3489 sive
2347 3466 2481 3500 utraque

1481 3508 1554 3532 sunt
1572 3501 1728 3541 praedicta
1744 3501 1880 3532 infinita:
1905 3501 1964 3531 nisi
1981 3502 2120 3532 similiter
2136 3512 2202 3532 non
2221 3503 2381 3543 contingat
2404 3514 2480 3534 con-

1479 3545 1567 3583 verti,
1591 3546 1646 3576 sed
1668 3546 1730 3576 hoc
1753 3546 1884 3586 quidem
1912 3546 1992 3577 sicut
2010 3546 2172 3585 accidens,
2199 3546 2279 3577 illud
2301 3558 2376 3578 vero
2401 3548 2481 3580 sicut

1480 3589 1777 3629 praedicamentum.

2503 893 2514 903 ⁶
2530 891 2587 919 Cap.
2602 897 2650 912 xtx.

2503 918 2570 939 Text.
2579 924 2615 946 34.
