2788 4204
77 412 87 423 “
101 416 132 432 κΝ
147 413 169 431 et
183 415 203 431 s.
214 415 245 431 m.
260 415 288 430 A:

75 439 99 459 et
111 436 141 458 de
154 436 220 458 aliis.

1075 265 1187 301 CAP.
1218 265 1358 311 XXIV,
1389 265 1540 302 LECT.
1571 266 1750 303 XXXVII

317 353 434 391 quam
472 341 671 388 isosceles;
706 343 920 380 secundum
956 351 1011 379 est
1044 344 1149 392 quod
1181 343 1387 391 triangulus

315 394 555 444 praedicetur
570 396 616 433 de
632 396 789 433 isoscele
806 404 841 432 et
856 396 934 432 aliis
945 397 965 417 ³²
980 397 1191 433 secundum
1207 409 1290 433 eam
1297 398 1384 434 dem

317 448 504 485 rationem
543 457 578 486 et
611 462 689 486 non
727 449 958 498 aequivoce;
997 450 1148 487 tertium
1188 459 1246 488 est.
1280 452 1384 500 quod

271 538 275 543 ,
315 502 457 538 habere
486 509 561 539 tres
590 504 750 550 angulos
778 504 955 552 aequales
985 504 1136 541 duobus
1154 504 1271 554 *rectis
1299 505 1385 542 insit

74 570 86 581 '⁸
93 568 190 590 ozEtex
199 568 236 589 his
243 575 252 593 ,·
262 574 287 593 Q:

74 595 112 617 Ex
126 595 172 622 his,
184 601 232 616 om.
243 596 273 616 et.

170 632 188 648 π

74 732 83 741 ·
100 737 137 757 iq:
152 731 263 759 Apponit.

73 787 82 794 ·
96 791 111 807 Α
124 790 200 807 erron.
216 791 263 806 om.

73 817 130 834 non.

70 944 82 955 ⁸
92 949 227 965 annixus-r:
242 943 286 964 ad-

71 969 139 992 afdtt.
155 981 165 986 -
181 975 286 991 coeni-uu

71 1002 114 1022 qs:
131 996 195 1024 quod
207 997 238 1018 si.

68 1098 81 1110 ⁴
95 1104 110 1120 n
125 1104 173 1120 om.
184 1098 248 1126 quia.

177 1161 191 1186 ρ

67 1260 83 1273 ⁸
169 1259 282 1283 excodd.;

13 1317 16 1320 Δ
69 1293 91 1310 ιε
145 1292 176 1309 ex
185 1286 223 1309 nis
233 1286 282 1314 igi-

317 555 423 591 omni
451 555 648 604 triangulo.
680 557 729 592 Et
750 556 808 593 his
826 557 846 578 '¹‘
868 557 986 594 tribus
1015 558 1229 607 suppositiS,
1253 571 1384 596 conse-

317 620 438 657 quens
467 617 523 646 est
537 614 556 631 π
575 610 680 658 quod
699 610 840 647 habere
859 618 936 647 tres
955 623 1034 648 non
1056 613 1257 650 conveniat
1272 613 1383 650 trian-

315 663 403 709 gulo
432 662 469 699 in
499 668 684 711 quantum
719 672 775 700 est
807 664 1003 712 isosceles,
1034 667 1101 704 sed
1131 678 1151 702 e
1181 679 1380 704 converso.

315 715 505 764 Apposuit
520 717 539 735 ⁴¹
560 724 688 754 autern
710 717 833 766 prima
854 718 931 755 duo
951 719 989 756 in
1010 721 1267 768 antecedente,
1294 720 1382 769 quia

315 768 344 805 si
373 769 580 817 triangulus
600 783 678 808 non
695 772 714 792 '³
735 780 833 808 esset
856 771 894 808 in
921 774 1017 822 plus,
1040 775 1100 811 vel
1121 774 1151 811 si
1171 774 1380 824 aequivoce

315 822 596 871 praedicaretur
624 825 670 862 de
699 825 881 875 pluribus,
912 839 990 863 non
1020 837 1305 877 compararetur
1333 829 1382 866 ad

315 876 514 914 isoscelem
548 878 643 916 sicut
679 878 891 916 universale
925 881 973 918 ad
1010 882 1245 930 particulare.
1286 883 1380 919 Ter-

313 929 408 966 tium
437 938 566 968 autem
586 932 690 970 addit
705 934 737 979 ²⁸,
758 933 846 982 quia
866 933 896 970 si
915 935 1056 972 habere
1080 943 1155 973 tres
1184 949 1262 972 non
1291 948 1380 973 con-

314 983 461 1021 veniret
479 986 586 1022 omni
601 987 798 1035 triangulo,
815 999 893 1024 non
919 989 1140 1026 conveniret
1155 989 1188 1026 ei
1204 989 1241 1026 in
1262 1001 1379 1037 quan-

314 1044 396 1073 tum
424 1037 642 1087 triangulus,
674 1041 741 1078 sed
769 1041 807 1077 in
837 1049 1022 1090 quantum
1051 1042 1183 1091 aliquis
1216 1042 1379 1090 triangu-

314 1091 382 1128 lus.
406 1091 511 1129 Sicut
537 1093 612 1130 hoc
640 1095 766 1143 ipsum
787 1095 891 1143 quod
913 1102 967 1132 est
985 1096 1126 1132 habere
1146 1102 1232 1141 tres,
1255 1095 1343 1144 quia
1359 1097 1379 1117 *ἒ

314 1155 392 1180 non
408 1147 587 1183 convenit
605 1147 711 1184 omni
730 1148 887 1195 figurae,
908 1161 987 1185 non
1007 1149 1187 1186 convenit
1205 1149 1349 1196 figurae
1364 1155 1379 1179 Ρ

311 1195 350 1232 in
370 1205 555 1245 quantum
576 1208 632 1237 est
650 1201 783 1248 figura,
805 1201 871 1237 sed
889 1201 939 1250 ⁸in
967 1209 1153 1249 quantum
1183 1209 1239 1238 est
1257 1202 1378 1248 figura

311 1250 519 1298 quaedam,
537 1264 635 1301 quae
652 1261 707 1290 est
725 1253 944 1301 triangulus.
968 1255 1026 1291 Ex
1045 1254 1104 1291 his
1124 1253 1234 1301 igitur
1248 1255 1267 1273 Ν
1289 1266 1377 1290 con-

311 1303 426 1340 cludit
445 1306 665 1354 oppositum
690 1307 770 1344 eius
803 1307 907 1356 quod
936 1307 1099 1344 obiectio
1125 1308 1376 1355 supponebat,

310 1356 568 1407 scilicetquod
584 1359 643 1396 ille
659 1360 723 1408 qui
739 1360 807 1397 scit
821 1360 859 1396 in
869 1360 1084 1408 universali,
1101 1360 1221 1408 magis
1238 1373 1376 1409 cogno-

307 1408 378 1447 ‘sscit
393 1422 474 1447 rem
489 1424 559 1460 per
573 1424 614 1449 se
631 1420 666 1449 et
680 1412 718 1449 in
734 1420 919 1461 quantum
934 1413 1168 1460 huiusmodi,
1185 1417 1301 1462 quam
1317 1414 1375 1451 ille

309 1463 374 1512 qui
399 1465 593 1512 cognoscit
611 1465 650 1502 in
671 1466 885 1514 particulari
906 1473 931 1503 ⁰.
958 1468 1007 1504 Et
1025 1479 1070 1504 ex
1089 1467 1164 1504 hoc
1183 1467 1339 1504 ulterius
1355 1469 1375 1489 '¹‘

309 1517 500 1554 concludit
516 1518 724 1567 principale
742 1519 1001 1568 propositum,
1024 1520 1163 1557 scilicet
1182 1521 1286 1569 quod
1306 1533 1375 1569 po-

235 1569 241 1574 ”
271 1590 282 1595 -
307 1570 381 1607 tior
390 1570 436 1608 sit
448 1571 468 1592 *
478 1571 751 1609 demonstratio
766 1573 992 1610 universalis
1003 1586 1119 1622 quam
1129 1573 1374 1623 particularis.

363 1624 398 1660 8.
430 1625 650 1662 Secundam
687 1626 874 1663 rationem
903 1626 1016 1663 solvit
1042 1627 1111 1664 ibi:
1143 1627 1317 1675 Amplius
1345 1629 1380 1665 si

307 1677 457 1726 quidem
484 1678 532 1715 sit
557 1679 744 1727 quaedam
775 1688 856 1726 etc„
889 1688 925 1717 et
944 1680 1032 1717 dicit
1051 1681 1156 1729 quod
1176 1681 1206 1718 si
1226 1681 1376 1718 univer-

273 1750 278 1764 :
308 1731 385 1768 sale
399 1732 640 1781 praedicatur
654 1733 674 1754 ³²
694 1732 741 1769 de
756 1733 927 1781 pluribus
947 1734 1160 1780 secundum
1180 1746 1299 1771 unam
1320 1748 1376 1772 ra-

270 1807 280 1812 -
307 1784 452 1822 tionem
473 1794 509 1823 et
528 1799 606 1823 non
633 1787 855 1836 aequivoce,
885 1787 1097 1825 universale
1117 1794 1303 1837 quantum
1328 1789 1376 1826 ad

307 1838 346 1876 id
374 1839 479 1887 quod
508 1839 662 1877 rationis
692 1847 758 1887 est,
778 1840 874 1877 idest
907 1849 1091 1889 quantum
1112 1841 1160 1878 ad
1181 1841 1375 1880 scientiam

265 1901 279 1918 ·-
308 1899 344 1929 et
373 1892 740 1931 demonstrationem
763 1895 794 1940 ³²,
825 1906 903 1931 non
925 1894 992 1932 erit
1011 1895 1137 1932 minus
1163 1907 1229 1931 ens
1258 1907 1375 1943 quarn

305 1945 530 1994 particulare
570 1947 637 1984 sed
677 1947 824 1996 magis:
863 1947 951 1996 quia
994 1947 1275 1997 incorruptibile
1322 1958 1377 1987 est

306 1999 427 2047 magis
447 2012 514 2038 ens
534 2012 652 2048 quam
673 2001 953 2052 corruptibile⁷;
972 2002 1064 2039 ratio
1081 2010 1209 2039 autern
1224 2002 1375 2040 univer-

305 2053 393 2090 salis
426 2061 482 2090 est
515 2052 825 2103 incorruptibilis;
856 2055 1093 2104 particularia
1128 2064 1255 2095 autem
1290 2066 1376 2094 sunt

305 2106 579 2156 corruptibilia,
610 2108 748 2157 quibus
777 2108 913 2146 accidit
941 2109 1132 2159 corruptio
1162 2111 1374 2149 secundum

303 2159 489 2210 principia
525 2161 791 2210 individualia,
826 2175 904 2199 non
939 2163 1152 2201 secundum
1188 2166 1375 2205 rationem

269 2243 274 2254 ,
305 2213 445 2262 speciei
468 2216 498 2262 ²³²,
521 2227 619 2264 quae
640 2215 858 2253 communis
883 2224 938 2254 est
958 2217 1138 2254 omnibus
1159 2226 1195 2255 et
1223 2231 1374 2256 conser-

303 2274 415 2305 vatur
432 2281 502 2318 per
520 2269 818 2317 generationem.
850 2269 913 2307 Sic
932 2270 1043 2318 igitur
1062 2279 1247 2320 quantum
1269 2272 1317 2309 ad
1337 2272 1374 2309 id

2431 271 2504 317 293

1442 345 1546 393 quod
1575 345 1728 382 rationis
1758 353 1823 392 est,
1844 345 2070 383 universalia
2099 347 2218 395 magis
2246 356 2334 385 sunt
2366 350 2464 387 entia
2485 353 2504 373 '¹‘

1441 410 1557 446 quam
1577 399 1824 447 particularia.
1862 399 2059 445 Quantum
2079 412 2172 436 vero
2193 406 2207 420 ⁰
2226 401 2274 438 ad
2294 405 2502 442 naturalem

1441 452 1720 489 subsistentiam
1738 453 1768 498 ²¹⁶,
1785 451 2022 501 particularia
2042 454 2162 501 magis
2181 461 2267 490 sunt
2283 455 2392 502 entia,
2405 469 2502 505 quae

1440 504 1615 542 dicuntur
1641 505 1787 554 primae
1817 513 1853 542 et
1880 505 2104 554 principales
2133 507 2362 544 substantiae
2385 510 2415 546 ’ἦ

1493 571 1529 606 9.
1551 559 1721 595 Tertiam
1741 558 1926 595 rationem
1945 559 2087 595 solvit*
2107 560 2175 596 ibi:
2196 561 2368 608 Amplius
2384 574 2502 611 neque

1439 623 1515 648 una
1535 613 1730 649 necessitas
1750 619 1832 658 etc.,
1861 619 1896 648 et
1925 611 2012 648 dicit
2036 613 2139 661 quod
2161 614 2336 662 quamvis
2356 615 2394 651 in
2412 628 2499 664 pro-

1436 665 1689 713 positionibus
1708 667 1800 702 vel*
1817 665 2203 703 demonstrationibus
2222 667 2498 707 universalibus

1437 718 1666 767 significetur
1686 718 1827 767 aliquid
1845 731 1967 755 unum
1983 720 2195 757 secundum
2210 732 2263 767 se,
2277 729 2369 769 puta
2388 723 2498 760 trian-

1436 772 1566 819 gulus,
1596 773 1697 809 nulla
1731 781 1860 809 tamen
1893 773 2094 809 necessitas
2124 781 2178 810 est
2213 775 2316 822 quod
2343 784 2500 825 propter

1435 826 1511 861 hoc
1539 825 1670 874 aliquis
1695 826 1870 874 opinetur
1890 826 1993 874 quod
2013 826 2218 874 triangulus
2238 828 2283 863 sit
2302 829 2498 877 quoddam

1435 890 1557 915 unum
1586 887 1735 928 praeter
1762 880 1900 925 multa;
1930 878 2025 915 sicut
2057 879 2095 915 in
2122 880 2180 916 his
2218 892 2316 929 quae
2345 894 2423 919 non
2451 883 2497 919 si-

1435 931 1615 979 gnificant
1629 932 1889 978 substantiam,
1905 932 1974 968 sed
1994 932 2146 980 aliquod
2162 945 2280 980 genus
2295 940 2310 964 9³
2325 935 2496 974 acciden-

1434 985 1491 1031 tis,
1522 998 1610 1022 cum
1641 999 1685 1022 ea
1713 986 1883 1023 absolute
1912 985 2183 1033 significamus,
2216 995 2308 1035 puta
2336 988 2496 1027 dicendo

1434 1038 1655 1085 albedinem,
1675 1040 1737 1075 vel
1758 1038 2035 1087 paternitatem,
2056 1051 2134 1075 non
2160 1048 2316 1088 propter
2339 1042 2414 1079 hoc
2434 1055 2496 1080 co-

1434 1092 1653 1138 gnoscimus
1682 1092 1847 1141 aliquem
1862 1093 1882 1112 *
1897 1091 2042 1139 opinari
2063 1093 2167 1140 quod
2185 1093 2405 1132 huiusmodi
2425 1096 2497 1143 sint

1433 1153 1583 1192 praeter
1607 1145 1868 1182 substantiam.
1899 1146 2108 1182 Intellectus
2129 1146 2230 1183 enim
2248 1155 2373 1195 potest
2391 1149 2495 1186 intel-

1433 1199 1546 1246 ligere
1575 1198 1715 1247 aliquid
1745 1211 1891 1244 eorum,
1913 1210 2010 1246 quae
2039 1206 2126 1235 sunt
2145 1200 2344 1237 coniuncta
2364 1215 2495 1240 secun-

1434 1252 1527 1288 dum
1547 1264 1640 1298 rem,
1663 1252 1743 1289 sine
1771 1253 1845 1288 hoc
1873 1252 1978 1300 quod
1999 1260 2084 1289 actu
2103 1252 2279 1301 intelligat
2298 1255 2408 1302 aliud,
2425 1269 2496 1293 nec

1432 1314 1561 1342 tamen
1590 1306 1797 1342 intellectus
1827 1312 1881 1341 est
1908 1304 2022 1342 falsus
2036 1306 2067 1342 ii.
2099 1305 2202 1342 Sicut
2230 1306 2259 1343 si
2294 1309 2423 1345 album
2453 1310 2498 1347 sit

1433 1359 1639 1406 musicum,
1659 1371 1819 1408 possum
1846 1358 2047 1407 intelligere
2077 1359 2206 1395 album
2231 1367 2267 1396 et
2286 1361 2424 1410 aliquid
2444 1371 2495 1399 at-

1431 1413 1669 1450 tribuere*ei
1699 1421 1735 1450 et
1756 1412 2015 1449 demonstrare
2033 1412 2195 1461 ἀείρεο,
2215 1421 2307 1462 puta
2328 1416 2432 1463 quod
2452 1416 2497 1453 sit
2522 1430 2532 1441 ⁸

1433 1466 1725 1515 disgregativum
1752 1466 1868 1513 visus,
1894 1467 1995 1502 nulla
2021 1466 2321 1503 consideratione
2336 1469 2496 1506 *habita

1433 1521 1479 1558 de
1515 1520 1674 1557 musico.
1716 1519 1755 1557 Si
1789 1527 1918 1556 tamen
1950 1519 2084 1568 aliquis
2116 1520 2334 1569 intelligeret
2366 1523 2494 1559 album

1431 1587 1510 1611 non
1539 1587 1620 1611 esse
1654 1573 1861 1619 musicum,
1893 1581 1990 1610 esset
2009 1573 2029 1593 ’¹‘
2054 1573 2261 1611 intellectus
2286 1574 2411 1612 falsus.
2434 1577 2496 1614 Sic

1431 1628 1541 1676 igitur
1575 1640 1663 1665 cum
1698 1626 1859 1664 dicimus
1893 1634 1957 1663 aut
1988 1626 2227 1675 intelligimus
2265 1628 2370 1677 quod
2395 1631 2413 1648 ἦ
2442 1631 2495 1667 al-

1432 1682 1525 1718 bedo
1554 1687 1608 1718 est
1634 1682 1749 1726 color,
1766 1681 1869 1732 nulla
1893 1680 2085 1717 mentione
2116 1681 2213 1718 facta
2235 1681 2281 1718 de
2311 1682 2492 1731 subiecto,

1431 1747 1568 1772 verum
1590 1735 1762 1772 dicimus.
1794 1735 1904 1771 Esset
1923 1742 2051 1770 autem
2071 1734 2205 1771 falsum
2222 1734 2252 1770 si
2268 1735 2492 1784 diceremus,

1432 1788 1576 1834 albedo,
1607 1800 1704 1837 quae
1723 1794 1776 1824 est
1794 1788 1909 1833 color,
1939 1799 2013 1824 non
2042 1794 2097 1824 est
2113 1789 2149 1824 in
2175 1788 2349 1826 subiecto.
2381 1790 2430 1826 Et
2448 1791 2494 1828 si-

1432 1842 1567 1879 militer
1601 1854 1689 1878 cum
1727 1841 1887 1878 dicimus
1928 1841 2039 1877 homo
2068 1842 2088 1862 '¹‘
2115 1847 2170 1878 est
2203 1843 2347 1879 animal
2360 1871 2370 1888 ,
2403 1857 2494 1881 vere

1431 1896 1636 1945 loquimur,
1666 1908 1744 1932 non
1773 1895 1870 1931 facta
1898 1894 2090 1931 mentione
2112 1895 2158 1931 de
2179 1896 2304 1944 aliquo
2332 1897 2494 1944 particu-

1431 1949 1496 1986 lari
1527 1949 1695 1986 homine.
1726 1949 1837 1985 Esset
1869 1956 1996 1984 tamen
2021 1948 2156 1984 falsum
2181 1948 2211 1985 si
2232 1949 2444 1987 diceremus
2459 1957 2492 1998 χ,

1430 2004 1542 2040 homo
1571 2009 1626 2039 est
1650 2002 1804 2047 animal,
1834 2001 1994 2038 existens
2020 2007 2215 2049 separatus
2242 2015 2266 2039 a
2288 2004 2493 2051 particula-

1430 2057 1534 2093 ribus
1552 2056 1774 2093 hominibus.
1798 2054 1837 2091 Si
1857 2062 1984 2091 autem
2004 2055 2079 2091 hoc
2099 2063 2154 2091 est
2168 2054 2194 2102 ¹1¹¹,
2217 2068 2306 2104 ergo
2326 2057 2495 2106 sequitur

1431 2110 1536 2159 quod
1566 2108 1838 2146 demonstratio
1868 2121 1945 2144 non
1965 2108 2011 2144 sit
2026 2120 2140 2144 causa
2158 2109 2271 2146 falsae
2292 2110 2491 2158 opinionis,

1431 2176 1507 2213 qua
1526 2163 1610 2212 quis
1629 2163 1806 2212 opinatur
1823 2161 2036 2198 universale
2058 2174 2138 2198 esse
2160 2170 2262 2199 extra
2281 2162 2491 2211 singularia,

1432 2217 1500 2254 sed
1528 2216 1704 2262 audiens,
1731 2215 1803 2264 qui
1821 2216 1839 2236 ’Ἃ
1865 2217 1963 2252 male
1996 2215 2172 2263 intelligit.
2207 2216 2317 2253 Unde
2347 2229 2392 2254 ex
2419 2219 2495 2254 hoc

1431 2271 1521 2308 nihil
1550 2270 1752 2318 derogatur
1781 2270 1800 2290 ²¹*
1828 2268 2030 2305 universali
2059 2269 2381 2307 demonstrationi.

359 2408 390 2443 π)
412 2409 580 2441 Consequens
604 2412 644 2434 est
663 2414 711 2434 etc.
726 2423 746 2428 -
761 2410 796 2434 A:
816 2413 1007 2442 consequenter
1031 2411 1148 2436 ostendit
1172 2412 1243 2443 quod
1261 2417 1337 2437 etc.—
1352 2412 1376 2436 l:

305 2445 378 2478 quod
395 2444 492 2470 habere
510 2447 566 2470 tres
579 2445 694 2477 angulos
707 2452 759 2469 non
775 2445 852 2474 insit;
866 2446 901 2470 B:
921 2453 972 2470 non
987 2446 1133 2480 contingit5
1150 2447 1201 2477 AQ
1214 2453 1239 2472 et
1253 2456 1278 2480 p.
1289 2456 1325 2472 m.
1339 2448 1376 2471 E:

306 2488 359 2506 non
377 2480 508 2506 convenit.

361 2514 385 2549 ρ)
400 2516 460 2540 Non
476 2515 599 2541 convenit
611 2516 685 2541 omni
689 2516 799 2550 figurae
813 2521 880 2541 etc.—-
889 2517 961 2541 Hanc
971 2516 1116 2548 lectionem,
1127 2525 1207 2550 quam
1220 2519 1376 2552 adoptamus

307 2559 338 2577 ex
352 2551 428 2576 codd.
443 2551 608 2582 CEKMOQS
623 2557 649 2576 et
661 2560 686 2584 p.
701 2559 737 2576 m.
752 2552 783 2582 D,
798 2552 934 2576 meliorem
949 2557 1072 2585 putamus
1092 2553 1201 2578 lectione
1218 2554 1309 2579 Piana:
1323 2562 1375 2579 non

306 2587 430 2613 convenit
444 2587 517 2611 omni
528 2587 640 2619 figurae
655 2588 681 2612 in
695 2590 823 2620 quantum
839 2593 887 2612 etc.
902 2588 924 2612 D
940 2595 960 2612 s.
972 2596 1021 2613 m.:
1034 2589 1157 2621 figurae:
1171 2595 1232 2614 nam
1248 2597 1299 2615 non
1314 2597 1376 2614 con-

307 2622 380 2648 venit
392 2627 440 2647 etc.
454 2623 542 2647 Codex
555 2622 612 2653 iste,
625 2627 654 2647 ut
667 2623 814 2647 notavimus
830 2623 855 2647 in
870 2624 993 2656 margine,
1003 2624 1097 2648 omittit
1110 2625 1188 2657 quia,·
1202 2625 1280 2656 unde,
1292 2625 1376 2658 posita

307 2657 466 2683 correctione
480 2666 502 2683 s.
512 2666 557 2689 m„
568 2658 642 2691 legit:
656 2658 752 2683 habere
765 2661 819 2683 tres
833 2666 885 2683 non
895 2659 1019 2684 convenit
1032 2660 1105 2684 omni
1109 2660 1235 2692 figurae:
1249 2668 1309 2685 nam
1323 2668 1375 2685 non

306 2694 430 2720 convenit
447 2699 495 2718 etc.
515 2693 589 2723 Quae
604 2693 678 2718 lectio
697 2701 758 2718 vera
772 2693 798 2718 in
813 2701 842 2718 se
861 2699 908 2724 est,
922 2695 968 2719 sed
983 2695 1201 2720 ratiocinationem
1216 2696 1247 2720 D.
1258 2696 1376 2720 Thomae

306 2729 418 2759 invertit,
431 2734 457 2754 et
470 2729 529 2754 ideo
548 2737 601 2754 non
615 2730 756 2762 respondet
769 2729 808 2760 iis,
823 2737 890 2761 quae
903 2730 1051 2755 immediate
1069 2735 1128 2755 ante
1142 2731 1268 2756 dicuntur.

361 2763 388 2799 σ)
405 2765 452 2790 Ille
466 2765 512 2797 qui
523 2764 573 2790 scit
586 2765 612 2789 in
629 2765 780 2793 universali,
791 2765 878 2798 magis
892 2765 1028 2798 cognoscit
1041 2773 1096 2790 rem
1106 2773 1159 2798 per
1171 2774 1200 2791 se
1211 2770 1239 2791 et
1251 2767 1277 2791 in
1292 2774 1374 2799 quan-

308 2802 365 2825 tum
378 2800 538 2829 huiusmodi,
549 2807 628 2833 quam
642 2800 687 2842 ille,
737 2801 743 2806 '
755 2801 891 2834 cognoscit
906 2801 932 2826 in
943 2801 1115 2833 particulari.
1125 2802 1162 2826 ..1
1178 2810 1229 2827 non
1244 2803 1310 2827 bene
1323 2811 1376 2827 om.

307 2838 335 2860 et
348 2835 375 2860 in
389 2838 518 2868 quantum
532 2808 741 2866 Ιιιιίιιενηοάεέἵ
751 2833 804 2860 om.
819 2839 853 2861 et.
862 2850 882 2855 -—
892 2837 970 2867 Haec,
982 2844 1048 2869 quae
1063 2837 1144 2869 magis
1159 2837 1235 2862 etiam
1249 2838 1375 2871 explican-

307 2875 350 2895 tur
362 2870 389 2895 in
403 2870 522 2903 sequenti
534 2871 652 2902 lectione,
662 2879 724 2896 vera
738 2876 805 2902 sunt,
817 2872 961 2897 dummodo
975 2877 1062 2896 tamen
1079 2873 1228 2898 universale
1241 2873 1377 2906 accipiatur

308 2905 335 2930 in
349 2913 430 2931 sensu
447 2914 502 2939 quo
515 2906 557 2931 hic
571 2911 712 2939 usurpatur
726 2907 757 2931 ab
772 2906 910 2932 Aristotele
929 2912 955 2932 et
973 2915 987 2932 a
1007 2915 1028 2931 s.
1039 2907 1150 2939 Thoma,
1165 2913 1191 2933 et
1205 2916 1283 2941 quem
1298 2917 1377 2941 supra

309 2946 362 2966 not.
382 2949 399 2965 α
413 2942 674 2974 praedeclaravimus.
686 2955 706 2962 —
720 2942 746 2966 Si
765 2950 828 2966 vero
847 2942 919 2967 aliter
938 2943 1076 2975 accipiatur
1094 2944 1251 2972 universale,
1271 2950 1300 2969 ut
1319 2944 1377 2968 dicit

308 2984 404 3009 nempe
423 2977 519 3010 aliquid
538 2984 679 3002 commune
698 2977 824 3010 pluribus,
841 2985 909 3010 quae
927 2978 1022 3003 idcirco
1041 2979 1067 3003 in
1086 2979 1223 3004 universali
1238 2980 1379 3004 virtualiter

309 3011 480 3042 continentur,
491 3012 563 3036 aliter
575 3012 713 3037 dicendum
723 3017 772 3038 est.
782 3013 847 3037 Nam
859 3018 959 3038 constat
973 3013 1110 3046 aliquando
1121 3015 1292 3046 cognitionem
1306 3015 1341 3039 rei
1352 3015 1377 3039 in

309 3046 358 3071 hoc
367 3046 506 3072 universali
516 3054 576 3072 esse
589 3047 806 3080 imperfectiorem
821 3048 967 3080 cognitione
976 3049 1012 3073 rei
1027 3049 1053 3073 in
1063 3049 1219 3082 particulam
1233 3051 1303 3083 quod
1313 3051 1377 3075 acci-

310 3082 346 3107 dit
356 3083 459 3114 quando
470 3082 623 3115 particulare
633 3083 796 3115 cognoscitur
810 3083 835 3107 in
846 3091 894 3108 suo
903 3083 1042 3109 universali
1057 3089 1184 3116 quatenus
1195 3085 1244 3110 hoc
1254 3091 1295 3110 est
1308 3085 1376 3111 obie-

308 3121 380 3143 ctum
390 3117 535 3150 cognitum,
546 3123 572 3143 et
585 3125 637 3142 non
647 3124 775 3150 quatenus
785 3123 825 3143 est
835 3119 950 3144 medium
959 3120 1143 3152 cognoscendi.
1155 3121 1220 3145 Rern
1231 3126 1311 3145 totam
1325 3128 1377 3145 non

310 3153 375 3178 levis
386 3153 512 3178 momenti
522 3153 547 3177 in
557 3153 721 3186 philosophia
734 3154 846 3178 declarat
855 3153 995 3179 s.'rhomas
1005 3155 1032 3179 in
1042 3155 1154 3180 Summa
1165 3156 1312 3189 theologica
1323 3156 1351 3180 Ρ.
1358 3156 1376 3185 Ι,

310 3195 400 3221 quast,
409 3193 454 3212 art.
465 3196 494 3213 m
504 3188 536 3213 ad
549 3195 577 3213 2:
590 3198 602 3211 κ
612 3189 783 3220 Cognoscere,
795 3189 887 3222 inquit,
895 3189 992 3222 aliquid
1002 3189 1028 3214 in
1042 3190 1180 3216 universali
1194 3191 1284 3215 dicitur
1295 3191 1377 3224 dupli-

311 3232 326 3247 »
337 3223 407 3248 citer.
414 3223 473 3248 Uno
483 3223 562 3248 modo
571 3227 696 3255 exparte
706 3224 745 3248 rei
753 3225 884 3257 cognitae,
893 3229 922 3249 ut
930 3225 1027 3249 scilicet
1041 3231 1211 3258 cognoscatur
1225 3227 1311 3250 solum
1321 3226 1377 3250 uni-

312 3269 325 3282 »
336 3259 444 3284 versalis
452 3264 540 3283 natura
550 3259 594 3284 rei.
601 3259 634 3283 Et
643 3259 679 3284 sic
689 3267 847 3291 cognoscere
856 3260 953 3292 aliquid
963 3260 987 3284 in
997 3261 1136 3285 universali
1146 3266 1186 3286 est
1194 3261 1377 3294 imperfectius.

312 3304 325 3318 x
337 3294 488 3327 Imperfecte
506 3294 577 3319 enim
595 3300 764 3326 cognosceret
781 3294 923 3326 hominem,
940 3295 985 3328 qui
1004 3301 1171 3328 cognosceret
1190 3297 1222 3321 de
1241 3304 1272 3321 eo
1291 3296 1377 3320 solum

312 3339 326 3354 >›
337 3330 409 3363 quod
419 3334 459 3354 est
467 3329 572 3355 animal.
579 3329 638 3354 Alio
648 3330 728 3354 modo
738 3337 775 3354 ex
780 3333 862 3362 parte
871 3330 952 3355 medii
960 3331 1144 3364 cognoscendi.
1153 3332 1186 3356 Et
1194 3331 1231 3355 sic
1241 3331 1377 3364 perfectius

312 3374 326 3389 »
338 3370 378 3390 est
391 3373 549 3397 cognoscere
561 3365 657 3397 aliquid
671 3365 696 3389 in
710 3365 857 3390 universali.
874 3365 1014 3390 Perfectior
1026 3366 1094 3391 enim
1114 3371 1154 3391 est
1167 3366 1320 3396 intellectus,
1333 3366 1376 3398 qui

312 3409 326 3424 2
338 3408 385 3434 per
397 3408 479 3425 unum
498 3400 646 3425 universale
660 3400 775 3425 medium
790 3405 876 3434 potest
889 3400 989 3433 singula
1001 3401 1105 3434 propria
1119 3409 1284 3433 cognoscere,
1298 3409 1375 3434 quam

312 3445 327 3460 ιι
338 3436 382 3469 qui
402 3444 454 3460 non
469 3440 562 3469 potest.
572 3446 584 3458 ›
605 3436 675 3460 Haec
688 3436 803 3460 doctrina
819 3436 1007 3469 sapientissima
1021 3442 1062 3461 est
1075 3441 1100 3461 et
1112 3435 1251 3467 retinenda,
1267 3444 1378 3469 eamque

310 3476 504 3506 praesupponet
515 3471 677 3502 Aristoteles,
688 3479 748 3496 cum
761 3471 818 3496 lect.
829 3471 947 3504 sequenti
961 3471 1125 3503 probandum
1141 3477 1256 3496 assumet
1269 3472 1377 3496 demon-

311 3507 462 3534 strationem
481 3507 654 3531 universalem
673 3506 800 3538 potiorem
819 3514 879 3531 esse
898 3507 1120 3531 demonstratione
1139 3506 1292 3539 particulari.

365 3542 391 3575 τ)
412 3542 482 3573 Quia
492 3541 691 3574 incorruptibile
705 3545 744 3567 est
758 3542 845 3575 magis
857 3549 903 3567 ens
918 3549 997 3574 quam
1007 3542 1186 3574 corruptibile.
1197 3542 1257 3566 -lta
1276 3542 1377 3566 codices

310 3586 413 3609 omnes,
433 3583 458 3602 et
476 3583 516 3602 est
530 3577 605 3602 lectio
618 3577 796 3610 anteponenda
811 3577 912 3602 lectioni
925 3577 1032 3602 Pinnae:
1052 3577 1115 3610 quia
1128 3577 1200 3610 quod
1218 3577 1379 3609 incorrupti-

311 3614 362 3639 bile
375 3617 422 3643 est,
443 3613 530 3647 magis
542 3616 582 3638 est
594 3620 673 3646 quam
687 3613 867 3645 corruptibile.
882 3612 1007 3638 Sustineri
1021 3618 1108 3638 tamen
1121 3617 1208 3645 potest
1222 3612 1299 3637 etiarn
1313 3613 1333 3637 P
1347 3620 1378 3637 ex

1430 2411 1469 2435 his
1484 2418 1551 2443 quae
1569 2410 1633 2435 infra
1653 2410 1784 2434 dicuntur:
1805 2409 1850 2434 Sic
1869 2409 1953 2442 igitur
1967 2414 2014 2433 etc.
2027 2409 2093 2433 Nam
2108 2409 2181 2433 codd.
2197 2407 2266 2442 (exc.
2282 2408 2373 2443 HMQ)
2390 2410 2493 2441 leg-unt:

1430 2447 1517 2479 magis
1530 2449 1593 2471 sunt
1610 2453 1689 2478 quam
1706 2445 1899 2477 particularia,
1917 2452 1970 2469 om.
1986 2444 2058 2469 entia
2073 2444 2123 2475 (Cf.
2134 2444 2210 2469 etiam
2225 2449 2277 2468 not.
2293 2445 2496 2479 sequentem).—

1430 2482 1492 2506 ltem
1507 2482 1575 2506 iuxta
1590 2482 1664 2506 codd.
1679 2480 1827 2505 immediate
1841 2480 2036 2513 prosequimur:
2052 2480 2123 2504 ratio
2138 2478 2205 2512 (Ns,
2222 2479 2318 2513 ipsum)
2334 2483 2423 2505 autem
2438 2481 2495 2505 uni-

1430 2518 1540 2542 versalis
1555 2517 1607 2549 (NS
1622 2517 1709 2548 unvle)
1720 2519 1759 2541 est
1773 2515 1981 2547 incorruptibilis
1996 2513 2062 2548 (NSz
2079 2515 2296 2549 incorruptibile),
2308 2515 2394 2540 relicta
2408 2516 2496 2540 lectio-

1430 2560 1463 2577 ne
1478 2553 1569 2577 Piana:
1583 2552 1662 2577 modo
1676 2555 1765 2576 autem
1785 2551 1933 2576 universale
1947 2554 1986 2575 est
2002 2550 2209 2582 incorruptibile.
2224 2550 2290 2575 Infra
2305 2550 2373 2575 enim
2393 2559 2414 2576 s.
2424 2550 2494 2575 Tho-

1430 2596 1486 2612 mas
1502 2588 1561 2612 dicit
1574 2588 1642 2620 quod
1656 2587 1859 2616 universalibus,
1879 2589 2006 2619 quantum
2027 2586 2064 2610 ad
2083 2586 2112 2610 id
2129 2586 2201 2618 quod
2216 2586 2328 2610 rationis
2346 2590 2392 2615 est,
2414 2586 2494 2619 (quod

1429 2629 1469 2648 est
1487 2623 1602 2656 praecise
1616 2623 1687 2648 ratio
1702 2621 1879 2656 universalis),
1899 2622 1967 2646 idest
1985 2625 2113 2654 quantum
2133 2621 2170 2646 ad
2188 2621 2323 2646 scientiam
2343 2625 2369 2646 et
2388 2622 2494 2646 demon-

1429 2659 1595 2689 strationem,
1607 2658 1751 2683 secundum
1766 2657 1837 2690 quod
1850 2657 1995 2682 universale
2009 2657 2131 2690 achpitur
2143 2665 2157 2682 a
2172 2662 2258 2681 mente
2272 2657 2408 2689 separatim
2419 2665 2431 2681 a
2443 2657 2494 2682 sin-

1430 2694 1519 2726 gulari,
1538 2694 1661 2727 competit
1675 2692 1911 2726 incorruptibilitas;
1931 2700 1982 2716 non
2002 2697 2087 2717 autem
2106 2692 2247 2717 secundum
2267 2693 2415 2717 naturalem
2435 2692 2493 2717 sub-

1429 2729 1585 2759 sistentiam,
1606 2737 1685 2761 quam
1704 2729 1800 2753 habent
1818 2728 1841 2752 in
1862 2727 2042 2758 singularibus.

1484 2765 1508 2797 u)
1526 2765 1660 2795 Quantum
1675 2771 1737 2789 vero
1751 2769 1799 2788 etc.
1809 2778 1827 2781 —
1839 2764 1876 2787 A:
1892 2763 2072 2788 Particularia
2084 2767 2172 2788 autem
2187 2766 2315 2796 quantum
2328 2763 2366 2787 ad
2377 2770 2433 2788 esse
2446 2771 2494 2788 na-

1430 2804 1515 2830 turae,
1535 2807 1587 2825 non
1603 2800 1724 2829 rationis,
1741 2799 1827 2832 magis
1839 2802 1908 2828 sunt,
1928 2806 1995 2831 quae
2011 2799 2137 2823 dicuntur
2151 2804 2206 2829 etc.;
2226 2800 2260 2823 B:
2282 2798 2417 2828 Quantum
2432 2806 2494 2823 vero

1429 2836 1467 2860 ad
1481 2836 1644 2860 materialem
1663 2835 1874 2863 subsistentiam,
1891 2834 2071 2866 particularia
2091 2834 2176 2866 magis
2194 2837 2268 2862 sunt,
2289 2841 2355 2866 quae
2368 2834 2496 2858 dicuntur

1426 2871 1556 2903 propriae
1575 2874 1601 2895 et
1615 2871 1779 2902 principales
1797 2869 1960 2894 substantiae
1966 2876 1975 2897 ;
1988 2869 2258 2899 CDEKLMNOQST:
2278 2868 2411 2898 Quantum
2432 2877 2494 2894 vero

1430 2907 1467 2931 ad
1490 2907 1639 2931 naturalem
1660 2906 1702 2938 (Q
1719 2913 1812 2934 erton„
1827 2905 2016 2937 universalem)
2035 2904 2242 2933 subsistentiam,
2258 2904 2436 2935 particularia
2456 2904 2495 2936 (T

1430 2942 1504 2967 escit.
1517 2950 1570 2966 om.
1582 2941 1698 2974 partic.)
1718 2941 1804 2974 magis
1824 2943 1899 2969 sunt,
1919 2947 1986 2972 quae
2004 2940 2143 2969 dicuntum
2163 2940 2200 2964 H:
2223 2939 2357 2969 Quantum
2377 2946 2439 2963 vero
2457 2939 2494 2964 ad

1431 2978 1582 3002 naturalem
1601 2977 1806 3005 subsistentiam,
1822 2976 1908 3008 magis
1922 2978 1984 3000 sunt
1997 2975 2070 3000 entia
2081 2975 2273 3006 particularia,
2287 2981 2354 3006 quae
2369 2974 2495 2999 dicuntur

1427 3013 1535 3044 primae
1559 3012 1722 3037 substantiae
1746 3015 1773 3036 et
1793 3011 1956 3043 principales
1964 3017 1971 3038 ,·
1991 3011 2014 3034 1:
2043 3010 2177 3040 Quantum
2198 3017 2260 3034 vero
2283 3010 2320 3034 ad
2345 3010 2494 3034 naturalem

1427 3048 1628 3080 persistentium
1654 3047 1789 3079 (corrupte
1808 3054 1855 3078 pro
1874 3044 2007 3079 subsist.)‚
2029 3045 2114 3078 magis
2133 3048 2195 3069 sunt
2209 3044 2402 3076 particularia,
2428 3052 2495 3076 quae

1432 3083 1559 3108 dicuntur
1573 3083 1680 3114 primae
1698 3085 1725 3106 et
1738 3082 1918 3114 particulares
1937 3081 2107 3105 substantiae.

1485 3118 1512 3151 φ)
1533 3118 1588 3142 Sed
1605 3117 1714 3149 aliquod
1728 3124 1812 3150 genus
1827 3122 1902 3141 etc.—
1912 3116 1981 3145 CEQ
2000 3121 2024 3140 et
2042 3124 2067 3148 p.
2081 3124 2116 3140 m.
2131 3115 2210 3140 DST:
2229 3115 2277 3140 sed
2290 3115 2399 3147 aliquod
2410 3121 2495 3147 genus

1431 3153 1582 3181 accidentis,
1602 3153 1674 3185 quod
1691 3160 1723 3177 ea
1741 3158 1798 3183 etc-3
1818 3152 1854 3176 N:
1874 3152 1920 3176 sed
1937 3151 2046 3183 aliquod
2063 3151 2184 3176 accidens
2203 3150 2349 3183 contingit,
2365 3150 2429 3182 quia
2446 3150 2496 3175 etsi

1431 3196 1478 3219 ω,-
1496 3189 1519 3212 Α
1538 3196 1590 3212 om.
1610 3195 1649 3212 ea.

1484 3224 1513 3258 χ)
1535 3224 1565 3247 Si
1584 3223 1731 3248 diceremus
1750 3222 1917 3248 etc.—Verba
1935 3222 1959 3247 si
1978 3222 2122 3247 diceremus
2141 3229 2193 3245 om.
2213 3221 2250 3251 0;
2269 3220 2307 3245 T:
2326 3220 2349 3245 si
2368 3220 2495 3253 intellige-

1431 3266 1520 3284 remus
1538 3259 1573 3283 al.
1587 3259 1745 3287 diceremus,
1761 3259 1807 3282 sed
1826 3258 1861 3282 al.
1877 3258 2011 3290 corrigitur
2029 3257 2054 3281 in
2074 3257 2127 3286 vel,·
2146 3257 2214 3281 unde
2233 3261 2339 3288 apparet
2357 3256 2494 3287 exemplar,

1431 3302 1462 3319 ex
1481 3301 1535 3326 quo
1554 3294 1664 3318 mediate
1682 3294 1724 3317 vel
1747 3293 1894 3317 immediate
1912 3293 2071 3324 transcripsit
2089 3300 2172 3316 aman.
2192 3292 2248 3316 cod.
2270 3291 2308 3321 T,
2329 3290 2451 3315 habuisse
2470 3291 2495 3315 in

1431 3334 1501 3354 textu
1517 3329 1723 3361 intelligeremus
1737 3333 1762 3353 et
1776 3329 1800 3352 in
1816 3328 1931 3360 margine
1944 3328 1979 3352 al.
1989 3328 2135 3352 diceremus
2140 3335 2149 3356 ‚·
2163 3327 2228 3351 alius
2239 3334 2301 3351 vero
2316 3331 2403 3350 notam
2417 3326 2495 3350 textui

1431 3364 1552 3394 inseruit,
1572 3364 1661 3388 tertius
1678 3364 1773 3387 tleinde
1791 3364 1827 3387 al.
1848 3363 1957 3388 correxit
1976 3364 2000 3387 in
2019 3363 2067 3387 vel.
2088 3362 2147 3392 BQ:
2162 3362 2239 3387 homo
2259 3362 2304 3394 qui
2322 3364 2362 3386 est
2379 3361 2495 3391 animal,-

1431 3399 1529 3424 ΑΗΝΟ
1542 3407 1595 3423 om.
1608 3399 1742 3428 existens5
1761 3398 1833 3423 cuius
1853 3398 1910 3422 loco
1925 3398 1999 3422 codd.
2012 3397 2128 3427 BCEQT
2142 3402 2167 3421 et
2187 3405 2211 3429 p.
2227 3405 2263 3422 m.
2282 3397 2323 3421 DS
2338 3397 2425 3429 legunt
2442 3399 2494 3426 est,

1433 3435 1464 3459 IL
1484 3440 1510 3458 et
1528 3443 1549 3459 s.
1565 3442 1600 3458 m.
1615 3434 1652 3458 D:
1671 3434 1716 3466 qui
1734 3436 1784 3462 est,
1804 3433 1844 3457 M:
1863 3436 1889 3458 et
1908 3436 1960 3462 est;
1979 3433 2001 3457 Κ
2020 3433 2085 3457 inter
2102 3432 2204 3457 animal
2222 3437 2248 3456 et
2265 3434 2405 3463 separatus
2419 3431 2497 3456 habet

1433 3469 1545 3502 spatium
1565 3477 1617 3493 non
1636 3470 1761 3501 scriptum
1780 3476 1858 3500 capax
1877 3469 1986 3492 duarum
2005 3468 2145 3492 literarum.

1485 3503 1513 3538 ψ)
1533 3505 1565 3529 Si
1582 3507 1671 3529 autem
1690 3504 1739 3529 hoc
1757 3507 1796 3529 est
1810 3504 1932 3528 eto-H:
1952 3506 1991 3528 est
2009 3510 2115 3532 verum,·
2134 3503 2242 3527 ΑΙΜΝΟ
2261 3510 2314 3527 om.
2327 3509 2406 3535 ergo,·
2425 3502 2463 3527 O:
2481 3509 2496 3527 e

1431 3547 1557 3565 converso
1571 3547 1634 3572 seq.;
1652 3539 1715 3564 MN:
1734 3538 1936 3571 sequetur.—N:
1956 3538 2095 3570 opinionis,
2106 3545 2158 3569 per
2173 3544 2268 3570 quam,·
2283 3542 2308 3562 et
2328 3545 2406 3570 quam
2421 3537 2495 3562 etiam

1432 3575 1506 3600 codd.
1519 3575 1639 3605 AELQT
1657 3580 1683 3599 et
1702 3582 1723 3599 s.
1737 3582 1772 3599 m.
1786 3574 1865 3604 DKS;
1885 3574 1949 3604 MQ:
1968 3573 2064 3606 aliquis
2079 3573 2220 3605 opinatum
2233 3573 2269 3597 B:
2282 3572 2347 3605 quid
2361 3572 2442 3604 apin-5
2460 3572 2495 3596 N:

1432 3611 1503 3642 opin.
1516 3610 1587 3643 quod
1606 3610 1754 3635 universale
1772 3613 1812 3634 est
1829 3612 1911 3634 extra
1930 3614 1986 3640 etc-3
2006 3612 2045 3634 est
2063 3609 2139 3633 etiam
2158 3608 2271 3638 ELQST
2290 3613 2316 3633 et
2334 3616 2360 3641 p.
2374 3615 2409 3632 m.
2423 3607 2455 3632 K.

2533 356 2542 366 ⁸
2557 361 2588 376 u:
2603 358 2668 377 nota.

2630 411 2644 426 υ

2530 463 2537 470 “
2545 467 2569 482 r:
2578 461 2743 483 substantiam.

2530 509 2540 519 ⁸
2562 509 2599 530 Cf.
2618 510 2627 530 1
2646 510 2739 535 Perih.‚

2529 535 2579 556 lect.
2601 543 2628 562 x,
2648 542 2671 558 n.
2687 543 2698 565 3
2718 541 2740 558 et

2529 570 2576 587 not.
2594 563 2615 596 β.

2529 598 2537 606 '¹
2552 604 2580 618 ΑΒ
2596 604 2641 619 non
2660 601 2735 619 rect-x:

2523 624 2600 650 ponit.

2526 674 2636 701 ‘Propon
2643 675 2680 695 vel
2688 681 2736 696 om.

2527 706 2550 720 n.

2523 1108 2534 1119 ⁸
2543 1114 2556 1129 Λ
2565 1115 2570 1129 t
2579 1108 2684 1135 aliquid:
2695 1115 2733 1130 mu

2523 1140 2571 1155 om.
2596 1146 2611 1150 -
2632 1135 2687 1156 Sint
2708 1141 2735 1156 ex

2523 1160 2600 1185 codd.;
2615 1167 2642 1181 r:
2659 1164 2720 1182 sunt.

2523 1320 2530 1327 ·
2542 1318 2577 1340 Cf.
2587 1319 2632 1340 loc.
2644 1319 2682 1340 cit.
2691 1319 2733 1341 Pe-

2523 1350 2732 1382 rih.,n.4etnot.7.

2547 1436 2574 1451 o:
2589 1430 2701 1451 tribuere.

2523 1486 2531 1492 '
2547 1490 2552 1504 ι
2563 1491 2568 1504 :
2583 1484 2729 1505 mentione.—

2522 1509 2611 1531 Habita
2620 1517 2647 1531 ex
2658 1510 2734 1536 codd.;

2522 1542 2556 1557 m:
2571 1536 2646 1562 facta.

2522 1590 2531 1598 ·
2544 1589 2619 1611 Codd.
2628 1601 2637 1605 -
2646 1595 2670 1610 ¹³:
2682 1591 2735 1610 tunc

2522 1617 2592 1636 esset.

2522 1641 2734 1668 ''Quodom.codd.,

2522 1675 2572 1689 exc.
2582 1672 2639 1690 unet
2648 1675 2704 1690 s.m.
2713 1675 2734 1690 e.

2521 1858 2530 1867 ⁸
2539 1863 2624 1878 AleMO
2636 1861 2658 1878 et
2673 1864 2731 1878 s.m.

2521 1889 2586 1904 cous.
2594 1890 2641 1904 -rz
2657 1884 2731 1904 omnis

2522 1910 2598 1931 homo.
2608 1910 2682 1931 Codd.
2693 1910 2731 1937 qui

2522 1936 2575 1957 hab.
2585 1936 2673 1962 omnis,
2684 1943 2732 1958 om.

2520 1962 2626 1984 dicimus.

2615 2000 2634 2025 7.

2619 2070 2635 2103 ψ

2522 2231 2531 2241 ⁸
2547 2230 2594 2263 Qui
2607 2236 2654 2251 om.
2664 2236 2686 2252 A.

2521 2258 2530 2266 ·
2546 2257 2675 2278 §odd-r:
2691 2257 2732 2278 de-

2522 2285 2603 2311 rogat.
