2788 4204
1123 254 1234 291 CAP.
1263 254 1315 300 X,
1346 254 1496 290 LECT.
1527 254 1651 291 XVIII
2401 267 2472 292 211

59 349 71 359 *
94 347 169 370 codd·
186 353 243 368 -122
295 339 365 376 tias
386 345 468 386 etc„
486 337 700 375 manifestat
719 335 929 385 quoddam,
953 333 1089 383 quod*
1104 338 1254 381 poterat
1279 343 1360 367 esse
1415 344 1494 368 non
1528 340 1584 369 est
1619 332 1787 370 similiter
1818 333 2062 370 manifestum
2091 333 2139 370 de
2167 334 2346 370 omnibus
2375 334 2480 383 quod

51 373 269 449 ἕὲἶᾷἷςῖἴ
297 391 469 429 dubium.
487 390 588 437 Quia
604 390 705 426 enim
721 388 864 425 dixerat
875 388 895 408 '¹‘
910 386 1015 435 quod
1029 385 1206 422 scientiae
1221 395 1361 431 suppo·
1416 384 1488 420 sint
1502 385 1534 431 ³¹⁸,
1562 384 1658 421 sicut
1677 385 1782 434 quod
1797 386 1843 422 sit
1857 398 2051 433 numerus,
2069 393 2105 422 et
2126 386 2232 434 quod
2251 386 2296 422 sit
2315 387 2479 423 calidum
2507 398 2517 409 ⁴
2540 398 2610 426 Quod
2629 399 2679 420 xint
2693 405 2720 420 o-

2508 424 2567 445 mitt.
2582 431 2620 446 ac.

2510 453 2517 460 ·
2530 451 2612 482 Qodd.:
2620 451 2720 479 propin-

2508 483 2586 514 qums.

2534 503 2608 525 Codd.
2624 504 2665 525 alt.
2676 509 2721 525 au—

2509 531 2561 551 tem.

2509 556 2532 567 ⁸⁸
2546 562 2601 577 nac:
2611 556 2668 577 Sim.
2677 562 2721 577 au-

2510 584 2554 603 tem
2565 590 2574 607 ,·
2591 589 2623 603 x:
2643 585 2721 603 autem

2511 610 2535 629 et
2539 616 2548 634 ,·
2556 614 2632 630 como:
2641 609 2722 630 etiam.

56 453 100 476 xit·
297 451 392 482 nunt
421 444 468 481 de
487 442 679 492 principiis
707 441 795 489 quia
822 445 919 485 sunt,
941 439 988 476 de
1007 437 1248 486 passionibus
1274 436 1364 483 quid

294 503 392 544 sunt,
423 497 470 534 de
490 495 666 533 subiectis
686 501 813 530 autem
843 498 1052 540 utrumque,
1080 496 1211 539 posset
1230 488 1362 536 aliquis

298 550 453 588 credere
473 548 578 598 quod
597 553 790 595 oporteret
809 545 1012 594 specialem
1028 543 1111 579 fieri
1126 540 1362 578 mentionem

298 603 346 640 de
366 602 545 639 omnibus
559 600 648 637 istis.
664 599 776 636 Unde
787 598 806 617 ²³⁴
821 599 897 634 hoc
916 603 1101 642 removet,
1114 594 1243 632 dicens
1258 593 1362 641 quod

1415 437 1478 473 vel
1493 436 1688 484 frigidum:
1710 450 1875 486 quorum
1894 451 2015 475 unum
2037 446 2092 475 est
2109 438 2369 487 propinquum
2384 440 2404 460 *
2423 452 2479 476 ra-

1415 488 1525 535 tioni,
1556 490 1716 527 alterum
1737 492 1756 512 ᾖ
1789 491 1926 528 sensui.
1958 488 2135 528 Similiter
2163 499 2200 528 et
2221 493 2261 513 ³¹²*
2289 492 2479 540 quaedam

1417 541 1594 577 scientiae
1622 555 1700 579 non
1730 551 1950 592 supponunt
1970 544 2018 581 de
2045 544 2286 592 passionibus
2314 544 2406 593 quid
2434 545 2480 581 si-

58 610 161 633 ·c0dd.:
176 610 269 636 atnoe,
1417 593 1606 640 gnificent,
1637 607 1855 643 expressam
1883 596 2118 634 mentionem
2148 597 2196 634 de
2220 597 2274 634 eis
2294 597 2478 634 faciendo.

59 637 149 660 omisso
164 636 233 659 unde.

2512 656 2522 667 ⁸
2537 659 2583 677 aet
2598 662 2643 677 sec.
2659 662 2720 677 man.

56 700 69 711 ⁸
82 705 108 721 ιε
127 699 255 727 principiis
262 706 272 725 ;

101 726 176 774 ἕέἒᾱ.
190 762 207 767 -
225 757 270 772 ..2

105 777 169 804 πο,-
181 783 198 798 a
215 777 270 799 hab.

57 808 189 852 '‘guz-mitt.
203 835 272 855 esee,-

56 863 84 879 a:
99 855 143 878 red
155 855 192 883 u';
205 862 233 877 o:
248 857 273 877 et

298 655 389 693 nihil
415 653 594 703 prohibet
620 651 808 700 quasdam
836 649 1009 687 scientias
1037 648 1224 696 despicere
1251 657 1363 694 quae-

297 708 386 745 dam
407 706 711 755 praedictorum,
741 704 838 741 idest
866 715 945 740 non
970 702 1094 738 facere
1126 698 1362 737 mentionem

299 771 518 808 expressam
534 758 582 795 de
596 756 815 806 praemissis
824 757 855 802 *,
868 755 963 793 sicut
978 753 1210 804 quandoque
1225 752 1266 772 *ἵ
1284 763 1363 787 non

297 812 385 850 facit
417 811 654 849 mentionem
689 810 737 847 de
771 810 847 846 hoe
879 807 984 857 quod
1017 812 1208 855 supponat
1243 816 1363 852 genus

298 864 512 902 subiectum
540 876 635 911 esse,
656 862 687 900 si
704 863 724 884 *
744 862 790 900 sit
808 861 1052 899 manifestum
1071 858 1177 908 quod
1196 857 1253 905 sit,
1274 856 1363 905 quia

298 1030 339 1056 his
354 1037 422 1063 quae
440 1030 515 1055 docet
533 1037 555 1054 s.
565 1028 682 1054 Thomas
696 1029 722 1053 in
734 1027 783 1053 hac
796 1028 852 1060 ipsa
866 1027 975 1052 lectione
989 1031 1014 1051 et
1027 1026 1095 1056 alibi,
1110 1031 1205 1056 nempe
1218 1023 1290 1056 quod
1304 1030 1364 1055 pas-

299 1066 386 1091 siones
405 1065 614 1090 demonstrantur
637 1064 670 1088 de
692 1063 797 1096 proprio
816 1062 945 1092 subiecto,
964 1066 991 1086 et
1009 1065 1198 1092 consequenter
1222 1058 1293 1098 quod
1312 1057 1381 1094 sint·

298 1109 351 1126 non
365 1100 496 1134 principia,
512 1100 559 1124 sed
567 1099 742 1131 principiam,
756 1105 823 1130 quae
837 1097 934 1122 scilicet
948 1096 1157 1121 demonstrantur
1167 1101 1206 1119 ex
1213 1092 1364 1125 principiis.

350 1136 392 1161 Ad
410 1135 478 1160 banc
495 1133 670 1159 difficultatem
687 1133 900 1165 respondendum
919 1136 959 1156 est
977 1131 1048 1164 quod
1073 1129 1227 1163 principium
1245 1134 1286 1153 est
1303 1128 1365 1160 quid

297 1171 447 1196 relativum:
466 1177 519 1194 non
537 1169 606 1194 enim
625 1169 716 1193 dicitur
729 1167 884 1201 principium
898 1167 947 1191 nisi
960 1174 991 1191 ex
1003 1165 1094 1191 ordine
1107 1165 1140 1190 ad
1153 1172 1185 1189 ea
1202 1171 1270 1196 quae
1284 1171 1365 1195 penes

297 1213 347 1232 nos
365 1205 484 1230 dicuntur
502 1204 660 1238 principiam.
678 1204 718 1228 De
735 1203 835 1228 ratione
853 1206 940 1227 autern
958 1201 1056 1226 relativi
1070 1205 1117 1229 est,
1137 1204 1166 1224 ut
1181 1198 1266 1232 possit
1282 1206 1365 1231 oppo-

298 1240 361 1266 sitas
377 1239 579 1273 praedicationes
594 1239 734 1271 suscipere,
748 1238 892 1263 secundum
905 1237 976 1269 quod
991 1235 1163 1260 diversimode
1176 1233 1365 1259 consideratur:

297 1276 332 1302 ita
344 1279 425 1309 pater,
440 1279 466 1300 et
478 1279 551 1308 pater
565 1278 605 1299 est
617 1278 736 1307 respectu
755 1272 801 1298 filii
819 1280 898 1305 quem
917 1276 1028 1304 generat,
1048 1275 1074 1296 et
1087 1270 1165 1295 simul
1185 1273 1225 1294 est
1238 1267 1307 1293 filius
1326 1276 1365 1293 re-

298 1314 390 1344 vectu
407 1310 486 1343 patris
510 1317 525 1334 a
546 1317 599 1342 quo
621 1314 662 1334 est
678 1313 825 1341 generatus.
844 1307 965 1333 Similiter
983 1311 1023 1331 est
1042 1307 1074 1330 de
1093 1304 1273 1338 passionibus,
1299 1311 1366 1336 quae

298 1346 348 1372 sub
368 1345 471 1370 diverso
489 1349 609 1378 ηερε-ιω
627 1349 689 1369 sunt
702 1343 826 1377 principia
844 1347 869 1368 et
887 1341 1148 1375 principiam-*Sunt
1167 1339 1273 1372 quidem
1295 1339 1365 1372 prin-

294 1381 392 1414 cipiam
412 1384 532 1413 respecm
553 1379 660 1404 subiecti
679 1387 694 1404 a
712 1386 765 1411 quo
784 1378 901 1403 oriuntur
919 1377 1072 1406 necessario,
1092 1381 1117 1400 et
1135 1375 1175 1400 cui
1194 1374 1303 1408 proinde
1322 1375 1366 1399 de-

251 1414 260 1416 ?
298 1420 476 1442 monstrantur
497 1423 545 1448 per
563 1422 592 1440 se
615 1414 715 1444 inesse3
735 1414 801 1438 sicut
820 1413 958 1438 risibilitas
980 1417 1021 1437 est
1043 1411 1238 1444 principiatum‚
1262 1414 1288 1434 et
1310 1410 1365 1434 eius

297 1451 454 1486 principium
472 1455 513 1476 est
530 1454 619 1475 natura
632 1449 754 1479 humana,
769 1449 809 1474 cui
824 1456 871 1481 per
884 1455 913 1472 se
927 1447 1066 1472 convenire
1083 1446 1214 1479 probatur,
1229 1450 1365 1477 assumpto

297 1493 347 1520 pro
360 1485 447 1511 medio
461 1485 687 1511 demonstrationis
701 1485 760 1517 ipso
774 1484 899 1513 subiecto,
914 1490 1009 1515 nempe
1023 1482 1079 1515 ipsa
1097 1481 1210 1506 hominis
1225 1485 1323 1505 natura.
1338 1480 1366 1504 In

297 1521 348 1548 hoe
366 1528 446 1547 sensu
457 1518 597 1553 Angelicus
611 1528 638 1545 ιι.
650 1527 670 1552 4
682 1524 752 1544 recte
766 1519 842 1544 docet
859 1518 994 1551 passiones
1013 1525 1073 1542 esse
1086 1516 1243 1549 principiam,
1258 1516 1307 1540 hoc
1326 1519 1367 1540 est

292 1555 469 1582 demonstrari
488 1563 519 1581 ex
533 1554 663 1589 principiis
678 1555 766 1579 inesse
784 1554 908 1583 subiecto,
923 1558 985 1586 puta
1003 1552 1159 1584 triangulum
1174 1559 1233 1576 esse
1251 1550 1366 1583 aequila-

297 1596 391 1622 terum,
400 1595 428 1617 et
441 1591 566 1624 angulum
579 1598 638 1615 esse
652 1595 752 1615 rectum
766 1589 899 1614 etc-Sed
914 1593 975 1613 sunt
988 1587 1119 1621 principia,
1129 1591 1158 1611 ut
1172 1586 1264 1611 dicitur
1276 1587 1302 1610 in
1316 1585 1366 1610 hoc

297 1634 417 1658 munere,
436 1631 564 1659 quatenus
583 1630 644 1650 sunt
661 1633 744 1650 unum
763 1632 793 1649 ex
811 1624 902 1654 tribus,
917 1631 983 1656 quae
999 1622 1112 1655 supponi
1127 1622 1222 1646 debent
1235 1621 1267 1646 ad
1281 1621 1367 1645 scien-

297 1662 361 1688 tiam
380 1662 412 1687 de
435 1661 552 1686 subiecto
575 1660 769 1693 acquirendam,
794 1664 823 1684 ut
840 1659 994 1691 explicatum
1020 1663 1060 1683 est
1081 1658 1108 1682 in
1127 1657 1239 1682 secunda
1257 1656 1367 1681 lectione

298 1697 377 1724 huius
395 1696 471 1730 primi
490 1696 666 1726 libra-Hinc,
680 1699 710 1720 ut
728 1694 831 1719 brevius
850 1694 974 1725 dicamus,
992 1693 1080 1726 passio
1103 1692 1190 1725 quoad
1212 1699 1288 1716 suum
1302 1690 1367 1723 quid

299 1735 340 1758 est
353 1732 425 1765 quod
444 1731 544 1757 dicitur
562 1730 614 1764 (Cf.
628 1731 686 1756 lect.
699 1730 730 1763 u)
745 1735 784 1755 est
797 1729 950 1762 principium
955 1737 963 1760 ;
977 1729 1063 1761 quoad
1082 1735 1161 1752 suum
1177 1727 1239 1759 quia
1253 1730 1293 1752 est
1307 1726 1365 1759 (Ib.)

300 1771 342 1793 est
353 1766 540 1800 principiamm.
554 1766 588 1791 Et
596 1765 634 1791 sic
647 1765 757 1790 solvitur
770 1764 904 1789 difficultas
919 1764 969 1796 (Cf.
983 1764 1063 1788 Caiet.
1077 1763 1103 1788 in
1117 1763 1127 1787 1
1142 1763 1252 1791 Postera,
1268 1769 1323 1794 cap.
1332 1769 1366 1792 xx,

300 1802 317 1836 fl
331 1802 472 1833 Quomodo
484 1801 578 1834 passio
595 1805 644 1826 etc.
665 1801 744 1827 Circa
762 1800 917 1825 divisionem
932 1804 990 1830 etc„
1002 1799 1046 1823 fol.
1063 1797 1105 1828 53,
1123 1798 1172 1822 eol.
1186 1797 1225 1830 4).

355 1837 429 1868 Quae
443 1844 503 1862 cum
521 1837 557 1862 ita
569 1836 621 1861 sint
633 1844 686 1861 non
699 1835 849 1868 probandus
863 1839 904 1860 est
916 1834 1072 1859 Theodorus
1085 1833 1180 1863 Waitz,
1195 1839 1255 1857 cum
1269 1839 1284 1856 a
1297 1832 1366 1864 prin-

299 1871 611 1938 ᾞωάῗῖἵὲᾱῗῖἕῗ
621 1867 1367 1939 Zssffl‘iicssb{fflssiieffiffffipssffwffiqsseu(1¹1⁷,ssssssss

302 1953 317 1967 »
335 1942 408 1971 omni
426 1941 646 1967 demonstratione
667 1941 717 1966 tria
735 1940 914 1972 distinguenda
932 1940 996 1970 sint,
1020 1946 1115 1971 genus,
1135 1938 1167 1962 de
1186 1945 1239 1970 quo
1258 1937 1366 1962 demon-

302 1987 317 2002 »
336 1982 440 2008 amur,
451 1977 584 2006 axiomata,
597 1983 628 2001 a
641 1976 744 2008 quibus,
759 1980 784 2000 et
798 1973 830 2000 τὰ
841 1971 994 2009 ὑπάρχοντα
1008 1972 1064 1998 καθ’
1082 1970 1148 1998 αὐτὰ
1163 1974 1200 2007 τῷ
1214 1971 1288 2006 γένει,
1300 1979 1367 2004 quae

302 2023 318 2036 ι
337 2013 554 2042 demonstrentur,
569 2019 652 2044 genus
667 2016 693 2036 et
711 2011 836 2036 axiomata
851 2010 910 2035 dicit
923 2007 956 2034 τὰ
975 2010 1075 2043 πρῶτα,
1089 2009 1189 2041 reliqua
1202 2015 1265 2032 vero
1279 2007 1367 2032 omnia

302 2057 317 2107 ἰ
337 2047 636 2108 ffissffimffiim‘„
646 2043 726 2106 '⁶25²
740 2043 1367 2106 {Zi‘ffzaissssffiffe“⁰¹50Ez‘5325ss'232522‘2u33

303 2128 318 2142 ι
337 2117 392 2151 (die
407 2090 562 2150 Principia)
576 2089 705 2142 bedeiiien
718 2089 772 2141 :ind
789 2123 845 2141 was
864 2123 911 2140 aus
930 2116 1015 2140 dieser
1028 2115 1181 2147 Bedeutung
1194 2113 1259 2146 folgt
1276 2110 1320 2145 (τὰ
1339 2110 1367 2137 ἐκ

303 2163 318 2178 2
337 2151 457 2186 τούτων),
466 2153 532 2178 wird
540 2156 736 2185 vorausgesetzt
747 2161 760 2174 ι
773 2150 934 2184 (Aristonus
948 2157 1070 2184 organon
1079 2156 1183 2183 graece,
1190 2149 1219 2174 P.
1226 2149 1255 2180 11,
1265 2148 1367 2173 Poster.

301 2188 421 2223 Analst„
438 2187 524 2213 Schol.
537 2188 564 2212 in
578 2195 633 2220 cap.
646 2194 671 2218 x,
684 2194 743 2220 pag.
759 2186 818 2217 326,
833 2187 874 2211 ed.
893 2186 954 2219 cin).
963 2199 983 2204 -
992 2186 1021 2210 In
1039 2190 1204 2210 antecessum
1222 2191 1274 2208 non
1291 2184 1368 2208 video

302 2231 358 2257 quo
375 2227 451 2257 paeto
473 2222 537 2248 haec
554 2223 642 2247 omnia
660 2221 813 2247 cohaereant
831 2229 891 2246 cum
913 2222 1011 2246 traditis
1031 2221 1062 2246 ab
1086 2220 1179 2245 eodem
1202 2219 1315 2244 Auctore
1333 2219 1367 2243 ib.

302 2257 558 2320 333⁹}ng
577 2267 592 2280 ‘
608 2255 1188 2318 Qmizss'qissi'effiqi'ffissffphffioffiiia
1197 2261 1368 2322 ἒΐᾈῖαᾛὲἓ

1271 2307 1277 2320 9

303 2339 318 2353 ι
337 2336 401 2354 vero
415 2311 572 2361 oognosceie
586 2328 712 2353 debemus
726 2325 751 2353 τί
765 2323 795 2352 τὸ
810 2325 950 2362 λεγόμενόν
965 2309 1198 2356 ἔστι,’ἀεᾱιιίῑι“οηεε
1212 2330 1285 2350 sunt:
1299 2325 1368 2349 unde

303 2373 318 2388 s
337 2363 367 2389 fit
383 2368 414 2388 ut
437 2364 599 2397 disdplinam
621 2363 705 2396 ipsam
728 2362 912 2395 q'uamcunque
932 2362 1087 2394 praecedere
1111 2360 1221 2386 debeant
1243 2360 1369 2385 axiomata

303 2409 319 2422 ι
339 2403 365 2424 et
383 2397 552 2424 definitiones.
565 2408 578 2421 ι
597 2398 636 2423 Ex
647 2399 732 2431 primo
746 2405 808 2430 ergo
823 2398 905 2430 capite
918 2397 1100 2422 Posterior-um
1115 2396 1231 2421 concedit
1250 2395 1368 2420 laudatus

302 2433 387 2459 Waitz
406 2441 438 2459 ex
454 2434 551 2464 tribus,
587 2441 638 2458 uae
651 2433 898 2458 demonstrationem
917 2433 1100 2465 ingrediuntur,
1119 2432 1245 2456 axiomata
1263 2438 1369 2463 praeco·-

303 2469 394 2503 gnosci
412 2469 473 2502 quia
487 2473 548 2494 sunt
561 2468 619 2502 (οτι
637 2465 728 2501 letzim
748 2468 866 2493 concedit
882 2468 990 2500 insuper
1003 2467 1036 2492 de
1050 2467 1167 2492 subiecto
1184 2466 1370 2499 praecognosci

303 2504 399 2535 debere
416 2512 469 2529 non
487 2504 575 2529 solum
592 2503 656 2536 quia
673 2506 726 2533 est,
746 2503 794 2528 sed
812 2504 890 2528 etiam
908 2501 1035 2532 definitio,
1054 2509 1148 2534 nempe
1166 2501 1231 2534 quid
1248 2504 1302 2531 est,
1322 2508 1370 2526 seu

303 2539 397 2565 saltem
410 2539 477 2572 quid
489 2542 529 2565 est
542 2539 614 2572 quod
628 2538 727 2564 dicitur
745 2535 781 2571 (τί
800 2534 830 2563 τὸ
849 2535 989 2572 λεγόμενόν
1009 2534 1086 2570 ἔστι);
1106 2537 1153 2562 sed
1170 2536 1220 2561 hoc
1238 2537 1326 2569 ipsum
1343 2533 1369 2560 τί

301 2571 334 2600 τὸ
402 2572 494 2608 ὀμενόν
517 2571 571 2599 ἔστι
589 2574 742 2599 Aristoteles
762 2573 821 2598 dicit
839 2573 872 2598 de
890 2573 1035 2606 praedicato
1054 2580 1101 2597 seu
1120 2572 1153 2596 de
1172 2572 1307 2613 passione:
1326 2568 1367 2596 Τὰ

302 2606 331 2634 u
349 2617 380 2635 το
397 2617 447 2634 ων
465 2605 534 2642 πάθη
547 2607 606 2634 καθ’
621 2605 700 2641 αὑτά,
719 2606 744 2633 τί
764 2605 808 2642 μὲν
827 2605 943 2642 σημαίνει
961 2606 1080 2639 ἕκαστον,
1094 2605 1282 2641 λαμβανουσιν.
1300 2607 1370 2639 Ergo

303 2652 364 2670 cum
381 2644 526 2670 subiectum
545 2645 578 2669 sit
601 2645 666 2669 inter
684 2642 717 2669 τὰ
736 2645 826 2677 πρῶτα
845 2651 913 2676 quae
934 2650 1105 2676 praenoscere
1129 2642 1186 2667 sine
1208 2642 1369 2667 demonstra-

301 2680 373 2706 tione
390 2680 532 2712 debemus,
551 2680 606 2712 pari
624 2680 723 2704 ratione
741 2679 810 2704 idem
835 2678 973 2703 dicendum
991 2683 1032 2703 est
1049 2678 1082 2702 de
1100 2678 1246 2710 praedicato
1271 2684 1318 2702 seu
1337 2677 1370 2702 de

302 2715 426 2749 passione
447 2715 536 2748 quoad
557 2712 583 2740 τί
602 2711 632 2740 τὸ
652 2712 792 2749 λεγόμενόν
815 2711 878 2739 ἔστι.
891 2727 911 2733 -
923 2714 999 2738 Adde
1021 2713 1092 2746 quod
1110 2714 1176 2738 sicut
1196 2713 1229 2737 de
1253 2712 1370 2737 subiecto

1419 646 1533 704 Sicut·
1551 646 1664 683 etiarn
1685 660 1763 685 non
1791 656 1942 697 oportet
1965 650 2070 698 quod
2099 649 2145 686 de
2175 650 2445 686 communibus
2460 651 2480 671 ²³³

1415 699 1608 746 prmcipiis
1645 712 1809 749 semper,
1835 701 2012 738 scientiae
2050 702 2186 739 faciant
2223 702 2479 750 mentionem,

1418 750 1507 798 quia
1534 758 1624 788 nota
1643 760 1740 789 sunt.
1770 754 2028 791 Nihilominus
2047 762 2187 802 tamen,
2208 755 2277 792 tria
2290 755 2482 804 praedicta

1417 803 1633 841 naturaliter
1662 805 1681 825 ⁹⁵

1496 855 1520 892 d
1710 813 1797 842 sunt
1825 806 1864 843 in
1888 807 1930 827 *²¹³
1960 807 2126 855 qualibet
2159 808 2313 845 scientia
2341 820 2481 857 suppo-

1417 868 1494 894 nen
1522 868 1555 893 a.
2365 872 2369 875 ’

1419 1022 1553 1062 praenosci
1573 1021 1650 1046 debet
1668 1022 1731 1054 quia
1750 1028 1790 1047 est
1808 1027 1833 1047 et
1851 1023 1915 1055 quid
1933 1029 1980 1054 est,
1996 1029 2025 1048 ut
2039 1024 2070 1048 de
2085 1025 2141 1056 ipso
2160 1024 2299 1050 affirmetur
2315 1026 2357 1050 vel
2376 1031 2484 1059 negetur

1414 1063 1523 1088 pas-3105
1541 1057 1576 1082 ita
1589 1057 1636 1081 nisi
1651 1057 1683 1081 de
1697 1057 1817 1089 passione
1831 1063 2014 1090 praenoscatur
2033 1059 2097 1091 quid
2110 1060 2152 1089 sit,
2173 1060 2331 1092 impossibile
2350 1066 2390 1085 est
2407 1066 2436 1086 ut
2450 1062 2483 1086 de

1419 1092 1476 1123 ipsa
1493 1092 1519 1116 in
1538 1092 1703 1116 conclusione
1717 1091 1858 1117 affirmetur
1871 1101 1906 1118 an
1921 1094 1957 1118 sit
1968 1094 2010 1118 vel
2024 1101 2077 1118 non
2091 1095 2123 1118 sit
2138 1095 2169 1119 de
2183 1096 2280 1120 ratione
2294 1096 2410 1121 subiecti.
2426 1096 2484 1127 Qua

1420 1127 1453 1167 de
1467 1134 1552 1158 causa,
1567 1128 1662 1159 passio,
1677 1132 1706 1152 ut
1719 1127 1760 1152 hic
1773 1136 1852 1160 supra
1866 1129 2023 1159 dicebamus,
2038 1130 2123 1161 quoad
2138 1137 2215 1154 suum
2228 1131 2293 1162 quid
2305 1131 2348 1160 sir,
2364 1136 2404 1156 est
2418 1132 2485 1156 inter

1419 1170 1452 1187 τα
1466 1163 1556 1195 πρῶτα
1575 1163 1786 1187 demonstrationi
1802 1164 2010 1195 praesupposita;
2025 1165 2112 1196 quoad
2126 1172 2203 1189 suum
2217 1166 2280 1197 quia
2294 1166 2326 1190 sit
2340 1174 2372 1190 an
2385 1174 2437 1191 non
2451 1167 2484 1191 de

1419 1197 1544 1228 subiecto,
1559 1202 1599 1221 est
1613 1197 1678 1222 inter
1693 1205 1723 1222 ea
1737 1206 1804 1230 quae
1818 1198 2026 1223 demonstrantur
2041 1196 2068 1223 ἐκ
2082 1197 2189 1224 τούτων.
2201 1210 2214 1222 ‹
2227 1200 2314 1230 Quum
2328 1202 2383 1231 tria,
2398 1202 2485 1233 inquit

1421 1242 1434 1255 ι
1458 1231 1624 1261 Themistius,
1644 1233 1695 1257 sint
1713 1238 1857 1264 momenta,
1877 1234 1972 1267 quibus
1997 1233 2138 1258 absolvitur
2157 1236 2241 1259 omnis
2261 1236 2376 1260 scientia:
2399 1244 2484 1270 genus

1421 1277 1435 1291 »
1455 1268 1650 1299 subiectum...;
1664 1267 1777 1301 affecti0‚
1793 1269 1818 1293 id
1833 1274 1873 1293 est
1892 1276 1930 1299 ea,
1945 1276 2012 1301 quae
2026 1277 2072 1301 per
2090 1276 2120 1293 se
2138 1269 2164 1293 in
2182 1277 2275 1302 genere
2293 1271 2337 1295 illo
2356 1271 2483 1303 insunt...;

1421 1313 1435 1326 »
1454 1303 1558 1328 tertium
1573 1304 1629 1335 ipsa
1642 1304 1787 1336 proloquia
1800 1304 1958 1336 (dignitates
1972 1311 2017 1329 seu
2032 1304 2224 1336 axiomata)...;
2237 1313 2319 1338 genus
2339 1306 2484 1331 subiectum

1422 1349 1435 1362 ι
1456 1343 1568 1363 statuere
1579 1343 1682 1371 oportet
1701 1341 1730 1363 ut
1747 1339 1796 1367 sit;
1815 1339 1963 1363 affectiones
1982 1344 2008 1364 et
2026 1347 2056 1364 ea
2074 1347 2142 1371 quae
2155 1348 2201 1372 per
2215 1348 2244 1364 se
2262 1341 2356 1371 insunt,
2370 1342 2435 1373 quid
2448 1342 2484 1366 si-

1422 1383 1436 1397 »
1455 1373 1596 1406 gnficent5
1609 1373 1746 1406 proloquia
1759 1379 1900 1406 utrumque
1918 1374 2076 1399 desiderant:
2093 1382 2154 1399 nam
2174 1380 2199 1399 et
2216 1380 2245 1399 ut
2263 1376 2320 1406 sint,
2335 1381 2361 1400 et
2374 1377 2436 1408 quid
2450 1377 2484 1401 si-

1455 1408 1583 1441 gnificent,
1599 1414 1737 1441 antequam
1752 1409 1993 1440 demonstrationes,
2004 1409 2147 1434 sciendum.
2156 1420 2169 1432 »
2182 1410 2220 1441 (Ιτι
2230 1410 2239 1434 1
2249 1410 2360 1441 Foster„
2371 1419 2426 1443 cap.
2435 1419 2485 1442 xxr,

1420 1452 1479 1477 pag.
1498 1443 1549 1476 16).
1561 1444 1589 1468 In
1603 1443 1671 1468 hunc
1683 1451 1791 1469 sensum
1810 1445 1924 1477 loquitur
1937 1444 2097 1477 Philoponus
2112 1445 2137 1469 in
2151 1445 2161 1469 1
2175 1445 2287 1475 Foster„
2306 1445 2322 1478 ξ
2334 1446 2405 1476 Quid
2427 1446 2483 1478 qui-

1420 1480 1479 1504 dem
1499 1479 1583 1512 igitur
1602 1484 1663 1509 etc.‚
1686 1486 1744 1512 pag.
1766 1479 1811 1512 39,
1835 1480 1883 1504 col.
1904 1487 1932 1504 2:
1951 1480 1995 1512 qui
2014 1481 2120 1512 insuper
2138 1485 2210 1505 notat
2226 1481 2291 1505 tradi
2309 1480 2359 1505 hoc
2377 1482 2434 1506 loco
2453 1482 2485 1506 ab

1419 1514 1558 1539 Aristotele
1577 1515 1676 1544 eadem,
1695 1521 1762 1546 quae
1781 1515 1807 1539 in
1818 1515 1965 1546 prooemiis
1977 1515 2154 1548 aenigmatice
2168 1515 2248 1545 dixit,
2268 1515 2318 1540 boc
2336 1521 2376 1541 est
2394 1517 2451 1541 lect.
2466 1524 2485 1541 n

1420 1549 1496 1574 huius
1515 1550 1590 1581 primi
1609 1549 1674 1574 libri.
1693 1549 1828 1581 Eamdem,
1847 1558 1914 1582 quae
1933 1550 2008 1582 plana
2027 1555 2080 1580 est,
2100 1550 2334 1582 interpretationem
2358 1557 2484 1584 sequutus

1420 1589 1461 1610 est
1478 1592 1501 1609 s.
1510 1584 1636 1616 Thomas,
1650 1584 1698 1609 nisi
1713 1585 1784 1617 quod
1797 1586 1891 1610 rectius
1906 1590 1976 1610 tenet
1989 1590 2110 1618 oportere
2124 1586 2249 1610 axiomata
2263 1587 2384 1619 cognosci
2398 1587 2484 1619 quoad

1419 1620 1482 1653 quia
1500 1623 1575 1649 sunt,
1594 1628 1647 1644 non
1665 1624 1751 1644 autem
1771 1621 1847 1644 etiam
1866 1621 1952 1652 quoad
1970 1620 2035 1652 quid
2052 1623 2129 1650 sunt,
2148 1625 2178 1645 ut
2195 1629 2226 1646 ex
2245 1622 2325 1646 citatis
2343 1622 2429 1646 verbis
2448 1622 2485 1646 vi-

1421 1656 1496 1680 detur
1514 1656 1609 1680 sentire
1628 1654 1786 1679 Themistius
1812 1655 1861 1687 (Cf.
1881 1656 1923 1680 cit.
1942 1656 2000 1680 lect.
2019 1663 2050 1686 11,
2075 1663 2101 1680 n.
2123 1656 2145 1686 3,
2165 1656 2391 1689 seqq.).—Versio
2409 1657 2485 1681 Biese

1420 1690 1511 1722 (Quid
1529 1690 1679 1722 (principia)
1698 1690 1861 1724 significent,
1881 1694 1908 1715 et
1926 1690 1990 1723 quid
2008 1697 2046 1715 ex
2063 1690 2113 1716 hac
2130 1691 2325 1724 significatione
2347 1695 2484 1724 sequatur,

1416 1725 1656 1758 praesupponitur)
1674 1725 1785 1750 obscura
1804 1731 1851 1755 est,
1870 1733 1918 1750 nec
1936 1726 2094 1750 adamussim
2108 1726 2186 1750 refert
2199 1727 2347 1751 Aristotelis
2360 1732 2483 1751 mentem.

1473 1761 1501 1785 In
1516 1761 1632 1785 Editione
1646 1760 1799 1785 Academiae
1813 1761 1994 1790 Berolinensis,
2010 1768 2089 1793 quam
2104 1766 2249 1793 sequuntur
2261 1756 2344 1787 waitz
2359 1766 2385 1786 et
2398 1762 2482 1791 Didot‚

1419 1796 1500 1821 verba
1514 1795 1574 1826 illa,
1593 1796 1675 1820 ταῦτα
1694 1794 1717 1820 δ’
1738 1793 1792 1820 ἐστὶ
1811 1792 1842 1820 τὸ
1861 1795 1946 1829 γένος,
1966 1794 1997 1821 οὗ
2017 1796 2066 1820 τῶν
2087 1794 2144 1820 καθ’
2166 1794 2232 1821 αὐτὰ
2251 1793 2408 1830 παθημάτων
2428 1794 2483 1822 ἐστὶ

1420 1829 1572 1864 θεωρητική,
1592 1831 1658 1855 intra
1675 1830 1849 1863 parenthesim
1868 1832 2028 1862 clauduntur,
2066 1832 2122 1856 uasi
2139 1832 2147 1856 i
2167 1839 2196 1856 sa
2214 1832 2270 1856 sola
2287 1832 2422 1857 referenda
2434 1832 2485 1856 sint

1421 1866 1453 1891 ad
1470 1866 1551 1890 verba
1568 1865 1715 1891 immediate
1737 1866 1914 1898 praecedentia
1933 1863 1982 1892 ὅσα
2001 1874 2027 1891 τε
2046 1874 2056 1890 ε
2070 1875 2110 1891 ναι
2129 1865 2233 1891 τιθεται.
2256 1867 2484 1900 Trendelenburg,

1420 1909 1463 1933 op.
1478 1901 1528 1932 cin,
1543 1900 1559 1933 5
1574 1900 1621 1934 67,
1635 1908 1693 1934 pag.
1710 1908 1751 1931 21,
1766 1902 1831 1926 intra
1844 1901 2019 1934 parenthesim
2033 1901 2128 1928 claudit
2144 1902 2220 1928 etiam
2234 1902 2322 1933 verba,
2337 1897 2481 1936 ἀξιώματα,

1421 1934 1448 1966 ἐξ
1461 1934 1496 1960 ὧν
1511 1935 1618 1969 πρώτων
1637 1932 1808 1961 ἀποδείκνυσι.
1826 1937 1859 1961 Et
1877 1936 1953 1961 huius
1973 1937 2087 1962 lectionis
2101 1937 2226 1961 rationem
2241 1938 2291 1962 assi
2329 1945 2374 1961 ans
2389 1938 2414 1962 in
2428 1937 2484 1961 Ad-

1421 1972 1529 1999 notatis,
1545 1971 1560 2004 ᾖ
1576 1970 1618 2004 67,
1633 1979 1691 2004 pag.
1710 1970 1767 2004 159,
1782 1972 1829 1996 ait:
1845 1981 1858 1994 «
1871 1968 1921 1996 ὅσα
1940 1980 1967 1996 τε
1985 1965 2050 1997 εἶναι
2069 1970 2191 1997 τίθεται...
2206 1969 2248 1996 καὶ
2268 1979 2297 2005 tp
2310 1980 2354 1996 τον
2368 1969 2400 1996 τὰ
2415 1968 2483 2003 πάθη

1422 2017 1436 2030 ›
1457 2007 1585 2031 artissime
1604 2007 1781 2039 coniungenda
1787 2014 1795 2037 ;
1814 2007 1892 2031 simul
1911 2007 1980 2031 enim
1998 2007 2041 2032 illa
2058 2009 2107 2032 tria
2125 2006 2245 2032 efficiunt.
2269 2007 2432 2032 Parenthesis
2451 2007 2485 2031 ita

1423 2052 1436 2065 »
1458 2042 1560 2066 dilatata
1578 2046 1625 2072 est,
1644 2046 1674 2066 ut
1692 2042 1769 2066 etiam
1787 2039 1829 2066 καὶ
1844 2039 1877 2067 τὰ
1885 2040 1965 2067 -κοινὰ
1983 2040 2111 2077 λεγόμενα
2131 2036 2264 2075 ἀξιώματα
2279 2047 2327 2067 etc.
2346 2043 2470 2074 reciperet
2476 2050 2483 2073 ;

1423 2087 1436 2100 »
1457 2085 1518 2102 nam
1537 2081 1562 2102 et
1580 2076 1644 2106 haec
1661 2081 1750 2109 utpote
1769 2077 1851 2109 prima
1868 2085 1921 2101 non
1940 2077 2156 2107 demonstrantur,
2176 2077 2223 2102 sed
2242 2085 2301 2102 esse
2319 2082 2457 2110 ponuntur.
2470 2086 2483 2099 2

1420 2112 1532 2137 -Paulo
1551 2117 1637 2137 autem
1656 2119 1735 2144 supra
1752 2112 1850 2137 Auctor
1863 2112 1919 2144 ipse
1938 2120 1998 2137 cum
2016 2112 2169 2144 Themisti0‚
2185 2112 2335 2144 Philopono,
2351 2120 2372 2137 s.
2382 2112 2485 2137 Thoma

1421 2153 1448 2173 et
1461 2147 1525 2178 aliis,
1544 2150 1613 2172 recte
1630 2147 1776 2172 Aristotelis
1795 2151 1909 2172 mentem
1928 2148 2037 2180 exponit.
2056 2141 2198 2172 Ait'enim:
2214 2157 2227 2170 ‹
2239 2148 2356 2172 Tertium
2370 2152 2410 2172 est
2423 2147 2484 2172 affe-

1423 2193 1437 2206 »
1458 2183 1572 2207 ctionum
1594 2190 1689 2215 genus,
1714 2183 1739 2207 in
1763 2183 1856 2214 quibus
1881 2183 2088 2208 demonstrandis
2110 2187 2228 2207 versatur
2250 2183 2398 2214 (scientia);
2421 2182 2485 2215 quid

1424 2229 1436 2241 ›
1456 2218 1550 2243 harum
1567 2225 1739 2250 unaquaeque
1757 2217 1881 2251 significet
1903 2218 1974 2250 ponit
2011 2219 2111 2249 uidem,
2130 2225 2186 2242 esse
2205 2223 2292 2242 autem
2315 2225 2358 2242 eas
2378 2218 2485 2242 demon-

1424 2264 1437 2276 »
1458 2258 1529 2278 strat.
1546 2263 1558 2275 »
1579 2253 1691 2278 Textum
1713 2260 1776 2277 vero
1799 2254 1957 2278 Aristotelis:
2011 2252 2061 2278 ἶσα
2086 2248 2248 2284 ἀποδεικτικὴ
2267 2258 2314 2277 etc.
2339 2253 2372 2277 ita
2395 2253 2484 2283 vertit,

1423 2289 1528 2313 Pacium
1548 2288 1573 2320 (1
1592 2288 1702 2318 Foster„
1722 2296 1776 2320 cap.
1790 2288 1847 2321 vm)
1866 2293 2004 2320 sequutus,
2023 2293 2053 2313 ut
2071 2289 2102 2313 ad
2120 2284 2184 2312 εἶναι
2203 2286 2298 2312 τίθεται
2317 2288 2369 2312 duo
2387 2288 2486 2312 solum—

1422 2324 1502 2348 modo
1516 2323 1616 2353 referat‚
1636 2331 1731 2356 nempe
1744 2320 1774 2348 τὸ
1789 2322 1861 2357 γένος
1876 2329 1901 2348 et
1915 2318 2060 2357 ἀξιώματα,
2075 2331 2143 2356 quae
2157 2330 2214 2348 esse
2231 2328 2369 2355 ponuntur,
2389 2328 2414 2347 et
2427 2323 2485 2347 ideo

1423 2359 1486 2384 haec
1505 2359 1557 2383 duo
1576 2358 1641 2383 intra
1658 2358 1832 2391 parenthesim
1847 2359 1954 2390 claudit;
1972 2359 2019 2383 sed
2031 2366 2046 2383 a
2059 2358 2204 2391 parenthesi
2219 2358 2330 2382 excludit
2342 2355 2384 2383 καὶ
2399 2355 2486 2391 τρίτον

1423 2393 1456 2420 τὰ
1475 2390 1554 2425 πάθη,
1575 2394 1635 2426 quia
1648 2394 1680 2418 de
1693 2395 1814 2426 passione
1832 2401 1888 2419 esse
1902 2401 1954 2418 non
1968 2395 2128 2426 supponitur,
2143 2394 2190 2418 sed
2208 2393 2343 2426 probatur:
2363 2402 2376 2415 α
2393 2393 2486 2417 Omnis

1425 2440 1438 2453 2
1459 2430 1571 2459 scientia,
1592 2429 1677 2461 inquit
1691 2429 1715 2461 §-
1730 2428 1772 2462 67,
1787 2437 1846 2461 pag.
1861 2436 1909 2460 44,
1928 2430 1954 2453 in
1973 2429 2174 2453 demonstrando
2187 2429 2272 2461 posita
2286 2429 2351 2453 circa
2368 2429 2416 2452 tria
2429 2435 2486 2452 ver-

1425 2474 1439 2488 »
1459 2470 1542 2494 satur,
1562 2471 1674 2496 quorum
1694 2465 1746 2489 duo
1764 2472 1823 2489 esse
1841 2469 1972 2496 ponuntur
1986 2464 2061 2496 (haec
2079 2469 2166 2489 autem
2185 2463 2301 2496 sunt...),
2319 2464 2428 2488 tertium'
2441 2470 2487 2487 eae

1425 2510 1438 2523 »
1459 2505 1520 2525 sunt
1538 2499 1685 2524 affectiones
1696 2508 1711 2523 »
1727 2504 1777 2525 etc.
1788 2513 1807 2520 -
1816 2499 2000 2524 Rationabilior
2012 2499 2114 2524 videtur
2132 2498 2195 2523 haec
2207 2499 2291 2529 lectio,
2306 2506 2386 2534 quam
2400 2498 2443 2523 illa
2457 2505 2488 2522 ex

1422 2535 1539 2560 Bekkero
1554 2542 1632 2567 supra
1650 2535 1762 2566 recitata,
1777 2539 1803 2560 et
1821 2542 1901 2567 quam
1914 2534 1998 2559 Waitz
2017 2539 2043 2559 et
2060 2535 2138 2559 Didot
2156 2535 2352 2566 amplectuntur.
2366 2534 2488 2558 Attamen

1422 2571 1483 2603 quia
1496 2570 1576 2595 verba
1591 2567 1641 2595 ὅσα
1655 2577 1682 2594 τε
1695 2565 1759 2595 εἶναι
1773 2567 1868 2594 τίθεται
1882 2574 1993 2602 possunt
2005 2570 2095 2595 referri
2109 2570 2141 2594 ad
2155 2567 2214 2603 τρὶα
2224 2576 2291 2602 quae
2305 2573 2487 2601 supponuntur

1423 2613 1491 2636 esse,
1510 2606 1629 2638 quamvis
1649 2605 1820 2630 diversimode
1839 2613 1898 2630 esse
1917 2610 2102 2638 supponantur,
2122 2612 2216 2636 nempe
2234 2600 2264 2629 τὸ
2284 2603 2357 2637 γένος
2371 2609 2397 2628 et
2412 2601 2487 2632 αξιώ-

1424 2649 1494 2675 ματα
1513 2641 1576 2673 quia
1594 2645 1667 2670 sunt,
1692 2638 1724 2665 τὰ
1743 2636 1811 2672 πάθη
1830 2648 1893 2665 vero
1915 2640 1981 2673 quid
2003 2645 2076 2671 sunt;
2100 2639 2159 2664 hinc
2178 2640 2281 2672 sequuti
2299 2638 2487 2668 Themistium,

1423 2676 1610 2708 Philoponum,
1628 2675 1773 2706 Boethium,
1793 2675 1899 2700 Pacium
1918 2675 1984 2708 (loc.
1999 2675 2056 2708 cit.)
2076 2680 2102 2700 et
2119 2675 2263 2700 Editionem
2282 2674 2398 2699 Basileae
2421 2672 2486 2706 1539

1424 2711 1493 2744 (pag.
1508 2710 1562 2744 68),
1577 2710 1751 2744 parenthesim
1769 2711 1931 2736 abstulimus.

2514 689 2524 703 s
2534 690 2538 704 :
2555 682 2583 703 de
2598 682 2712 704 omnibus.

2509 825 2520 836 ⁸
2534 830 2577 845 nu:
2598 824 2721 845 universa-

2509 851 2571 871 liter.

2509 877 2532 888 ⁸⁸
2546 883 2605 898 oxu:
2621 877 2658 898 de.
