2788 4204
29 417 134 466 'gadda
140 423 161 438 r:
168 416 242 445 quod-

0 486 1 489 ι
29 470 126 492 Num.
136 475 157 498 3.

0 675 5 711 }
26 683 39 693 ·
52 681 86 704 ει
98 681 242 703 tumuisse-

0 714 3 739 ;
27 714 70 731 nea
84 714 133 730 om.
142 714 181 730 Au.

0 758 128 914 {22

98 787 128 809 Ut
143 789 173 836 St
185 787 242 809 veli-

143 813 242 836 sivetu·-

1085 273 1197 310 CAP.
1228 274 1334 321 XIII,
1365 273 1517 310 LECT.
1546 273 1652 310 XVII

269 365 426 399 vocum,
439 351 545 401 quod
565 359 622 388 est
645 363 765 399 genus
789 350 1047 397 nominatum;
1068 351 1250 397 secundo,
1281 364 1340 388 ac-

271 406 448 455 cipiendo
465 405 724 455 quodcunque
739 405 760 425 *
774 404 876 441 aliud
897 417 1122 451 commune;
1139 405 1208 441 ibi:
1224 405 1341 442 Nunc

271 460 420 508 quidem
450 459 568 509 igitur
587 458 607 481 *·
637 465 707 494 etc.

326 525 362 550 2.
391 512 493 549 Dicit
520 523 610 559 ergo
639 510 766 560 primo
787 510 893 559 quod
914 510 963 547 ad
981 511 1057 547 hoc
1076 511 1182 559 quod
1200 512 1341 548 habea-

271 578 359 603 mus
380 571 539 615 propter
570 564 661 614 quid
685 563 783 600 circa
809 563 955 612 singula
982 564 1222 612 problemata
1242 578 1340 614 quae

268 626 477 668 ponuntur,
507 625 658 667 oportet
685 617 928 654 considerare
957 617 1163 654 divisiones
1192 626 1229 654 et
1253 619 1341 655 sub-

271 673 478 710 divisiones
508 673 546 719 ὓ,
577 678 614 708 et
642 670 695 707 sic
723 670 772 708 ad
801 671 948 719 singula
974 671 1186 720 procedere
1215 672 1342 720 dispu-

269 727 404 772 tando,
434 724 632 774 supposito
663 725 861 762 communi
889 737 1040 772 genere.
1071 725 1121 762 Ut
1149 724 1179 762 si
1208 725 1342 775 aliquis

270 779 362 817 velit
377 780 397 800 ⁹⁵
417 778 660 815 considerare
684 785 841 827 propter
860 778 952 827 quid
976 778 1119 827 aliquid
1139 779 1343 816 conveniat

270 832 460 881 aliquibus
485 831 729 879 animalibus,
751 839 902 880 oportet
921 831 1093 881 accipere
1114 832 1240 881 qualia
1256 840 1343 869 sunt

270 898 370 935 quae
399 884 635 922 conveniunt
658 885 765 922 omni
790 885 956 922 animali.
974 885 1134 933 Quibus
1163 886 1339 934 acceptis,

271 946 423 989 oportet
454 938 587 976 iterato
623 938 795 987 accipere
831 939 1045 976 secundum
1075 939 1304 976 divisionem
1324 945 1341 960 α

270 992 397 1042 qualia
416 998 504 1029 sunt
529 1004 627 1041 quae
649 1000 937 1041 consequuntur
959 992 1086 1041 primo
1116 992 1166 1029 ad
1187 992 1342 1041 aliquod

271 1057 501 1092 commune,
531 1046 638 1095 quod
666 1046 738 1083 sub
767 1046 922 1083 animali
952 1045 1165 1082 continetur
1186 1045 1222 1093 β,
1250 1053 1343 1094 puta

270 1099 398 1149 qualia
430 1106 717 1148 consequuntur
744 1100 794 1136 ad
820 1101 839 1121 ³²
868 1111 1028 1136 ornnem
1061 1111 1194 1136 avem:
1225 1106 1262 1136 et
1289 1099 1343 1135 sic

270 1165 424 1202 semper
442 1153 631 1190 debemus
650 1153 862 1201 procedere
883 1152 1106 1201 accipiendo
1126 1152 1217 1189 illud
1237 1152 1342 1201 quod

269 1213 327 1244 est
347 1206 532 1255 primum,
561 1206 600 1243 in
629 1206 735 1255 quod
764 1206 904 1243 scilicet
930 1207 974 1243 fit
996 1205 1219 1242 immediate
1249 1205 1343 1242 divi-

268 1259 345 1306 sio;
366 1260 473 1310 quod
493 1260 607 1297 etiam
627 1272 743 1308 supra
757 1265 772 1286 ⁷
797 1259 1075 1296 observabatur
1089 1260 1108 1278 ⁴⁵
1129 1258 1168 1295 in
1189 1258 1342 1295 divisio-

166 1311 173 1323 '
203 1311 209 1318 “
234 1312 243 1362 ζ
267 1312 380 1351 nibus
409 1313 548 1363 quibus
563 1314 583 1334 *
602 1313 822 1362 proceditur
840 1313 890 1350 ad
908 1312 1216 1360 investigandum
1237 1311 1343 1361 quod

232 1365 240 1376 '
268 1366 362 1416 quid
375 1375 460 1405 sest:
480 1367 543 1404 Sic
568 1374 700 1404 autem
713 1367 734 1388 *
751 1365 1000 1415 procedendo
1021 1366 1266 1402 manifestum
1287 1373 1344 1402 est

234 1418 240 1424 ’
267 1420 376 1470 quod
390 1432 544 1470 semper
557 1420 770 1469 poterimus
790 1419 917 1457 dIcere
930 1425 1090 1468 propter
1109 1419 1200 1468 quid
1217 1419 1343 1468 aliqua

265 1473 396 1511 insunt
419 1474 478 1511 his
502 1486 602 1522 quae
627 1473 868 1510 continentur
882 1474 954 1510 sub
974 1473 1102 1522 aliquo
1124 1473 1341 1519 communi;

266 1534 310 1565 ut
327 1525 360 1564 si
377 1527 543 1564 velimus
563 1526 659 1564 scire
682 1534 842 1576 propter
860 1526 953 1576 quid
973 1526 1099 1576 aliqua
1126 1526 1255 1564 insunt
1272 1527 1342 1563 ho-

266 1579 361 1618 mini
395 1587 432 1618 et
461 1593 574 1630 equ0,
603 1588 696 1629 puta
729 1593 890 1618 somnus
922 1587 959 1617 et
985 1580 1124 1628 vigilia.
1161 1580 1216 1617 Sit
1251 1592 1341 1628 ergo

230 1653 241 1672 ,·
267 1633 410 1671 animal
433 1633 473 1672 in
494 1646 572 1683 quo
591 1636 627 1671 A
647 1634 680 1681 *,
710 1634 816 1683 quod
842 1641 899 1670 est
926 1631 1110 1678 medium,
1138 1634 1169 1670 B
1198 1641 1341 1681 autem,

233 1689 240 1695 “
266 1686 365 1725 idest
397 1687 524 1725 maior
550 1687 786 1735 extremitas,
816 1686 1022 1736 accipiatur
1048 1699 1120 1736 pro
1154 1687 1213 1724 his
1242 1699 1342 1736 quae

267 1740 468 1778 inhaerent
495 1740 602 1778 omni
622 1740 788 1788 animali,
819 1740 915 1778 sicut
942 1753 1103 1778 somnus
1132 1748 1170 1777 et
1195 1740 1340 1788 vigilia3

267 1794 460 1843 quaedam
490 1801 620 1831 autem
649 1793 873 1831 animalium
902 1793 1060 1843 species,
1086 1801 1179 1842 puta
1206 1794 1340 1841 homo,

267 1859 402 1897 equus,
432 1848 516 1894 bos,
537 1846 771 1896 accipiantur
797 1854 839 1884 ut
867 1847 994 1884 minor
1022 1847 1250 1894 extremitas,
1272 1847 1341 1884 sci-

266 1901 354 1938 licet
387 1902 492 1939 CDE
519 1898 543 1938 ὃ.
574 1900 637 1938 Sic
671 1901 783 1950 igitur
815 1900 1060 1938 manifestum
1096 1907 1152 1937 est
1184 1908 1342 1949 propter

266 1953 361 2004 quid
379 1955 424 2001 B,
443 1953 543 1992 idest
569 1966 730 1992 somnus
749 1955 812 1992 vel
835 1953 962 2002 vigilia
990 1953 1036 1991 sit
1063 1953 1101 1991 in
1121 1955 1170 2001 D,
1190 1962 1283 2002 puta
1302 1954 1340 1992 in

265 2007 438 2056 homine,
459 2007 549 2058 quia
566 2015 725 2057 propter
743 2009 790 2055 A,
807 2007 904 2045 idest
923 2015 1081 2056 propter
1100 2008 1175 2044 hoc
1195 2010 1214 2026 ⁴*
1235 2008 1342 2056 quod

266 2061 388 2099 homo
417 2069 474 2099 est
501 2061 655 2099 animal.
691 2062 743 2099 Et
768 2060 939 2098 similiter
967 2069 1023 2098 est
1055 2060 1273 2098 faciendum
1302 2061 1341 2098 in

266 2113 359 2161 aliis,
381 2122 419 2152 et
445 2114 485 2152 in
514 2115 696 2152 omnibus
725 2122 782 2152 est
807 2114 944 2152 eadem
970 2114 1064 2151 ratio
1085 2114 1340 2152 observanda.

266 2167 501 2206 Huiusmodi
530 2176 660 2206 autem
690 2168 911 2206 documenti
940 2167 1034 2205 ratio
1064 2176 1132 2216 est,
1162 2168 1252 2217 quia
1280 2181 1341 2205 su-

205 2243 212 2249 ·
231 2243 238 2255 .
265 2221 434 2259 biectum
455 2229 511 2259 est
530 2235 645 2260 causa
663 2222 841 2271 propriae
869 2221 1057 2271 passionis
1073 2222 1105 2259 ²⁸⁸.
1135 2223 1185 2258 Et
1203 2221 1291 2258 ideo
1311 2221 1342 2258 si

223 2277 228 2282 “
265 2275 449 2313 volumus
483 2275 710 2324 investigare
750 2288 906 2313 causam
940 2275 1097 2312 alicuius
1135 2275 1341 2324 passionis,

319 2416 350 2451 α)
366 2417 494 2449 Accipere
511 2417 655 2442 secundum
675 2417 832 2442 divisionem
847 2422 925 2442 etc.-
934 2417 1025 2441 ADEI
1027 2417 1076 2441 MN
1096 2422 1122 2442 et
1134 2425 1156 2441 s.
1171 2425 1206 2441 m.
1222 2417 1256 2441 K:
1272 2417 1340 2442 acci-

259 2460 328 2486 pere
345 2452 491 2478 secundum
506 2452 540 2484 (K
555 2461 580 2485 p.
596 2460 640 2483 m.‚
654 2453 799 2478 secundum
813 2453 887 2485 quia)
902 2453 1122 2481 subdivisionem;
1141 2452 1340 2477 BCFH10:ac-

265 2489 353 2521 cipere
365 2488 585 2517 subdivisionem
597 2488 657 2513 Get
670 2496 697 2521 p.
707 2496 743 2512 m.
754 2488 841 2519 Qom.
851 2488 995 2513 secundum
1007 2488 1197 2513 diuisionem.-
1206 2488 1256 2512 Pro
1268 2491 1339 2517 sunt,

265 2523 379 2549 act-:Hs
397 2528 424 2548 et
441 2531 468 2556 p.
482 2531 518 2548 m.
531 2523 578 2548 DN
597 2523 688 2556 legunt
709 2526 812 2553 autem,
832 2523 855 2547 K
874 2531 899 2556 p.
914 2531 950 2548 m.
966 2531 1042 2552 uero,
1063 2531 1085 2548 s.
1100 2531 1136 2548 m.
1151 2530 1215 2549 vero
1233 2526 1303 2553 sunt,
1318 2524 1339 2548 L

265 2564 292 2585 et
309 2567 332 2584 8.
347 2567 383 2584 m.
397 2559 428 2590 D,
446 2562 537 2584 aurem
556 2562 627 2588 sunt,
647 2558 672 2589 Q
690 2561 780 2584 autem
800 2559 862 2588 Ula,-
880 2559 906 2583 Μ
925 2566 978 2584 om.

319 2593 346 2628 β)
367 2594 447 2625 Quod
456 2594 512 2620 >sub
529 2594 645 2619 animali
661 2594 907 2620 caminetum—Est
919 2595 995 2619 lectio
1013 2595 1098 2623 codd..
1113 2602 1167 2619 exc.
1182 2594 1239 2623 (ΣΕ,
1259 2602 1339 2627 quarn

265 2630 402 2664 requirunt
417 2638 448 2655 ea
460 2637 528 2663 quae
542 2630 691 2655 immediate
703 2635 850 2662 sequuntur
860 2629 962 2662 (qualia
973 2633 1172 2662 consequuntur
1184 2630 1222 2655 ad
1235 2637 1338 2655 omnem

265 2671 357 2692 avem.-
370 2665 425 2690 avis
445 2671 486 2690 est
501 2673 642 2690 commune
656 2666 728 2698 quod
747 2665 797 2690 sub
817 2665 920 2690 animali
940 2666 1105 2698 continetur).
1125 2666 1189 2690 Eam
1202 2671 1340 2698 propterea

265 2699 410 2727 sufficimus
424 2701 458 2726 P:
478 2708 547 2734 quae
564 2701 612 2726 sub
631 2701 744 2726 animali
761 2699 941 2726 continentur.
961 2701 996 2726 C:
1015 2701 1088 2734 quod
1104 2701 1153 2726 sub
1170 2701 1262 2726 anima
1276 2708 1339 2727 con-

265 2737 400 2766 tinentur,
420 2736 467 2761 sed
486 2742 527 2761 est
545 2737 712 2761 amanuensis
731 2744 812 2762 error.
831 2737 853 2761 E
872 2736 932 2761 hab.
946 2737 994 2762 lac.

319 2772 347 2806 γ)
362 2772 441 2803 Quod
454 2772 536 2797 ericam
551 2779 645 2804 supra.
654 2772 723 2797 -PF
725 2772 743 2803 Ι,
759 2772 782 2796 Κ
796 2780 821 2805 p.
835 2780 871 2797 m.
886 2777 912 2797 et
925 2780 948 2797 s.
962 2780 998 2797 m.
1013 2772 1077 2797 CDS
1089 2779 1144 2797 om.
1157 2772 1237 2797 etiam
1245 2779 1254 2800 ;
1266 2772 1339 2797 ΑΜΝ

266 2813 294 2834 et
310 2815 336 2841 p.
350 2815 387 2833 m.
402 2807 480 2832 CDS:
500 2811 555 2833 est:
574 2808 646 2840 quod
665 2806 724 2832 cum
744 2807 794 2832 hoc
814 2808 872 2832 loco
895 2808 1008 2833 absurde
1026 2813 1137 2840 ponatur
1156 2806 1222 2841 (nisi
1241 2808 1340 2840 legatur

266 2843 450 2873 ohservatum,
470 2843 537 2868 sicut
555 2843 621 2868 forte
639 2842 718 2868 habet
735 2842 779 2878 N),
794 2843 852 2868 ideo
871 2851 894 2868 s.
908 2851 944 2868 m.
960 2851 1069 2876 expung.
1085 2844 1111 2868 in
1130 2843 1208 2874 CDS;
1227 2847 1340 2868 attamen

265 2878 355 2904 haberi
369 2883 458 2912 potest
475 2883 600 2911 tanquam
619 2879 734 2911 positum
748 2886 763 2903 a
776 2879 861 2911 primo
880 2880 1033 2904 amanuensi
1053 2884 1174 2911 corrupte
1188 2886 1235 2911 pro
1249 2879 1339 2909 etiam,

266 2919 296 2940 ut
309 2914 406 2939 habent
419 2914 460 2939 alii
475 2914 559 2945 codd.;
573 2915 598 2939 H
613 2919 639 2939 et
651 2922 674 2939 s.
688 2922 725 2939 m.
738 2914 775 2938 K:
794 2917 857 2940 et.-
870 2914 901 2939 FI
917 2915 975 2939 loco
989 2915 1148 2940 observatur
1165 2914 1261 2939 habent
1279 2922 1340 2946 sup-

261 2950 431 2982 ponebatur:
449 2950 505 2980 sed,
517 2954 546 2974 ut
565 2950 646 2974 lector
665 2958 696 2974 ex
714 2957 743 2974 se
759 2950 810 2974 iam
825 2949 1001 2982 deprehendit,
1014 2951 1055 2975 isti
1074 2951 1177 2975 codices
1192 2949 1341 2982 frequenter

267 2990 312 3010 aut
330 2992 423 3017 parum
442 2985 552 3010 accurati
572 2990 641 3015 sunt,
654 2990 684 3009 ut
697 2984 747 3010 hoc
762 2986 829 3015 locu,
843 2989 889 3010 aut
901 2985 1014 3016 absurdi,
1029 2986 1071 3010 vel
1084 2986 1162 3010 etiarn
1175 2986 1283 3010 ridiculi.
1299 2986 1340 3010 M:

267 3020 467 3050 observabitur;
486 3020 525 3050 Q:
545 3027 613 3052 quae
630 3027 714 3052 supra
732 3020 918 3045 observantur.

321 3054 346 3088 ὃ)
367 3055 474 3080 Scilicet
495 3055 573 3080 CDE
588 3060 637 3080 etc.
651 3068 670 3075 ·-
682 3056 716 3080 F:
735 3055 835 3080 scilicet
854 3058 883 3080 ut
904 3056 938 3086 C;
952 3056 976 3080 1:
995 3056 1096 3081 scilicet
1115 3059 1144 3080 ut
1165 3057 1248 3081 CDE.
1261 3070 1280 3075 -
1293 3057 1340 3081 AD

267 3091 368 3116 EFILN
388 3095 415 3115 et
427 3099 453 3123 p.
463 3098 499 3115 m.
511 3091 581 3116 KMS
599 3092 722 3116 omittunt
738 3091 818 3115 verba
837 3091 906 3116 idest
918 3098 1027 3116 somnus
1045 3092 1087 3116 vel
1099 3091 1193 3124 vigilia
1206 3092 1243 3116 sit
1257 3092 1283 3116 in
1300 3092 1342 3119 D.-

267 3127 321 3151 imo
340 3134 366 3158 p.
381 3133 416 3151 m.
430 3126 456 3150 M
469 3133 524 3151 om.
539 3126 616 3151 etiam
635 3126 667 3151 B.
683 3126 734 3151 Sed
754 3131 794 3151 est
813 3133 894 3156 error,
909 3127 954 3159 qui
968 3127 1037 3151 male
1053 3128 1188 3159 corrigitur
1202 3127 1228 3151 in
1243 3127 1279 3151 K:
1294 3127 1342 3152 sed

270 3160 330 3195 (pro
342 3160 481 3196 scilicetP)
497 3161 524 3186 in
540 3161 581 3190 D,·
593 3162 612 3186 S
626 3169 648 3186 8.
662 3170 707 3186 m.:
722 3161 747 3186 B
761 3162 829 3186 inest
841 3162 870 3187 C.
886 3161 912 3192 Q
922 3170 976 3187 om.
990 3162 1059 3187 idest
1071 3169 1180 3187 somnus
1193 3163 1234 3187 vel
1247 3162 1341 3195 vigilia

268 3197 384 3222 sin-B:
402 3204 512 3222 somnus
530 3199 557 3222 et
575 3197 677 3230 vigilia.

327 3232 350 3265 ε)
369 3232 508 3264 Accipitur
530 3239 613 3257 causa
637 3232 707 3257 i1lius
727 3232 963 3265 passionis.—l-loc
982 3238 1036 3263 est,
1060 3233 1082 3257 si
1101 3234 1169 3257 iuxta
1187 3232 1341 3257 methodum

268 3272 354 3293 rectae
368 3268 500 3292 divisionis
514 3272 540 3292 et
559 3267 743 3292 subdivisionis
758 3268 906 3300 proceditur
919 3268 945 3292 in
964 3268 1144 3300 investigando
1158 3273 1264 3300 propter
1277 3265 1345 3300 quid

268 3304 344 3328 alicui
363 3303 480 3328 subiecto
499 3303 635 3328 conveniat
653 3311 699 3335 per
718 3311 747 3328 se
766 3303 870 3335 passi0,
895 3311 1003 3328 necesse
1022 3309 1062 3328 est
1086 3309 1115 3328 ut
1139 3308 1290 3336 assurgatur
1308 3303 1340 3327 ad

269 3339 416 3364 subiectum
435 3338 474 3363 cui
494 3339 553 3363 talis
571 3339 660 3371 passio
683 3346 731 3371 per
749 3346 779 3363 se
797 3339 823 3363 in
842 3344 935 3371 quarto
954 3339 1034 3363 modo
1058 3338 1157 3363 dicendi
1178 3346 1225 3371 per
1243 3346 1272 3363 se
1292 3337 1339 3370 (cf.

269 3374 313 3399 lib.
325 3375 342 3405 1,
357 3375 416 3399 lect.
426 3382 450 3404 x,
465 3382 490 3398 n.
502 3373 533 3407 7)
553 3374 697 3399 conveniat.
712 3374 793 3399 Secus
808 3381 860 3398 non
875 3373 985 3399 habetur
997 3374 1142 3398 universale
1154 3376 1268 3406 primum
1281 3381 1340 3405 pas-

269 3410 350 3435 sionis
370 3409 510 3442 quaesitae,
530 3414 556 3434 et
574 3417 589 3434 a
606 3414 677 3435 recta
694 3409 819 3434 methodo
837 3409 1038 3442 philosophandi
1058 3417 1166 3441 prorsus
1186 3409 1340 3434 absceditur.

269 3445 329 3476 Qua
347 3446 380 3470 de
394 3453 422 3470 re
436 3445 468 3470 cf.
483 3452 552 3478 quae
571 3445 682 3470 diximus
701 3445 734 3470 de
748 3444 811 3469 falsa
826 3445 979 3477 positivismi
999 3444 1124 3469 methodo
1138 3444 1164 3469 in
1177 3444 1262 3476 primo
1274 3444 1341 3469 libro

268 3482 327 3506 lect.
340 3489 384 3511 111,
404 3485 457 3506 not.
477 3489 491 3505 υ
498 3488 506 3511 ;
525 3488 556 3505 ea
574 3480 644 3505 enirn
669 3488 738 3513 quae
756 3480 798 3505 hic
816 3481 990 3509 disseruntur,
1010 3488 1125 3505 connexa
1148 3485 1208 3504 sunt
1231 3488 1292 3505 cum
1310 3480 1341 3504 iis

270 3525 339 3550 quae
352 3516 508 3541 Aristoteles
521 3516 702 3541 determinavit
716 3516 748 3540 de
762 3523 814 3547 per
822 3523 852 3540 se
865 3516 891 3540 in
905 3516 990 3548 primo
1003 3516 1069 3540 libro
1079 3515 1129 3548 (cf.
1139 3516 1197 3540 lect.
1207 3524 1231 3545 x,
1241 3516 1339 3548 seqq.).

323 3551 349 3585 ζ)
368 3552 484 3584 Propter
497 3552 563 3584 quid
577 3551 885 3576 est.-ACDEFGH1LM
904 3556 930 3576 et
948 3559 974 3584 p.
990 3559 1025 3575 m.
1040 3551 1119 3576 KNS:
1135 3551 1256 3584 investig.
1269 3551 1341 3583 quod

269 3588 335 3621 quid
347 3591 388 3613 est
406 3588 441 3619 (G
455 3595 509 3612 om.
523 3587 582 3620 est).
598 3587 657 3618 Sed,
670 3592 700 3611 ut
716 3587 812 3611 dictum
832 3591 872 3611 est
885 3587 911 3611 in
925 3587 1081 3619 assignando
1093 3592 1246 3619 argumento
1261 3586 1340 3611 huius

269 3623 387 3649 lectionis
402 3623 450 3656 (cf.
460 3631 485 3648 n.
501 3631 509 3647 ι
519 3623 539 3656 ),
558 3622 799 3655 impraesentiarum
817 3627 858 3647 est
870 3622 989 3655 quaestio
1007 3630 1060 3647 non
1074 3622 1106 3647 de
1120 3623 1192 3655 quod
1209 3622 1274 3655 quid
1292 3625 1340 3652 esi,

2389 272 2463 319 387

1396 360 1553 401 propter
1580 364 1697 401 quam
1718 351 1804 388 insit
1823 351 2054 400 quibusdam
2075 351 2188 388 rebus
2214 351 2465 400 inferioribus,

1398 413 1547 454 oportet
1584 405 1756 454 accipere
1792 417 2001 441 commune
2041 405 2152 453 quod*
2181 413 2236 442 est
2267 405 2465 454 proprium

1396 459 1631 505 subiectum,
1672 471 1742 507 per
1779 458 1885 495 cuius
1929 458 2192 495 definitionem
2234 459 2415 507 accipitur
2447 460 2466 480 ²¹⁵

1397 525 1538 549 causa
1532 514 1552 534 ²
1582 488 1678 549 illius
1706 511 1936 560 passionis.
1915 518 1925 532 ⁸

1453 567 1487 603 3.
1508 565 1658 603 Deinde
1688 577 1776 601 cum
1798 565 1902 602 dicit.
1922 565 2040 602 Nunc
2059 565 2207 613 quidem
2237 565 2354 615 igitur
2382 572 2463 611 etc.,

1397 619 1562 656 ostendit
1589 618 1789 667 quomodo
1828 626 1978 667 oportet
2011 618 2238 666 investigare
2266 623 2424 667 propter
2452 618 2465 644 t

1397 673 1488 720 quid
1514 678 1577 718 est,
1599 672 1819 709 reducendo
1848 672 1887 708 in
1916 671 2072 721 aliquod
2101 684 2329 719 commune,
2360 672 2465 720 quod

1398 737 1477 762 non
1506 725 1552 762 sit
1570 737 1691 773 genus
1719 725 1979 771 nominatum;
2010 733 2046 761 et
2065 725 2153 762 dicit
2171 726 2278 774 quod
2298 738 2343 762 ea
2367 737 2465 774 quae

1397 791 1513 827 supra
1533 778 1632 815 dicta
1651 786 1750 824 sunt,
1772 779 1948 815 dicuntur
1967 779 2181 815 secundum
2209 779 2270 816 illa
2291 783 2465 815 commu-

1397 832 1472 878 nia,
1499 832 1638 880 quibus
1672 832 1830 868 nomina
1858 839 1945 868 sunt
1982 832 2186 880 assignata3
2213 834 2281 870 sed
2316 839 2467 881 oportet

1398 897 1476 922 non
1496 886 1622 922 solum
1637 885 1657 905 *
1676 885 1715 922 in
1735 885 1871 922 talibus
1900 885 2153 932 considerare,
2179 886 2247 923 sed
2268 894 2304 922 et
2323 886 2353 922 si
2373 886 2465 934 quid

1397 938 1499 975 aliud
1537 946 1718 987 appareat
1755 950 1963 975 commune
1998 939 2103 987 quod
2140 939 2226 976 insit
2258 939 2463 988 aliquibus,

1397 991 1545 1028 etiamsi
1583 1004 1661 1028 non
1689 991 1735 1028 sit
1767 1003 1907 1039 genus,
1936 993 1998 1028 vel
2037 992 2067 1029 si
2105 1005 2184 1029 non
2219 993 2264 1030 sit
2291 993 2465 1029 nomina-

1397 1052 1479 1081 tum
1500 1046 1532 1081 ²³².
1562 1044 1712 1082 Deinde
1733 1052 1884 1093 oportet
1901 1050 1915 1067 ’¹
1945 1045 2185 1082 considerare
2205 1046 2253 1083 ad
2274 1059 2372 1095 quae
2391 1047 2466 1083 hoc

1399 1110 1606 1134 commune
1641 1105 1918 1147 consequatur,
1955 1105 1991 1134 et
2018 1111 2117 1147 quae
2152 1107 2239 1136 sunt
2272 1100 2333 1136 illa
2367 1112 2466 1149 quae

1398 1158 1684 1199 consequuntur
1703 1152 1751 1188 ad
1771 1153 1847 1188 hoc
1875 1164 2082 1188 commune
2105 1152 2386 1190 innominatum
2406 1166 2466 1190 ac-

1399 1212 1564 1253 ceptum.
1597 1204 1702 1240 Sicut
1729 1205 1870 1241 habere
1896 1217 2039 1242 cornua
2060 1212 2115 1242 est
2139 1206 2335 1254 quoddam
2361 1219 2465 1243 com-

1398 1270 1529 1304 mune,
1551 1257 1611 1294 cui
1640 1269 1718 1294 non
1744 1265 1799 1294 est
1818 1270 1963 1294 nomen
1991 1258 2212 1307 impositum
2234 1261 2275 1306 ὓ,
2306 1268 2343 1296 et
2361 1260 2467 1309 quod

1398 1323 1477 1348 non
1497 1318 1554 1348 est
1572 1323 1704 1358 genus.
1726 1312 1788 1349 Ad
1815 1311 1891 1347 hoc
1910 1319 2039 1348 autern
2065 1324 2273 1350 commune
2302 1326 2466 1362 sequun-

1398 1372 1458 1402 tur
1486 1365 1583 1402 duo:
1604 1377 1770 1413 quorum
1798 1377 1920 1401 unum
1951 1372 2018 1412 est,
2049 1367 2153 1413 quod
2182 1379 2298 1403 omne
2327 1367 2467 1404 animal

1397 1419 1544 1455 habens
1565 1430 1709 1455 cornua
1728 1418 1844 1454 habet
1872 1419 2013 1455 multos
2037 1426 2191 1456 ventres
2219 1427 2375 1469 propter
2402 1433 2467 1457 ne-

1398 1479 1611 1509 cessitatem
1645 1479 1931 1517 ruminationis;
1971 1484 2137 1520 quorum
2174 1485 2274 1510 unus
2307 1481 2468 1511 vocatur

1397 1526 1550 1562 echinus
1568 1522 1592 1570 ⁰,
1622 1524 1661 1561 in
1690 1525 1932 1562 interioribus
1966 1522 2141 1573 existens,
2171 1539 2283 1575 asper
2302 1534 2338 1564 et
2357 1540 2466 1576 cape-

1399 1579 1506 1616 dines
1530 1580 1550 1600 *
1577 1579 1742 1624 habens,
1777 1586 1819 1615 ut
1847 1579 1982 1616 dicitur
2009 1579 2047 1616 in
2075 1580 2171 1617 libro
2193 1580 2254 1623 ,de
2287 1581 2503 1618 Historiis

1397 1632 1622 1669 animalium
1645 1633 1675 1668 *ἢ
1706 1631 1821 1669 Aliud
1849 1639 1977 1669 autem
2006 1633 2113 1681 quod
2147 1634 2391 1683 consequitur
2418 1634 2467 1671 ad

1397 1685 1575 1723 animalia
1595 1685 1774 1722 habentia
1792 1687 1812 1706 ’³²
1832 1698 1986 1732 cornua,
2004 1694 2060 1723 est
2079 1687 2184 1735 quod
2204 1700 2282 1724 non
2302 1688 2467 1725 habeant

1398 1740 1530 1777 dentes
1559 1739 1597 1776 in
1626 1746 1786 1788 utraque
1815 1740 2049 1786 mandibula,
2071 1740 2139 1777 sed
2168 1742 2293 1778 solum
2318 1741 2355 1778 in
2374 1741 2466 1778 infe·
2495 1752 2504 1762 ⁸

1397 1792 1498 1839 riori,
1520 1793 1609 1842 quia
1633 1793 1792 1830 materia
1807 1792 1978 1830 dentium
2009 1794 2242 1831 convertitur
2255 1795 2294 1832 in
2310 1807 2464 1832 cornua.

1398 1847 1492 1883 Item
1507 1847 1527 1867 *
1557 1846 1878 1883 considerandum
1910 1855 1966 1884 est
1985 1847 2034 1884 ad
2054 1860 2152 1896 quae
2173 1848 2351 1885 animalia
2377 1862 2466 1886 con-

1397 1908 1578 1949 sequatur
1605 1901 1748 1936 habere
1778 1913 1932 1947 cornua,
1952 1908 2044 1950 puta
2066 1902 2210 1938 bovem
2240 1909 2276 1938 et
2296 1914 2465 1940 cervum.

1398 1953 1460 1990 Sic
1490 1953 1592 1990 enim
1621 1954 1867 1990 manifestum
1878 1953 1956 2002 ⁴erit
1977 1960 2135 2003 propter
2162 1955 2253 2003 quid
2275 1956 2370 1992 haec
2390 1956 2467 1993 ani-

1397 2007 1511 2043 malia
1526 2008 1668 2044 habent
1687 2007 1767 2044 illas
1781 2007 2043 2056 proprietates,
2060 2008 2149 2057 quia
2169 2008 2308 2046 scilicet
2326 2010 2469 2047 habent

1397 2073 1552 2098 cornua.
2431 2080 2435 2082 -

1449 2126 1487 2161 4.
1509 2113 1659 2151 Deinde
1680 2126 1768 2151 cum
1799 2113 1904 2151 dicit:
1926 2113 2100 2162 Amplius
2118 2120 2243 2151 autem
2263 2115 2360 2152 alius
2388 2128 2466 2152 mo-

1397 2168 1466 2205 dus
1495 2175 1578 2214 etc.,
1600 2167 1764 2204 ostendit
1792 2167 2020 2215 investigare
2047 2174 2205 2216 propter
2239 2169 2330 2217 quid
2355 2169 2466 2206 redu-

1397 2221 1521 2258 cendo
1550 2221 1600 2258 ad
1628 2221 1782 2270 aliquod
1816 2233 2023 2258 commune
2053 2223 2279 2269 analogum3
2310 2230 2347 2258 et
2380 2223 2468 2260 dicit

1396 2274 1503 2323 quod
1531 2274 1626 2312 alius
1654 2275 1794 2312 modus
1823 2274 2072 2323 investigandi
2100 2276 2382 2327 propter-quid
2412 2283 2467 2313 est

1394 2417 1440 2441 sed
1456 2417 1488 2441 de
1498 2419 1611 2449 propter
1624 2417 1689 2449 quid
1702 2419 1749 2441 est.
1763 2418 1784 2441 B
1798 2422 1824 2442 et
1838 2424 1861 2443 8.
1878 2425 1913 2442 m.
1927 2417 1950 2441 K
1964 2425 2017 2442 om.
2032 2421 2085 2448 est,·
2104 2417 2130 2448 Q
2142 2425 2195 2442 om.
2210 2418 2276 2450 quid
2289 2421 2343 2448 est;
2356 2419 2373 2443 S
2388 2427 2410 2444 8.
2421 2427 2465 2444 m.:

1395 2452 1486 2477 idest?
1504 2452 1635 2485 (quode)
1658 2455 1707 2477 est.
1723 2466 1744 2471 -
1759 2452 1826 2477 lnsra
1846 2452 2005 2484 (secundum
2028 2454 2074 2478 illa
2095 2454 2158 2485 etc.)
2180 2454 2327 2478 AEFILMS
2346 2459 2371 2478 et
2390 2463 2414 2487 p.
2430 2462 2464 2479 m.

1394 2488 1525 2512 CDKNT:
1539 2488 1683 2513 secundum
1699 2495 1730 2512 ea
1743 2495 1810 2520 quae
1825 2488 1870 2512 illa
1883 2489 2035 2513 communia
2049 2494 2112 2519 etc.;
2127 2489 2164 2513 H:
2179 2490 2322 2514 secundum
2338 2489 2384 2514 illa
2399 2497 2467 2523 quae

1394 2523 1452 2556 ipsa
1466 2523 1627 2548 communia.
1647 2523 1784 2548 Lectiones
1803 2523 1941 2548 intricatae.
1961 2524 1985 2548 G
2005 2524 2063 2548 hab.
2079 2525 2126 2549 lac.

1447 2559 1474 2591 η)
1495 2559 1599 2583 Deinde
1618 2562 1757 2590 oportet.-
1772 2559 1795 2583 A
1814 2564 1840 2583 et
1851 2567 1883 2591 p.
1898 2567 1933 2584 m.
1949 2559 2010 2584 KN:
2035 2559 2140 2585 Deinde
2158 2567 2217 2584 cum
2239 2560 2305 2585 dicit
2323 2564 2436 2592 oportet.
2448 2575 2466 2580 —

1394 2594 1461 2618 Cum
1480 2595 1556 2619 codd.
1575 2595 1686 2627 legimus
1706 2594 1782 2619 infra:
1801 2597 1828 2619 et
1846 2602 1914 2627 quae
1931 2598 1994 2620 sunt
2013 2595 2059 2620 illa
2073 2603 2140 2627 quae
2154 2599 2358 2628 consequuntur.
2379 2597 2398 2620 P
2412 2604 2465 2621 om.

1394 2629 1453 2660 illa,
1473 2635 1499 2654 et
1518 2629 1596 2654 habet
1614 2633 1826 2662 consequantur;
1845 2630 1885 2655 M:
1905 2633 1931 2655 et
1949 2637 2017 2663 quae
2034 2630 2089 2656 sint
2108 2631 2153 2655 illa
2172 2638 2239 2663 quae
2256 2635 2466 2664 consequantur;

1394 2665 1415 2690 N
1435 2673 1461 2698 p.
1476 2673 1511 2690 m.
1525 2665 1705 2698 consequitur.

1448 2699 1472 2733 0)
1494 2701 1614 2731 Quorum
1641 2708 1708 2726 unus
1734 2704 1845 2726 vocatur
1868 2701 2016 2727 echinus.-
2028 2702 2182 2727 Aristoteles
2206 2702 2231 2726 in
2257 2707 2340 2732 textu,
2365 2699 2465 2746 ἐχῖνον;

1393 2736 1465 2779 quod
1483 2736 1640 2761 vocabulum
1660 2736 1796 2766 adhibetur
1814 2744 1828 2761 a
1848 2744 1869 2761 8.
1880 2736 1992 2762 Thoma.
2012 2737 2039 2761 In
2053 2743 2141 2762 nostra
2155 2738 2274 2762 versione
2289 2746 2336 2770 pro
2351 2736 2380 2763 τό
2397 2735 2464 2772 ἐ’Λειν

1394 2781 1405 2796 ε
1407 2772 1480 2806 Αινον
1491 2779 1599 2796 erronee
1609 2772 1722 2804 ponitur,
1733 2772 1829 2797 habere
1840 2775 1917 2797 venti·
1917 2780 1952 2797 es.
1965 2773 2146 2805 Argyropul'us
2156 2773 2233 2797 vertit
2245 2773 2371 2803 ericium5
2378 2775 2463 2806 forte,

1394 2807 1478 2840 inquit
1496 2808 1607 2838 August.
1627 2807 1738 2840 Niphus,
1757 2808 1821 2839 quia
1839 2811 1879 2832 est
1896 2808 1982 2832 simile
2001 2806 2056 2843 (ἐ-χῖ·
2047 2808 2108 2840 ινος)
2129 2808 2154 2833 εί
2172 2808 2292 2837 animali,
2312 2809 2384 2840 quod
2403 2809 2465 2833 Eri-

1395 2850 1506 2868 naceum
1526 2843 1626 2868 dicitur
1645 2844 1686 2868 vel
1708 2843 1790 2867 aliam
1809 2843 1841 2867 ob
1859 2850 1967 2868 causam
1989 2843 2032 2876 (ln
2053 2845 2074 2868 ΙΙ
2092 2845 2203 2873 Foster„
2225 2843 2240 2875 ξ
2261 2844 2340 2869 Nunc
2358 2844 2465 2876 quidem

1396 2879 1480 2912 igitur
1494 2883 1551 2907 etc.,
1566 2886 1625 2919 pag.
1642 2878 1700 2907 203,
1715 2879 1763 2903 col.
1781 2886 1803 2902 2.
1813 2878 1912 2903 -Paris
1915 2879 1945 2903 iis
1965 2878 2050 2913 1540).
2071 2879 2107 2903 Ex
2121 2879 2246 2903 sententia
2262 2885 2348 2903 autem
2364 2880 2422 2904 Aris
2416 2885 2463 2904 to-

1394 2914 1452 2939 telis
1473 2911 1538 2946 (loc.
1554 2914 1595 2938 cit.
1615 2922 1645 2939 ex
1664 2914 1788 2938 Historia
1806 2913 1932 2948 animal.)
1954 2914 2087 2947 praemisit
2106 2922 2127 2939 s.
2138 2914 2254 2938 Thomas
2274 2914 2463 2939 ruminantibus

1395 2949 1549 2974 animalibus
1568 2950 1656 2981 plures
1672 2949 1828 2974 ventriculos
1848 2950 1943 2974 inesse.
1963 2949 2082 2979 Quatuor
2095 2955 2263 2974 recensentur
2282 2948 2348 2983 (loc.
2363 2949 2415 2983 cir.)
2431 2950 2463 2974 ab

1395 2985 1544 3010 Aristotele.
1564 2985 1665 3009 Horum
1681 2985 1794 3017 primum
1813 2989 1888 3009 vocat
1901 2985 2072 3010 ventriculum
2092 2993 2216 3018 magnum
2232 2982 2288 3016 (τὴν
2302 2993 2341 3009 κο.
2335 2984 2369 3009 vi).
2363 2993 2403 3009 ·αν
2419 2982 2463 3016 τὴν

1395 3017 1552 3055 μ.γάλην.-
1533 3021 1598 3045 —ib.
1612 3029 1636 3044 n.
1652 3020 1698 3054 5),
1718 3020 1787 3044 intus
1813 3028 1935 3052 asperum
1961 3026 2037 3053 atque
2060 3021 2086 3045 in
2110 3021 2282 3045 loculamenta
2307 3021 2463 3045 distinctum.

1394 3057 1467 3080 Alter
1487 3056 1578 3086 dicitur
1596 3056 1718 3080 arsineus
1736 3056 1791 3080 sive
1810 3056 1935 3081 reticulus
1955 3054 1991 3088 (κ;
1995 3064 2023 3089 xp
2027 3055 2134 3090 ύφαλος
2148 3070 2166 3074 -
2180 3056 2213 3080 ib.
2228 3064 2254 3080 n.
2267 3054 2294 3087 6)
2314 3064 2329 3080 a
2343 3056 2462 3080 similitu-

1395 3092 1469 3116 dine.
1489 3099 1602 3123 namque
1621 3091 1778 3115 extrinsecus
1798 3092 1903 3123 quidem
1922 3092 2073 3122 ventriculo,
2093 3091 2161 3116 intus
2179 3099 2242 3115 vero
2261 3091 2331 3115 nexis
2351 3091 2463 3116 reticulis

1395 3126 1487 3151 similis
1501 3132 1547 3151 est.
1567 3126 1672 3151 Tertius
1686 3132 1725 3151 est
1739 3134 1852 3154 omasus,
1869 3124 1921 3160 (ὁ’
1911 3135 2038 3161 εχινος.-
2019 3126 2098 3160 -ib.)
2112 3127 2156 3159 qui
2172 3126 2334 3151 continuatur
2348 3127 2463 3155 reticulo,

1396 3163 1462 3186 sicut
1482 3161 1530 3186 iste
1549 3163 1712 3186 continuatur
1731 3162 1874 3186 ventriculo
1899 3170 2007 3203 magno:
2027 3168 2068 3187 est
2087 3167 2171 3186 autem
2192 3160 2275 3196 ἐγινος
2293 3162 2362 3186 intus
2388 3169 2465 3194 asper

1395 3202 1421 3222 et
1440 3198 1482 3229 pla
1501 3198 1551 3221 ulis
1571 3205 1662 3226 cavus,
1681 3197 1858 3228 magnitudine
1877 3198 2010 3229 proximus
2030 3198 2146 3222 reticulo.
2166 3197 2278 3228 Quartus
2295 3197 2407 3229 denique
2426 3198 2464 3221 di-

1396 3232 1462 3257 citur
1475 3230 1599 3265 ηνυστρὺς
1615 3231 1685 3266 (ib.),
1700 3232 1776 3256 latine
1787 3232 1903 3265 faliscus
1917 3236 2015 3262 venter,
2032 3234 2086 3257 sive
2100 3234 2239 3258 abomasus
2254 3233 2303 3264 (Cf.
2315 3233 2399 3265 Niph.,
2415 3233 2464 3258 loc.

1395 3266 1460 3301 cit).
1479 3267 1596 3292 Faliscus
1616 3268 1779 3292 continuatur
1797 3275 1897 3297 omaso,
1917 3274 1942 3292 et
1957 3274 1997 3293 est
2009 3276 2100 3292 omaso
2119 3269 2208 3298 maior,
2224 3267 2306 3299 figura
2318 3268 2463 3300 oblongior,

1394 3303 1524 3335 habetque
1543 3302 1611 3327 intus
1632 3303 1728 3327 multos
1748 3303 1820 3327 sinus
1840 3304 1951 3335 grandes
1971 3311 1999 3328 ac
2019 3304 2113 3328 laeveS.
2133 3304 2203 3328 Haec
2222 3304 2385 3328 Aristoteles.

1448 3338 1532 3363 Aliud
1549 3341 1639 3363 autem
1658 3338 1730 3370 quod
1748 3338 1917 3370 consequitur
1936 3344 1984 3363 etc.
1998 3352 2016 3358 —-
2030 3339 2101 3363 Haec
2119 3339 2212 3363 iterum
2226 3340 2305 3370 gratia
2324 3338 2433 3371 exempli
2449 3346 2464 3363 a

1396 3382 1417 3398 8.
1427 3374 1531 3398 Thoma
1544 3373 1682 3398 recitantur
1696 3381 1726 3398 ex
1735 3374 1880 3398 Aristotelis
1895 3381 1982 3405 opere,
1998 3374 2039 3398 De
2048 3374 2175 3406 partibus
2187 3374 2352 3402 animalium,
2368 3374 2412 3399 lib.
2423 3374 2464 3404 111,

1396 3417 1451 3441 cap.
1462 3416 1491 3433 n.
1511 3419 1524 3431 ε
1537 3409 1745 3441 cornigerorum,
1769 3409 1854 3441 inquit
1871 3409 2043 3439 Aristoteles,
2063 3410 2162 3434 nullum
2187 3409 2308 3442 utrinque
2332 3411 2464 3434 dentatum

1398 3455 1410 3467 ›
1431 3449 1486 3469 est:
1506 3452 1618 3476 superne
1632 3445 1701 3468 enim
1720 3444 1847 3476 primores
1867 3445 1958 3469 dentes
1971 3452 2023 3469 non
2035 3444 2138 3474 habent,
2158 3446 2217 3477 quia
2232 3450 2322 3469 natura
2337 3445 2396 3469 hinc
2410 3445 2464 3469 adi-

1398 3489 1411 3503 »
1432 3487 1507 3504 mens
1527 3480 1624 3504 addidit
1641 3479 1772 3510 cornibus,
1791 3485 1816 3504 et
1834 3479 1986 3504 alimentum
2005 3481 2077 3513 quod
2095 3480 2135 3504 his
2155 3481 2274 3504 dentibus
2293 3480 2369 3505 tribui
2389 3480 2464 3511 solet,

1397 3524 1411 3538 ι
1431 3515 1457 3539 in
1477 3523 1604 3540 cornuum
1623 3515 1810 3540 incrementum
1830 3516 1986 3547 impenditur
1998 3525 2012 3538 ι
2033 3515 2117 3548 (Opp.
2127 3516 2204 3546 Arist.
2219 3516 2272 3540 vol.
2284 3516 2324 3546 111,
2339 3516 2386 3540 Ed.
2397 3515 2464 3546 Did„

1395 3559 1453 3583 pag.
1466 3550 1540 3583 255).
1560 3551 1638 3580 Quod
1658 3550 1715 3575 ideo
1733 3551 1886 3575 Aristoteles
1905 3550 2033 3576 affirmare
2051 3551 2166 3581 videtur,
2192 3552 2252 3584 quia
2271 3552 2318 3583 ipsi
2338 3551 2465 3576 sententia

1396 3591 1435 3611 est
1454 3594 1582 3611 cornuum
1602 3594 1653 3610 non
1673 3594 1748 3611 secus
1768 3594 1798 3611 ac
1817 3586 1933 3611 dentium
1955 3594 1986 3611 os
2006 3586 2159 3619 principium
2179 3594 2239 3612 esse
2259 3586 2306 3619 (cf.
2321 3587 2355 3612 ib.
2370 3586 2414 3611 lib.
2429 3587 2464 3617 Il,

1395 3629 1451 3654 cap.
1464 3629 1503 3653 ιχ,
1523 3629 1581 3654 pag.
1596 3620 1666 3655 243).

2493 463 2503 473 “
2524 468 2558 483 ri:
2578 468 2624 489 per
2645 463 2711 491 quoa

2493 489 2632 543 affligit
2642 522 2666 538 n
2675 523 2698 545 9

2589 552 2599 568 ε

2590 619 2604 648 ζ

2494 892 2503 899 '
2519 892 2646 915 eodm-p:
2662 899 2708 915 non

2493 919 2568 940 solum
2583 920 2626 941 sic.

2492 1051 2707 1079 ·Cf.lib.1,1ect.xn,

2493 1088 2532 1104 nn.
2539 1090 2562 1109 4,
2572 1083 2585 1104 8
2594 1087 2616 1104 et
2627 1087 2675 1105 not.
2684 1081 2709 1110 ζ.

2594 1125 2609 1148 η

2496 1266 2504 1273 ·
2520 1270 2679 1287 ευεῡικικοετ
2688 1273 2693 1287 :

2491 1291 2604 1318 positum.

2593 1530 2605 1555 0

2522 1591 2606 1618 Codd„
2622 1598 2672 1613 exc.
2687 1598 2708 1613 ri

2495 1608 2706 1646 NQ.-P:caped1’-

2494 1651 2562 1670 nem·
2576 1651 2608 1666 ri:
2630 1647 2708 1673 caput.

2495 1678 2529 1697 uo
2545 1672 2566 1692 h.
2583 1672 2626 1693 lac.

2494 1698 2529 1719 'L
2531 1698 2561 1719 i.b
2565 1698 2593 1721 11
2600 1704 2650 1725 cap
2654 1704 2708 1724 xvu,

2495 1731 2518 1746 ¹¹·
2528 1731 2548 1752 5·
2560 1731 2583 1745 δΕ
2573 1731 2625 1753 Ε·<101

2520 1758 2526 1772 ι
2548 1757 2639 1773 crtum:
2661 1757 2708 1772 non

2495 1777 2615 1800 habentia.

2494 1862 2504 1872 ⁸
2516 1861 2601 1888 Codd.,
2613 1867 2664 1883 exc.
2677 1867 2710 1886 q:

2494 1888 2587 1910 Iterum.
