2548 4192
182 320 203 345 c
906 291 1363 335 DISSERTATIONES
1394 288 1642 326 CRITICAE

185 402 199 416 ›>
222 387 368 430 praefers,
383 385 416 415 in
431 383 577 425 proximo
597 381 691 412 etiam
710 389 776 410 non
803 378 909 408 minus
930 377 1028 406 factus
1049 374 1138 404 heres
1157 372 1246 422 ,inilss

184 446 200 462 2»
222 435 384 464 bonorum
413 428 561 459 omnium
589 424 819 465 capacissimus.
841 423 910 452 Iure
940 420 1034 459 igitur
1059 417 1245 467 hereditario

185 491 199 506 >›
223 483 345 514 cuncta,
365 483 445 515 quae
464 478 577 512 patruo
602 469 803 505 debebantur,
824 464 973 505 spiritalia
994 470 1161 503 praecipue
1176 469 1246 489 mu-

185 535 200 550 »
222 532 297 553 nera
338 519 394 551 tibi
423 515 578 547 vindicas:
598 513 678 543 inter
719 521 777 542 uae
801 509 989 544 minimum,
1014 506 1103 546 quod
1134 515 1171 534 ex
1195 513 1247 553 rne

185 579 200 594 ν
222 576 278 607 per
300 544 484 604 impressam
508 558 674 599 epistolam
697 556 800 586 eldem
823 553 924 583 fuerat
947 550 1102 587 oblatum,
1123 548 1178 578 sed
1200 558 1247 577 m-

185 623 200 638 »
223 608 426 650 terpositione
444 601 658 643 impressionis
673 606 708 630 ut
726 609 808 639 parS,
829 607 891 637 qua
909 595 1059 625 mutilum
1079 599 1143 623 erat
1164 602 1247 632 opus

185 668 200 682 1>
222 655 284 685 hoc
314 649 561 683 sanctissimum,
586 643 763 684 diligentius
793 640 1019 681 inquireretur,
1044 646 1248 677 nequaquam

186 711 200 727 >›
223 699 325 729 adhuc
348 693 515 729 redditum,
535 689 590 720 tibi
610 697 694 718 nunc
714 692 857 726 aptatum
876 690 970 724 atque
994 682 1170 722 perfectum
1194 680 1247 710 de-

186 756 200 771 »
222 744 312 773 betur
338 739 382 770 uti
402 734 549 777 primario
565 733 705 773 primum
720 737 750 760 et
769 727 920 769 spirituali
935 726 1071 766 Principi
1087 724 1248 765 spirituale

186 799 200 815 »
223 763 362 821 donni-m
387 781 475 812 cuius
506 777 688 808 auctoritate
720 773 864 804 fratribus
895 771 960 801 suis
991 779 1163 800 commune
1194 767 1249 798 fiat

186 844 200 859 »
223 829 298 860 doni
322 823 512 867 principium
535 827 565 851 et
597 821 629 851 in
659 817 920 860 preclarissimam
944 814 1171 845 Grimanorum
1191 813 1247 842 do-

186 888 200 902 »
222 883 312 904 mum
336 879 425 900 amor
448 876 538 897 meus
566 872 660 905 atque
684 869 835 904 perpetua
867 858 1063 890 observantia
1089 867 1145 898 per
1169 857 1249 887 illud

185 932 200 946 »
222 924 382 956 utcunque
404 910 628 943 manifestetur.
641 908 757 947 Accipe
777 906 881 946 igitur,
897 902 1172 934 observantissime
1182 902 1247 931 Do-

185 976 199 991 »
222 962 316 998 mine,
332 957 420 1000 quod
434 963 527 986 tuum
547 961 602 992 est,
618 953 737 983 nedum
752 951 884 991 inquam
903 957 1012 978 meum
1027 947 1059 976 in
1074 947 1136 976 hoc
1151 955 1248 986 opere

184 1020 199 1035 »
222 1002 405 1044 corrigendo
428 1006 458 1031 et
478 1006 514 1030 ut
528 998 684 1030 Ecclesiae
704 1002 826 1026 sanctae
846 992 1037 1024 uberrimam
1053 990 1174 1021 afferret
1188 990 1247 1021 uti-

184 1064 198 1079 »
220 1051 339 1081 litatem
353 1044 460 1087 quoad
474 1043 540 1074 fieri
555 1043 659 1084 potuit
670 1039 847 1080 coaptando
862 1038 1015 1074 laborem,
1026 1045 1138 1086 verum
1153 1035 1249 1068 etiam

184 1108 198 1123 »
220 1091 388 1125 laborantis
412 1096 573 1120 amorem:
594 1092 811 1127 perpetuoque
835 1081 890 1113 tibi
916 1091 983 1111 non
1007 1090 1125 1118 minus,
1150 1090 1249 1121 quam

183 1152 197 1167 »
220 1145 333 1179 patruo
348 1142 405 1166 tuo
420 1132 604 1173 dignissimo
620 1130 744 1167 fuerim,
764 1124 1087 1167 obsequentissimum
1107 1134 1188 1155 ama.
1207 1137 1222 1152 »

247 1180 295 1225 (a)
314 1181 523 1218 Nuncupatos
537 1175 660 1208 Marino
675 1174 828 1206 Grimano
843 1169 1038 1211 Aquileiensi
1052 1169 1249 1200 Patriarchae

181 1227 244 1258 divi
262 1226 408 1257 Thomae
423 1220 678 1253 Commentarios
695 1229 712 1249 a
725 1216 970 1248 Bartholomaeo
993 1215 1031 1244 de
1046 1213 1144 1254 Spina
1155 1214 1249 1265 ¹typis

180 1272 213 1303 in
226 1272 331 1302 lucem
354 1266 506 1309 prodiisse
525 1275 611 1297 anno
626 1264 703 1304 1527
721 1263 772 1294 die
790 1259 834 1291 28
851 1260 968 1290 mensis
990 1259 1177 1299 septembris
1195 1259 1249 1289 ad-

181 1315 378 1351 notavimus,
403 1311 580 1352 eodemque
603 1309 697 1340 etiam
721 1316 804 1337 anno
829 1304 935 1335 datam
963 1303 1132 1344 epistolam
1155 1313 1248 1344 supe-

179 1361 296 1391 riorem
319 1356 593 1396 nuncupatoriam.
609 1354 681 1384 Hoc
701 1361 784 1382 anno
805 1349 954 1380 Clemens
978 1349 1047 1387 VII,
1068 1348 1118 1379 die
1137 1348 1249 1389 quinta

180 1404 255 1436 maii
273 1401 507 1434 renunciaverat
521 1399 679 1430 Marinum
693 1396 915 1435 Presbyterum
930 1393 1133 1424 Cardinalem
1152 1404 1176 1424 s.
1192 1392 1248 1424 Vi—

180 1449 248 1480 talis
271 1447 363 1479 titulo
387 1444 550 1482 Vestinae3
570 1443 624 1474 sed
647 1443 753 1483 ipsum
776 1446 883 1470 tamen
904 1438 1033 1469 nonnisi
1057 1447 1142 1468 anno
1167 1437 1248 1468 inse—

180 1499 296 1535 quente
314 1490 394 1522 1528
409 1490 604 1530 publicatum
624 1487 719 1517 fuisse
733 1483 823 1515 initio
839 1484 957 1514 mensis
972 1482 1119 1513 februarii
1142 1481 1249 1524 prodit

179 1538 352 1570 oldoinus:
373 1534 456 1565 unde
475 1535 605 1571 factum,
625 1540 725 1562 novae
749 1528 908 1568 dignitatis
928 1526 1150 1559 Cardinalitiae
1174 1527 1248 1558 titu-

178 1583 247 1613 lum
270 1591 336 1612 non
359 1579 420 1619 legi
442 1578 474 1608 in
503 1577 644 1608 eiusdem
674 1574 924 1614 nuncupatoriae
955 1572 1107 1614 epistolae
1140 1571 1248 1602 inscri-

178 1627 298 1668 ptione.
321 1624 450 1656 Caetera
480 1619 716 1664 praeclarissimi
747 1618 804 1648 viri
837 1625 924 1659 gesta
955 1623 1136 1658 praetereo,
1165 1627 1248 1658 quae

178 1676 321 1712 prostant
339 1667 423 1709 apud
443 1667 619 1698 Oldoinum
643 1671 673 1695 et
695 1663 888 1704 Ughellum,
913 1669 944 1694 et
968 1663 1001 1693 in
1028 1661 1248 1692 monumentis

177 1713 439 1756 Aquileiensibus,
668 1751 676 1759 α
918 1751 925 1758 .

245 1757 290 1802 (b)
309 1757 465 1797 Dignitate
479 1756 698 1786 Procuratoria
712 1753 857 1783 Marcum
872 1752 1064 1783 Grimanum
1083 1757 1249 1782 ornaverat

178 1805 309 1835 Senatus
333 1802 471 1832 Venetus
491 1809 574 1830 anno
603 1799 682 1829 1522
704 1797 756 1828 die
774 1796 818 1828 26
836 1796 951 1835 martii,
971 1803 1049 1827 teste
1068 1795 1248 1827 Sansovino

177 1849 209 1879 in
233 1846 381 1879 chronico
405 1845 546 1883 Veneto,
574 1843 625 1874 vel
648 1842 699 1873 die
722 1840 767 1872 28
794 1849 830 1873 ut
853 1841 1040 1882 Fulgentius
1064 1840 1248 1871 Manfredus

176 1893 269 1923 habet
291 1892 323 1922 in
343 1891 422 1921 libro
441 1889 603 1930 inscripto,
627 1888 766 1928 Dignita
785 1887 1020 1918 Procuratoria
1041 1886 1076 1917 di
1093 1895 1118 1916 s.
1132 1886 1249 1916 Marco

177 1938 211 1968 di
238 1937 381 1977 Veneria,
401 1935 451 1965 vel
474 1934 580 1975 potius
603 1933 655 1963 die
673 1932 718 1963 30
739 1938 774 1962 ut
793 1932 826 1963 in
846 1942 921 1962 mss.
942 1930 1172 1961 monumentis.
1193 1929 1248 1960 Di-

177 1981 327 2022 gnitatem
346 1980 490 2010 eamdem
509 1977 646 2009 obtinuit
664 1976 835 2015 Victorius,
856 1976 949 2007 frater
973 1975 1081 2014 Marci,
1102 1984 1186 2005 anno
1202 1974 1249 2005 in-

178 2032 327 2067 sequente
351 2025 430 2055 1523
450 2024 499 2054 vel
519 2023 568 2053 die
585 2023 623 2053 25
645 2021 777 2052 ianuarii
792 2021 878 2052 iuxta
892 2019 989 2051 fidem
1004 2019 1183 2058 Sansovini,
1198 2018 1249 2049 vel

178 2071 227 2101 die
240 2071 279 2101 26
290 2070 375 2101 iuxta
385 2068 585 2100 Manfredum
600 2077 635 2098 ac
650 2072 861 2097 monumenta
872 2075 947 2096 mss.
958 2064 1136 2095 Patriarcha
1146 2063 1248 2105 Aqui-

176 2114 299 2146 leiensis
314 2114 414 2145 dictus
430 2119 475 2144 est
489 2113 624 2150 Marcus,
635 2111 799 2142 abdicante
814 2121 846 2141 se
861 2110 1013 2150 regimine
1028 2108 1153 2140 Marino
1173 2118 1249 2139 cum

181 2169 332 2200 regressu,
357 2168 440 2188 anno
471 2159 550 2197 1529
576 2156 626 2187 die
652 2157 691 2186 26
719 2155 842 2196 aprilis:
870 2155 1050 2195 eodemque
1081 2163 1166 2184 anno
1198 2153 1248 2184 die

177 2215 196 2245 9
221 2194 392 2234 deceinbris
421 2202 603 2243 temporalis
626 2200 785 2242 possessio
810 2200 934 2230 decreta
961 2199 1076 2239 legitur
1099 2198 1131 2229 in
1156 2207 1249 2238 saepe

176 2249 240 2279 iam
254 2248 351 2278 citatis
366 2258 440 2278 mss.
457 2246 684 2277 monumentis.
697 2244 976 2276 Commentarium
991 2250 1139 2274 nostrum
1149 2242 1249 2284 Aqui-

176 2293 324 2323 leiensem
354 2298 384 2322 et
413 2291 649 2322 Ferdinandum
673 2290 847 2330 Ughellum
871 2288 1014 2320 consule.
1043 2288 1140 2319 Hunc
1168 2287 1249 2318 Pau-

177 2337 226 2368 lus
247 2337 287 2367 111
307 2336 499 2367 renunciavit
517 2334 700 2366 Pontificiae
719 2334 809 2365 classi
835 2333 1035 2364 Praefectum
1059 2339 1169 2364 contra
1192 2332 1249 2363 So-

177 2382 333 2412 limanum
347 2382 525 2412 Turcarum
540 2381 767 2420 Imperatorem
782 2388 867 2410 anno
889 2379 971 2420 1537
982 2377 1032 2408 vel
1051 2377 1249 2419 insequente,

179 2433 214 2457 ut
232 2426 347 2456 habent
360 2425 543 2463 Rainaldus,
558 2425 760 2465 Spondanus,
776 2424 918 2455 Andreas
933 2423 1157 2460 Maurocenus,
1172 2421 1250 2452 Hie-

179 2480 333 2511 ronymus
355 2470 486 2507 Bardus,
503 2470 634 2500 Ioannes
658 2469 814 2508 Sagredus
834 2475 865 2499 et
884 2468 929 2498 Io.
950 2467 1102 2498 Nicolaus
1117 2466 1250 2507 Doglio-

179 2525 249 2545 nus.
268 2514 437 2545 Numisma
454 2514 520 2544 eius
536 2513 762 2553 circumfertur,
778 2513 810 2544 in
827 2512 918 2544 cuius
937 2512 1035 2553 priori
1060 2511 1138 2543 facie
1153 2511 1250 2542 Marci

178 2559 284 2599 imago
306 2569 379 2590 cum
393 2559 498 2596 barba,
513 2558 613 2589 bireto
630 2558 662 2588 in
678 2559 778 2599 capite
794 2565 905 2588 ornata
919 2556 1100 2597 inspicitur:
1122 2555 1250 2596 legitur-

179 2614 242 2644 que
257 2604 290 2634 in
304 2613 427 2641 aversa,
448 2604 582 2634 Marcus
602 2603 702 2634 Grim.
723 2603 765 2634 D.
782 2603 829 2634 M.
845 2603 938 2632 Proc.
950 2602 1019 2632 Pat.
1035 2601 1142 2642 Aquil.
1158 2601 1250 2631 Pont.

180 2649 290 2678 classis
313 2648 430 2688 Imper.
453 2647 545 2685 1524.
572 2650 704 2678 Annum
735 2647 894 2688 expende,
918 2653 1036 2677 temere
1060 2645 1127 2676 sine
1151 2645 1251 2676 dubio

180 2699 375 2733 expressum:
400 2702 522 2733 proque
539 2699 622 2723 certo
647 2692 744 2730 habe,
769 2701 874 2733 neque
896 2690 1082 2731 dignitatem
1096 2690 1250 2720 Procura-

179 2737 304 2775 toriam,
320 2747 422 2777 neque
441 2736 556 2767 infulas
575 2737 804 2778 Aquileienses,
820 2745 924 2777 neque
938 2734 1123 2766 Pontificiae
1146 2734 1251 2765 classis

179 2781 409 2812 Praefecturam
419 2781 526 2811 Marco
542 2781 680 2812 conlatas
697 2781 812 2812 eodem
829 2790 914 2811 anno
930 2779 1044 2811 fuisse:
1060 2779 1189 2820 quodve
1206 2786 1251 2810 at-

179 2826 257 2856 tinet
273 2825 311 2856 ad
328 2825 563 2866 Aquileiensem
576 2826 836 2864 Patriarchatum,
852 2831 883 2856 et
898 2825 1006 2865 ipsum
1021 2823 1146 2855 silentio
1163 2833 1251 2864 prae-

180 2870 249 2901 terit
265 2870 418 2910 Spinaeus
432 2870 465 2900 in
481 2870 645 2910 praedictis
661 2870 769 2901 litteris
785 2880 870 2901 anno
894 2870 976 2911 1527
994 2868 1084 2900 datis.
1106 2868 1252 2899 Fortasse

181 2924 301 2945 annum
330 2916 412 2954 1524
435 2924 569 2955 posuere
589 2925 647 2955 pro
667 2925 751 2945 anno
778 2916 858 2954 1542
878 2914 1047 2945 oscitantes
1064 2912 1205 2944 artifices.

247 2957 292 3001 (c)
312 2959 418 2989 Marco
433 2958 609 2990 Patriarcha
628 2966 845 3000 praemortuo,
866 2959 977 2990 annuit
996 2958 1150 2989 Summus
1167 2958 1252 2988 Pon-

182 3002 266 3041 tifex,
282 3009 317 3033 ut
335 3003 491 3034 Ecclesiae
509 3003 724 3034 Patriarchalis
747 3003 877 3041 infulae,
893 3003 1009 3034 iterum
1033 3003 1162 3034 cedente
1186 3003 1252 3033 Ma-

184 3047 252 3077 rino
277 3057 351 3078 cum
374 3055 525 3087 regressu,
541 3048 651 3078 Ioanni
676 3047 760 3078 fratri
785 3048 1035 3088 imponerentur.
1058 3047 1092 3078 Id
1106 3057 1182 3078 vero
1208 3047 1252 3078 fa-

185 3097 272 3121 ctum
295 3101 378 3121 anno
400 3093 490 3131 1545.
507 3093 648 3123 Iamvero
672 3092 846 3123 Ecclesiam
866 3092 1088 3131 Cenetensem‚
1103 3102 1122 3122 a
1139 3092 1253 3123 Domi-

184 3135 256 3165 nico
289 3135 442 3166 Grimano
473 3135 631 3167 Cardinali
668 3136 874 3176 resignatam,
907 3147 992 3168 anno
1034 3138 1116 3168 1520
1149 3146 1254 3177 regere

184 3179 341 3219 inceperat
360 3180 502 3210 Ioannes.
519 3181 833 3212 Administrationem
852 3181 919 3212 eius
939 3188 1012 3222 post
1031 3181 1182 3212 undecim
1201 3191 1254 3212 an-

185 3233 256 3261 nos,
272 3233 356 3253 anno
380 3224 495 3254 scilicet
524 3226 599 3255 1531
629 3226 797 3266 resumpsit
816 3225 976 3256 Marinus:
992 3226 1047 3267 qui
1071 3226 1130 3257 hac
1154 3225 1255 3258 infula

187 3277 219 3298 se
242 3267 357 3298 iterum
381 3268 527 3308 spoliavit
555 3279 639 3299 anno
670 3271 750 3309 1540
781 3269 813 3300 in
845 3270 987 3301 eiusdem
1017 3270 1144 3301 Ioannis
1168 3270 1254 3302 favo-

186 3321 262 3342 rem.
284 3312 367 3343 Hinc
390 3313 587 3353 Episcopum
611 3313 822 3344 Cenetensem
845 3321 937 3345 vocat
957 3315 1109 3346 loannem
1133 3315 1165 3346 in
1190 3315 1255 3347 suis

187 3366 271 3387 anno
301 3358 381 3398 1527
407 3357 486 3388 datis
509 3357 616 3388 litteris
635 3358 898 3389 Bartholomaeus
922 3359 960 3389 de
984 3359 1091 3400 Spina.

253 3401 349 3431 Haud
372 3401 507 3442 ingratas
530 3402 699 3433 lectoribus
723 3403 944 3434 adnotationes
968 3411 1107 3443 nostraS,
1131 3403 1256 3436 tametsi

188 3451 271 3475 extra
293 3446 448 3476 cancellos
471 3446 714 3487 quodammodo
738 3454 896 3487 vagantes,
913 3447 980 3479 fore
999 3455 1091 3489 puto,
1111 3459 1194 3490 quae
1217 3449 1256 3480 si-

189 3489 251 3519 cuti
275 3489 417 3520 eiusdem
436 3491 647 3522 Bartolomaei
666 3491 762 3522 fidem
782 3492 918 3523 maxime
935 3493 1071 3533 probant
1094 3493 1127 3524 in
1151 3503 1256 3525 recen-

189 3533 291 3563 sendis
302 3533 469 3565 Grimanae
486 3535 620 3567 familiae
640 3537 844 3574 ornamentis,
855 3537 898 3568 ita
912 3537 1107 3578 diligentiam
1125 3548 1257 3569 omnem

190 3575 279 3607 facile
302 3579 430 3609 suadere
453 3587 588 3619 possunt
607 3581 646 3611 ab
672 3580 742 3621 ipso
763 3581 935 3612 adhibitam
955 3582 987 3612 in
1007 3582 1135 3613 edendis
1158 3582 1256 3614 Com-

191 3621 348 3652 mentariis
372 3623 403 3653 in
427 3623 571 3662 Esaiam,
595 3635 635 3656 ac
657 3625 858 3656 Hieremiam
883 3627 1014 3666 eiusque
1041 3626 1198 3665 strenos,
1228 3633 1258 3658 et

191 3665 401 3705 Matthaeum,
425 3667 703 3710 adiudicandisque
726 3669 801 3699 divo
820 3669 977 3700 Thomae.

1686 365 1886 403 CAPUT
1922 366 1996 402 III.

1302 455 1511 482 Commentarius
1527 455 1553 479 in
1567 455 1704 485 loannem,
1719 454 1813 487 partim
1828 454 1936 488 proprio
1950 454 2031 480 sancti
2045 455 2166 481 Thomae
2176 457 2246 490 stylo
2260 457 2382 491 scriptus,

1373 492 1467 524 partim
1487 499 1501 515 a
1520 490 1664 522 Reginaldo
1684 489 1834 515 Privernate
1852 495 2009 523 reportatus,
2025 491 2056 516 ab
2072 491 2131 524 ipso
2146 497 2235 518 tamen
2253 493 2384 526 Aquinate

1375 531 1508 551 correctus
1534 526 1754 558 adprobatusque.
1775 526 1837 551 Sixti
1861 527 1985 551 Senensis
2011 527 2086 552 locus
2110 528 2143 552 de
2167 528 2289 562 Philippo
2311 529 2384 562 Apo-

1374 562 1445 587 stolo
1459 566 1484 586 et
1499 561 1620 594 Philippo
1634 561 1751 586 Diacono
1766 562 1798 586 ad
1812 570 1920 587 examen
1934 567 2050 588 vocatur.
2065 562 2184 588 Censura
2198 563 2324 589 refellitur
2333 565 2382 590 Ca-

1375 597 1456 622 sirniri
1476 597 1582 621 Oudini.
2246 596 2251 599 “

1304 685 1326 715 Ι.
1353 677 1538 760 Sequitur
1568 680 1735 721 Expositio
1765 681 1798 711 in
1822 681 2036 722 Evangelium
2064 683 2253 723 s.10annis,
2277 684 2382 715 eidem

1411 725 1544 757 Doctori
1559 725 1712 766 Aquinati
1727 725 1853 756 tributa.
1875 726 2028 767 Quinque
2043 727 2149 768 priora
2163 729 2265 770 capita
2282 729 2381 760 Com-

1303 771 1459 803 mentario
1483 770 1650 801 illustravit
1673 770 1752 810 ipse,
1776 780 1875 811 quem
1898 771 2030 812 proprio
2054 783 2166 813 pugno
2191 774 2324 815 scripsit:
2345 784 2381 805 ex

1304 817 1371 848 eius
1395 826 1450 847 ore
1474 815 1606 846 dicentis
1626 825 1643 845 e
1663 821 1813 855 suggestu
1828 815 1949 856 reliqua
1972 817 2134 857 recollegit
2154 819 2381 860 mandavitque

1303 861 1412 892 litteris
1436 861 1472 891 fr.
1489 859 1684 900 Reginaldus
1703 859 1742 889 de
1762 859 1930 890 Priverno:
1955 861 2132 903 eademque
2155 863 2289 894 demum
2312 862 2380 894 dili—

1303 906 1429 946 gentius
1458 905 1558 935 revisa
1582 903 1716 935 correxit
1747 904 1999 945 adprobavitque
2027 905 2095 946 ipse
2119 906 2275 938 Thomas.
2299 908 2381 938 Rem

1304 949 1507 981 disertissime
1530 955 1635 980 narrat
1658 948 1865 979 Ptolomaeus
1889 949 1928 979 de
1953 949 2040 980 Luca
2063 949 2096 980 in
2121 950 2263 982 Historia
2284 952 2382 983 eccle-

1304 995 1388 1026 siast.
1409 995 1490 1025 libro
1505 994 1619 1032 XXIII,
1640 993 1741 1034 capite
1756 1001 1813 1023 xv:
1833 993 1914 1024 Item
1939 993 2073 1025 Postilla
2094 1005 2194 1036 super
2210 996 2379 1035 Ioannem,

1304 1039 1470 1081 inquiens,
1495 1039 1535 1070 de
1557 1049 1622 1080 qua
1647 1039 1713 1079 ipse
1732 1035 1917 1081 (Thomas)
1940 1048 2040 1079 super
2062 1049 2082 1069 v
2109 1041 2250 1081 capitulo
2274 1038 2381 1083 (quin-

1304 1095 1367 1126 que
1391 1082 1543 1126 capitula)
1553 1084 1690 1124 proprio
1713 1083 1801 1124 strlo
1816 1084 1958 1114 notavit:
1972 1089 2072 1114 totum
2087 1085 2181 1115 aliud
2204 1086 2381 1126 reportatio

1295 1129 1386 1170 fuit,
1410 1128 1468 1160 sed
1491 1133 1672 1159 correctum
1697 1137 1762 1168 per
1791 1129 1905 1168 ipsum.
1933 1127 2127 1159 Consonurn
2161 1135 2208 1160 est
2230 1130 2381 1160 Bernardi

1304 1173 1463 1205 Guidonis
1478 1172 1700 1204 testimonium
1719 1172 1806 1212 apud
1821 1171 2007 1203 Oudinum:
2023 1173 2159 1214 Scripsit
2177 1183 2302 1216 quoque
2319 1174 2380 1205 Po-

1303 1219 1423 1249 stillam
1447 1227 1547 1259 super
1560 1217 1778 1258 Evangelium
1794 1216 1940 1255 Ioannis,
1957 1218 2100 1249 maxime
2121 1228 2221 1259 super
2240 1220 2382 1260 quinque

1303 1263 1458 1303 capitula,
1478 1263 1566 1304 strlo
1586 1263 1739 1303 proprio:
1757 1261 1922 1292 residuum
1947 1271 2023 1293 vero
2046 1262 2167 1294 dicitur
2186 1269 2379 1304 reportasse,

1304 1309 1372 1348 ipso
1395 1308 1533 1349 legente,
1548 1306 1603 1348 fr.
1618 1306 1822 1348 Reginaldus
1844 1307 1951 1351 socius
1965 1307 2051 1338 eius:
2073 1307 2159 1348 quod
2174 1308 2380 1348 postmodum

1304 1352 1386 1383 idem
1410 1352 1535 1383 Doctor
1549 1352 1692 1383 correxit
1707 1357 1737 1382 et
1751 1351 1950 1392 approbavit.
1969 1352 2092 1382 Eadem
2105 1352 2200 1383 habet
2222 1352 2382 1394 ipsissima

1303 1397 1398 1427 verba
1421 1407 1445 1427 s.
1471 1396 1656 1427 Antoninus
1679 1396 1712 1426 in
1737 1395 1900 1427 Chronico
1924 1403 2012 1437 parte
2036 1397 2095 1436 111,
2121 1397 2222 1438 capite
2241 1408 2278 1437 x,
2298 1397 2326 1440 §-
2346 1407 2379 1428 11.

1370 1441 1467 1472 Nulla
1491 1441 1635 1482 quinque
1659 1441 1875 1482 capitulorum
1898 1441 2085 1482 exceptione
2106 1441 2244 1482 ingesta,
2268 1442 2302 1473 in
2326 1451 2380 1473 eo-

1303 1495 1377 1516 rum
1401 1495 1537 1526 operum
1561 1495 1658 1516 censu
1682 1485 1764 1516 hanc
1787 1486 1821 1516 in
1838 1485 1992 1517 Ioannem
2012 1487 2254 1527 Expositionem
2279 1497 2380 1518 annu-

1304 1537 1428 1561 merant
1455 1529 1655 1571 Logotheta‚
1685 1530 1834 1561 Trivetus
1865 1537 1896 1561 et
1919 1530 2176 1570 Valleoletanus,
2206 1541 2288 1573 quae
2319 1531 2382 1563 dici

1303 1575 1481 1616 Reportata
1505 1580 1536 1606 et
1559 1574 1730 1605 recollecta
1750 1582 1993 1606 consueverunt.
2016 1575 2254 1607 Bartholomaei
2273 1577 2381 1618 Logo-

1304 1619 1408 1650 thetae
1432 1619 1539 1660 accipe
1561 1619 1658 1650 verba
1681 1619 1767 1659 apud
1790 1619 1977 1650 Baluzium:
1997 1619 2079 1651 Item
2095 1621 2269 1652 Lecturam
2283 1630 2383 1662 super

1304 1664 1474 1703 Ioannem,
1495 1674 1559 1705 qua
1575 1674 1639 1695 non
1663 1665 1830 1695 invenitur
1847 1665 1979 1695 melior:
1992 1674 2089 1706 quam
2110 1665 2281 1707 recollegit
2299 1665 2382 1696 idem

1294 1708 1349 1750 fr.
1368 1709 1566 1750 Raynaldus
1589 1706 1825 1751 (Reginaldus);
1844 1709 1902 1740 sed
1922 1710 2067 1740 correxit
2085 1719 2156 1740 eam
2167 1709 2284 1751 frater
2302 1709 2384 1741 Tho-

1305 1763 1385 1785 mas.
1405 1753 1554 1784 Trivetus
1577 1753 1620 1783 ait
1643 1753 1730 1794 apud
1749 1753 1958 1784 Dacherium:
1982 1753 2106 1785 Iterum
2122 1754 2263 1786 Lectura
2286 1763 2386 1796 super

1304 1798 1472 1830 Ioannem.
1492 1798 1534 1829 Et
1557 1798 1644 1838 apud
1667 1798 1851 1829 Echardum
1873 1798 2129 1830 Valleoletanus:
2152 1799 2234 1830 Item
2257 1799 2387 1840 scripsit

1299 1843 1465 1884 postillam
1485 1852 1584 1884 super
1594 1842 1761 1874 Ioannem.
1772 1842 1908 1883 Incipit:
1926 1843 1999 1874 Vidi
2011 1842 2191 1874 Dominum
2205 1843 2386 1883 sedentem;

1306 1893 1336 1918 et
1359 1888 1419 1919 hoc
1436 1897 1500 1928 per
1514 1887 1643 1918 modum
1659 1887 1830 1918 Lecturae.
1851 1887 1951 1925 Quod
1971 1897 2086 1919 eorum
2108 1887 2332 1919 testimonium
2345 1898 2386 1920 ne

1305 1939 1398 1972 putes
1421 1932 1611 1963 Ptolomaeo
1627 1931 1775 1971 Lucensi,
1789 1931 1951 1963 Bernardo
1976 1932 2136 1964 Guidonis
2163 1939 2194 1964 et
2217 1932 2385 1964 Antonino

1305 1977 1485 2016 adversum,
1510 1987 1586 2008 cum
1609 1977 1765 2008 maiorem
1788 1977 1937 2008 Postillae
1952 1983 2075 2018 partem
2099 1987 2136 2008 ex
2159 1987 2215 2008 ore
2239 1977 2386 2009 dictantis

1305 2021 1454 2052 Thomae
1473 2028 1637 2062 exceptam
1655 2021 1864 2053 intellexerint
1878 2021 1934 2061 illi,
1950 2032 1986 2053 ac
2009 2021 2116 2063 priora
2133 2022 2277 2064 quinque
2291 2021 2385 2053 dum-

1305 2073 1389 2097 taxat
1412 2066 1515 2107 capita
1538 2066 1759 2097 adnotaverint
1781 2066 1832 2097 isti
1856 2066 1988 2108 proprio
2013 2066 2110 2098 fuisse
2133 2066 2217 2108 stylo
2247 2066 2385 2098 conscri-

1305 2118 1368 2152 pta.
1389 2111 1532 2142 Pretium
1555 2120 1631 2141 vero
1655 2111 1881 2150 animadverte,
1903 2121 1971 2153 quo
1995 2111 2107 2142 eadem
2126 2110 2295 2152 expositio,
2309 2121 2386 2143 curn

1305 2155 1447 2197 primum
1471 2155 1668 2186 innotescere
1691 2166 1727 2187 ac
1750 2155 1807 2187 teri
1832 2155 1980 2187 manibus
2004 2155 2121 2197 coepit,
2143 2155 2250 2187 habita
2273 2162 2331 2195 est,
2349 2161 2387 2187 ut

1306 2211 1369 2232 non
1395 2201 1535 2232 inveniri
1557 2201 1721 2231 meliorem
1747 2199 1941 2241 perhibuerit
1964 2200 2154 2242 Logotheta.

1372 2245 1546 2286 Egregium
1570 2245 1656 2276 idem
1680 2255 1775 2286 opus,
1795 2245 1918 2276 nullam
1938 2246 2167 2286 reportationis
2186 2245 2387 2277 mentionem

1305 2289 1491 2329 iniicientes,
1507 2290 1652 2321 absolute
1667 2290 1815 2321 Thomae
1834 2290 1980 2321 tribuunt
1994 2289 2187 2321 Guillelmus
2212 2291 2250 2321 de
2274 2290 2386 2322 Tocco

1306 2341 1337 2365 et
1366 2335 1477 2366 Petrus
1510 2334 1677 2375 Rogerius.
1705 2334 1760 2366 Ait
1782 2334 1835 2366 ille
1859 2335 1891 2365 in
1916 2334 1989 2366 Vita
2012 2334 2114 2376 capite
2137 2344 2187 2374 xv,
2212 2345 2302 2366 num.
2329 2334 2385 2366 18:

1305 2379 1443 2410 Praeter
1464 2379 1551 2420 quod
1573 2389 1654 2420 opus
1677 2377 1782 2422 (quod
1805 2379 1903 2420 vulgo
1931 2379 2056 2410 Catena
2078 2378 2212 2421 Aurea)
2223 2379 2310 2421 fecit
2325 2389 2386 2422 po-

1305 2424 1425 2455 stillam
1449 2434 1549 2465 super
1570 2424 1789 2466 Evangelium
1814 2423 1898 2455 beati
1920 2424 2075 2455 Ioannis:
2096 2425 2129 2454 in
2153 2433 2218 2465 qua
2249 2424 2388 2456 ostendit

1306 2478 1403 2510 quam
1428 2469 1494 2500 alte
1516 2468 1557 2499 de
1578 2478 1638 2500 suo
1662 2470 1805 2510 ingenio,
1830 2468 1962 2500 adiutus
1979 2479 2044 2510 per
2064 2469 2222 2510 gratiam,
2245 2469 2290 2501 ad
2305 2478 2386 2511 pro-

1296 2513 1412 2555 funda
1432 2514 1582 2555 mysterii
1604 2513 1680 2544 libri
1696 2514 1895 2554 pervenerit,
1920 2523 2004 2555 quae
2025 2513 2219 2545 Sanctorum
2243 2515 2386 2546 aucton'-

1307 2558 1426 2589 tatibus
1455 2558 1644 2590 declaravit.
1672 2558 1790 2589 Iterum
1818 2558 2049 2597 animadverte,
2073 2567 2174 2599 quam
2202 2568 2321 2600 magno
2352 2558 2386 2590 in

1308 2602 1410 2643 pretio
1443 2602 1506 2633 hoc
1536 2602 1644 2634 haberi
1675 2613 1759 2643 opus
1792 2603 1912 2634 debeat.
1943 2602 1998 2634 Ait
2028 2612 2104 2633 vero
2129 2603 2286 2644 Rogerius
2319 2603 2386 2634 sive

1308 2647 1459 2678 Clemens
1478 2647 1537 2685 VI,
1561 2647 1648 2688 apud
1670 2647 1857 2678 Oudinum:
1883 2647 1963 2678 Item
1983 2646 2135 2678 Postillas
2157 2657 2257 2688 super
2274 2647 2386 2679 Evan-

1306 2692 1429 2732 gelium
1454 2692 1598 2722 Ioannis.
1619 2694 1671 2722 An
1695 2701 1770 2732 ergo
1803 2699 1947 2732 pugnent
1977 2691 2058 2722 inter
2086 2701 2119 2722 se
2143 2692 2286 2733 antiqui,
2310 2701 2386 2734 syn-

1308 2735 1420 2766 chroni
1452 2745 1604 2776 suppares
1628 2746 1669 2767 ue
1693 2735 1881 2777 scriptores,
1906 2735 1963 2778 qui
1993 2735 2142 2767 Thomae
2167 2735 2316 2778 Operum
2340 2742 2385 2768 te—

1306 2790 1402 2811 xuere
1425 2745 1627 2821 catalogumcl
1645 2780 1731 2811 Cave
1753 2779 1939 2821 antilogiam
1965 2786 2021 2811 aut
2043 2789 2187 2821 pugnam
2210 2781 2311 2812 ullam
2333 2790 2386 2812 su-

1308 2825 1446 2866 spiceris.
1480 2824 1760 2856 Commentarium
1792 2825 1914 2867 quippe
1946 2824 2095 2856 Doctoris
2129 2825 2297 2867 Aquinatis
2330 2834 2386 2856 ore

1309 2870 1462 2901 dictatum
1493 2876 1726 2911 exceptumque
1749 2870 1788 2900 ab
1812 2869 1898 2909 aliis,
1927 2870 1966 2900 ab
1997 2869 2068 2911 ipso
2092 2876 2204 2912 postea
2228 2870 2386 2910 revisum,

1309 2921 1487 2946 correctum
1505 2914 1793 2955 adprobatumque,
1813 2923 1870 2945 cur
1893 2914 1997 2945 eidem
2020 2914 2140 2956 absque
2164 2921 2241 2946 nota
2264 2914 2386 2956 simpli-

1309 2959 1385 2990 citer
1398 2969 1465 2990 non
1481 2958 1728 2990 adiudicaverint
1741 2958 1933 2990 Guillelrnus
1948 2959 1987 2990 de
2001 2959 2112 2990 Tocco
2123 2966 2154 2991 et
2164 2958 2314 2990 Clemens
2324 2955 2388 2991 vl?

1376 3005 1420 3035 At
1442 3003 1598 3034 maiorem
1622 3003 1755 3034 huiusce
1769 3002 2002 3034 Commentarii
2021 3010 2144 3044 partem
2167 3013 2185 3034 a
2210 3003 2387 3044 Reginaldo

1309 3048 1489 3079 Privernate
1513 3048 1713 3079 recollectam
1737 3047 1844 3086 fuisse,
1863 3047 2118 3079 luculentissimo
2138 3049 2272 3079 demum
2286 3047 2387 3090 ipsius

1310 3092 1476 3134 Reginaldi
1500 3092 1685 3124 testimonio
1715 3092 1877 3124 evincitur.
1905 3091 2042 3124 Codices
2070 3103 2145 3124 mss.
2166 3093 2388 3134 Expositionis

1311 3138 1344 3168 in
1368 3137 1537 3175 Ioannem,
1558 3147 1622 3179 qua
1646 3138 1685 3168 de
1708 3137 1843 3177 agimus,
1867 3143 1946 3168 teste
1969 3137 2115 3169 Echardo
2135 3138 2168 3168 in
2191 3137 2297 3178 elogio
2318 3137 2386 3169 lau-

1311 3182 1375 3213 dati
1398 3181 1582 3222 Reginaldi,
1607 3181 1811 3212 adservantur
1833 3181 1958 3212 Parisiis
1985 3181 2017 3212 in
2048 3182 2178 3214 ecclesia
2201 3181 2386 3223 Metropoli-

1310 3233 1384 3258 tana
1415 3233 1446 3257 et
1469 3225 1502 3257 in
1533 3225 1724 3257 bibliotheca
1747 3226 1861 3267 Regia,
1886 3226 1972 3267 apud
2002 3226 2234 3258 Saniacobaeos
2261 3225 2387 3257 Praedi-

1311 3277 1432 3302 catores
1443 3277 1475 3302 et
1488 3270 1740 3311 Augustininnos
1755 3270 1795 3301 ad
1809 3271 1946 3302 Pontem
1961 3281 2096 3310 novum,
2107 3271 2224 3314 quibus
2234 3269 2386 3302 omnibus

1312 3315 1438 3356 appicta
1460 3315 1575 3356 legitur
1598 3315 1721 3346 notatio
1746 3322 1896 3357 sequens:
1911 3316 2007 3347 Haec
2021 3326 2101 3358 ergo
2124 3321 2201 3347 sunt
2222 3323 2306 3357 quae
2324 3323 2386 3357 ego

1301 3359 1355 3401 fr.
1366 3360 1563 3402 Raynaldus
1577 3359 1617 3391 de
1626 3360 1765 3401 Piperno
1783 3359 1918 3391 Ordinis
1931 3360 2198 3392 Pmedicatorum
2212 3359 2258 3391 ad
2268 3367 2385 3400 preces

1311 3405 1525 3446 quorumdam
1541 3405 1714 3443 sociorum,
1730 3410 1761 3436 et
1776 3405 1960 3446 specialiter
1978 3398 2022 3436 ad
2040 3405 2228 3437 mandatum
2247 3403 2287 3434 R.
2297 3403 2332 3435 P.
2342 3403 2386 3434 D.

1312 3449 1493 3490 Praepositi
1514 3459 1540 3481 s.
1560 3449 1718 3481 Adomari
1733 3454 1811 3490 post
1831 3449 1978 3491 fratrem
2008 3450 2160 3481 Thomam
2184 3448 2224 3480 de
2245 3447 2385 3488 Aquino,

1312 3495 1406 3535 quasi
1428 3495 1484 3535 qui
1506 3494 1631 3536 colligit
1661 3503 1806 3525 racemos
1830 3499 1907 3535 post
1930 3494 2141 3531 vindemiam,
2167 3493 2290 3524 utinam
2321 3501 2384 3522 non

1312 3538 1484 3577 diminute,
1505 3539 1631 3580 collegi.
1659 3538 1744 3570 Tam
1767 3538 1880 3570 illustri
1904 3537 2089 3570 testimonio
2113 3546 2180 3568 rem
2209 3535 2387 3567 confectam

1313 3592 1409 3614 nemo
1443 3593 1510 3614 non
1541 3582 1635 3614 videt.
1664 3582 1886 3624 Praepositum
1909 3582 2001 3613 illum
2024 3591 2049 3614 s.
2071 3579 2225 3613 Adomari
2256 3580 2387 3611 adnotat

1312 3626 1476 3658 Echardus
1500 3626 1597 3658 fuisse
1610 3626 1836 3667 Adenulphum
1855 3626 1895 3658 de
1915 3626 2081 3668 Anagnia,
2098 3634 2163 3656 una
2183 3624 2386 3656 Canonicum

1312 3670 1470 3702 Ecclesiae
1484 3670 1684 3701 Parisiensis:
1700 3670 1756 3701 sed
1770 3670 1825 3711 qui
1845 3680 1885 3701 ne
1904 3669 2040 3701 infulam
2055 3669 2194 3710 accipere
2209 3675 2385 3709 cogeretur,
