2548 4192
956 274 1011 310 IN
1042 274 1080 310 S.
1101 272 1344 309 THOMAM
1371 273 1697 320 AQUINATEM

227 363 398 389 recremata
421 357 614 398 praedictam
638 355 857 396 exceptionem
874 355 926 393 ait,
949 353 1001 397 (in
1018 359 1127 395 queste
1142 353 1304 384 dovettero

227 402 357 433 vederla
386 402 632 432 Torrecremata
657 398 730 443 etc.)
755 400 879 431 tametsi
896 400 929 430 in
945 398 1171 439 recentioribus
1195 396 1304 438 (meno

227 445 370 488 antiche)
394 455 461 476 non
485 445 646 476 habeatur.
670 444 914 484 Diligentiorem
937 454 973 475 ac
997 450 1079 474 certe
1098 442 1305 472 necessariam

227 500 358 532 operam
368 489 573 530 praestitisset
582 489 753 527 Strozzius,
761 489 787 519 si
798 489 986 527 editionum,
994 498 1076 529 quae
1086 496 1208 517 annum
1222 497 1231 516 1
1242 488 1257 516 5
1264 496 1304 526 29

226 534 462 576 praecesserint,
486 544 609 564 annum
632 540 840 565 memorasset
863 543 899 564 ac
922 531 1171 574 typographum.
1200 531 1304 571 Papae

225 589 314 617 vero,
337 589 438 620 quam
454 577 528 608 felix
551 585 582 609 et
597 585 741 609 accurata
765 578 910 619 allegatio
935 576 1062 608 Ioannis
1082 576 1121 606 de
1137 576 1304 606 Turrecre-

227 630 323 661 mata,
347 623 403 664 qui
427 623 460 653 in
483 623 569 653 hisce
593 622 785 653 editionibus
809 624 848 653 ab
865 632 950 653 anno
980 622 1061 652 1513
1087 620 1201 651 curatis
1218 629 1304 650 exce-

226 667 372 709 ptionem
394 666 507 698 viderit
531 677 566 698 ac
589 667 714 707 legerit!
741 667 805 705 Qui
829 677 946 708 nempe
965 666 1108 707 quinque
1125 671 1156 695 et
1171 664 1304 706 quadra-

224 712 312 753 ginta
334 721 436 742 annos
459 711 524 742 iam
551 719 622 742 ante
646 712 784 750 obierat,
813 722 898 742 anno
923 710 1041 742 Christi
1065 709 1159 750 1468,
1179 719 1303 749 suoque

224 757 259 787 in
287 762 420 787 tractatu
448 755 488 786 de
517 756 655 787 Ver-itate
679 756 909 797 Conceptionis
947 756 1071 786 Romae
1099 763 1184 785 anno
1220 755 1302 795 1547

225 801 382 841 impresso
411 800 588 841 praedictae
619 801 812 842 exceptionis
835 801 933 832 veluti
965 810 983 830 a
1005 799 1135 830 Thoma
1166 798 1304 830 adiectae

224 844 375 886 nuspiam
398 845 553 876 meminit.

292 889 428 927 Quinto,
452 889 507 920 sed
531 900 602 920 eam
625 896 699 930 post
723 900 844 920 annum
873 891 954 930 1529
979 889 1129 919 insertam
1143 889 1205 929 legi
1222 897 1302 919 non-

224 933 320 964 nullis
335 933 425 964 editis
439 934 472 964 in
488 934 650 975 exemplis,
666 945 748 976 quae
763 935 874 965 decern
893 940 929 964 ut
947 943 1114 964 summum
1134 943 1303 964 numeran—

224 984 286 1016 tur,
301 988 369 1008 non
383 978 468 1009 imus
482 978 620 1010 inficias:
645 986 677 1010 at
690 989 825 1010 manum
841 985 1010 1016 recentem,
1026 987 1108 1018 quae
1129 978 1303 1008 Parisinam

224 1022 299 1053 anni
315 1033 325 1052 r
335 1023 397 1063 529
408 1023 582 1054 editionem
596 1023 841 1063 interpolaverit,
852 1022 1039 1053 vetustiores
1049 1021 1208 1060 evincunt,
1220 1032 1302 1063 quae

224 1067 352 1098 saeculo
375 1067 616 1108 quintodecimo
633 1078 670 1098 ex
690 1067 853 1098 codicibus
877 1077 952 1097 mss.
970 1066 1167 1106 prodierunt,
1184 1076 1220 1096 ac
1241 1066 1301 1096 fre-

224 1111 407 1152 quentiores
423 1111 491 1141 aevi
507 1111 662 1152 sequioris
682 1111 942 1142 doctissimorum
963 1111 1107 1141 virorum
1128 1111 1210 1141 curis
1227 1121 1300 1151 pur-

223 1161 313 1195 gatae
337 1161 368 1186 et
391 1155 587 1194 emendatae,
611 1165 694 1196 quae
718 1155 874 1196 plurimae
898 1162 981 1186 sunt.

291 1198 397 1238 Sexto,
414 1199 558 1230 eiusdem
573 1199 731 1230 Parisinae
748 1200 894 1231 editionis
914 1198 1154 1239 corruptionem
1170 1205 1301 1230 testatur

222 1243 368 1274 Thomas
392 1244 431 1274 de
453 1244 573 1274 Lemos
596 1244 629 1274 in
652 1244 807 1285 Panoplia
830 1244 956 1275 Gratiae
975 1250 1066 1274 tomo
1084 1243 1138 1282 IV,
1155 1251 1243 1284 parte
1260 1244 1298 1282 II,

220 1287 303 1319 libro
320 1288 375 1327 IV,
399 1298 467 1331 cap,
484 1298 540 1320 m
560 1298 593 1319 se
609 1295 807 1329 perspectam
821 1289 945 1320 Romae
968 1288 1077 1319 fecisse
1093 1297 1136 1318 ex
1153 1288 1300 1319 omnibus

220 1332 517 1367 mss-—ettodt’cibus
531 1333 564 1363 in
581 1333 734 1364 Vaticano
747 1334 885 1365 servatis
899 1339 930 1364 et
948 1334 980 1363 in
996 1332 1183 1363 bibliotheca
1195 1334 1299 1364 Ducis

219 1377 364 1418 Altemps
379 1382 410 1408 et
422 1378 526 1408 Ducis
535 1377 731 1409 Horentiae.
751 1378 918 1409 Postremo
934 1377 1020 1417 loco,
1036 1377 1187 1418 peculiari
1203 1378 1298 1418 digna
1346 1371 1352 1378 ”

219 1421 494 1452 animadversione
517 1429 690 1454 occurrunt
713 1422 840 1453 Ioannis
859 1422 898 1453 de
914 1422 1044 1461 Pineda,
1069 1431 1167 1463 quem
1183 1422 1297 1463 allegat

219 1465 418 1506 Sfondratus,
442 1467 538 1497 verba
560 1468 600 1498 ad
624 1473 720 1507 caput
737 1477 780 1497 vn
804 1467 1000 1498 Ecclesiastis
1023 1472 1051 1498 v.
1072 1476 1123 1506 29.
1148 1466 1189 1497 In
1205 1472 1295 1498 tanta

219 1518 300 1552 ergo
323 1510 468 1542 codicum
485 1513 643 1543 varietate
665 1509 763 1554 (typis
779 1511 863 1542 edita
882 1512 1026 1552 exempla
1041 1509 1195 1553 intellige)
1219 1512 1297 1553 quid

219 1559 295 1586 vere
316 1556 483 1596 scripserit
504 1556 599 1588 divus
622 1557 770 1594 nomas,
789 1557 946 1587 incertum
971 1562 1027 1587 est.
1054 1556 1162 1596 ltaque
1179 1556 1296 1587 dubius

218 1598 327 1631 haeret
348 1599 413 1639 ine,
429 1610 510 1631 num
526 1601 601 1632 divo
617 1601 765 1632 Thomae
785 1601 917 1640 auctori,
938 1611 977 1631 an
994 1600 1214 1641 interpolatori
1231 1602 1296 1633 cui—

218 1643 307 1685 piam
330 1644 425 1675 tribui
449 1652 542 1686 saepe
566 1645 649 1676 dicta
664 1645 807 1686 exceptio
831 1646 951 1676 debeat.
975 1646 1089 1686 Neque
1104 1655 1180 1676 vero
1204 1651 1296 1677 tanta

219 1687 352 1730 dicenda
375 1688 477 1720 fuerat
500 1690 643 1721 codicum
661 1691 822 1721 varietas:
844 1698 906 1722 tres
922 1690 1040 1721 etenim
1056 1697 1214 1722 memorat
1228 1690 1295 1731 ipse

218 1732 384 1772 editiones,
390 1733 565 1765 Parisinam
575 1735 650 1765 anni
664 1745 673 1765 1
684 1736 746 1775 529
757 1741 788 1766 et
802 1745 812 1764 ι
822 1736 896 1774 532,
903 1744 938 1766 ac
946 1735 1102 1765 Venetam
1112 1736 1186 1766 anni
1201 1746 1210 1765 1
1220 1737 1235 1766 5
1243 1737 1258 1766 5
1266 1738 1295 1775 5,

217 1776 336 1818 quibus
359 1778 548 1810 recentiores
571 1779 649 1810 aliae
672 1786 710 1810 ut
724 1789 890 1811 summum
913 1785 1036 1819 septem
1059 1779 1132 1810 addi
1147 1788 1293 1820 possunt.

217 1823 263 1853 At
283 1828 423 1853 recentes
446 1823 544 1864 ipsae,
568 1833 651 1865 quae
666 1831 740 1864 post
763 1834 886 1855 annum
907 1825 988 1864 1529
1006 1823 1151 1864 pluribus
1166 1825 1199 1855 in
1216 1825 1295 1856 locis

216 1865 415 1907 prodierunt,
439 1867 535 1908 longe
553 1877 690 1898 numero
714 1875 891 1909 praestant;
915 1878 950 1898 ac
965 1869 1153 1899 vetustiores
1170 1879 1294 1908 omnes,

217 1916 382 1952 quotquot
404 1921 536 1943 excusae
559 1912 688 1944 fuerunt
711 1913 839 1944 saeculo
863 1912 1116 1954 quintodecimo,
1137 1914 1294 1954 praedicta

217 1961 324 1986 carent
347 1957 541 1997 exceptione.
564 1956 657 1988 Illud
679 1967 755 1989 vero
781 1958 985 1998 exploratum
1010 1959 1042 1989 in
1069 1959 1207 1989 editione
1229 1959 1293 1990 Ro-

215 2009 315 2030 mana
338 1997 428 2042 (anni
457 1999 554 2044 1570)
578 2011 662 2043 quae
684 2003 920 2034 correctissima
943 2002 1091 2041 habetur,
1114 2003 1295 2034 desiderari

217 2045 434 2084 exceptionem
451 2046 552 2077 illam.
578 2046 699 2084 Quidni
715 2047 935 2088 exceptionem
950 2047 1039 2079 illam
1058 2048 1224 2089 praeterire
1241 2049 1293 2079 de-

216 2087 343 2121 buerint
373 2090 610 2131 prudentissimi
635 2091 774 2122 Romani
798 2091 954 2130 editores,
983 2102 1082 2132 quam
1105 2092 1138 2122 in
1161 2093 1292 2124 vetustis

204 2133 369 2166 *omnibus
391 2135 482 2166 editis
506 2135 658 2175 exemplis
681 2146 751 2167 non
771 2136 939 2174 invenere,
963 2146 1067 2178 neque
1090 2137 1132 2167 in·
1148 2137 1293 2179 frequen-

199 2188 203 2192 ’
216 2179 351 2211 tioribus
365 2180 445 2218 aliis,
460 2190 542 2221 quae
557 2180 772 2212 sextodecimo
787 2181 902 2211 eodem
917 2182 1044 2212 saeculo
1060 2188 1184 2213 curatae
1199 2181 1293 2213 sunt?

214 2223 320 2264 Pergit
343 2230 482 2255 attamen
505 2224 656 2256 adnotare
672 2225 810 2256 Pineda:
838 2225 1042 2266 Quamquam
1060 2236 1162 2268 neque
1177 2236 1220 2257 ex
1234 2228 1294 2258 hoc

204 2268 346 2310 firmum
353 2279 495 2310 prorsus
508 2275 739 2311 argumentum
745 2270 829 2311 fieri
837 2271 943 2310 possit
956 2272 1005 2302 rei
1018 2272 1119 2312 ipsius
1133 2277 1164 2302 et
1178 2273 1293 2303 mentis

213 2312 282 2344 divi
308 2313 456 2345 Thomae.
482 2313 561 2353 Cur,
585 2312 702 2345 sodes?
727 2315 809 2346 Cum
834 2315 867 2345 in
891 2315 949 2346 illa
973 2317 1043 2356 ipsa
1067 2316 1205 2347 editione
1226 2317 1291 2347 Ro-

213 2367 313 2388 mana
335 2358 494 2399 quaedam
526 2368 568 2389 ex
601 2359 850 2390 Commentariis
871 2359 994 2390 domini
1020 2360 1169 2391 Caietam*
1199 2362 1292 2391 iustis

211 2401 252 2433 de
267 2403 376 2434 causis
391 2404 508 2434 omissa
521 2403 676 2444 suerint;
692 2405 801 2444 potuit
823 2405 932 2444 itaque
951 2405 1062 2445 aliqua
1078 2415 1120 2436 ex
1135 2415 1234 2436 causa
1251 2405 1292 2435 ab

2324 292 2429 317 CXXIII

1360 355 1468 395 aliquo
1489 356 1539 386 vel
1561 356 1639 386 addi
1660 354 1794 396 aliquid,
1821 357 1871 387 vel
1892 357 1993 387 omitti
2010 357 2041 387 in
2060 358 2116 388 illo
2132 368 2157 388 s.
2174 358 2323 390 Doctoris
2341 360 2433 391 Com-

1360 401 1539 430 mentario.
1561 400 1663 430 Iustae
1687 410 1820 439 causae,
1853 411 1908 431 cur
1931 401 2049 431 omissa
2078 402 2235 442 quaedam
2264 403 2379 435 fuerint
2401 406 2434 435 in

1361 442 1503 475 Caietani
1527 444 1785 483 Commentariis,
1802 452 1921 485 patent,
1942 455 1977 476 ac
2001 446 2039 475 ab
2063 445 2139 485 ipsis
2159 447 2312 477 Romanis
2336 449 2434 479 edito-

1361 487 1447 519 ribus
1471 496 1652 519 narrantur:
1683 490 1807 520 Amotis
1830 491 1925 520 etiam
1955 500 1996 520 ex
2025 490 2140 520 eisdem
2169 490 2433 530 Commentariis,

1359 531 1596 573 inquientibuS,
1627 539 1723 573 atque
1747 535 1916 574 expunctis
1939 534 2086 564 omnibus
2112 535 2190 565 locis
2218 536 2309 566 iuxta
2334 538 2436 567 nostri

1363 575 1497 608 Ordinis
1519 578 1720 615 sanctiones,
1751 579 1807 618 qui
1823 584 1898 619 post
1921 578 2050 609 decreta
2079 579 2286 610 Tridentinae
2309 580 2435 620 Synodi

1360 620 1510 652 lectorem
1535 627 1690 662 poterant
1718 622 1861 653 detinere
1883 623 2013 653 dubium
2043 623 2093 654 vel
2115 632 2325 663 suspensum:
2354 635 2434 665 quos

1360 666 1506 696 videlicet
1530 666 1580 697 vel
1603 667 1669 705 ipse
1695 666 1935 698 Commentator
1963 669 2072 698 vivens
2096 668 2323 699 emendaverat
2352 675 2383 700 et
2404 671 2434 700 si

1360 711 1480 741 viveret
1503 710 1710 741 emendasset.
1737 711 1824 748 Quid
1847 712 1921 742 inde
1943 722 2019 742 vero
2044 713 2206 750 extundas,
2231 713 2321 753 quod
2343 724 2431 744 exce-

1358 756 1503 796 ptionem
1525 755 1625 793 illam,
1650 765 1685 785 ac
1708 755 1734 785 si
1758 762 1864 786 tamen
1888 767 1906 786 a
1929 756 2003 787 divo
2027 756 2156 787 Thoma
2180 756 2293 797 scripta
2317 757 2429 798 fuerit,

1358 810 1536 841 expungere
1560 800 1670 839 aliqua
1693 799 1733 829 de
1748 809 1847 830 causa
1870 801 2029 831 voluerint
2044 801 2181 831 Romani
2203 800 2357 832 editores?
2381 803 2430 833 In-

1357 851 1472 875 sertam
1488 844 1620 885 quidem
1636 843 1794 884 aliquibus
1810 844 1842 874 in
1859 845 2060 883 editionibus,
2086 846 2140 875 sed
2162 846 2431 878 emendatioribus

1357 891 1390 920 in
1415 888 1669 930 exemplaribus,
1695 888 1811 928 quibus
1835 889 1884 919 usi
1908 896 1991 927 sunt,
2017 900 2082 919 non
2106 889 2283 928 inventam,
2314 891 2431 922 scilicet

1358 934 1509 965 omnibus
1522 940 1594 964 ante
1609 943 1730 962 annum
1753 934 1833 973 1529
1852 933 1982 971 excusis,
1996 943 2031 963 ac
2047 944 2181 964 numero
2199 935 2342 974 pluribus
2357 943 2431 976 post

1357 979 1508 1010 eumdem
1531 987 1653 1008 annum
1676 977 1852 1017 impressis,
1876 978 1943 1008 iure
1960 988 1995 1008 ac
2015 978 2127 1008 merito
2145 979 2429 1020 praetermiserunt,

1355 1023 1454 1054 veluti
1471 1023 1546 1053 divo
1570 1021 1718 1052 Thomae
1742 1022 1862 1052 auctori
1886 1029 2002 1053 temere
2027 1022 2093 1052 sine
2113 1023 2211 1053 dubio
2235 1023 2394 1055 tributam.

1423 1070 1471 1098 Ac
1494 1077 1569 1097 sane
1593 1076 1657 1097 una
1681 1066 1856 1107 eademque
1880 1066 1933 1096 illa
1956 1067 2097 1107 exceptio
2121 1074 2186 1097 tam
2210 1067 2338 1098 diversis
2355 1079 2429 1099 con-

1356 1118 1447 1152 cepta
1469 1111 1572 1142 verbis
1596 1110 1754 1151 profertur
1778 1108 1881 1153 (quod
1904 1118 2066 1151 postremo
2086 1111 2159 1141 loco
2181 1111 2429 1143 animadverten-

1356 1157 1435 1187 dum
1459 1154 1523 1198 est)
1550 1162 1586 1186 ut
1609 1165 1680 1185 eam
1703 1155 1784 1185 inter
1806 1155 1959 1186 variantes
1983 1156 2135 1195 genuinas
2159 1155 2309 1186 lectiones
2332 1168 2428 1188 nemo

1355 1201 1479 1241 sapiens
1496 1199 1719 1237 numeraverit,
1737 1200 1947 1241 eamdemque
1966 1200 2101 1240 quisque
2118 1200 2244 1239 colligat
2260 1211 2318 1240 pro
2334 1202 2428 1241 genio

1353 1245 1558 1286 ingenioque,
1583 1244 1744 1285 nimiaque
1767 1244 1892 1275 licentia
1911 1254 2090 1284 procusam.
2116 1245 2213 1282 Quod
2235 1244 2297 1283 aio,
2322 1256 2358 1276 ex
2382 1256 2427 1276 se-

1354 1290 1464 1331 quenti
1489 1289 1660 1321 collatione
1684 1295 1806 1319 certum
1830 1288 1865 1320 fit
1889 1296 2162 1330 compertumque.

1441 1379 1464 1409 1.
1484 1378 1581 1419 Apud
1595 1378 1806 1410 Lucarinum.
1977 1377 2014 1408 11.
2034 1377 2130 1418 Apud
2144 1377 2341 1420 Henriquez.

1963 1479 1978 1494 ‹
1995 1467 2133 1507 Excepta
2162 1467 2252 1496 beata
2279 1466 2427 1506 Virgine,

1913 1521 1995 1552 quae
2010 1511 2145 1542 omnino
2160 1510 2313 1541 immunis
2326 1521 2344 1541 a
2357 1521 2427 1551 pec-

1915 1563 1985 1587 cato
2001 1555 2061 1587 fuit
2075 1554 2219 1596 originali
2233 1561 2264 1585 et
2272 1555 2394 1586 veniali.
2410 1569 2424 1583 ι»

1396 1481 1410 1496 ι
1421 1468 1470 1499 De
1480 1468 1613 1498 muliere
1623 1468 1733 1506 ullam,
1740 1467 1868 1505 scilicet,

1351 1523 1433 1554 quae
1448 1523 1467 1542 a
1481 1519 1611 1553 peccato
1627 1512 1780 1543 immunis
1800 1511 1867 1542 fue-

1352 1557 1401 1595 rit,
1412 1557 1452 1587 ad
1467 1557 1573 1587 minus
1590 1556 1734 1597 originali
1751 1556 1803 1586 vel
1816 1566 1868 1586 ve-

1351 1601 1444 1632 niali:
1470 1601 1623 1642 excipitur
1645 1601 1813 1641 purissima
1837 1607 1868 1631 et

1351 1646 1442 1677 omni
1460 1646 1554 1677 laude
1571 1645 1755 1686 dignissima
1768 1645 1866 1685 Virgo

1351 1690 1459 1722 Maria.
1474 1703 1489 1718 »

1979 1751 2031 1782 IV.
2051 1750 2148 1791 Apud
2162 1750 2334 1781 Auctorem

1383 1796 1435 1828 III.
1455 1796 1552 1847 Apud
1566 1783 1856 1838 Nierembergium.

1392 1881 1407 1896 ι
1418 1868 1586 1899 Mulierem
1596 1874 1703 1899 autem
1714 1878 1751 1898 ex
1761 1867 1864 1898 omni—

1349 1913 1409 1943 bus
1433 1923 1499 1943 non
1523 1913 1629 1943 inveni
1652 1923 1734 1954 quae
1755 1923 1774 1943 a
1793 1922 1863 1953 pec-

1350 1964 1420 1988 cato
1445 1958 1579 1988 omnino
1603 1957 1756 1988 immunis
1773 1964 1864 1995 esset,

1349 2002 1389 2032 ad
1419 2003 1526 2033 minus
1561 2002 1705 2042 originali
1737 2002 1788 2032 vel
1811 2011 1864 2032 ve-

1349 2047 1440 2077 niali:
1466 2047 1618 2087 excipitur
1641 2046 1810 2087 purissima
1835 2052 1866 2076 et

1349 2092 1439 2122 omni
1463 2092 1556 2122 laude
1572 2091 1755 2132 dignissima
1765 2090 1863 2131 Virgo

1349 2136 1458 2167 Maria.
1476 2149 1492 2164 ›

1947 1796 2155 1826 Innocentiae
2180 1794 2369 1826 vindicatae.

1959 1880 1973 1895 «
1990 1867 2065 1897 Νοῐι
2088 1866 2194 1897 inveni
2218 1866 2384 1896 mulierem
2406 1877 2424 1896 a

1910 1918 2039 1952 peccato
2064 1911 2208 1950 originali
2235 1911 2286 1941 vel
2309 1911 2423 1941 actuali

1911 1956 2045 1987 omnino
2072 1955 2271 1993 immunem,
2301 1961 2423 1995 praeter

1910 2000 2113 2042 purissimam
2145 2006 2175 2030 et
2207 1999 2296 2030 omni
2330 1999 2423 2030 laude

1911 2045 2129 2085 dignissimam
2162 2043 2324 2084 Virginem
2358 2045 2423 2074 Ma-

1911 2099 1999 2120 nam.
2018 2102 2033 2117 ν

1417 2225 1485 2256 Cur
1508 2225 1614 2266 itaque
1638 2224 1671 2254 in
1693 2223 1912 2255 Bettinelliana
1935 2223 2056 2253 Veneta
2079 2221 2232 2259 editione,
2257 2221 2307 2251 cui
2332 2231 2421 2251 curas

1349 2276 1472 2301 nostras
1489 2269 1777 2306 commodavimus,
1801 2267 1904 2298 variae
1928 2267 2102 2307 praedictae
2120 2265 2270 2296 lectiones
2286 2272 2420 2305 praeter-

1348 2315 1462 2345 missae
1479 2314 1605 2352 fuerint,
1622 2323 1731 2344 causas
1754 2313 1862 2350 habes,
1878 2312 1977 2342 lector
1997 2310 2242 2341 humanissime:
2267 2320 2346 2350 quas
2360 2320 2419 2350 pro

1348 2359 1505 2400 aequitate
1524 2358 1549 2388 si
1566 2357 1759 2398 expenderis,
1784 2356 1906 2387 calculo
1930 2362 1988 2386 tuo
2012 2354 2183 2386 consilium
2204 2361 2350 2385 nostrum
2366 2355 2418 2384 ad-

1348 2404 1519 2444 probatum
1543 2402 1579 2432 iri
1604 2401 1804 2433 confidimus.
