2788 4204
73 470 171 498 Triplex
200 470 290 497 simpli·-

73 496 136 518 cium
160 496 288 518 dictionum

75 523 238 546 consideratio.

75 585 85 594 ·
96 584 183 606 Codd.·
189 590 218 606 a:
225 584 290 606 intel·

74 611 193 633 lectionem

1208 284 1319 320 CAP.
1350 286 1377 332 1,
1408 285 1559 321 LECT.
1591 286 1604 321 1
2484 297 2507 331 9

316 361 519 398 necessitas
543 369 585 398 ut
612 361 674 398 hic
699 374 851 398 rursum
877 361 923 398 de
944 362 1101 399 nomine
1127 370 1163 399 et
1181 365 1301 400 verbo
1317 364 1387 401 ·de-

315 414 597 461 terminaretur;
623 415 672 451 ad
696 415 771 451 hoc
796 414 1001 452 dicendum
1026 416 1131 464 quod
1158 416 1387 465 simplicium

317 467 526 504 dictionum
561 468 694 516 triplex
727 476 852 517 potest
887 481 968 505 esse
1005 469 1267 507 consideratio.
1303 472 1388 508 Una

317 520 490 568 quidem,
511 522 724 558 secundum
746 521 851 570 quod
872 522 1044 558 absolute
1068 522 1280 570 significant
1299 524 1387 561 sirn-

316 573 432 621 plices
457 574 667 611 intellectus
681 575 712 621 *,
735 582 771 611 et
790 574 844 611 sic
864 587 996 611 earum
1031 575 1282 613 consideratio
1302 590 1387 625 per-

315 626 407 663 tinet
440 627 490 664 ad
523 627 662 664 librum
690 628 1099 667 Praedicamentorum.
1133 629 1219 666 Alio
1249 631 1386 678 modo,

317 679 530 716 secundum
560 681 765 727 rationem,
792 689 906 730 prout
935 689 1021 718 sunt
1054 690 1180 730 partes
1210 684 1387 721 enuncia-

315 732 443 778 tionis;
465 741 501 769 et
529 733 582 770 sic
602 734 874 771 determinatur
904 735 951 771 de
971 735 1024 771 eis
1053 736 1091 772 in
1114 737 1189 772 hoc
1218 736 1330 783 libro;
1352 746 1388 774 et

315 784 403 822 ideo
432 787 631 824 traduntur
659 788 729 824 sub
760 788 903 824 ratione
933 789 1099 826 nominis
1129 796 1164 825 et
1191 790 1316 827 verbi:
1339 791 1386 828 de

316 850 482 887 quorum
511 841 656 878 ratione
678 848 732 878 est
761 841 866 890 quod
892 841 1103 889 significent
1128 843 1269 892 aliquid
1298 857 1386 881 cum

315 898 489 941 tempore
526 895 588 930 vel
624 894 703 931 sine
737 902 932 943 tempore,
969 903 1005 932 et
1039 895 1111 932 alia
1143 896 1384 944 huiusmodi,

316 956 413 994 quae
441 947 630 995 pertinent
649 947 698 984 ad
717 947 904 984 rationem
930 948 1151 995 dictionum,
1173 951 1386 988 secundum

316 999 422 1046 quod
433 1001 664 1038 constituunt
679 1002 990 1039 enunciationem.
1003 1002 1135 1039 Tertio
1151 1003 1283 1050 modo,
1297 1017 1386 1040 con-

316 1052 528 1090 siderantur
546 1054 760 1091 secundum
781 1054 887 1103 quod
907 1067 952 1092 ex
969 1055 1021 1092 eis
1038 1055 1275 1093 constituitur
1289 1057 1385 1094 ordo

315 1105 582 1154 syllogisticus,
609 1115 644 1144 et
677 1107 731 1144 sic
760 1107 1032 1146 determinatur
1065 1108 1113 1145 de
1147 1109 1200 1146 eis
1229 1111 1300 1146 sub
1329 1123 1386 1147 ra-

314 1157 417 1194 tione
445 1160 697 1197 terminorum
726 1160 764 1197 in
793 1161 888 1198 libro
916 1163 1107 1198 Priorum.

396 1212 432 1248 6.
454 1213 583 1250 Potest
610 1213 747 1250 iterum
773 1214 934 1251 dubitari
954 1227 1082 1264 quare,
1112 1216 1387 1262 praetermissis

315 1263 395 1301 aliis
410 1265 592 1303 orationis
605 1267 625 1288 '¹‘
642 1267 824 1315 partibus,
847 1268 895 1305 de
914 1269 997 1305 solo
1018 1268 1175 1304 nomine
1197 1276 1233 1304 et
1259 1270 1382 1306 verbo

315 1316 552 1358 determinet.
572 1320 635 1357 Ad
655 1321 760 1368 quod
781 1321 988 1359 dicendum
1018 1329 1073 1358 est
1092 1321 1208 1370 quod,
1230 1322 1319 1370 quia
1339 1323 1385 1359 de

260 1404 263 1405 γ
284 1399 290 1401 «
312 1371 474 1420 simpii‘c'i
489 1370 754 1412 enunciatione
770 1374 784 1401 ζ
799 1374 1052 1412 determinare
1067 1374 1236 1421 intendit,
1249 1376 1387 1413 sufficit

313 1431 356 1461 ut
369 1425 469 1462 solas
488 1425 569 1463 illas
583 1434 709 1476 partes
726 1428 999 1465 enunciationis
1014 1435 1225 1477 pertractet,
1244 1442 1288 1465 ex
1304 1430 1385 1478 qui-

314 1478 386 1515 bus
406 1490 452 1515 ex
480 1480 700 1517 necessitate
730 1481 891 1530 simplex
920 1482 1039 1518 oratio
1065 1489 1221 1519 constat.
1257 1484 1387 1520 Potest

275 1547 287 1552 ·
313 1538 443 1568 autem
463 1545 510 1569 ex
529 1534 612 1570 solo
633 1536 784 1573 nomine
804 1543 840 1572 et
857 1536 972 1572 verbo
992 1535 1152 1584 simplex
1171 1537 1190 1556 ’¹‘
1209 1537 1384 1573 enuncia-

313 1585 363 1622 tio
378 1585 473 1634 fieri,
495 1599 574 1624 non
589 1595 719 1626 autem
735 1601 780 1625 ex
796 1589 875 1625 aliis
891 1588 1071 1625 orationis
1104 1589 1274 1638 partibus
1304 1590 1384 1627 sine

313 1638 389 1685 his3
411 1647 447 1676 et
473 1639 561 1677 ideo
591 1642 782 1679 sufficiens
816 1642 850 1678 ei
879 1642 947 1679 fuit
980 1642 1026 1679 de
1055 1642 1112 1679 his
1142 1643 1291 1680 duabus
1321 1643 1383 1680 de-

313 1692 528 1731 terminare.
558 1695 628 1732 Vel
656 1703 782 1744 potest
810 1695 882 1732 dici
912 1695 1017 1744 quod
1051 1696 1132 1733 sola
1165 1697 1319 1733 nomina
1349 1705 1385 1734 et

312 1746 429 1783 verba
458 1754 546 1784 sunt
571 1748 798 1798 principales
833 1749 1012 1786 orationis
1040 1757 1177 1798 partes,
1206 1750 1286 1786 Sub
1315 1763 1383 1787 no-

313 1799 481 1837 minibus
497 1801 600 1838 enim
616 1802 994 1851 comprehenduntur
1006 1803 1250 1850 pronomina,
1272 1815 1382 1851 quae,

315 1852 383 1890 etsi
402 1865 481 1890 non
509 1854 710 1892 nominant
728 1862 914 1901 naturam,
935 1867 1141 1904 personam
1170 1863 1299 1892 tamen
1320 1857 1383 1894 de-

313 1906 517 1944 terminant
534 1913 560 1955 ’',
588 1915 626 1944 et
643 1908 731 1945 ideo
752 1909 837 1945 loco
858 1909 1053 1945 nominum
1081 1917 1292 1957 ponuntur:
1313 1911 1384 1947 sub

312 1960 428 1997 verbo
455 1972 550 1998 vero
573 1961 832 2010 participium,
863 1961 969 2010 quod
1003 1962 1262 2010 consignificat
1289 1970 1384 2000 tem-

313 2025 386 2062 pus
400 2010 431 2050 ⁰:
452 2014 630 2062 quamvis
654 2022 691 2051 et
712 2027 800 2052 cum
821 2015 973 2052 nomine
992 2015 1299 2053 convenientiam
1319 2017 1384 2053 ha-

314 2066 412 2103 beat.
434 2067 520 2104 Alia
547 2079 641 2104 vero
671 2075 758 2105 sunt
785 2068 905 2116 magis
935 2068 1191 2116 colligationes
1218 2069 1383 2118 partium

276 2142 288 2147 -
314 2119 516 2167 orationis,
560 2120 813 2169 significantes
838 2123 857 2141 ⁴*
886 2121 1149 2159 habitudinem
1189 2123 1301 2159 unius
1335 2123 1384 2160 ad

316 2173 441 2219 aliam,
472 2186 589 2222 quarn
618 2174 798 2211 orationis
826 2182 969 2223 partes;
999 2175 1094 2212 sicut
1123 2175 1219 2213 clavi
1248 2183 1286 2213 et
1313 2176 1385 2213 alia

314 2226 535 2264 huiusmodi
564 2239 643 2264 non
672 2235 759 2264 sunt
790 2235 916 2276 partes
951 2228 1076 2275 navis,
1116 2229 1184 2266 sed
1216 2229 1383 2278 partium

313 2280 422 2317 navis
441 2279 739 2318 coniunctiones.

397 2346 432 2382 7.
454 2333 523 2370 His
551 2333 662 2381 igitur
688 2334 906 2383 praemissis
935 2334 1042 2383 quasi
1070 2335 1274 2384 principiis,
1296 2335 1384 2372 sub-

366 2436 392 2470 ζ)
413 2437 483 2467 Quia
507 2437 540 2462 de
563 2416 682 2470 simplici
700 2439 885 2464 enunciatione
891 2457 958 2464 .....
977 2439 1047 2464 solas
1066 2440 1126 2464 illas
1144 2443 1240 2472 partes
1263 2444 1311 2464 etc.
1332 2440 1382 2464 Ve-

312 2479 368 2497 ram
386 2472 453 2497 hanc
472 2473 609 2498 lectionem
629 2474 704 2498 codd.
718 2474 809 2498 ACDE
829 2473 972 2499 sufficimus
992 2475 1095 2499 lectioni
1115 2475 1216 2505 Pianae,
1237 2483 1304 2507 quae
1323 2483 1383 2500 cum

313 2508 370 2533 cod.
384 2508 406 2532 B
424 2507 516 2533 habet:
535 2509 599 2541 quia
618 2509 651 2534 de
669 2509 782 2541 simplici
800 2510 921 2535 oratione
928 2527 993 2534 .....
1013 2511 1083 2535 solas
1097 2514 1192 2542 partes
1213 2515 1260 2535 etc.
1280 2511 1382 2535 Etenim

312 2544 371 2568 lect.
391 2551 427 2568 vn
452 2549 638 2569 enumerantur
663 2545 780 2570 diversae
803 2545 926 2570 orationis
952 2546 1066 2578 species,
1091 2551 1116 2570 et
1141 2547 1173 2570 de
1192 2546 1249 2570 sola
1267 2547 1383 2571 oratione

312 2578 481 2610 mundativa,
499 2584 592 2612 utpote
612 2588 680 2612 quae
705 2580 800 2605 directe
827 2581 960 2605 ordinatur
983 2582 1015 2605 ad
1044 2581 1176 2606 scientiam
1202 2582 1383 2606 demonstrati-

310 2621 384 2645 vam,
404 2614 496 2639 dicitur
514 2622 574 2640 esse
597 2623 722 2648 praesens
747 2616 932 2647 consideratio;
952 2617 999 2641 sed
1018 2617 1082 2641 aliae
1101 2617 1225 2641 orationis
1244 2622 1331 2649 partes
1351 2618 1383 2642 ad

311 2649 374 2674 alias
395 2654 463 2674 artes
486 2651 627 2683 pertinent,
651 2656 714 2683 puta
738 2652 770 2676 ad
794 2651 966 2683 rhetoricam,
991 2653 1119 2684 poeticam
1139 2658 1186 2677 etc.
1215 2652 1275 2682 Qua
1299 2653 1330 2678 de
1355 2661 1383 2678 re

309 2685 369 2710 vide
383 2692 452 2717 quae
469 2685 510 2711 hic
525 2694 604 2719 supra
619 2694 690 2711 num.
707 2686 721 2711 3
737 2687 803 2711 dicta
818 2692 879 2712 sunt
897 2692 952 2711 tum
972 2688 998 2712 in
1017 2693 1086 2712 textu
1106 2693 1161 2712 tum
1180 2688 1206 2712 in
1221 2693 1318 2712 nota.—-
1332 2689 1383 2713 Sed

311 2725 444 2754 praeterea
463 2722 519 2746 cod.
529 2722 552 2746 A
566 2722 714 2747 immediate
729 2723 906 2755 prosequitur:
925 2723 997 2748 solas
1015 2723 1075 2748 illas
1084 2727 1180 2755 partes
1193 2723 1324 2749 orationis
1334 2729 1382 2748 etc.

311 2756 385 2787 Quae
403 2756 479 2782 lectio
505 2757 567 2782 mihi
586 2757 694 2782 omnino
718 2758 815 2791 placet,
839 2763 865 2783 et
884 2763 953 2783 certe
978 2758 1056 2783 dubio
1081 2759 1216 2791 proposito
1241 2759 1323 2791 magis
1342 2767 1382 2784 re-

311 2791 436 2824 spondet,
457 2800 536 2825 quam
557 2793 758 2818 enunciationis.
783 2793 834 2818 Sed
853 2793 893 2818 his
912 2794 1017 2826 positis,
1042 2795 1182 2826 legendum
1202 2794 1264 2819 mihi
1283 2795 1383 2819 videtur

310 2827 337 2852 in
359 2825 425 2858 fine,
449 2836 503 2852 non
521 2828 622 2857 oratio,
642 2829 689 2853 sed
707 2829 874 2858 enum-tatio,-
894 2837 1003 2862 nempe:
1027 2830 1090 2862 quia
1113 2830 1146 2855 de
1168 2830 1282 2862 simplici
1300 2838 1383 2855 enun-

310 2862 425 2888 eratione
448 2863 627 2889 determinare
647 2864 775 2893 intendit,
801 2864 901 2898 sufficit
925 2868 955 2890 ut
972 2865 1043 2890 solas
1066 2865 1126 2890 illas
1139 2869 1234 2897 partes
1253 2865 1383 2891 orationis

306 2901 470 2929 pertractet,
489 2906 527 2924 ex
549 2899 643 2932 quibus
665 2907 703 2924 ex
722 2899 875 2925 necessitate
893 2900 1009 2932 simplex
1027 2901 1178 2926 enunciatio
1197 2905 1309 2927 constat.

364 2931 392 2967 η)
422 2933 481 2959 Etsi
508 2942 559 2959 non
586 2935 725 2960 nominant
748 2938 888 2963 naturam,
908 2943 1054 2968 personam
1079 2939 1166 2961 tamen
1193 2937 1381 2961 determinant.

311 2967 394 2993 Codd.
413 2969 458 2993 DE
477 2969 586 2994 habent:
606 2970 656 2995 etsi
679 2978 731 2995 non
756 2974 895 3000 naturam,
917 2978 1060 3003 personam
1082 2975 1170 2997 tamen
1193 2972 1381 2997 determinant.

310 3003 396 3029 Editio
414 3011 478 3029 vero
496 3012 514 3030 a
533 3005 595 3037 legit
613 3005 680 3030 sicut
699 3006 790 3031 Piana:
816 3006 866 3031 etsi
890 3014 942 3031 non
961 3007 1101 3032 nominant
1120 3006 1272 3041 (naturam)
1286 3015 1381 3040 perso-

311 3045 375 3063 nam
393 3042 482 3064 tamen
502 3039 689 3065 determinant.
709 3041 809 3066 Sensus
828 3041 897 3066 idem
916 3047 967 3072 est,
983 3043 1030 3067 sed
1047 3043 1180 3068 retinenda
1199 3044 1275 3068 lectio
1295 3043 1380 3074 Piana,

311 3078 402 3107 utpote
420 3082 488 3107 quae
512 3076 596 3108 magis
617 3076 762 3109 perspicua.
782 3076 846 3100 Vult
864 3077 934 3101 enim
953 3085 975 3102 s.
989 3077 1107 3102 Thomas
1131 3079 1202 3111 quod
1227 3086 1320 3104 nomen
1346 3079 1380 3103 si-

311 3108 416 3142 gnificat
433 3114 564 3140 naturam
584 3116 610 3136 et
628 3112 699 3144 quod
719 3119 868 3143 pronomen
889 3120 942 3137 non
966 3113 1161 3138 determinatam
1186 3113 1313 3146 significat
1335 3122 1381 3138 na-

311 3150 409 3176 turam,
430 3145 476 3170 sed
494 3153 640 3178 personam
664 3146 882 3176 determinatam,
905 3153 935 3172 ut
953 3148 1010 3181 ipse
1029 3149 1145 3182 explicite
1167 3150 1244 3174 tradit
1262 3150 1320 3174 lect.
1340 3157 1380 3180 w,

311 3188 383 3205 num.
407 3180 446 3206 13.
464 3194 484 3199 —
497 3181 561 3206 Cod.
580 3182 621 3206 A:
646 3182 696 3206 etsi
715 3187 794 3207 unam
814 3190 960 3215 personam
983 3187 1088 3209 tantum
1113 3185 1308 3214 determinant,
1332 3185 1380 3209 sub

311 3216 390 3241 verbo
403 3221 451 3241 etc.
465 3216 538 3247 Quae
552 3217 627 3241 lectio
640 3217 730 3242 mutila
744 3222 791 3248 est,
807 3223 832 3243 et
846 3226 953 3243 sensum
968 3220 1068 3244 nullum
1083 3220 1193 3246 exhibet.
1206 3221 1290 3245 Etiam
1305 3221 1379 3250 codd.

311 3251 354 3276 BC
372 3251 501 3276 turbatam
525 3252 632 3277 omnino
657 3257 735 3285 atque
757 3253 972 3286 inintelligibilem
995 3255 1110 3287 produnt
1134 3256 1285 3287 lectionem,
1303 3256 1380 3280 omit-

310 3287 388 3311 tendo
412 3294 472 3311 cum
490 3288 514 3311 A
532 3287 612 3312 verba
636 3295 687 3312 non
707 3288 885 3314 nominant...
904 3293 931 3314 et
953 3290 1012 3315 ideo
1035 3291 1092 3316 loco
1116 3291 1251 3316 nominum
1272 3299 1379 3323 ponun-

311 3325 364 3347 tur.
388 3323 417 3347 In
442 3322 498 3347 cod.
522 3323 635 3356 denique
659 3323 680 3347 B
705 3323 796 3348 abrasa
821 3329 860 3349 est
884 3324 1012 3357 primitiva
1036 3325 1129 3357 lectio,
1158 3326 1191 3351 ita
1215 3331 1244 3350 ut
1269 3334 1321 3351 non
1347 3326 1380 3351 sit

311 3358 422 3390 amplius
442 3358 565 3390 legibilis,
586 3363 611 3383 et
628 3358 708 3383 verba
733 3362 868 3388 naturam,
881 3367 1035 3392 personam,
1055 3361 1168 3386 secunda
1186 3369 1265 3386 manu
1285 3362 1379 3395 scripta

311 3398 379 3418 sunt.

364 3427 389 3463 θ)
411 3428 490 3459 Quod
502 3429 687 3462 consignificat
706 3432 815 3461 tempus.
835 3429 872 3454 lta
885 3430 1025 3462 legendum
1041 3435 1081 3455 est
1095 3439 1155 3456 cum
1174 3431 1286 3456 editione
1300 3432 1379 3457 Piana

311 3469 337 3489 et
351 3464 408 3488 cod.
422 3465 457 3494 B;
477 3472 530 3489 non
551 3469 652 3495 autem,
668 3464 740 3497 quod
758 3465 893 3498 significat
912 3469 1027 3498 tempus,
1047 3470 1076 3490 ut
1095 3466 1192 3491 habent
1211 3467 1286 3492 codd.
1300 3467 1378 3493 ACD.

311 3499 476 3532 Participium
496 3500 565 3524 enim
584 3500 645 3532 quia
663 3500 796 3533 participat
814 3500 938 3531 verbum,
957 3500 1006 3525 hac
1025 3501 1057 3526 de
1074 3502 1173 3527 ratione
1195 3502 1380 3536 consignificat

311 3535 438 3560 actionem
457 3536 498 3560 vel
517 3535 667 3568 passionem
686 3535 772 3566 verbi;
794 3540 819 3560 et
837 3535 895 3560 ideo
914 3536 991 3560 etiam
1010 3543 1048 3561 ex
1065 3537 1234 3570 consequenti
1253 3537 1380 3570 significat

310 3575 424 3603 tempus,
441 3579 535 3604 nempe
553 3571 745 3604 consignificat,
760 3575 790 3595 ut
808 3578 829 3595 s.
837 3570 954 3595 Thomas
969 3572 1054 3596 lect.v
1068 3572 1135 3597 dicit.
1155 3573 1271 3597 Verbum
1291 3578 1378 3598 autem

310 3605 396 3639 primo
415 3611 440 3631 et
459 3614 506 3639 per
524 3605 699 3638 se-significat
717 3606 845 3631 actionem
867 3606 909 3630 vel
929 3607 1093 3639 passionem,
1117 3615 1184 3640 quae
1203 3608 1279 3633 nobis
1303 3613 1379 3633 notae

310 3645 373 3666 sunt
387 3641 413 3666 in
431 3646 556 3674 ternpore.
577 3642 635 3672 Q‘ua
650 3642 682 3666 de
696 3649 774 3667 causa
789 3646 814 3666 et
828 3641 915 3674 ipsum
934 3642 1044 3666 verbum
1063 3643 1148 3675 primo
1167 3648 1193 3668 et
1212 3651 1260 3676 per
1277 3651 1307 3669 se
1326 3652 1379 3668 non

453 3697 522 3730 Opp.
541 3697 572 3722 D.
591 3697 706 3721 Tnomn
725 3696 756 3720 T.
776 3696 794 3720 1.

1443 364 1561 412 iungit
1589 364 1636 402 de
1665 364 1734 410 his,
1756 376 1853 413 quae
1881 364 2070 412 pertinent
2098 364 2147 401 ad
2177 364 2424 413 principalem
2453 366 2507 403 in-

1442 418 1668 465 tentionem,
1703 417 1850 454 dicens:
1885 419 2017 454 Postea
2053 418 2142 466 quid
2173 419 2322 467 negatio
2360 425 2396 455 et
2421 420 2510 467 quid

1443 472 1670 520 affirmatio,
1701 483 1798 520 quae
1833 478 1920 508 sunt
1957 470 2230 507 enunciationis
2258 479 2400 519 partes:
2430 485 2508 508 non

1444 525 1600 573 quidem
1629 524 1838 572 integrales,
1861 524 1955 561 sicut
1983 536 2118 561 nomen
2149 531 2184 560 et
2211 526 2367 561 verbum
2398 525 2509 571 (alio-

1444 578 1535 626 quin
1555 585 1747 626 oporteret
1775 590 1932 615 omnem
1954 577 2260 614 enunciationem
2281 590 2325 614 ex
2345 578 2509 614 affirma-

1442 631 1545 668 tione
1565 639 1602 668 et
1629 631 1829 679 negatione
1855 631 2108 679 compositam
2129 643 2212 667 esse
2231 633 2276 677 ⁸),
2299 631 2367 668 sed
2386 639 2510 680 partes

1442 685 1675 730 subiectivae,
1697 685 1794 722 idest
1811 685 1960 732 species.
1983 684 2101 731 Quod
2121 684 2277 733 quidem
2301 697 2403 721 nunc
2422 697 2509 733 sup-

1441 745 1617 786 ponatur,
1638 737 1825 786 posterius
1855 745 1982 774 autem
2012 737 2312 774 manifestabitur
2325 738 2356 774 *.

1525 793 1559 828 8.
1582 791 1659 828 Sed
1686 798 1811 839 potest
1840 790 2022 827 dubitari:
2050 803 2137 827 curn
2173 790 2386 827 enunciatio
2417 790 2510 827 divi-

1443 844 1552 881 datur
1579 844 1618 881 in
1646 844 1900 893 categoricam
1930 851 1966 880 et
1993 844 2286 891 hypotheticam,
2317 856 2433 893 quare
2463 843 2510 881 de

1442 897 1499 934 his
1527 909 1606 934 non
1627 897 1713 934 facit
1736 897 1983 943 mentionem,
2005 896 2100 933 sicut
2128 897 2175 934 de
2202 897 2454 934 affirmatione
2475 905 2511 934 et

1442 950 1653 998 negatione.
1679 951 1729 987 Et
1745 956 1871 998 potest
1896 949 1967 986 dici
1994 950 2098 998 quod
2121 950 2364 999 hypothetica
2392 962 2510 987 enun-

1443 1003 1552 1040 ciatio
1582 1016 1627 1039 ex
1654 1003 1826 1052 pluribus
1860 1003 2078 1050 categoricis
2111 1004 2364 1052 componitur.
2398 1004 2510 1042 Unde

1441 1068 1520 1092 non
1541 1056 1719 1093 differunt
1737 1056 1807 1097 nisi
1828 1056 2040 1093 secundum
2061 1056 2312 1094 differentiam
2336 1057 2447 1094 unius
2473 1065 2510 1094 et

1443 1109 1560 1145 multi.
1577 1130 1601 1137 -
1617 1110 1687 1146 Vel
1706 1117 1831 1158 potest
1860 1109 1943 1156 dici,
1965 1117 2002 1146 et
2025 1110 2171 1156 melius,
2194 1111 2298 1159 quod
2322 1111 2508 1160 hypothe-

1441 1162 1514 1198 tica
1538 1162 1751 1199 enunciatio
1778 1175 1856 1199 non
1877 1162 2042 1199 continet
2062 1163 2274 1200 absolutam
2297 1164 2507 1212 veritatem,

1443 1215 1548 1251 cuius
1570 1215 1732 1262 cognitio
1763 1216 1996 1264 requiritur*
2021 1217 2058 1253 in
2088 1216 2428 1264 demonstratione,
2461 1218 2509 1256 ad

1443 1281 1559 1316 quam
1579 1269 1673 1305 liber
1692 1268 1760 1305 iste
1787 1269 2041 1318 principaliter
2067 1269 2281 1316 ordinatur,
2302 1272 2369 1308 sed
2398 1271 2508 1319 signi—

1442 1322 1531 1358 ficat
1558 1322 1699 1370 aliquid
1731 1335 1867 1360 verum
1903 1336 1985 1360 esse
2021 1336 2065 1360 ex
2099 1324 2377 1372 suppositione:
2405 1326 2510 1374 quod

1442 1388 1519 1411 non
1549 1375 1687 1412 sufficit
1714 1375 1752 1412 in
1781 1376 1943 1413 scientiis
1973 1377 2290 1423 demonstrativis,
2321 1378 2390 1415 nisi
2420 1392 2508 1416 con-

1441 1429 1615 1465 firmetur
1633 1441 1701 1477 per
1723 1430 1938 1467 absolutam
1965 1431 2164 1468 veritatem
2184 1431 2363 1480 simplicis
2392 1445 2509 1469 enun-

1442 1482 1622 1519 ciationis.
1650 1484 1699 1519 Et
1726 1483 1813 1520 ideo
1842 1483 2062 1521 Aristoteles
2094 1485 2346 1532 praetermisit
2377 1493 2508 1522 tracta-

1440 1543 1522 1572 tum
1538 1536 1585 1573 de
1601 1537 1853 1584 hypotheticis
1869 1538 2196 1575 enunciationibus
2217 1546 2252 1575 et
2271 1539 2507 1587 syllogismis.

1441 1590 1577 1627 Subdit
1605 1597 1750 1636 autem,
1778 1597 1814 1627 et
1839 1592 2066 1638 enunciatio,
2097 1604 2195 1640 quae
2224 1600 2279 1629 est
2297 1605 2416 1640 genus
2444 1605 2508 1629 ne-

1439 1643 1598 1691 gationis
1619 1650 1655 1679 et
1674 1643 1953 1690 affirmationis;
1983 1651 2020 1682 et
2036 1646 2168 1691 oratio,
2190 1658 2287 1694 quae
2309 1653 2364 1682 est
2390 1658 2508 1694 genus

1441 1703 1726 1733 enunclatlonls.

1521 1762 1556 1797 9.
1579 1749 1618 1786 Si
1648 1750 1731 1798 quis
1764 1750 1919 1787 ulterius
1955 1760 2129 1800 quaerat,
2161 1764 2278 1800 quare
2311 1765 2390 1789 non
2423 1753 2508 1789 facit

1439 1803 1595 1840 ulterius
1610 1804 1629 1823 ⁴*
1650 1803 1885 1840 mentionem
1907 1804 1954 1841 de
1974 1816 2078 1850 voce,
2103 1805 2308 1842 dicendum
2328 1813 2384 1842 est
2403 1807 2507 1855 quod

1439 1869 1516 1893 vox
1537 1863 1592 1892 est
1620 1856 1817 1904 quoddam
1837 1858 2024 1902 naturale,
2044 1858 2147 1895 unde
2166 1858 2327 1906 pertinet
2346 1859 2394 1896 ad
2415 1872 2503 1896 con-

1440 1909 1709 1946 siderationem
1738 1910 1936 1947 Naturalis
1964 1912 2239 1959 philosophiae,
2265 1919 2307 1948 ut
2338 1920 2441 1961 patet
2468 1913 2505 1949 in

1440 1962 1610 2000 secundo
1630 1964 1690 1999 De
1708 1964 1837 2000 anima
1856 1964 1887 2010 *,
1909 1971 1945 2000 et
1964 1964 2001 2001 in
2021 1964 2154 2002 ultimo
2184 1966 2243 2001 De
2264 1966 2507 2015 generatione

1440 2016 1662 2053 animalium
1673 2016 1703 2052 ²¹³.
1721 2017 1832 2054 Unde
1853 2017 1965 2055 etiarn
1979 2019 2021 2039 *³¹⁸
2036 2030 2114 2055 non
2130 2025 2185 2054 est
2202 2018 2355 2067 proprie
2370 2020 2505 2056 oratio-

1441 2070 1497 2106 nis
1525 2081 1655 2117 genus,
1683 2070 1751 2107 sed
1779 2071 1982 2108 assumitur
2010 2071 2059 2108 ad
2088 2071 2393 2109 constitutionem
2422 2085 2504 2109 ora-

1440 2122 1562 2168 tionis,
1593 2122 1688 2159 sicut
1708 2136 1767 2160 res
1796 2126 1983 2162 naturales
2008 2125 2056 2162 ad
2086 2124 2391 2162 constitutionem
2421 2126 2503 2162 arti-

1439 2175 1632 2213 ficialium.

1526 2241 1583 2266 10.
1610 2228 1769 2266 Videtur
1808 2238 1935 2267 autem
1977 2231 2072 2267 ordo
2111 2230 2383 2268 enunciationis
2421 2244 2504 2268 esse

1438 2289 1707 2331 praeposterus
1722 2289 1753 2319 κε
1774 2295 1863 2319 nam
1884 2283 2085 2320 affirmatio
2102 2283 2318 2320 naturaliter
2332 2292 2388 2320 est
2401 2284 2504 2333 prior

1439 2335 1651 2383 negatione,
1673 2343 1710 2372 et
1736 2335 1780 2372 iis
1799 2336 1903 2384 prior
1923 2344 1979 2373 est
1997 2337 2223 2384 enunciatio,
2244 2337 2339 2373 sicut
2366 2349 2501 2385 genus;

1438 2439 1564 2472 significat
1578 2445 1690 2472 tempus,
1701 2441 1747 2464 sed
1758 2439 1883 2472 significat
1897 2448 1956 2465 cum
1972 2445 2096 2473 tempore,
2109 2449 2156 2466 seu
2170 2442 2354 2474 consignificat
2368 2446 2504 2476 tempus.—

1438 2476 1488 2500 Sed
1504 2476 1535 2500 de
1554 2475 1594 2500 his
1613 2476 1687 2508 plura
1706 2475 1924 2500 infra.—-Cod.E:
1944 2476 2015 2508 quod
2032 2476 2123 2509 signat
2141 2480 2251 2509 tempus.

1492 2510 1510 2545 ι)
1525 2511 1702 2543 Compositam
1713 2518 1775 2536 esse.
1787 2511 1967 2536 Codd.omnes
1978 2516 2004 2536 et
2012 2516 2064 2536 tres
2084 2512 2209 2536 editiones
2219 2513 2333 2537 Venetae
2343 2514 2438 2538 saeculi
2445 2515 2500 2544 XV,

1437 2554 1485 2571 nec
1504 2554 1556 2571 non
1575 2546 1624 2571 alia
1647 2545 1713 2571 1526
1728 2547 1818 2578 legunt
1838 2547 2010 2578 compositam
2025 2554 2087 2572 esse.
2109 2547 2136 2571 In
2151 2547 2263 2573 editione
2283 2548 2419 2573 Parisiensi
2439 2548 2504 2574 1660

1438 2583 1511 2607 locus
1537 2582 1597 2612 iste,
1618 2582 1639 2606 si
1659 2590 1673 2606 a
1692 2582 1793 2607 mendis
1819 2582 2010 2615 typographicis
2035 2587 2205 2615 expurgetur,
2230 2584 2349 2608 convenit
2374 2592 2432 2609 curn
2452 2585 2503 2609 edi-

1438 2617 1515 2642 tionis
1535 2617 1629 2642 Pianae
1649 2618 1758 2642 lectione
1770 2637 1776 2648 ,
1795 2625 1862 2650 quae
1881 2623 1935 2642 est:
1954 2618 2127 2650 compositam
2148 2626 2240 2643 nomen
2260 2626 2315 2644 esse
2330 2621 2370 2645 vel
2387 2620 2502 2645 verbum.

1438 2653 1479 2678 Sic
1498 2653 1575 2678 etiam
1591 2653 1684 2685 legit-ur
1702 2653 1728 2677 in
1741 2653 1841 2678 Veneta
1859 2653 1971 2678 editione
1989 2653 2167 2679 Perihermen.
2184 2653 2240 2679 155
2245 2661 2262 2687 7
2276 2660 2301 2679 et
2315 2655 2383 2688 Opp.
2399 2663 2420 2680 s.
2431 2655 2501 2680 Tho-

1438 2696 1496 2713 mae
1520 2687 1600 2721 1595;
1625 2688 1686 2713 item
1710 2689 1735 2713 in
1755 2689 1937 2721 Antuerpiensi
1966 2688 2040 2714 1612.
2060 2689 2141 2714 Cuius
2165 2695 2250 2714 autem
2276 2691 2370 2715 codicis
2394 2691 2503 2715 auctori—

1437 2729 1489 2749 tate
1507 2723 1564 2748 freti
1579 2724 1650 2748 Piani
1671 2724 1782 2748 editores
1798 2722 1840 2758 (et
1858 2732 1917 2748 cum
1936 2724 1976 2749 his
1992 2725 2079 2749 Mallet
2101 2725 2126 2749 in
2147 2725 2187 2749 ed.
2202 2726 2282 2750 Paris.
2298 2734 2326 2750 ac
2341 2726 2460 2751 Morelles
2475 2726 2501 2750 in

1437 2758 1575 2793 Antuerp.)
1597 2760 1731 2792 posuerint
1753 2759 1925 2791 compositam
1945 2767 2038 2785 nomen
2059 2768 2114 2785 esse
2134 2761 2175 2785 vel
2195 2761 2317 2789 verbum,
2333 2769 2385 2785 non
2401 2762 2501 2792 dicunt;

1438 2800 1463 2819 at
1477 2795 1567 2828 procul
1583 2795 1663 2819 dubio
1683 2803 1736 2820 non
1755 2795 1811 2820 sine
1831 2795 1962 2820 codicibus
1981 2796 2093 2828 optimae
2117 2801 2192 2820 notae
2210 2796 2256 2820 viri
2276 2797 2416 2821 doctissimi
2436 2797 2499 2821 moti

1437 2830 1549 2855 fuissent
1562 2830 1594 2854 ad
1609 2830 1748 2863 praefatam
1763 2831 1900 2855 lectionem
1915 2831 2100 2861 adhibendam,
2116 2831 2137 2855 si
2153 2839 2209 2855 eam
2225 2831 2415 2856 adhibuissent:
2430 2833 2502 2865 quod

1438 2866 1496 2890 ideo
1511 2866 1577 2896 dico,
1593 2866 1653 2898 quia
1667 2867 1791 2891 mendum
1807 2866 1925 2891 existimo
1940 2867 2074 2900 irrepsisse
2089 2874 2118 2891 ex
2132 2867 2353 2899 typographorum
2367 2867 2501 2892 oscitantia

1437 2901 1463 2926 in
1473 2902 1538 2926 Ven.
1553 2900 1627 2934 1557,
1641 2909 1719 2934 quam
1731 2902 1823 2926 deinde
1837 2907 1963 2934 sequutae
1974 2908 2033 2927 sunt
2043 2902 2199 2935 posteriores
2210 2902 2342 2926 editiones.
2360 2903 2409 2927 Sed
2425 2903 2499 2935 quid-

1437 2937 1500 2970 quid
1515 2937 1627 2970 denique
1642 2937 1688 2962 hac
1704 2938 1736 2962 de
1750 2945 1779 2962 re
1793 2937 1833 2968 sit,
1849 2937 1923 2962 lectio
1938 2942 1977 2962 est
1991 2938 2140 2962 reiicienda:
2161 2945 2220 2961 nam
2246 2945 2340 2962 sensus
2359 2945 2498 2970 expressus

1437 2981 1451 2997 a
1466 2972 1597 2997 s.Thorna
1611 2978 1664 2997 est:
1681 2973 1746 2997 sicut
1761 2981 1791 2997 ex
1805 2981 1837 2997 eo
1852 2973 1923 3005 quod
1937 2981 2029 2998 nomen
2045 2978 2070 2997 et
2085 2973 2190 2998 verbum
2209 2977 2270 2997 sunt
2284 2978 2368 3005 partes
2383 2973 2500 3006 integra-

1436 3009 1490 3037 les,
1511 3016 1558 3032 seu
1577 3013 1663 3041 partes
1683 3008 1829 3033 necessario
1848 3008 1987 3041 requisitae
2007 3009 2038 3033 ad
2057 3008 2275 3041 propositionem,
2299 3008 2384 3032 omnis
2405 3017 2500 3041 propo-

1437 3044 1495 3068 sitio
1514 3049 1554 3068 est
1573 3044 1719 3068 necessario
1734 3044 1878 3076 composita
1897 3051 1927 3068 ex
1946 3044 2050 3069 nomine
2065 3044 2141 3068 simul
2156 3048 2181 3068 et
2196 3043 2287 3072 verbm·
2305 3044 2339 3068 ita
2353 3044 2498 3069 necessario

1436 3084 1637 3111 componeretur
1655 3087 1686 3104 ex
1700 3079 1880 3113 affirmatione
1894 3079 1972 3103 simul
1987 3084 2013 3104 et
2027 3079 2174 3112 negatione,
2191 3079 2212 3103 si
2227 3079 2298 3111 ipsae
2313 3087 2366 3103 non
2381 3087 2457 3104 secus
2471 3088 2501 3104 ac

1436 3122 1532 3139 nomen
1551 3119 1577 3139 et
1594 3114 1704 3139 verbum
1728 3119 1817 3139 essent
1835 3120 1919 3147 partes
1941 3114 2076 3147 integrales
2096 3114 2288 3146 propositionis.
2299 3127 2317 3134 -
2331 3115 2393 3139 Cod.
2409 3115 2429 3139 Β
2448 3123 2500 3139 non

1435 3150 1511 3181 legit„
1531 3150 1647 3182 alioquin
1668 3153 1814 3182 oporteret,
1834 3150 1899 3175 sicut
1918 3148 2007 3174 revera
2020 3150 2158 3181 legendum
2177 3155 2216 3174 est
2235 3157 2293 3174 cum
2313 3149 2367 3174 aliis
2387 3150 2460 3174 codd.
2475 3155 2500 3175 et

1435 3186 1502 3216 edd.,
1523 3186 1583 3215 sed,
1598 3193 1615 3210 a
1629 3193 1681 3218 quo
1700 3186 1770 3210 enim
1785 3189 1898 3217 oportet.
1922 3186 1991 3210 Idem
2015 3186 2072 3210 cod.
2092 3190 2179 3209 contra
2197 3190 2293 3210 textum
2312 3185 2455 3210 Aristotelis
2475 3191 2500 3210 et

1435 3226 1552 3253 apertum
1572 3221 1786 3245 commentarium
1804 3229 1826 3245 s.
1843 3221 1960 3245 Thomae
1980 3219 2034 3255 (Cf.
2049 3220 2106 3245 infr.
2122 3229 2147 3244 n.
2166 3219 2210 3255 ιο)
2231 3221 2292 3253 legit
2310 3221 2387 3253 paulo
2406 3228 2497 3253 supra:

1429 3260 1526 3288 postea
1544 3256 1610 3288 quid
1627 3256 1774 3290 affirmatio
1792 3260 1818 3281 et
1837 3256 1951 3289 negatio.
2432 3281 2434 3283 .

1488 3291 1514 3323 κ)
1538 3291 1649 3316 Videtur
1662 3295 1750 3316 autem
1770 3292 1836 3316 ordo
1855 3291 2046 3316 enunciationis
2065 3298 2119 3315 esse
2132 3295 2329 3322 praeposterus.
2346 3300 2358 3312 ‹
2375 3290 2497 3323 Syrianus

1436 3337 1448 3350 »
1465 3334 1537 3358 vero,
1553 3327 1639 3359 inquit
1653 3327 1786 3355 Boethius,
1802 3327 1841 3351 cui
1856 3326 2010 3351 Philoxenus
2026 3334 2169 3358 cognomen
2184 3332 2235 3357 est,
2257 3326 2305 3350 hoc
2320 3327 2377 3350 loco
2391 3326 2497 3357 quaerit,

1436 3373 1448 3385 »
1466 3370 1510 3387 cur
1529 3370 1677 3395 proponens
1696 3362 1766 3394 prius
1782 3363 1813 3386 de
1832 3362 1966 3394 negatione
1984 3367 2044 3394 post
2058 3362 2089 3386 de
2108 3360 2275 3386 affirmatione
2293 3361 2497 3393 pronunciaverit

1436 3408 1448 3420 »
1465 3397 1643 3429 (Aristoteles)
1664 3397 1764 3422 dicens:
1779 3397 1893 3421 Primum
1919 3402 2020 3429 oportet
2046 3396 2199 3421 constituere
2218 3396 2279 3428 quid
2302 3396 2335 3420 sit
2358 3403 2452 3421 nomen
2472 3402 2497 3421 et

1435 3443 1447 3455 »
1465 3433 1525 3465 quid
1544 3432 1665 3462 verbum,
1680 3437 1770 3464 postea
1784 3432 1846 3464 quid
1860 3428 1960 3464 n'cgatio
1974 3437 2000 3456 et
2019 3430 2152 3456 affirmatio
2164 3441 2176 3453 ›
2192 3432 2235 3463 (In
2250 3431 2293 3455 lib.
2309 3432 2350 3456 De
2360 3431 2496 3463 interpret.

1433 3468 1481 3492 Ed.
1496 3468 1530 3498 II,
1555 3468 1596 3492 De
1614 3467 1710 3500 signis,
1729 3475 1788 3500 pag.
1806 3466 1881 3499 295).
1906 3467 1981 3497 Quod
2007 3467 2110 3499 quidem
2130 3467 2235 3491 dubium
2254 3474 2268 3491 a
2287 3474 2316 3491 se
2334 3467 2496 3500 propositum

1433 3503 1511 3527 solvit
1530 3502 1585 3535 ipse
1599 3502 1722 3535 Syrianus
1741 3502 1840 3526 duabus
1860 3502 1973 3526 adductis
1988 3501 2135 3533 rationibus,
2152 3510 2216 3534 quas
2235 3502 2320 3534 primo
2339 3507 2364 3526 et
2382 3502 2495 3527 secundo

1433 3539 1490 3562 loco
1514 3538 1600 3562 recitat
1623 3545 1644 3561 s.
1664 3537 1793 3561 Thomas:
1814 3547 1826 3559 «
1839 3545 1889 3569 qua
1910 3537 1934 3561 in
1954 3537 2125 3570 expositione,
2151 3537 2230 3562 addit
2248 3537 2374 3562 Boethius
2392 3537 2440 3566 ib„
2462 3538 2493 3562 ab

1435 3584 1448 3596 »
1464 3573 1600 3597 Alexandri
1615 3580 1719 3605 quoque
1737 3572 1858 3605 opinione
1881 3580 1932 3596 non
1950 3572 2052 3597 recedit.
2065 3582 2077 3595 »
2087 3572 2180 3597 —Cod.
2191 3573 2212 3597 C
2225 3572 2303 3597 verba
2321 3572 2408 3597 omnia
2427 3577 2495 3597 tran-

1434 3608 1527 3641 scripta
1541 3608 1567 3632 in
1586 3608 1710 3641 principio
1729 3607 1805 3632 huius
1820 3612 1895 3632 notae
1913 3607 2019 3638 omittit,
2034 3615 2063 3632 ac
2077 3607 2176 3640 incipit:
2191 3615 2252 3632 nam
2270 3608 2416 3641 affirmatio
2422 3615 2431 3636 ,·
2449 3609 2495 3632 sed

1433 3644 1485 3669 illis
1503 3643 1622 3674 omissis,
1647 3651 1692 3667 cur
1710 3648 1809 3668 caetera
1827 3642 2006 3668 transcriberet
2028 3643 2162 3676 imperitus
2180 3643 2345 3668 amanuensis
2362 3643 2495 3676 ignoravit.

2313 3697 2352 3720 2*

2641 649 2647 663 t

2540 749 2548 756 ·
2559 747 2682 776 Lectmn„
2692 755 2750 770 n.2o

2540 778 2562 796 et
2576 781 2624 802 seq.

2536 1227 2546 1235 ‘
2555 1232 2577 1248 A:
2583 1226 2698 1254 requisita
2704 1229 2747 1248 est.

2535 1819 2544 1827 ·
2556 1817 2656 1840 Ulterius
2664 1819 2747 1841 omitti-

2534 1848 2571 1866 tur
2580 1851 2594 1866 a
2602 1845 2653 1866 cod.
2661 1852 2682 1867 Α.

2534 1978 2542 1985 “
2553 1976 2609 2004 Cap.
2622 1983 2674 2004 vm,
2688 1982 2711 1999 n.
2720 1984 2744 2000 10

2534 2007 2555 2024 et
2570 2010 2634 2031 seqq.
2649 2015 2659 2020 -
2673 2004 2744 2026 Com-

2534 2034 2604 2052 ment.
2615 2037 2633 2051 s.
2640 2030 2746 2053 Thomne

2532 2057 2583 2077 lect.
2594 2063 2655 2078 xvm.

2533 2083 2542 2091 ²
2554 2083 2610 2110 Cap.
2619 2090 2656 2105 vn.

2533 2110 2553 2119 ³·
2567 2110 2641 2131 Codd.
2676 2110 2747 2132 omit-

2534 2139 2584 2158 tunt
2599 2137 2677 2158 etiam.
