2788 4204
0 2251 12 2375 v>v⁴-—

0 2382 5 2437 ξ

0 2443 7 2468 l

1145 289 1256 325 CAP.
1289 291 1356 336 1x,
1388 290 1539 327 LECT.
1570 290 1641 326 xv

290 370 378 408 sitas
412 381 492 406 non
527 369 720 414 absoluta,
759 367 827 404 sed
863 379 907 403 ex
941 367 1214 416 suppositione.
1245 367 1356 403 Unde

290 435 368 461 non
386 428 511 471 potest
530 420 747 470 simpliciter
766 428 802 457 et
821 420 991 457 absolute
1018 419 1090 457 dici
1110 420 1216 468 quod
1242 431 1356 456 omne

291 475 396 525 quod
425 482 500 520 est,
529 485 684 511 necesse
714 482 769 510 est
798 486 897 520 esse,
932 481 967 510 et
1001 485 1117 509 omne
1146 472 1252 521 quod
1280 484 1359 508 non

291 537 358 576 est,
386 539 542 565 necesse
567 535 623 563 est
650 539 728 564 non
749 539 846 563 esse:
874 527 963 575 quia
991 539 1070 563 non
1088 525 1191 563 idem
1221 525 1359 572 signifi-

92 576 178 626 <mv
182 584 378 633 ΜΒΝ
388 580 493 630 quod
507 593 623 617 omne
641 593 718 627 ens,
735 580 885 628 quando
902 585 992 626 est⁷,
1004 579 1050 616 sit
1065 591 1109 616 ex
1127 578 1358 624 necessitate,

60 627 199 769 j'h‘fflaea
188 639 269 671 twa

57 1073 67 1084 ’
81 1071 150 1095 conf.
162 1071 215 1093 leet.
230 1076 270 1092 xm

55 1098 186 1121 «atAt-ist.
193 1101 215 1120 et
221 1103 269 1124 n.4.

49 1124 214 1180 fferam
223 1135 233 1140 -
242 1130 255 1146 c

59 1335 72 1348 ⁸
80 1340 139 1358 Διοτ
149 1341 177 1357 ee
185 1334 274 1357 natea!

60 1362 150 1412 ff
169 1361 235 1384 etrea

67 1928 281 1955 ’ct-hetaeum

293 643 329 672 et
357 633 462 684 quod
490 645 606 670 omne
636 646 703 670 ens
730 633 946 682 simpliciter
974 633 1019 670 sit
1045 645 1089 669 ex
1117 632 1359 677 necessitate;

292 700 383 726 nam
410 687 579 736 primum
612 686 796 734 significat
823 686 1085 724 necessitatem
1115 698 1160 722 ex
1188 684 1362 734 supposi-

292 741 415 787 tione,
446 739 659 777 secundum
688 748 816 777 autern
844 739 1107 777 necessitatem
1135 739 1360 776 absolutam.

293 796 343 832 Et
369 795 476 843 quod
514 793 657 831 dictum
696 801 751 830 est
779 794 826 831 de
861 805 959 839 esse,
989 792 1273 841 intelligendum
1309 798 1364 828 est

295 847 463 886 similiter
491 847 538 885 de
577 859 651 884 non
681 860 777 892 esse;
806 848 894 897 quia
927 846 1028 883 aliud
1063 854 1118 883 est
1150 845 1365 894 simpliciter

296 913 341 938 ex
369 901 590 939 necessitate
620 913 698 937 non
727 913 820 948 esse,
843 909 878 939 et
906 900 1008 938 aliud
1037 907 1091 937 est
1126 912 1171 936 ex
1202 898 1364 936 necessi-

295 963 370 994 tate
399 968 478 993 non
507 967 588 991 esse
615 954 765 1003 quando
795 967 873 993 non
902 963 968 993 est.
989 955 1038 990 Et
1064 967 1134 1004 per
1157 954 1232 991 hoc
1259 952 1364 989 vide-

297 1017 357 1046 tur
384 1010 604 1047 Aristoteles
641 1008 839 1046 excludere
874 1010 913 1047 id
941 1007 1047 1058 quod
1080 1019 1195 1056 supra
1223 1005 1365 1042 dictum

299 1070 354 1100 est
372 1064 403 1110 ³¹⁶,
425 1063 529 1112 quod
549 1063 579 1100 si
599 1063 637 1099 in
665 1061 733 1109 his,
761 1074 858 1110 quae
888 1070 985 1108 sunt,
1006 1061 1166 1098 alterum
1191 1058 1366 1096 determi-

264 1131 269 1145 =
298 1124 384 1153 nate
414 1123 469 1153 est
495 1128 650 1163 verum,
685 1115 790 1164 quod
831 1117 943 1154 etiam
977 1123 1182 1163 antequam
1210 1113 1318 1150 fieret
1349 1113 1368 1133 *

299 1169 458 1206 alterum
488 1169 734 1207 determinate
765 1177 863 1207 esset
890 1170 1071 1206 futurum.

354 1223 389 1259 3.
410 1222 560 1260 Deinde
589 1236 678 1260 cum
708 1221 813 1260 dicit:
833 1224 884 1260 Et
910 1223 947 1259 in
972 1220 1264 1260 contradictione
1284 1227 1366 1279 eto„

301 1274 465 1313 ostendit
492 1277 691 1325 quomodo
721 1288 760 1313 se
789 1277 954 1313 habeant
977 1274 1116 1313 veritas
1145 1282 1181 1311 et
1208 1273 1369 1310 necessi-

299 1336 356 1366 tas
385 1328 483 1367 circa
512 1331 612 1371 res*
625 1343 695 1380 per
714 1329 1041 1380 comparationem
1070 1328 1119 1365 ad
1148 1339 1216 1364 sua
1249 1339 1370 1376 oppo-

288 1382 392 1421 ssitat
398 1391 453 1420 et
463 1379 564 1421 dicit
598 1384 703 1443 quod
732 1383 868 1420 eadem
897 1383 990 1420 ratio
1030 1390 1085 1420 est
1118 1382 1163 1419 in
1186 1381 1371 1419 contradi-

302 1436 437 1484 ctione,
459 1449 557 1487 quae
578 1445 634 1475 est
651 1437 690 1474 in
709 1435 981 1486 suppositione.
1005 1437 1109 1474 Sicut
1129 1435 1231 1473 enim
1250 1434 1341 1472 illud
1360 1431 1373 1455 δ

302 1490 409 1540 quod
435 1504 515 1529 non
543 1499 599 1528 est
625 1492 797 1529 absolute
825 1491 1102 1537 necessarium,
1131 1491 1174 1527 fit
1202 1500 1373 1525 necessa-

303 1543 403 1581 rium
431 1557 477 1582 ex
505 1544 765 1594 suppositione
799 1545 983 1591 eiusdem,
1014 1544 1102 1594 quia
1135 1554 1289 1580 necesse
1320 1550 1375 1579 est

305 1602 393 1638 ,esse
416 1598 571 1647 quando
593 1605 665 1645 est;
690 1599 741 1636 ita
760 1599 874 1636 etiam
894 1597 999 1647 quod
1019 1611 1098 1636 non
1117 1605 1172 1635 est
1191 1598 1230 1635 in
1249 1608 1288 1633 se
1309 1608 1373 1633 ne-

287 1652 514 1688 *cessarium
538 1652 709 1688 absolute
742 1653 761 1673 *
786 1653 830 1690 fit
852 1653 1109 1690 necessarium
1136 1663 1205 1702 per
1234 1649 1373 1687 disiun-

307 1703 472 1742 ctionem
493 1706 678 1754 oppositi,
708 1705 797 1754 quia
816 1717 970 1743 necesse
996 1714 1052 1745 est
1075 1705 1122 1743 de
1138 1715 1374 1753 unoquoque

307 1757 413 1806 quod
437 1758 484 1795 sit
510 1758 572 1795 vel
599 1772 678 1796 non
697 1758 754 1805 sit,
775 1767 812 1796 et
830 1760 935 1808 quod
963 1759 1132 1798 futurum
1151 1758 1198 1795 sit
1216 1765 1280 1795 aut
1299 1769 1377 1794 non

307 1810 365 1859 sit,
386 1819 423 1849 et
440 1813 516 1849 hoc
534 1813 605 1850 sub
627 1812 892 1850 disiunctione:
915 1820 951 1850 et
964 1814 1059 1851 haec
1074 1813 1276 1851 necessitas
1295 1811 1377 1847 fun-

309 1864 561 1915 datur‘super
578 1866 653 1902 hoc
679 1866 908 1915 principium
934 1867 1051 1915 quod,
1070 1865 1303 1915 Impossibile
1326 1868 1380 1900 est

308 1918 598 1956 contradictoria
615 1919 728 1956 simul
741 1931 819 1956 esse
832 1931 924 1957 vera
942 1919 1116 1969 velfalsa
1131 1920 1162 1957 *.
1178 1919 1290 1957 Unde
1310 1917 1379 1954 irn-

363 2038 390 2075 γ)
409 2040 470 2066 Non
490 2040 559 2066 idem
578 2040 732 2074 significant
750 2040 822 2073 quod
840 2048 916 2066 omne
934 2048 987 2070 ens,
1003 2042 1110 2074 quando
1128 2044 1167 2066 est
1181 2046 1229 2065 etc.
1249 2040 1298 2065 Per
1316 2040 1379 2064 haec

309 2077 390 2105 verba
407 2076 547 2109 Angelicus
571 2076 702 2108 sapienter
725 2077 842 2109 designat
866 2077 1039 2103 differentiam.
1061 2077 1225 2102 essentialem
1250 2083 1317 2108 quae
1342 2080 1382 2100 est

311 2113 377 2138 inter
395 2113 422 2137 id
439 2112 510 2145 quod
529 2111 707 2143 contingenter
725 2112 808 2137 existit
827 2119 852 2138 et
870 2114 896 2138 id
911 2114 982 2145 quod
998 2113 1145 2138 necessario
1164 2111 1261 2142 existit,
1281 2111 1381 2136 etiamsi

311 2148 472 2180 contingens,
483 2148 545 2173 dum
559 2147 651 2177 existit,
666 2147 715 2172 hoc
728 2153 768 2172 est
782 2155 813 2172 ex
826 2149 1012 2182 suppositione,
1027 2148 1152 2173 rationem
1167 2148 1280 2180 aliquam
1294 2147 1383 2171 induat

311 2184 471 2209 necessitatis
491 2181 542 2217 (cf.
557 2183 613 2208 lect.
627 2190 681 2214 x111‚
697 2188 750 2208 not.
763 2183 800 2218 γ).
815 2185 891 2209 Notat
906 2185 981 2217 igitur
993 2184 1129 2209 Caietanus
1149 2182 1186 2217 (in
1199 2191 1225 2216 p.
1240 2184 1258 2214 1,
1274 2190 1317 2215 qu.
1331 2189 1382 2213 xm,

312 2220 384 2245 artic.
392 2227 446 2250 xm,
460 2218 486 2251 §-
499 2218 618 2244 Adverte
635 2218 677 2244 hic
695 2224 756 2250 etc.‚
775 2220 819 2244 ubi
839 2220 915 2245 etiam
935 2220 993 2245 citat
1007 2219 1075 2244 hunc
1100 2220 1185 2244 locum
1204 2219 1261 2243 Peri
1279 2218 1381 2243 herme-

313 2253 397 2289 neias)
415 2255 487 2287 quod
505 2254 530 2279 in
550 2259 608 2280 ente
627 2254 790 2286 contingente
814 2255 866 2280 duo
884 2261 944 2280 sunt
971 2255 1164 2287 distinguenda,
1183 2262 1278 2287 nempe
1294 2259 1383 2278 natura

314 2291 501 2323 contingentiae
519 2295 544 2315 et
562 2295 643 2315 status
663 2290 859 2322 contingentiae.
875 2292 950 2316 Ratio
969 2291 1044 2315 huius
1064 2290 1231 2315 distinctionis
1251 2290 1277 2314 in
1297 2297 1328 2314 eo
1345 2294 1384 2314 est

314 2326 386 2359 quod
403 2325 587 2359 contingentia
606 2330 631 2350 et
649 2326 790 2351 necessitas
814 2332 874 2352 sunt
892 2326 1049 2352 differentiae
1073 2334 1124 2351 non
1143 2326 1312 2351 accidentales
1337 2326 1383 2350 sed

314 2361 466 2388 essentiales
480 2369 577 2392 rerum,
587 2361 682 2394 quibus
697 2366 740 2386 aut
754 2362 926 2395 contingentia
940 2362 1060 2387 convenit
1069 2367 1113 2387 aut
1127 2362 1280 2386 necessitas:
1290 2368 1383 2385 unum-

316 2397 441 2431 quodque
460 2397 529 2422 enim
548 2404 595 2422 ens
613 2397 640 2421 in
659 2404 705 2421 sua
728 2402 819 2422 natura
837 2403 881 2423 aut
905 2398 1056 2429 contingens
1075 2402 1116 2422 est
1140 2403 1182 2421 aut
1201 2397 1384 2421 necessarium.

316 2433 368 2458 Sed
387 2440 445 2457 cum
465 2437 555 2457 natura
569 2432 602 2457 sit
620 2440 635 2457 a
653 2432 740 2465 seipsa
754 2432 940 2466 inseparabilis,
954 2433 1113 2465 ubicumque
1127 2433 1183 2465 ipsa
1197 2432 1326 2457 invenitur
1340 2432 1384 2455 de-

317 2468 361 2494 bet
375 2467 482 2493 inveniri
496 2468 538 2492 vel
552 2467 725 2500 contingentia
739 2468 761 2492 si
775 2469 927 2501 contingens
942 2473 989 2499 est,
999 2469 1040 2493 vel
1052 2468 1191 2494 necessitas
1207 2469 1227 2493 si
1243 2473 1282 2494 est
1296 2474 1386 2492 neces-

317 2504 396 2533 saria;
415 2503 482 2528 sicut
499 2511 666 2536 quocumque
685 2504 764 2528 modo
779 2509 890 2537 ponatur
907 2504 995 2535 homo,
1010 2504 1113 2537 ponitur
1131 2503 1296 2528 rationalitas.
1317 2503 1385 2527 Con-

315 2539 419 2572 tingens
437 2544 524 2564 autem
549 2543 593 2563 aut
616 2543 656 2563 est
673 2539 699 2563 in
718 2544 776 2564 actu
800 2547 847 2564 seu
866 2547 1006 2572 praesens,
1031 2544 1075 2564 aut
1094 2545 1133 2564 est
1155 2539 1182 2564 in
1206 2538 1320 2572 potentia
1338 2546 1386 2562 seu

316 2575 440 2600 futurum.
455 2574 524 2606 Ergo
542 2579 598 2599 tum
617 2574 643 2598 in
662 2580 719 2599 actu
733 2580 788 2599 tum
803 2575 829 2599 in
843 2575 956 2607 potentia
969 2574 1158 2600 consideratum
1173 2583 1219 2599 ens
1235 2575 1386 2606 contingens

317 2614 437 2636 naturam
455 2609 643 2641 contingentiae
658 2610 777 2635 eamdem
795 2610 894 2642 retinet,
914 2611 948 2635 ita
966 2615 994 2635 ut
1009 2618 1038 2635 ex
1057 2610 1106 2635 hoc
1125 2611 1207 2643 capite
1221 2619 1273 2635 non
1288 2610 1387 2635 differat

318 2653 365 2672 ens
380 2645 531 2677 confingens
546 2645 572 2669 in
586 2649 643 2669 actu
658 2650 683 2670 et
696 2645 783 2678 ipsum
798 2654 845 2671 ens
860 2646 1010 2678 contingens
1024 2646 1050 2670 in
1065 2646 1186 2679 potentia.
1201 2647 1252 2671 Sed
1267 2646 1388 2671 differunt

318 2686 419 2706 tamen:
438 2688 490 2705 non
515 2680 584 2705 enim
609 2680 717 2705 existere
742 2682 839 2706 actuale
858 2681 923 2706 entis
949 2681 1118 2714 contingentis
1138 2681 1186 2706 dici
1212 2686 1298 2714 potest
1317 2681 1386 2706 idem

316 2725 348 2742 ac
362 2716 543 2741 non-existere
552 2716 651 2740 ac'tuale
665 2723 712 2740 seu
726 2717 834 2741 existere
847 2717 986 2750 potentiale
1000 2717 1126 2742 eiusdem.
1140 2717 1209 2749 Ergo
1224 2718 1315 2742 eadem
1329 2724 1387 2749 per-

317 2757 454 2778 severante
467 2755 567 2776 natura
580 2752 778 2785 contingentiae
791 2752 817 2777 in
827 2752 991 2784 contingente
1004 2758 1060 2777 tum
1074 2752 1165 2777 actuali
1178 2758 1234 2777 tum
1248 2752 1387 2785 potentiali,

320 2792 361 2813 est
377 2787 495 2812 diversus
514 2787 540 2811 in
554 2794 608 2812 uno
627 2792 652 2812 et
670 2787 695 2811 in
709 2788 790 2812 altero
808 2791 895 2813 status
912 2787 1109 2821 contingentiae
1133 2787 1231 2821 (potest
1248 2788 1318 2813 enim
1336 2796 1388 2812 una

321 2823 412 2848 eadem
426 2827 524 2854 natum,
534 2830 581 2847 sua
595 2822 693 2847 ratione
707 2824 787 2854 salva,
798 2823 914 2848 diversos
929 2823 1024 2848 habere
1036 2822 1138 2858 status),
1153 2828 1280 2856 quatenus
1293 2831 1388 2856 nempe

321 2858 347 2882 in
360 2865 415 2882 uno
429 2862 469 2882 est
485 2860 574 2884 status
591 2858 788 2891 contingentiae
808 2859 834 2883 in
853 2862 952 2884 natura
970 2859 1148 2892 contingentis
1167 2859 1338 2884 determinati
1357 2859 1388 2883 ad

321 2901 401 2918 unam
415 2893 621 2918 contradictionis
639 2898 747 2926 partem,
763 2902 830 2926 quae
845 2900 884 2919 est
898 2894 1002 2919 actualis
1018 2894 1148 2919 existentia
1163 2900 1188 2919 et
1206 2894 1388 2919 non—existen-

321 2928 356 2953 tia
374 2928 533 2960 potentialis3
553 2928 579 2953 in
593 2929 673 2953 altero
687 2936 750 2953 vero
765 2935 804 2954 est
821 2932 908 2954 status
922 2930 1118 2962 contingentiae
1132 2930 1157 2953 in
1173 2933 1271 2954 natura
1287 2929 1389 2955 contin-

311 2962 410 2996 gentis
419 2963 619 2989 indeterminati
628 2964 660 2988 ad
674 2964 781 2988 alteram
796 2965 1001 2991 contradictionis
1016 2970 1124 2997 partem.
1140 2970 1165 2990 et
1183 2965 1241 2990 ideo
1255 2970 1295 2990 est
1309 2971 1389 2990 status

322 2998 567 3023 indeterminationis
587 2999 618 3023 ad
637 2999 798 3024 existendum
813 3000 839 3024 in
858 3008 935 3025 causa
949 3008 1001 3024 non
1020 3000 1188 3025 determinata
1201 3000 1287 3033 potius
1302 3001 1333 3025 ad
1353 3000 1390 3025 ef-

323 3033 420 3058 fectum
438 3034 634 3065 producendum
653 3041 732 3066 quam
747 3042 799 3059 non
814 3035 1123 3068 producendum.—Hinc
1138 3035 1244 3060 infertur
1258 3036 1328 3068 quod
1343 3043 1391 3060 ens

324 3068 475 3100 contingens
489 3068 540 3093 iam
553 3069 748 3094 determinatum
763 3078 810 3095 seu
825 3071 957 3095 actualiter
968 3071 1079 3095 existens
1094 3075 1134 3095 est
1145 3078 1250 3103 semper
1263 3076 1289 3095 et
1302 3078 1390 3096 essen-

324 3103 415 3128 tialiter
433 3108 523 3128 natura
547 3111 594 3128 sua
613 3104 772 3136 contingens,
791 3106 837 3130 sed
856 3110 950 3135 tamen,
969 3106 1030 3138 quia
1049 3106 1153 3138 quando
1172 3111 1225 3136 est,
1245 3106 1391 3131 necessario

325 3143 373 3169 est
387 3146 418 3163 ex
435 3138 483 3162 hac
506 3139 685 3171 suppositione
709 3143 795 3165 status
818 3140 943 3165 contrahit
961 3141 1100 3173 quamdam
1124 3141 1302 3166 necessitatem
1329 3149 1391 3166 suae

325 3173 493 3207 praesentiae.
513 3173 607 3198 Contra
622 3182 669 3199 ens
683 3175 835 3207 contingens
853 3175 976 3206 futurum,
996 3184 1042 3201 seu
1061 3176 1087 3201 in
1106 3176 1226 3208 potentia,
1246 3184 1331 3209 neque
1345 3184 1390 3200 na-

325 3215 381 3234 tura
401 3217 448 3233 sua
466 3216 551 3249 neque
569 3209 667 3234 ratione
686 3215 767 3234 status
786 3210 863 3235 habet
887 3211 1081 3242 necessitatem,
1102 3212 1148 3236 sed
1167 3216 1208 3236 est
1225 3219 1256 3236 ex
1280 3216 1391 3244 utroque

326 3237 407 3277 capite
418 3244 602 3285 contingens.—
582 3243 720 3269 —Ulterius
733 3245 839 3270 infertur
847 3247 918 3278 quod
931 3247 1081 3278 contingens
1094 3247 1119 3271 in
1128 3250 1201 3271 statu
1206 3246 1392 3278 possibilitatis

326 3285 351 3304 et
370 3280 520 3311 contingens
534 3279 559 3303 in
576 3282 649 3304 statu
668 3280 832 3306 actualitatis
855 3281 987 3314 tripliciter
1005 3282 1126 3306 differunt
1143 3281 1240 3306 ratione
1259 3286 1354 3306 status:
1372 3295 1392 3300 ·-

330 3319 356 3339 1⁰
357 3314 520 3345 ,differentia
539 3315 624 3347 quoad
649 3317 758 3346 tempus,
770 3316 829 3348 quia
844 3316 954 3341 existens
969 3317 994 3341 in
1009 3321 1066 3341 actu
1080 3322 1119 3341 est
1127 3323 1264 3348 praesens,
1280 3316 1391 3341 existens

326 3351 352 3375 in
367 3350 480 3383 potentia
494 3355 533 3374 est
540 3350 683 3383 futurarm
691 3364 711 3368 -
726 3354 753 3374 2⁰
754 3350 917 3381 ‚differentia
931 3352 1017 3384 quoad
1035 3352 1251 3384 contingentiam,
1267 3352 1326 3383 quia
1341 3351 1391 3376 exi-

326 3391 398 3411 stens
413 3385 438 3409 in
452 3390 509 3410 actu
523 3390 562 3409 est
577 3385 782 3410 determinatum
797 3386 829 3410 ad
838 3394 927 3416 unum,
942 3394 1038 3419 nempe
1052 3387 1084 3411 ad
1098 3386 1265 3416 existentiam,
1279 3386 1391 3410 existens

326 3421 352 3446 in
366 3420 478 3454 potentia
493 3418 530 3454 (in
544 3428 622 3445 causa
636 3428 730 3453 nempe
744 3428 796 3445 non
811 3422 956 3446 necessario
974 3420 1076 3454 agente)
1092 3421 1123 3445 ad
1137 3426 1274 3453 utramque
1292 3426 1391 3453 partem

327 3455 532 3482 contradictionis
551 3463 580 3480 se
594 3455 684 3485 habet,
703 3463 799 3488 nempe
813 3456 844 3480 ad
859 3456 966 3481 existere
984 3457 1025 3480 vel
1040 3463 1092 3480 non
1108 3456 1230 3486 existere;
1239 3455 1304 3486 —⁰,3
1320 3456 1392 3480 diffe-

326 3491 408 3517 rentia
426 3491 512 3523 quoad
536 3490 722 3523 cognitionem.
738 3491 798 3523 quia
817 3491 927 3516 existens
946 3491 971 3515 in
990 3496 1047 3516 actu
1071 3496 1156 3523 potest
1175 3490 1250 3515 subdi
1269 3490 1392 3515 infallibili

328 3532 354 3552 et
366 3531 450 3552 certae
469 3526 615 3558 cognitioni,
628 3526 740 3550 existens
759 3531 844 3551 autem
863 3527 889 3551 in
908 3526 1021 3559 potentia
1039 3526 1140 3550 nonnisi
1164 3525 1307 3557 cognitione
1332 3533 1393 3550 con-

327 3561 440 3587 iecturali
465 3561 630 3594 dignoscitur.
655 3561 727 3592 Quae
754 3561 841 3586 omnia
863 3567 918 3586 tum
948 3561 973 3586 in
996 3561 1124 3594 praesenti
1154 3560 1262 3585 lectione
1289 3566 1344 3585 tum
1367 3561 1392 3585 in

329 3597 491 3658 ρὶἓὲῗεάεῃῐί
511 3595 547 3630 (n.
564 3604 603 3630 19,
618 3595 685 3631 seq.)
705 3597 844 3629 Angelicus
864 3597 945 3627 docet,
964 3604 1011 3621 nec
1031 3603 1082 3621 non
1096 3596 1122 3621 in
1142 3596 1183 3621 cit.
1203 3596 1252 3621 loc.
1268 3596 1393 3621 Summae

329 3635 341 3657 t
399 3639 443 3666 og.

471 3685 540 3718 Opp.
560 3685 591 3710 D.
606 3684 720 3710 Tuomst:
739 3685 771 3709 T.
791 3685 808 3710 1.

1413 369 1591 418 possibile
1622 377 1677 406 est
1710 381 1834 418 neque
1876 381 1956 405 esse
1995 381 2118 417 neque
2147 380 2227 404 non
2260 381 2362 414 esse;
2393 381 2482 417 ergo

1415 435 1568 459 necesse
1599 431 1654 460 est
1681 423 1742 459 vel
1763 435 1844 459 esse
1869 423 1931 458 vel
1959 434 2038 458 non
2067 433 2160 458 esse.
2182 421 2273 458 Non
2301 429 2429 458 tamen
2453 422 2483 459 si

1416 475 1566 512 divisim
1596 477 1756 512 alterum
1785 475 2000 524 accipiatur,
2022 486 2176 513 necesse
2206 482 2260 511 est
2283 475 2372 511 illud
2402 488 2482 512 esse

1416 529 1599 565 absolute.
1621 530 1670 565 Et
1697 530 1771 565 hoc
1800 528 2014 566 manifestat
2040 541 2110 577 per
2138 529 2373 576 exemplum:
2395 529 2483 576 quia

1417 581 1674 618 necessarium
1695 590 1750 618 est
1769 583 1902 618 navale
1932 583 2073 619 bellum
2103 593 2184 618 esse
2204 582 2373 618 futurum
2403 594 2485 618 cras

1416 635 1478 670 vel
1507 646 1585 670 non
1615 647 1714 680 esse;
1736 635 1803 672 sed
1822 647 1900 671 non
1922 643 1976 672 est
2004 647 2158 672 necesse
2179 635 2312 672 navale
2343 635 2484 671 bellurn

1418 687 1586 724 futurum
1617 700 1697 724 esse
1734 700 1832 733 cras;
1870 688 2038 725 similiter
2076 689 2189 725 etiam
2222 700 2300 726 non
2338 695 2393 724 est
2420 700 2485 724 ne-

1420 740 1625 777 cessarium
1654 752 1732 776 non
1765 753 1846 777 esse
1880 742 2065 788 futurum,
2099 742 2188 791 quia
2215 744 2290 779 hoc
2325 741 2487 790 pertinet

1420 793 1468 830 ad
1497 793 1758 829 necessitatem
1779 794 2010 840 absolutam;
2032 795 2100 832 sed
2123 808 2278 832 necesse
2300 802 2356 832 est
2380 794 2486 843 quod

1419 847 1481 884 vel
1501 845 1546 882 sit
1565 847 1733 882 futurum
1755 858 1835 882 cras
1850 849 1910 883 vel
1931 860 2008 884 non
2024 848 2069 884 sit
2088 849 2273 886 futurum:
2293 850 2368 886 hoc
2384 848 2485 884 enim

1420 899 1581 950 pertinet
1595 905 1606 920 ⁸
1622 899 1670 935 ad
1684 900 1945 937 necessitatem
1957 913 2053 949 quae
2071 910 2125 938 est
2140 903 2210 939 sub
2222 901 2484 940 disiunctione.

1475 964 1512 999 4.
1542 952 1690 989 Deinde
1721 965 1808 990 cum
1839 954 1942 991 dicit:
1981 955 2107 996 Quare
2135 958 2312 1004 quoniam
2342 963 2410 993 etc.
2442 967 2487 991 ex

1423 1019 1469 1043 eo
1499 1006 1604 1056 quod
1624 1018 1663 1042 se
1682 1007 1797 1043 habet
1816 1006 1830 1033 ζ
1850 1007 1946 1044 circa
1972 1020 2042 1054 res,
2073 1009 2235 1046 ostendit
2262 1009 2419 1058 qualiter
2447 1020 2487 1045 se

1421 1061 1561 1097 habeat
1589 1059 1686 1095 circa
1715 1060 1917 1097 orationes.
1954 1062 2002 1097 Et
2029 1062 2174 1109 primo,
2205 1062 2367 1099 ostendit
2395 1075 2488 1111 quo-

1424 1113 1543 1150 modo
1563 1112 1801 1149 uniformiter
1816 1126 1855 1149 se
1871 1114 1985 1150 habet
1999 1114 2037 1150 in
2052 1115 2206 1152 veritate
2220 1117 2239 1137 *
2260 1116 2488 1162 orationum,

1425 1166 1520 1204 Sicut
1540 1166 1638 1202 circa
1653 1178 1734 1203 esse
1756 1178 1883 1202 rerum
1897 1167 1917 1187 *
1933 1175 1968 1203 et
1987 1179 2065 1203 non
2086 1180 2179 1215 esse;
2201 1169 2381 1215 secundo,
2397 1170 2490 1206 fina-

1425 1221 1506 1257 liter
1535 1219 1725 1256 concludit
1752 1219 1949 1256 veritatem
1979 1221 2092 1257 totius
2121 1221 2383 1268 dubitationis;
2418 1222 2489 1258 ibi.

1431 1274 1558 1316 Quare
1576 1285 1664 1309 man
1667 1273 1852 1322 festum
1868 1281 1936 1310 etc.
1948 1273 2082 1310 -Dicit
2111 1287 2199 1322 ergo
2222 1276 2346 1324 primo
2376 1276 2492 1335 quod,

1427 1327 1516 1377 quia
1534 1326 1609 1362 hoc
1638 1327 1756 1364 modo
1784 1339 1823 1364 se
1843 1327 1986 1364 habent
2014 1328 2203 1365 orationes
2233 1329 2492 1366 enunciativae

1428 1381 1477 1418 ad
1491 1380 1690 1417 veritatem
1706 1380 1801 1417 sicut
1820 1387 1856 1417 et
1875 1393 1934 1418 res
1954 1381 2002 1418 ad
2023 1394 2104 1419 esse
2124 1382 2185 1418 vel
2201 1395 2277 1419 non
2294 1395 2375 1419 esse
2392 1383 2495 1431 (quia

1429 1447 1474 1472 ex
1504 1446 1549 1470 eo
1579 1433 1683 1483 quod
1712 1446 1771 1470 res
1800 1441 1855 1470 est
1882 1435 1943 1471 vel
1962 1447 2041 1471 non
2061 1442 2127 1481 est,
2148 1435 2267 1472 oratio
2289 1444 2344 1472 est
2364 1437 2383 1455 ⁴⁵
2403 1448 2496 1472 vera
2522 1443 2531 1451 ·

1428 1489 1490 1525 vel
1514 1487 1632 1534 falsa),
1650 1499 1888 1536 consequens
1908 1495 1963 1524 est
1984 1488 2119 1536 quod
2111 1501 2149 1524 111
2174 1489 2354 1526 omnibus
2382 1489 2495 1526 rebus

1430 1553 1527 1591 quae
1548 1540 1598 1577 ita
1617 1554 1657 1578 se
1676 1541 1817 1578 habent
1843 1549 1886 1578 ut
1913 1542 1985 1579 sint
2004 1542 2052 1579 ad
2071 1542 2301 1589 utrumlibet,
2329 1550 2364 1579 et
2383 1554 2496 1591 quae-

1431 1607 1595 1643 cumque
1614 1594 1665 1631 ita
1684 1607 1723 1631 se
1743 1595 1885 1632 habent
1904 1596 2007 1643 quod
2029 1595 2352 1633 contradictoria*
2363 1608 2496 1633 eorum

1431 1649 1754 1698 qualitercumque
1776 1649 1991 1697 contingere
2010 1657 2181 1698 possunt,
2194 1650 2273 1686 sive
2294 1650 2498 1699 aequaliter

1430 1704 1510 1740 sive
1530 1703 1689 1739 alterum
1709 1701 1802 1738 utin
1820 1702 2003 1750 pluribus,
2025 1715 2070 1739 ex
2089 1703 2309 1740 necessitate
2331 1703 2498 1752 sequitur

1431 1755 1536 1806 quod
1556 1755 1669 1791 etiam
1690 1754 1857 1791 similiter
1872 1768 1911 1792 se
1926 1756 2064 1793 habeat
2087 1757 2331 1794 contradictio
2349 1758 2496 1793 *enun-

1432 1808 1650 1846 ciationum.
1667 1809 1716 1845 Et
1731 1809 1884 1857 exponit
1896 1810 1915 1830 *
1926 1818 2200 1858 consequenter
2215 1823 2312 1859 quae
2328 1810 2400 1847 sint
2414 1810 2496 1847 illae

1433 1875 1505 1908 res,
1526 1873 1689 1911 quarum
1711 1862 1999 1899 contradictoria
2015 1863 2230 1911 contingere
2251 1864 2440 1912 queant*;
2463 1870 2498 1900 et

1435 1915 1523 1953 dicit
1549 1914 1769 1952 huiusmodi
1806 1928 1886 1952 esse
1922 1928 2018 1964 quae
2048 1929 2172 1965 neque
2207 1929 2358 1966 semper
2392 1924 2498 1964 sunt,

1486 2037 1512 2070 ὃ)
1532 2038 1608 2063 Sicut
1626 2038 1695 2063 enim
1715 2038 1781 2063 illud
1799 2044 1847 2064 etc.
1866 2038 2005 2071 Perspicua
2024 2043 2064 2063 est
2077 2039 2151 2063 lectio
2165 2039 2225 2070 ista,
2245 2047 2336 2072 quam,
2355 2047 2409 2063 uno
2423 2046 2500 2064 voca-

1434 2074 1496 2098 bulo
1515 2074 1659 2103 immutato,
1675 2079 1705 2098 ut
1719 2074 1743 2098 in
1763 2073 1814 2099 fine
1833 2074 1928 2104 dicam,
1948 2073 2025 2098 habet
2038 2074 2066 2098 P.
2083 2082 2142 2099 cum
2163 2075 2220 2099 cod.
2240 2074 2396 2100 D.—Variat
2415 2076 2500 2107 quoad

1434 2109 1554 2140 formam,
1569 2109 1689 2141 quamvis
1708 2117 1759 2134 non
1773 2110 1857 2142 quoad
1872 2117 1979 2134 sensum
1994 2110 2051 2134 cod.
2064 2110 2099 2134 A:
2116 2120 2128 2132 «
2138 2110 2207 2134 Sicut
2226 2110 2295 2135 enim
2310 2110 2412 2142 aliquid
2430 2111 2500 2142 quod

1436 2155 1449 2168 »
1466 2153 1518 2170 non
1531 2149 1570 2169 est
1579 2144 1697 2169 absolute
1710 2145 1883 2170 necessarium
1893 2144 1921 2169 fit
1931 2151 2022 2169 verum
2033 2153 2063 2170 ex
2073 2146 2249 2178 suppositione
2259 2146 2383 2177 eiusdem,
2394 2145 2501 2178 quando

1437 2191 1450 2203 ι»
1467 2188 1573 2205 necesse
1592 2185 1632 2205 est
1650 2189 1709 2206 esse
1728 2181 1831 2213 quando
1851 2186 1904 2210 est;
1923 2181 1957 2206 ita
1976 2180 2052 2206 etiam
2072 2182 2142 2214 quod
2160 2189 2212 2206 non
2232 2186 2271 2206 est
2290 2182 2315 2206 in
2334 2189 2363 2206 se
2382 2189 2500 2206 necessa-

1437 2227 1450 2239 »
1466 2216 1533 2240 rium
1552 2216 1681 2247 absolute,
1700 2215 1728 2241 fit
1747 2217 1919 2241 necessarium
1934 2225 1981 2249 per
1991 2217 2170 2242 diversitatem
2186 2217 2306 2250 oppositi,
2322 2217 2380 2249 quia
2394 2225 2501 2242 necesse

1437 2262 1450 2274 ›
1466 2257 1506 2276 est
1521 2252 1552 2276 de
1566 2260 1726 2284 unoquoque
1744 2252 1815 2284 quod
1834 2252 1866 2277 sit
1884 2253 1924 2277 vel
1943 2253 2015 2285 quod
2034 2251 2069 2286 (et
2087 2253 2120 2277 ita
2139 2252 2191 2287 BC)
2212 2261 2262 2277 non
2282 2253 2326 2282 sit3
2346 2258 2371 2277 et
2384 2253 2433 2277 hoc
2451 2253 2500 2277 sub

1438 2297 1451 2310 »
1466 2287 1646 2312 disiunctione:
1662 2293 1687 2312 et
1701 2287 1764 2312 haec
1779 2288 1918 2312 necessitas
1937 2288 2059 2312 fundatur
2073 2296 2151 2321 super
2165 2288 2215 2313 hoc
2229 2289 2390 2321 principium,
2404 2288 2502 2313 scilicet

1438 2334 1451 2346 »
1466 2323 1536 2355 quod
1555 2323 1715 2355 impossibile
1730 2328 1768 2347 est
1783 2323 1976 2348 contradictoria
1995 2323 2072 2348 simul
2089 2331 2147 2348 esse
2162 2324 2233 2348 salsa.
2253 2325 2327 2349 Unde
2341 2324 2502 2357 impossibile

1439 2369 1451 2381 »
1466 2363 1506 2383 est
1523 2365 1573 2383 non
1595 2356 1630 2391 (et
1647 2358 1682 2382 ita
1700 2358 1751 2388 BC,
1771 2363 1890 2391 corrupte
1909 2367 1956 2392 pro
1975 2358 2066 2393 neque)
2087 2367 2154 2391 esse,
2174 2367 2258 2392 neque
2277 2368 2329 2384 non
2348 2367 2407 2385 esse
2414 2368 2421 2390 ;
2441 2367 2502 2392 ergo

1438 2403 1451 2417 »
1468 2401 1576 2418 necesse
1590 2398 1630 2418 est
1645 2393 1697 2418 iam
1713 2401 1785 2423 esse,
1805 2394 1846 2418 vel
1866 2402 1918 2418 non
1937 2402 2004 2419 esse.
2017 2405 2028 2417 ιι
2039 2408 2059 2413 --
2074 2395 2147 2425 Quae
2166 2395 2240 2420 lectio
2258 2395 2413 2428 imperitiam
2432 2403 2502 2420 ama—

1437 2429 1542 2454 nuensis
1557 2429 1654 2462 prodit:
1670 2429 1716 2453 sed
1731 2429 1908 2462 corruptiones
1922 2430 1954 2454 de
1968 2430 2034 2454 facili
2049 2431 2233 2463 apparent.--E
2247 2439 2309 2455 vero
2321 2431 2396 2463 legit:
2408 2431 2502 2456 sicut...

1437 2472 1539 2490 necesse
1557 2467 1597 2489 est
1609 2471 1664 2489 esse
1676 2464 1783 2497 quando
1802 2468 1866 2490 est...
1881 2465 1944 2498 quia
1958 2472 2060 2491 necesse
2073 2469 2113 2490 est
2127 2466 2160 2490 de
2174 2474 2328 2499 unoquoque
2344 2474 2434 2491 verum
2448 2474 2505 2491 esse

1437 2500 1508 2533 quod
1525 2500 1561 2525 sit
1579 2501 1620 2525 vel
1638 2500 1709 2532 quod
1727 2507 1779 2525 non
1797 2500 1847 2529 sit;
1866 2508 1895 2525 ac
1913 2501 2007 2526 omittit
2025 2509 2084 2526 cum
2103 2502 2178 2532 ΑΒΕ,
2197 2505 2224 2526 et
2241 2502 2313 2534 quod
2324 2502 2450 2536 futurum
2469 2502 2505 2527 sit

1437 2539 1485 2561 aut
1504 2543 1555 2561 non
1574 2536 1636 2560 sit..
1660 2543 1724 2560 uera
1747 2536 1795 2560 uel.
1814 2536 1842 2560 ln
1860 2536 1966 2561 caeteris
1985 2542 2041 2561 tum
2059 2537 2081 2561 E
2100 2542 2155 2561 tum
2173 2537 2217 2561 BC
2242 2543 2271 2562 ut
2289 2538 2375 2562 Piana.
2394 2538 2426 2562 Et
2445 2546 2504 2563 cum

1437 2572 1516 2596 Plana
1535 2571 1596 2603 legit
1614 2571 1721 2595 omnino
1740 2571 1798 2597 cod.
1815 2571 1846 2602 D,
1860 2571 1909 2596 nisi
1928 2573 1999 2604 quod
2018 2573 2099 2597 semel
2119 2578 2144 2597 et
2162 2572 2254 2597 iterum
2273 2581 2324 2598 non
2343 2574 2390 2598 sub
2405 2574 2505 2599 disiun-

1438 2607 1524 2632 ctione
1542 2607 1589 2631 sed
1607 2606 1655 2631 sub
1680 2606 1849 2632 distinctione
1868 2613 1987 2640 corrupte
2005 2607 2091 2632 habet.
2104 2621 2123 2626 —-
2137 2608 2212 2632 Addo
2232 2609 2343 2641 denique
2367 2609 2504 2634 lectionem

1439 2649 1541 2668 necesse
1559 2645 1599 2667 est
1617 2649 1672 2667 esse
1690 2642 1798 2674 quando
1810 2645 1857 2671 est,
1877 2651 1956 2675 quam
1968 2644 2051 2673 codd„
2065 2648 2171 2676 excepto
2189 2644 2220 2674 D,
2240 2644 2347 2674 habent,
2366 2653 2425 2669 esse
2444 2645 2504 2669 ado-

1439 2679 1561 2712 ptandam
1584 2678 1642 2702 loco
1661 2678 1762 2707 Pianae;
1777 2684 1879 2703 necesse
1893 2682 1933 2703 est
1950 2686 2006 2704 esse
2024 2678 2096 2711 quod
2113 2682 2167 2708 est;
2185 2679 2245 2712 quia
2263 2680 2306 2704 illa
2321 2680 2402 2712 magis
2415 2680 2506 2712 probat

1440 2714 1616 2739 necessarium
1634 2720 1672 2738 ex
1695 2713 1882 2744 suppositione.
1902 2714 1969 2739 Hinc
1987 2722 2009 2738 s.
2021 2714 2139 2738 Thomas
2154 2723 2179 2747 p.
2199 2715 2216 2744 Ι,
2236 2723 2279 2747 qu.
2298 2723 2354 2746 xxv,
2373 2716 2442 2740 artic.
2461 2723 2506 2740 xm

1440 2750 1472 2774 ad
1492 2757 1516 2780 2,
1535 2756 1657 2782 expresse
1675 2748 1777 2773 citando
1799 2748 1869 2773 hunc
1891 2749 1948 2774 Peri
1971 2749 2132 2774 hermeneias
2151 2750 2246 2779 locum,
2265 2751 2312 2775 ait:
2335 2750 2418 2775 Omne
2435 2751 2507 2782 quod

1440 2788 1487 2813 est,
1507 2785 1570 2810 dum
1589 2787 1642 2813 est,
1666 2791 1769 2809 necesse
1786 2788 1826 2809 est
1844 2792 1911 2815 esse,
1937 2788 1967 2810 ut
1985 2785 2084 2810 dicitur
2102 2785 2128 2809 in
2150 2786 2167 2809 Ι
2181 2786 2242 2810 Peri
2260 2786 2342 2810 herm.
2363 2784 2414 2819 (Cf.
2433 2794 2507 2812 num.

1439 2820 1578 2853 praeced.)-

1494 2855 1517 2888 ε)
1537 2856 1597 2880 Hoc
1615 2856 1684 2881 enim
1698 2856 1826 2887 pertinet.
1846 2856 1928 2888 Supra
1938 2856 2075 2888 Angelicus
2091 2856 2151 2880 dixit
2163 2856 2188 2880 in
2201 2855 2384 2888 significatione
2399 2857 2507 2882 causali:

1441 2892 1504 2924 quia
1523 2891 1571 2916 hoc
1579 2891 1698 2923 pertinet
1716 2897 1763 2916 etc.
1778 2892 1851 2916 Unde
1870 2896 1895 2916 et
1913 2891 1954 2915 hic
1968 2891 2043 2916 etiam
2063 2891 2184 2916 orationis
2203 2899 2342 2924 processus
2356 2892 2506 2925 particulam

1442 2928 1573 2952 causalem
1592 2928 1721 2960 postulat,
1746 2932 1773 2951 ut
1791 2934 1885 2959 nempe
1910 2927 2044 2958 legamus:
2069 2927 2116 2952 hoc
2135 2927 2203 2951 enim
2223 2927 2354 2959 pertinet,
2379 2927 2443 2952 sicut
2466 2936 2506 2953 re-

1441 2971 1502 2988 vera
1521 2963 1609 2994 legunt
1629 2962 1730 2986 codices
1744 2962 1969 2986 omnes.—Piana:
1989 2966 2014 2987 et
2026 2962 2074 2987 hoc
2087 2963 2214 2994 pertinet.

1495 2998 1521 3031 ζ)
1547 2998 1594 3022 Ex
1616 3005 1647 3022 eo
1670 2998 1742 3030 quod
1763 3005 1791 3022 se
1813 2997 1891 3022 habet
1914 3002 1961 3021 etc.
1986 2998 2020 3022 lta
2049 3006 2107 3022 cum
2132 2998 2241 3022 editione
2265 2998 2342 3023 Piana
2366 2999 2440 3023 codd.
2463 2999 2506 3023 BC

1443 3039 1468 3058 et
1485 3034 1551 3058 Ven.
1566 3033 1725 3057 edd.—Cod.
1741 3033 1762 3057 E
1781 3032 1872 3057 habet:
1893 3043 1905 3055 ‹
1918 3033 1955 3056 Ex
1974 3041 2005 3057 eo
2024 3034 2093 3065 quod
2113 3041 2142 3057 se
2160 3033 2236 3057 habet
2255 3033 2319 3058 circa
2338 3041 2379 3058 res
2395 3034 2507 3058 ostendit

1444 3078 1458 3092 »
1474 3069 1583 3101 qualiter
1601 3068 1762 3093 uniformiter
1776 3076 1805 3092 se
1819 3068 1896 3093 habet
1910 3067 1935 3091 in
1949 3068 2054 3093 veritate
2069 3069 2213 3093 orationum
2228 3068 2292 3093 sicut
2307 3069 2372 3093 circa
2390 3076 2448 3093 esse
2467 3077 2506 3094 re-

1445 3115 1458 3127 ,
1474 3112 1541 3128 rum.
1554 3114 1566 3126 »
1588 3104 1676 3128 Lectio
1701 3111 1820 3128 erronea:
1847 3103 1979 3128 confundit
2002 3104 2069 3128 enim
2090 3102 2130 3136 (ex
2155 3111 2261 3128 recursu
2286 3104 2402 3128 eiusdem
2420 3105 2506 3135 verbi,

1443 3138 1567 3173 ostendit)
1583 3144 1763 3170 argumentum
1778 3139 1897 3170 generale
1911 3147 1970 3163 cum
1985 3139 2069 3171 primo
2083 3139 2201 3163 membro
2216 3139 2359 3163 divisionis:
2372 3140 2407 3164 Et
2415 3140 2507 3171 primo

1444 3174 1560 3200 ostendit
1578 3174 1715 3199 ete—Sed
1730 3174 1843 3198 intricata
1862 3174 1937 3198 etiam
1953 3179 1992 3198 est
2011 3174 2085 3198 lectio
2099 3175 2155 3198 cod.
2170 3175 2205 3198 A:
2226 3183 2239 3196 ‹
2251 3174 2348 3199 Deinde
2362 3183 2421 3199 cum
2436 3175 2506 3199 dicit:

1445 3219 1459 3234 xe
1477 3210 1567 3240 Quare
1586 3209 1711 3241 quoniam
1731 3215 1778 3234 etc.
1797 3209 1909 3234 ostendit
1927 3209 2060 3241 quomodo
2079 3217 2107 3234 se
2126 3209 2203 3233 habet
2225 3209 2318 3234 veritas
2337 3217 2367 3234 ex
2387 3217 2418 3234 eo
2436 3210 2507 3242 quod

1446 3253 1504 3269 ›se
1522 3244 1600 3269 habet
1618 3244 1684 3269 circa
1702 3244 1839 3269 orationes.
1854 3253 1868 3267 2>
1879 3245 2043 3268 -Absurdus
2062 3250 2101 3269 est
2119 3244 2194 3269 etiarn
2208 3245 2264 3268 cod.
2280 3245 2314 3268 D:
2331 3245 2434 3269 Deinde
2447 3253 2507 3269 cum

1445 3280 1523 3305 dicit:
1537 3283 1570 3311 qn
1585 3280 1642 3304 oms
1655 3283 1712 3309 etc„
1727 3278 1805 3304 habet
1817 3279 1843 3303 in
1859 3280 1970 3304 veritate
1982 3280 2132 3304 orationum
2147 3280 2215 3304 sicut
2232 3283 2326 3304 contra
2340 3287 2394 3304 esse
2409 3287 2507 3305 rerum.

1445 3315 1567 3340 Secundo
1580 3315 1845 3347 sinautem—Verum
1862 3320 1886 3338 et
1900 3314 1925 3338 in
1938 3314 2015 3339 Piana
2031 3315 2125 3347 aliquid
2138 3315 2228 3339 deesse
2247 3315 2353 3339 videtur.
2369 3315 2507 3345 Quodnam

1445 3355 1484 3375 est
1498 3350 1566 3374 enim
1582 3349 1724 3374 subiectum
1739 3349 1801 3373 illud
1817 3349 1848 3373 de
1861 3357 1922 3381 quo,
1933 3356 1970 3374 ex
1984 3357 2014 3374 eo
2028 3351 2099 3382 quod
2112 3357 2139 3374 se
2153 3350 2231 3374 habet
2244 3350 2315 3375 circa
2330 3357 2379 3378 res,
2393 3350 2510 3375 ostendit

1445 3385 1560 3417 qualiter
1572 3391 1600 3409 se
1614 3384 1710 3409 habeat
1727 3384 1798 3409 circa
1818 3384 1975 3409 orationes?
1989 3385 2137 3409 Subiectum
2152 3385 2214 3409 illud
2233 3390 2272 3409 est
2290 3385 2396 3414 veritas,
2409 3390 2438 3409 ut
2451 3394 2476 3410 n.
2495 3394 2503 3410 1

1445 3420 1540 3444 dictum
1560 3424 1610 3450 est;
1626 3424 1650 3443 at
1664 3419 1796 3451 probabile
1815 3424 1855 3443 est
1868 3427 1920 3443 non
1939 3419 2181 3452 subintelligendum
2196 3420 2312 3444 relictum
2330 3421 2377 3444 sed
2393 3421 2509 3453 explicite

1445 3455 1526 3479 fuisse
1540 3454 1653 3487 positum
1668 3462 1682 3478 a
1696 3462 1717 3478 s.
1728 3454 1830 3478 Thoma
1843 3459 1872 3478 ut
1886 3454 2028 3478 subiectum
2041 3454 2121 3479 thesis
2137 3455 2168 3479 de
2182 3463 2233 3487 qua
2247 3463 2315 3479 nunc
2333 3461 2372 3480 est
2386 3456 2508 3487 dicturus,

1446 3498 1505 3514 cum
1520 3489 1583 3513 illud
1602 3496 1723 3521 expresse
1742 3488 1855 3521 posuerit
1877 3488 1902 3512 in
1922 3489 2013 3513 eodem
2033 3497 2142 3514 numero
2160 3490 2253 3522 primo,
2267 3490 2311 3514 ubi
2330 3490 2428 3515 facilius
2447 3491 2509 3515 sub-

1445 3524 1551 3556 intelligi
1571 3529 1677 3556 poterat.
1701 3524 1733 3548 Et
1751 3531 1840 3548 revera
1863 3524 1962 3548 veritas
1980 3524 2082 3556 ponitur
2100 3524 2125 3548 in
2151 3525 2259 3550 lectione
2284 3526 2340 3550 cod.
2363 3526 2509 3551 A.—Forte

1445 3560 1521 3592 igitur
1535 3559 1610 3584 lectio
1623 3567 1744 3591 germana
1759 3563 1810 3583 est:
1825 3565 1862 3583 ex
1871 3566 1901 3583 eo
1915 3559 1987 3591 quod
2001 3560 2101 3585 ueritas
2114 3567 2142 3585 se
2155 3560 2233 3585 habet
2242 3560 2314 3586 circa
2328 3568 2378 3590 res,
2393 3561 2509 3586 ostendit

1446 3594 1560 3627 quaIiter
1578 3601 1605 3619 se
1623 3594 1719 3619 habeat
1735 3594 1808 3619 circa
1821 3594 1968 3622 orationes;
1986 3595 2039 3619 vel:
2059 3602 2096 3620 ex
2113 3602 2144 3620 eo
2157 3595 2228 3627 quod
2241 3603 2268 3621 se
2282 3596 2360 3622 habet
2373 3597 2444 3622 circa
2459 3603 2508 3625 res,

1446 3630 1561 3655 ostendit
1579 3630 1694 3662 qualiter
1712 3629 1810 3655 veritas
1827 3636 1855 3654 se
1873 3629 1968 3655 habeat
1985 3630 2056 3655 circa
2075 3631 2216 3656 orationes.

2315 3685 2366 3709 ιο*

2614 909 2625 924 Ε

2642 933 2659 945 q-

2613 1014 2627 1042 ζ

2518 1122 2649 1143 '1³:circa
2668 1122 2731 1144 ueri-

2519 1150 2598 1170 tatem.

2519 1179 2613 1200 Rerum
2619 1186 2646 1200 ex
2653 1179 2731 1206 codd.

2519 1206 2557 1233 qui
2579 1204 2689 1227 omittunt
2710 1208 2734 1227 et

2519 1238 2565 1253 non
2578 1238 2639 1254 ene.

2522 1284 2610 1306 *Num
2626 1290 2677 1312 seq.

2546 1448 2575 1463 m>
2582 1449 2587 1463 τ
2604 1442 2697 1463 dicitur.

2525 1606 2558 1625 ·Β
2566 1612 2570 1626 :
2591 1604 2721 1626 contraria.

2524 1764 2533 1771 '
2541 1768 2595 1783 mc:
2606 1762 2669 1783 circa
2680 1767 2733 1783 con-

2526 1788 2696 1810 tradictionem.

2526 1822 2533 1829 ·
2543 1827 2570 1841 a:
2586 1820 2695 1841 ostendit.

2527 1871 2535 1879 ·
2546 1875 2572 1890 a:
2586 1868 2736 1890 contraria...

2527 1907 2536 1912 -
2544 1901 2583 1917 ac:
2595 1897 2688 1923 queunt.
