2788 4204
0 1173 19 1409 ,ψη-...Ἣ
0 1127 7 1159 ,μ
0 1053 3 1074 Α,

0 1935 15 2886 ffi-V-Wrwv·2·-W—-t—wrv—nrwrw-
0 1604 11 1920 w-Woe-
0 1410 11 1583 «fem—‹nv-

55 2619 59 2625 ›
47 2482 56 2488 Δ
57 2322 60 2325 ,
48 2295 50 2297 “
44 2278 48 2281 '
55 1731 60 1736 ·
54 1701 62 1704 ι
56 1471 65 1486 ,,

64 2484 65 2487 Α
83 2323 86 2325 y
67 2182 70 2183 Ἴ
68 2141 70 2143 ,
73 1706 75 1709 ⁵
77 1506 84 1510 Ι
66 1494 69 1498 ,

22 3446 25 3450 ’
45 3452 108 3476 ⁴05.
115 3453 168 3476 lect.
178 3459 212 3482 m,
219 3459 266 3482 n.3.

1188 287 1399 337 CAP.VL

1035 494 1383 552 LECTIO

1430 290 1581 328 LECT.
1595 292 1598 295 '
1610 290 1646 327 V

2438 295 2512 342 343

1438 500 1795 576 QUINTA

470 618 689 660 UTRUM
721 620 933 662 POSSIT
966 622 1411 667 DEMONSTRARI
1446 627 1619 680 QUOD
1654 629 1802 682 QUID
1837 630 1951 671 EST
1985 631 2352 673 ACCIPIENDO

737 696 800 736 ID
836 696 1010 749 QUOD
1044 699 1422 753 REQUIRITUR
1455 704 1541 743 AD
1577 703 1750 756 QUOD
1785 704 1933 757 QUID
1969 706 2083 748 EST

308 813 401 847 Ἀλλ’
434 811 499 857 οἷρα
523 814 598 847 ἔστι
622 819 680 849 καὶ
707 812 887 858 ἀποδεῖξαι
913 819 954 851 τὸ
980 821 1013 851 τί
1040 820 1114 853 ἐστι
1139 822 1219 853 κατ’
1250 820 1381 863 οὐσίαν,

382 858 418 900 ἐξ
444 859 635 900 ὑποθέσεως
659 859 711 904 δέ,
736 863 894 901 λαβόντα
919 864 960 896 τὸ
986 864 1045 907 μὲν
1072 868 1104 899 τί
1126 863 1166 903 ἦν
1185 864 1328 899 εἶναιτὸ
1347 867 1382 898 ἐκ

382 905 450 936 τῶν
476 905 509 938 ἐν
535 907 583 948 τῷ
608 910 642 940 τί
668 905 759 940 ἐστιν
795 908 905 948 ἰδίων,
937 908 1020 942 ταδὶ
1049 905 1086 942 δὲ
1111 909 1145 942 ἐν
1170 912 1218 952 τῷ
1243 914 1276 943 τί
1309 911 1382 944 ἐστι

381 948 491 992 μόνα,
524 953 583 982 καὶ
606 949 691 984 ἴδιον
717 952 759 985 τὸ
785 953 873 993 πᾶν;
900 956 1007 988 τοῦτο
1040 955 1106 1001 γάρ
1132 956 1206 987 ἐστι
1231 956 1272 988 τὸ
1297 953 1382 987 εἶναι

382 994 507 1036 ἐκείνῳ.

303 1037 352 1069 ’Ἡ
377 1038 480 1070 πάλιν
506 1041 619 1085 εἴληφε
645 1040 686 1073 τὸ
712 1043 746 1073 τί
772 1039 811 1080 ἦν
837 1039 923 1075 εἶναι
947 1045 1004 1076 καὶ
1031 1045 1062 1076 ὲν
1087 1043 1221 1085 τούτῳ;
1250 1043 1381 1090 ἀνάγκη

381 1083 446 1129 γοὶρ
471 1079 532 1116 διαὶ
556 1086 620 1117 τοῦ
644 1085 747 1130 μέσου
772 1083 895 1128 δεῖξαι.

305 1126 383 1160 Ἔτι
408 1127 518 1171 ὥσπερ
547 1127 617 1160 οὐδ’
648 1130 680 1162 ἑν
706 1132 919 1178 συλλογισμῷ
942 1132 1164 1177 λαμ-βαίνεται
1182 1134 1215 1164 τί
1243 1132 1317 1164 ἐστι
1342 1132 1384 1164 τὸ

380 1173 638 1218 συλλελογίσθαι
665 1175 731 1218 (ἀεὶ
756 1177 821 1230 γάρ
848 1175 908 1214 ὅλη
935 1174 956 1213 ἦ
981 1178 1077 1232 μέρος
1104 1177 1125 1213 ἡ
1151 1176 1329 1219 πρότασις,
1350 1175 1384 1217 ἐξ

377 1215 421 1246 ὧν
448 1218 464 1248 ὁ
490 1219 746 1264 συλλογισμός),
774 1222 880 1258 οὑτως
911 1218 990 1253 οὐδε
1015 1222 1057 1253 τὸ
1083 1224 1115 1254 τί
1142 1219 1183 1259 ἦν
1215 1218 1302 1252 εἶναι
1334 1221 1387 1252 δεῖ

379 1259 503 1292 ἐνεῖναι
529 1262 562 1294 ἑν
589 1265 637 1305 τῷ
662 1266 898 1312 συλλογισμῷ,
927 1265 1018 1298 ἀλλά
1044 1268 1142 1310 χωρὶς
1178 1266 1284 1298 τοῦτο
1317 1266 1383 1297 τῶν

377 1306 536 1350 κειμένων
563 1305 663 1348 εἶναι,
690 1312 748 1340 καὶ
774 1311 855 1355 πρὸς
880 1309 940 1343 τὸν
961 1310 1246 1354 ἀμφισβητοῦντα
1263 1311 1291 1341 εἱ
1309 1312 1384 1341 συλ-

376 1350 580 1396 λελόγισται
605 1351 626 1390 ’ἢ
651 1353 700 1396 μή
727 1356 855 1396 τοῦτο,
895 1354 1057 1387 ἀπαντᾶν
1092 1354 1159 1387 ὅτι·
1187 1356 1294 1387 τοῦτο
1319 1355 1383 1400 γάρ

377 1392 420 1433 ἦν
445 1398 682 1443 συλλογισμός.
708 1400 775 1430 Καὶ
796 1400 877 1444 πρὸς
903 1399 963 1432 τὸν
990 1397 1043 1431 ὅτι
1070 1399 1107 1431 οὗ
1127 1400 1167 1433 τὸ
1186 1403 1218 1433 τί
1238 1398 1277 1438 ἦν
1297 1398 1383 1432 εἶναι

376 1441 660 1487 συλλελόγισται,
695 1443 750 1476 ὅτι
774 1447 842 1476 ναί·
871 1445 977 1477 τοῦτο
1002 1444 1067 1489 γοὶρ
1101 1444 1212 1477 ἔκειτο
1239 1446 1317 1489 ἡμῖν
1343 1445 1384 1477 τὸ

376 1487 410 1518 τί
435 1484 475 1522 ἦν
502 1485 602 1520 εἶναι.
621 1487 724 1521 ‘'Ori-‘re
752 1488 884 1535 ἀνάγκη
909 1491 966 1521 καὶ
994 1491 1072 1523 ἄνευ
1105 1491 1168 1521 τοῦ
1200 1492 1233 1522 τί
1266 1492 1382 1522 συλλο-

374 1530 494 1577 γισμὸς
519 1531 541 1569 ἧ
567 1533 631 1564 τοῦ
656 1535 690 1565 τί
716 1531 755 1571 ἦν
782 1531 869 1566 εἶναι
893 1533 1151 1580 συλλελογίσθαι
1176 1547 1223 1568 τι.

305 1573 379 1608 Κᾶν
406 1576 441 1616 ἐξ
468 1576 656 1615 ὑποθέσεως
682 1575 720 1611 δέ
746 1574 896 1623 δεικνύῃ,
923 1579 992 1611 οἷον
1011 1580 1038 1611 εἰ
1057 1580 1105 1620 τῷ
1121 1582 1214 1622 κακῷ
1240 1580 1314 1612 ἐστὶ
1339 1581 1381 1612 τό

374 1615 534 1666 διαιρετῷ
561 1619 660 1664 εἶναι,
680 1624 728 1665 τῷ
753 1618 782 1654 δ’
812 1624 953 1665 ἐναντίῳ
979 1624 1020 1656 τὸ
1046 1625 1094 1666 τῷ
1120 1624 1260 1666 ἐναντίῳ
1280 1621 1379 1667 εἶναι,

377 1664 465 1704 ὅσοις
492 1667 566 1700 ἔστι
592 1679 626 1700 τι
651 1668 820 1700 ἐναντίον·
839 1669 881 1702 vd
897 1666 926 1701 δ’
958 1668 1086 1715 ἀγαθᾶν
1110 1670 1158 1711 τῷ
1174 1671 1268 1711 κακῷ
1287 1669 1381 1702 ἐναν-

375 1713 449 1742 τίον
473 1714 532 1744 καὶ
558 1712 599 1744 τὰ
631 1708 827 1758 ἀδιαίρετον
853 1716 901 1756 τῷ
926 1708 1100 1757 διαιρετῷ·
1128 1713 1219 1747 ἔστιν
1246 1715 1312 1757 ἄρα
1338 1716 1380 1748 ‘ro'

376 1755 494 1802 ἀγαθῷ
519 1754 606 1789 εἶναι
631 1757 672 1790 τὸ
700 1758 882 1804 ἀδιαιρέτῳ
908 1756 1004 1790 εἶναι.

305 1801 373 1832 Καὶ
398 1801 463 1847 γάρ
489 1802 640 1834 ἐνταῦθα
662 1804 779 1845 λαβών
805 1804 845 1837 τὸ
872 1806 904 1837 τί
931 1801 971 1841 ἦν
997 1800 1082 1835 εἶναι
1107 1797 1265 1835 δείκνυσι·

296 1846 475 1890 λαμβάνει
500 1842 532 1877 δ’
561 1848 605 1885 εἱς
631 1848 673 1880 τὸ
698 1845 808 1890 δεῖξαι
834 1849 875 1881 τὸ
901 1851 935 1880 τί
961 1846 1001 1886 ἦν
1020 1845 1120 1880 εἶναι.
1146 1848 1285 1892 Ἕτερον
1304 1848 1378 1892 μέν-

373 1902 428 1924 τοι
454 1891 557 1924 ἔστω·
574 1894 633 1924 καὶ
650 1894 715 1938 γάρ
735 1894 767 1926 ἐν
786 1898 864 1930 ταῖς
883 1888 1110 1934 ἀποδείξεσιν,
1135 1892 1188 1926 ὅτι
1207 1891 1279 1926 ἐστὶ
1298 1889 1377 1925 τόδε

371 1935 468 1968 κατὰ.
493 1932 608 1977 τοῦδε,
638 1937 728 1971 ἀλλά
752 1938 799 1981 μὴ
819 1937 921 1980 αὑτό,
941 1933 1026 1982 μηδὲ
1044 1938 1082 1970 οὗ
1101 1939 1117 1970 ὀ
1137 1938 1245 1976 αὐτὸς
1261 1938 1375 1984 λόγος,

371 1982 430 2012 καὶ
457 1980 682 2027 ἀντιστρέφει.
873 1998 881 2004 ·

302 2025 385 2068 Πρὸς
412 2026 622 2071 ἀμφοτέρους
647 2023 705 2068 δέ,
735 2026 794 2059 τόν
821 2039 858 2059 τε
883 2026 980 2059 κατοί
1009 2021 1170 2070 διαίρεσιν
1195 2022 1375 2060 δεικνύντα

369 2072 429 2102 καὶ
454 2072 535 2114 πρὸς
561 2072 620 2104 τὸν
647 2072 737 2105 οὕτω
762 2071 1002 2118 συλλογισμόν,
1022 2072 1063 2104 τὸ
1088 2073 1177 2105 αύτό
1197 2070 1371 2116 ἀπόρημα·

370 2111 431 2148 διαὶ
455 2119 489 2149 τί
515 2117 615 2151 ἔσται
642 2119 658 2149 ὀ
686 2116 857 2162 ἄνθρωπος
889 2118 974 2160 ζῷον
999 2112 1119 2149 δίπουν
1145 2117 1270 2160 πεζόν,
1297 2119 1369 2151 ἀλλ’

370 2161 410 2193 οὗ
441 2162 526 2205 ζῷον
557 2164 615 2195 καὶ
641 2158 764 2205 πεζὸν;
790 2163 827 2195 ἐκ
852 2163 916 2208 γάρ
943 2162 1008 2194 τῶν
1032 2162 1300 2206 λαμβανομένων
1320 2164 1373 2195 οὐ·

368 2201 471 2251 δεμία
498 2206 630 2254 ἀνάγκη
658 2207 752 2241 ἐστὶν
778 2208 810 2240 ἒν
835 2206 986 2254 γίνεσθαι
1004 2208 1045 2240 τὸ
1061 2208 1372 2254 κατηγορούμενον,

371 2252 444 2284 ἀλλ’
473 2251 582 2296 ὥσπερ
610 2251 649 2284 ἂν
677 2252 848 2295 ἄνθρωπος
876 2253 891 2284 ὁ
919 2253 1023 2291 αὐτὸς
1051 2255 1100 2290 εἴη
1133 2253 1290 2298 μουσικὸς
1314 2254 1372 2285 καὶ

335 2296 627 2352 ι-γραμματικρς,
696 2341 703 2351 l
1220 2341 1234 2352 ᾖ
1299 2341 1306 2352 ¹
1366 2345 1371 2353 .

297 2339 372 2380 Πως
405 2342 460 2373 οὗν
491 2337 536 2378 δή
569 2354 586 2374 ο
612 2343 802 2387 οριζομενος
833 2336 934 2383 δείξει
965 2342 1030 2379 τήν
1065 2343 1181 2374 οὐσίαν
1213 2355 1234 2378 η
1265 2354 1306 2374 το
1339 2355 1372 2374 τι

369 2386 482 2426 ἓστιν;
519 2386 598 2419 οὔτε
622 2387 687 2434 γοὶρ
718 2388 760 2425 ὠς
794 2382 993 2425 ἀποδεικνύς
1026 2386 1061 2428 ἐξ
1095 2386 1371 2432 ὁμολογουμένων

367 2428 453 2463 εἶναι
477 2427 582 2469 δῆλον
604 2431 740 2468 ποιησει
759 2430 813 2464 ὅτι
832 2431 964 2477 ἀνάγκη
983 2433 1114 2464 ἐκείνων
1134 2432 1239 2464 ὄντων
1257 2432 1371 2465 ἕτεοόν

368 2488 402 2508 τι
420 2473 520 2517 εἶναι,
547 2472 719 2518 ἀπόδειξις
737 2476 802 2523 γοὶρ
821 2479 942 2518 τοῦτο,
962 2475 1032 2509 οὔθ’
1053 2477 1095 2514 ὠς
1114 2477 1129 2508 ὀ
1153 2476 1291 2522 ἐπείγων
1339 2478 1375 2510 ιοὶ

367 2522 434 2554 τῶν
458 2520 535 2553 καθ’
565 2520 700 2554 ἕκαστα
725 2517 838 2558 δήλων
869 2521 989 2563 ὄντων,
1017 2519 1071 2553 ὅτι
1096 2522 1163 2553 πᾶν
1191 2520 1296 2559 οὕτως
1323 2523 1371 2564 τῷ

366 2561 471 2609 μηδὲν
500 2566 623 2604 ἄλλως·
651 2566 688 2598 οὐ
714 2566 778 2613 γὰρ
804 2568 837 2598 τί
863 2567 938 2598 ἐστι
962 2561 1140 2608 δείκνυσιν,
1169 2566 1244 2598 ἀλλ’
1275 2566 1328 2599 ὅτι
1349 2566 1371 2604 ἦ

367 2611 459 2643 ἔστιν
478 2609 499 2648 ἦ
518 2612 578 2643 οὐκ
604 2610 708 2644 ἔστιν.
736 2613 791 2649 Τίς
817 2609 876 2643 οὖν
903 2611 1004 2648 ἄλλος
1023 2610 1148 2655 τρόπος
1172 2611 1312 2652 λοιπός,
1332 2613 1370 2650 οὐ

364 2656 431 2702 γάρ
456 2651 500 2693 δή
525 2651 627 2697 δείξει
651 2669 690 2700 γε
715 2657 761 2698 τῇ
788 2655 943 2692 αἰσθήσει
969 2655 991 2693 ἦ
1016 2657 1064 2697 τῷ
1089 2651 1264 2697 δακτύλῳ.

358 2788 509 2816 SYNOPSIS.
521 2805 556 2809 -
571 2798 595 2816 1.
610 2789 823 2825 Argumentum
838 2794 866 2816 et
879 2787 984 2816 divisio
998 2794 1100 2815 textus.
1111 2805 1128 2809 -
1137 2795 1164 2815 2.
1180 2788 1283 2816 Utrum
1298 2797 1368 2815 con-

294 2827 388 2865 tingat
409 2828 602 2856 demonstrari
624 2828 694 2865 quid
716 2828 752 2856 sit
772 2828 881 2865 aliquid
896 2829 1055 2856 secundum
1075 2827 1274 2863 substantiam,
1297 2827 1368 2856 acci-

295 2867 406 2905 piendo
427 2877 480 2904 pro
502 2868 600 2896 medio
623 2877 657 2896 ea
678 2877 753 2905 quae
781 2867 926 2904 pertinent
947 2868 984 2896 ad
1005 2867 1149 2896 rationem
1178 2867 1266 2904 ipsius
1288 2869 1368 2904 quod

297 2907 368 2944 quid
389 2914 450 2935 erat
475 2917 546 2935 esse.
564 2925 584 2929 -
602 2908 627 2935 3.
650 2907 819 2944 Disputatur
847 2917 901 2944 pro
928 2914 1008 2943 parte
1029 2907 1170 2944 negativa.
1199 2909 1236 2935 Et
1263 2908 1367 2944 primo,

296 2946 360 2975 talis
382 2947 593 2975 demonstratio
621 2954 664 2986 est
684 2947 785 2984 petitio
815 2947 957 2983 principii.
972 2964 991 2968 —
1004 2956 1032 2981 4.
1053 2947 1165 2976 Deinde
1186 2947 1314 2984 arguitur
1335 2957 1368 2975 ex

295 2986 484 3014 similitudine
511 2986 685 3023 syllogismi:
715 2987 783 3023 quia
812 2986 885 3015 sicut
912 2986 1042 3015 definitio
1064 2986 1223 3024 syllogismi
1244 2997 1304 3015 non
1325 2994 1368 3015 est

296 3026 405 3063 aliquid
427 3035 529 3054 eorum
545 3035 578 3054 ex
594 3026 698 3063 quibus
719 3026 851 3062 procedit
872 3026 1056 3063 syllogismus
1078 3027 1220 3063 (procedit
1241 3027 1317 3055 enim
1334 3036 1367 3055 ex

294 3065 572 3103 propositionibus),
588 3066 628 3094 ita
642 3066 813 3102 syllogizans
829 3066 909 3102 quod
924 3066 994 3102 quid
1010 3072 1070 3094 erat
1091 3075 1154 3094 esse
1174 3067 1294 3095 alicuius
1315 3067 1365 3101 rei,

295 3115 358 3134 non
385 3106 471 3133 debet
498 3105 627 3142 accipere
649 3105 719 3142 quid
741 3105 777 3133 sit
798 3106 878 3142 quod
900 3105 970 3142 quid
998 3112 1059 3134 erat
1079 3115 1181 3134 esse.-
1198 3107 1223 3134 5.
1245 3106 1366 3134 Videtur

295 3146 377 3183 quod
402 3155 464 3174 non
485 3145 578 3182 possit
598 3145 790 3173 demonstrari
811 3146 891 3182 quod
912 3145 983 3182 quid
1004 3152 1046 3173 est
1067 3146 1152 3174 unius
1173 3146 1214 3174 rei
1235 3155 1268 3173 ex
1284 3147 1365 3182 quod

295 3185 366 3223 quid
386 3191 430 3213 est
450 3185 568 3214 alten'us
589 3184 707 3213 rei.-6.
723 3186 797 3213 Nam
818 3185 925 3221 primo,
940 3185 1069 3222 praefata
1089 3185 1299 3214 demonstratio
1322 3191 1364 3213 est

443 3429 449 3437 Ι
503 3389 511 3404 ““
531 3425 540 3433 s
559 3397 629 3422 nec
662 3397 730 3434 per
765 3385 1028 3422 convertibiles
1056 3384 1254 3430 terminos,
1290 3396 1360 3420 nec

500 3441 512 3470 1‘1
519 3433 539 3463 Γ
557 3451 627 3488 per
645 3438 751 3476 viam
780 3438 986 3485 divisionis,
1015 3438 1077 3474 hic
1090 3438 1111 3458 *
1126 3437 1288 3474 ostendit
1306 3437 1360 3473 ul-

347 3582 375 3614 α)
396 3581 428 3606 Id
446 3580 518 3614 quod
535 3579 683 3612 requiritur
704 3578 858 3603 ad.-Haec
876 3577 963 3608 verba,
979 3585 1046 3610 quae
1064 3577 1084 3602 P
1103 3576 1188 3607 habet,
1207 3577 1359 3601 omittuntur

293 3626 309 3643 a
326 3617 414 3647 codd„
433 3617 477 3649 qui
495 3614 650 3640 unanimiter
673 3615 773 3647 legunt:
793 3613 946 3646 accipiendo
965 3613 1036 3645 quod
1058 3613 1124 3645 quid
1145 3613 1304 3643 est—Quae
1322 3613 1358 3636 le-

293 3654 343 3678 ctio
362 3653 502 3686 expeditior
515 3652 623 3683 videtur,
638 3655 663 3675 et
677 3649 834 3675 conformior
853 3649 932 3674 modo
951 3649 1073 3681 loquendi
1088 3655 1142 3681 quo
1157 3648 1260 3680 saepius
1279 3648 1358 3672 utitur

1436 828 1453 847 *
1469 829 1530 859 Sed
1554 836 1662 859 utrum
1684 830 1724 860 sit
1747 830 1960 861 demonstrare
1977 833 2064 872 quod
2080 833 2158 873 quid
2177 839 2223 863 est
2241 835 2417 864 secundum
2433 835 2505 865 sub·
2534 846 2542 853 ·
2558 845 2613 872 Cap.
2626 852 2654 868 v1.

1505 874 1651 904 stantiam
1667 884 1703 904 ex
1719 874 1899 904 conditione
1915 876 2120 915 accipientem
2139 877 2227 917 quod
2243 878 2321 918 quid
2337 886 2402 909 erat
2417 887 2498 910 esse:
2531 870 2599 894 Text.
2612 879 2631 900 ⁵¹

1505 918 1594 958 quod
1618 925 1664 948 est
1687 928 1723 948 ex
1746 918 1794 947 his
1823 928 1904 958 quae
1927 927 2000 949 sunt
2024 920 2055 949 in
2080 931 2118 950 eo
2142 922 2231 961 quod
2254 923 2331 962 quid
2361 930 2408 953 est
2430 934 2502 963 pro-

1505 959 1601 1001 priis?
1624 963 1711 992 Haec
1735 969 1841 992 autem
1863 962 1896 992 in
1913 964 2001 1003 quod
2024 964 2101 1004 quid
2125 972 2170 995 est
2189 966 2267 1004 sola,
2292 974 2323 997 et
2337 967 2504 1007 proprium

1505 1013 1551 1036 est
1570 1014 1681 1036 omne:
1706 1006 1768 1036 hoc
1787 1006 1873 1035 enim
1893 1014 1938 1037 est
1957 1017 2023 1037 esse
2042 1008 2096 1039 illi.

1438 1051 1490 1080 An
1511 1049 1626 1080 iterum
1651 1050 1769 1089 accepit
1791 1051 1879 1090 quod
1903 1051 1980 1091 quid
2004 1059 2068 1082 erat
2091 1063 2157 1083 esse
2173 1060 2203 1084 et
2217 1053 2250 1084 in
2266 1053 2347 1086 hoc?
2369 1056 2503 1087 Necesse

1507 1101 1553 1124 est
1571 1094 1656 1123 enim
1675 1104 1731 1134 per
1750 1094 1892 1124 medium
1913 1103 2095 1127 monstrare.

1438 1137 1587 1177 Amplius
1604 1138 1684 1167 sicut
1700 1147 1803 1178 neque
1819 1137 1851 1167 in
1871 1139 2056 1178 syllogismo
2081 1140 2230 1180 accipitur
2253 1143 2341 1182 quod
2355 1143 2431 1184 quid
2455 1151 2503 1175 est

1507 1181 1691 1222 syllogizare
1707 1180 1846 1223 (semper
1862 1182 1947 1212 enim
1962 1191 2028 1213 tota
2044 1191 2097 1215 aut
2114 1195 2183 1224 pars
2199 1193 2244 1216 est
2260 1188 2447 1226 propositio,
2465 1198 2501 1219 ex

1507 1225 1622 1266 quibus
1642 1232 1688 1255 est
1713 1226 1945 1268 syllogismus):
1969 1227 2011 1258 sic
2034 1238 2136 1268 neque
2160 1231 2247 1269 quod
2262 1231 2339 1271 quid
2355 1239 2418 1262 erat
2433 1243 2500 1263 esse

1506 1276 1633 1309 oportet
1657 1280 1723 1299 esse
1747 1270 1779 1300 in
1803 1271 2006 1310 syllogismog
2030 1273 2084 1302 sed
2108 1283 2251 1304 seorsum
2269 1275 2331 1305 hoc
2349 1277 2500 1316 appositis

1507 1324 1584 1351 esse,
1601 1321 1631 1344 et
1646 1314 1685 1343 ad
1702 1314 1897 1345 dubitantem
1915 1326 1954 1345 an
1978 1316 2198 1356 syllogizatum
2216 1325 2270 1356 est,
2288 1326 2342 1349 aut
2366 1330 2430 1350 non
2455 1328 2500 1351 est

1505 1358 1578 1396 hoc,
1590 1358 1785 1388 obviandum
1800 1359 1953 1400 quoniam
1969 1360 2028 1390 hoc
2042 1368 2105 1391 erat
2120 1362 2331 1401 syllogismus
2343 1364 2383 1394 Et
2398 1365 2500 1395 adhuc

1505 1403 1595 1443 quod
1614 1413 1716 1443 neque
1734 1404 1821 1443 quod
1837 1403 1913 1444 quid
1934 1411 1998 1434 erat
2021 1414 2087 1435 esse
2107 1406 2326 1446 syllogizatum
2343 1414 2398 1445 est,
2420 1418 2500 1448 quo-

1506 1447 1592 1477 niam
1609 1447 1718 1487 utique
1735 1455 1796 1478 est:
1814 1448 1876 1478 hoc
1892 1448 1976 1478 enim
1993 1449 2134 1488 positum
2151 1457 2197 1480 est
2212 1451 2304 1481 nobis
2320 1453 2408 1491 quod
2424 1453 2500 1492 quid

1505 1498 1570 1522 erat
1584 1501 1660 1522 esse.
1673 1492 1779 1528 Quare
1795 1502 1919 1523 necesse
1936 1501 1982 1523 est
1998 1500 2028 1523 et
2044 1493 2110 1524 sine
2126 1504 2164 1524 eo
2182 1496 2270 1535 quod
2285 1495 2362 1536 quid
2377 1503 2423 1527 est
2438 1497 2500 1537 syl-

1503 1536 1674 1576 logismus,
1699 1543 1753 1566 aut
1776 1537 1864 1577 quod
1888 1537 1966 1578 quid
1990 1545 2054 1568 erat
2073 1548 2150 1577 esse,
2167 1539 2350 1579 syllogizare
2369 1540 2498 1581 aliquid.

1436 1579 1454 1599 *
1476 1581 1517 1611 Et
1535 1581 1561 1610 si
1588 1591 1624 1611 ex
1647 1581 1867 1620 suppositione
1893 1582 2101 1620 demonstret,
2127 1590 2162 1613 ut
2192 1583 2217 1613 si
2244 1584 2329 1614 malo
2356 1584 2437 1615 inest
2456 1585 2499 1615 di-

1502 1625 1624 1655 visibile
1648 1635 1725 1662 esse,
1749 1625 1781 1655 in
1807 1627 1962 1657 contrario
1996 1634 2102 1657 autem
2133 1635 2179 1658 est
2202 1629 2393 1659 contrarium
2417 1640 2498 1668 esse,

1503 1669 1535 1699 in
1555 1670 1797 1710 quibuscunque
1822 1678 1868 1701 est
1883 1671 2002 1712 aliquid
2027 1673 2229 1710 contrarium,
2246 1674 2368 1704 bonum
2392 1681 2498 1704 autem

1503 1715 1589 1744 malo
1609 1715 1801 1745 contrarium
1818 1723 1873 1753 est,
1894 1723 1925 1746 et
1947 1716 2133 1746 indivisibile
2150 1717 2314 1748 divisibili:
2331 1725 2378 1748 est
2391 1718 2498 1760 itaque

1502 1759 1579 1789 boni
1596 1766 1625 1789 et
1640 1759 1827 1789 indivisibile
1844 1770 1920 1791 esse.

1434 1803 1562 1833 Etenim
1582 1803 1632 1834 hic
1656 1803 1810 1844 accipiens
1830 1806 1918 1844 quod
1942 1805 2019 1845 quid
2039 1812 2102 1836 erat
2121 1815 2198 1843 esse,
2219 1807 2428 1846 demonstrat;

1435 1848 1547 1888 accipit
1569 1855 1675 1878 autem
1692 1849 1731 1878 ad
1747 1849 2028 1880 demonstrandum
2053 1850 2140 1890 quod
2164 1850 2240 1891 quid
2260 1859 2324 1882 erat
2347 1862 2423 1882 esse.
2440 1852 2495 1883 Al-

1500 1899 1603 1923 terum
1619 1900 1724 1922 tamen
1742 1893 1797 1923 sit:
1816 1900 1846 1923 et
1862 1893 1945 1923 enim
1961 1894 1992 1924 in
2010 1894 2330 1926 demonstrationibus
2341 1897 2495 1937 quoniam

1499 1944 1546 1967 est
1569 1937 1631 1967 hoc
1654 1937 1693 1967 de
1717 1937 1797 1975 hoc,
1828 1938 1882 1967 sed
1906 1948 1971 1968 non
1994 1938 2119 1978 ipsum,
2143 1949 2246 1980 neque
2271 1940 2360 1971 cuius
2384 1941 2494 1972 eadem

1499 1981 1567 2021 ipsa
1591 1981 1670 2011 ratio
1695 1988 1725 2011 et
1748 1982 1948 2013 convertitur.

1431 2026 1482 2055 Ad
1506 2033 1659 2066 utrosque
1682 2033 1789 2056 autem
1813 2033 1843 2057 et
1862 2027 2037 2057 secundum
2061 2027 2249 2058 divisionem
2277 2028 2493 2060 demonstran-

1497 2077 1573 2108 tem,
1597 2076 1628 2100 et
1651 2070 1690 2100 ad
1714 2070 1757 2100 sic
1776 2071 2007 2111 syllogismum,
2033 2078 2078 2101 est
2101 2072 2211 2102 eadem
2227 2073 2399 2112 oppositio,
2422 2084 2495 2114 pro-

1496 2122 1566 2155 pter
1589 2115 1666 2155 quid
1692 2122 1738 2145 est
1759 2115 1859 2145 homo
1893 2116 2009 2146 animal
2033 2116 2190 2156 gressibile
2222 2117 2326 2157 bipes,
2351 2118 2404 2147 sed
2429 2128 2494 2148 non

1496 2159 1613 2189 animal
1637 2167 1667 2190 et
1682 2159 1780 2199 bipes.
1805 2160 1851 2190 Ex
1867 2160 2000 2200 acceptis
2024 2160 2109 2190 enim
2133 2171 2234 2201 neque
2251 2171 2313 2191 una
2329 2162 2493 2193 necessitas

1495 2211 1542 2234 est
1558 2214 1659 2234 unum
1675 2203 1741 2234 fieri
1757 2205 1843 2244 quod
1861 2205 2065 2244 praedicatur,
2087 2205 2140 2234 sed
2160 2205 2269 2246 utique
2293 2206 2372 2237 sicut
2393 2206 2492 2238 homo

1494 2248 1580 2278 idem
1602 2248 1660 2279 erit
1679 2255 1708 2278 et
1726 2249 1948 2289 grammaticus
1968 2256 1998 2280 et
2016 2249 2165 2280 musicus.

2526 1595 2536 1606 ⁸¹
2550 1594 2616 1617 Text.
2632 1597 2656 1618 6.

1427 2337 1445 2356 *
1464 2338 1607 2375 Qualiter
1630 2338 1724 2378 igitur
1752 2338 1903 2369 definiens
1932 2339 2159 2370 demonstrabit
2187 2341 2412 2380 substantiam,
2435 2350 2491 2374 aut

1495 2383 1583 2423 quod
1607 2383 1684 2423 quid
1701 2381 1766 2413 est?
1783 2384 1893 2424 Neque
1910 2384 1994 2414 enim
2014 2385 2094 2415 sicut
2110 2385 2328 2416 demonstrans
2348 2396 2384 2416 ex
2401 2387 2490 2417 certis

1494 2437 1571 2464 esse,
1595 2427 1799 2457 manifestum
1824 2427 1914 2458 faciet
1929 2429 2017 2469 quod
2033 2439 2158 2459 necesse
2178 2436 2234 2465 est,
2253 2440 2326 2460 cum
2350 2430 2411 2461 sint
2425 2431 2488 2470 illa,

1494 2471 1626 2501 alterum
1648 2471 1766 2512 aliquid
1784 2482 1860 2508 esse,
1878 2472 2104 2504 demonstratio
2122 2473 2206 2503 enim
2226 2474 2287 2504 hoc
2304 2481 2366 2512 est3
2387 2485 2489 2516 neque

1493 2515 1575 2545 sicut
1598 2516 1824 2546 demonstrabit
1846 2516 1999 2547 inducens
2022 2527 2078 2557 per
2101 2517 2269 2557 singularia
2292 2529 2366 2548 cum
2389 2519 2489 2549 mani—

1493 2559 1572 2589 festa
1597 2560 1668 2596 sint,
1685 2560 1839 2600 quoniam
1863 2571 1959 2591 omne
1983 2561 2037 2598 sic,
2054 2571 2093 2592 eo
2109 2563 2198 2602 quod
2221 2562 2299 2592 nihil
2322 2563 2409 2593 aliter
2432 2570 2487 2594 est.

1492 2604 1567 2634 Non
1591 2604 1676 2634 enim
1699 2604 1778 2644 quid
1801 2612 1847 2635 est
1870 2606 2082 2644 demonstrat,
2111 2606 2167 2636 sed
2189 2607 2342 2647 quoniam
2366 2614 2412 2638 est
2434 2615 2489 2639 aut

1493 2658 1560 2678 non
1576 2655 1631 2678 est.
1649 2648 1729 2686 Quis
1748 2649 1843 2688 igitur
1858 2656 1904 2680 est
1919 2649 1998 2680 alius
2018 2650 2134 2681 modus
2153 2649 2296 2681 relictus?
2312 2652 2385 2681 Non
2403 2652 2487 2682 enim

1493 2692 1682 2723 monstrabit
1704 2703 1798 2723 sensu
1822 2700 1877 2724 aut
1900 2693 2008 2733 digito.

2519 2352 2527 2359 '
2543 2351 2599 2379 Cap.
2610 2357 2648 2373 vu.

1425 2787 1528 2816 iterum
1550 2788 1650 2825 petitio
1671 2788 1813 2825 principii.
1829 2806 1849 2811 -—
1863 2799 1890 2825 7.
1911 2789 2038 2824 Deinde,
2061 2790 2128 2826 quia
2148 2790 2178 2817 in
2200 2790 2280 2818 omni
2305 2791 2485 2819 demonstra-

1424 2828 1504 2856 tione
1525 2828 1554 2856 id
1576 2829 1656 2865 quod
1683 2829 1821 2865 accipitur
1847 2839 1901 2865 pro
1922 2829 2063 2865 principio
2091 2830 2360 2865 demonstrationis,
2390 2840 2484 2867 neque

1423 2875 1519 2904 potest
1540 2877 1602 2896 esse
1622 2868 1748 2905 idipsum
1770 2870 1849 2905 quod
1875 2869 2066 2904 concluditur,
2089 2879 2182 2905 neque
2203 2870 2312 2906 aliquid
2333 2871 2412 2906 quod
2434 2871 2484 2898 ha-

1423 2908 1490 2936 beat
1518 2909 1649 2936 eamdem
1677 2909 1818 2936 rationem
1840 2915 1868 2936 et
1888 2915 2070 2936 convertatur
2097 2918 2163 2936 cum
2189 2909 2262 2945 ipso.
2278 2927 2296 2930 -
2311 2910 2338 2937 8.
2360 2909 2484 2937 Additur

1423 2947 1496 2975 ratio
1512 2948 1675 2976 communis
1690 2955 1790 2976 contra
1797 2958 1863 2976 eum
1875 2948 1923 2985 qui
1939 2949 2117 2976 demonstrat
2131 2958 2164 2976 ex
2178 2948 2377 2985 suppositione
2392 2949 2482 2985 ipsius

1423 2988 1503 3024 quod
1525 2988 1595 3024 quid
1616 2994 1658 3015 est
1680 2995 1707 3016 et
1728 2995 1828 3016 contra
1849 2997 1915 3016 eum
1931 2988 1979 3024 qui
2001 2989 2179 3016 demonstrat
2192 2998 2225 3016 ex
2240 2988 2387 3016 divisione.
2408 2990 2482 3016 Nam

1422 3027 1552 3055 definitio
1574 3027 1713 3064 significat
1740 3037 1830 3055 unum
1859 3027 1982 3064 aliquid;
2005 3037 2038 3056 ex
2059 3027 2101 3055 his
2122 3034 2219 3055 autem
2242 3037 2315 3064 quae
2336 3028 2482 3064 accipiun-

1422 3073 1468 3094 tur
1489 3068 1648 3095 secundum
1669 3067 1729 3095 vias
1756 3067 1904 3095 divisionis
1925 3074 1953 3095 et
1973 3067 2179 3103 supposifionis
2207 3068 2244 3095 ad
2273 3067 2478 3103 definiendum,

1421 3116 1482 3134 non
1503 3113 1546 3134 est
1566 3106 1759 3135 necessarium
1788 3108 1868 3144 quod
1894 3107 1943 3135 fiat
1969 3117 2059 3134 unum
2087 3107 2291 3143 praedicatum.
2314 3125 2332 3129 -
2351 3117 2379 3143 9.
2401 3108 2480 3135 Con-

1420 3146 1545 3173 cluditur
1565 3155 1599 3174 ex
1619 3146 1784 3182 praemissis
1798 3147 1879 3183 quod
1893 3147 1973 3175 nullo
1988 3147 2078 3175 modo
2092 3154 2185 3183 potest
2199 3147 2390 3175 demonstrari
2404 3148 2480 3184 quod

1420 3186 1490 3222 quid
1510 3191 1560 3213 est.

1416 3277 1529 3314 terius
1545 3278 1649 3325 quod
1669 3291 1747 3315 non
1764 3286 1889 3327 potest
1908 3279 2012 3326 quod
2032 3279 2120 3327 quid
2142 3286 2197 3315 est
2215 3278 2476 3327 demonstrari,

1417 3330 1637 3379 accipiendo
1658 3331 1696 3367 id
1723 3331 1827 3379 quod
1848 3332 2044 3380 requiritur
2062 3332 2110 3369 ad
2130 3332 2233 3380 quod
2261 3332 2352 3380 quid
2377 3340 2432 3369 est
2445 3338 2474 3370 ’ἢ
2602 3353 2619 3369 α

1417 3385 1466 3420 Et
1494 3383 1591 3420 circa
1618 3384 1693 3420 hoc
1721 3383 1798 3420 duo
1827 3384 1928 3420 facit:
1956 3385 2094 3433 primo,
2125 3385 2286 3422 ostendit
2303 3385 2476 3434 proposi-

1416 3444 1514 3483 tum;
1534 3436 1715 3484 secundo,
1737 3437 1926 3474 concludit
1954 3450 1998 3474 ex
2027 3438 2203 3474 omnibus
2221 3439 2439 3487 praemissis
2455 3441 2476 3461 *

2503 3431 2514 3441 *
2522 3430 2608 3453 Codd.-
2615 3437 2715 3459 suprae-

2503 3457 2580 3479 dictis.

1413 3584 1434 3600 s.
1448 3575 1564 3600 Thomas
1584 3576 1610 3600 in
1625 3575 1672 3600 hac
1690 3575 1808 3600 lectione.
1822 3576 1910 3600 Lectio
1926 3580 2011 3601 autern
2026 3576 2046 3600 P
2058 3575 2166 3601 habetur
2180 3576 2256 3601 etiam
2271 3584 2349 3610 supra
2363 3577 2421 3602 lect.
2435 3585 2473 3608 m,

1412 3620 1438 3636 n.
1455 3611 1478 3636 3.
1493 3612 1592 3636 Sensus
1607 3612 1748 3643 praesentis
1767 3611 1924 3644 quaestionis
1939 3611 1964 3636 in
1983 3619 2077 3644 genere
2094 3617 2146 3636 est:
2160 3618 2246 3637 utrum
2266 3613 2348 3645 possit
2366 3613 2474 3637 demon-

1412 3647 1486 3672 strari
1505 3647 1576 3679 quod
1595 3647 1656 3679 quid
1675 3651 1716 3671 est
1732 3647 1769 3671 rei
1787 3646 2040 3680 pefdefinifionem,
2058 3655 2115 3679 seu,
2134 3648 2206 3680 quod
2224 3648 2294 3672 idem
2312 3653 2366 3679 est,
2384 3656 2431 3680 per
2448 3648 2474 3673 id
