2788 4204
363 265 436 312 392
942 248 1325 291 POSTERIORUM
1352 242 1783 283 ANALYTICORUM
1811 242 1905 278 LIB.
1937 242 1968 276 II

1011 456 1312 514 LECTIO
1351 450 1895 510 DECIMANONA

474 598 688 643 UTRUM
720 596 806 636 AD
840 564 1159 634 UNITATEM
1193 587 1440 629 CAUSAE
1473 584 1809 637 SEQUATUR
1843 582 2070 624 UNITAS
2104 582 2441 632 EFFECTUS,

553 674 632 715 ET
661 672 699 712 E
727 661 1596 710 CONVERSO.-MANIFESTATUR
1628 658 1844 700 MODUS
1874 657 2364 700 CONSECUTIONIS

1098 737 1345 780 CAUSAE
1378 737 1457 777 ET
1491 734 1809 776 EFFECTUS
2088 754 2092 757 ·

1476 866 1494 885 *
1510 866 1627 896 Utrum
1650 872 1758 895 autem
1782 864 1944 904 contingat
1967 874 2034 894 non
2057 864 2204 894 eamdem
2228 874 2295 895 esse
2319 874 2448 895 causam
2472 865 2554 895 eius·
2580 876 2788 906 *Seq.up.xxve=

1545 911 1619 940 dem
1642 910 1675 939 in
1700 909 1862 947 omnibus,
1887 909 1943 939 sed
1966 909 2107 947 alteram,
2131 916 2187 939 aut
2210 907 2298 939 non?
2579 906 2680 932 ¹⁸¹¹·25·

1477 958 1543 986 Aut
1567 955 1592 985 si
1616 954 1748 995 quidem
1771 965 1827 996 per
1850 965 1883 985 se
1907 954 2152 993 demonstretur,
2177 961 2207 985 et
2223 964 2290 984 non
2313 954 2491 984 secundum
2514 954 2554 985 si-

1545 1011 1646 1041 gnum
1662 1007 1717 1031 aut
1733 1001 1888 1038 accidens,
1906 1009 1972 1029 non
1996 1005 2102 1038 potest
2125 1008 2202 1029 esse.
2228 998 2322 1029 Ratio
2339 998 2426 1029 enim
2449 999 2554 1030 ultimi
2606 1009 2611 1014 ·

1545 1045 1700 1076 medium.
1726 1045 1757 1075 Si
1777 1055 1852 1075 vero
1873 1054 1939 1074 non
1959 1044 2002 1074 sic
2022 1050 2079 1081 est,
2100 1043 2265 1084 contingit.

1478 1090 1536 1120 Est
1559 1097 1667 1120 autem
1692 1096 1722 1120 et
1746 1100 1875 1120 causam
1894 1095 1925 1120 et
1944 1088 2035 1119 cuius
2052 1098 2146 1118 causa
2162 1087 2360 1118 considerare
2376 1087 2555 1118 secundum

363 877 504 920 Πότερον
530 869 557 905 δ’
587 868 763 916 ἐνδέχεται
788 870 833 914 μή
861 870 901 901 τό
928 868 1015 900 αὐτὸ
1042 869 1151 900 αἴτιον
1177 863 1262 897 εἶναι
1281 866 1343 897 τοῦ
1363 864 1424 896 αὑ-

431 921 492 952 τοῦ
518 920 618 950 πᾶσιν
646 917 718 949 ἀλλ’
748 915 878 959 ἕτερον,
906 914 926 950 ἦ
954 913 1010 953 οὕ;

363 965 384 1003 ἦ
409 967 437 997 εἰ
461 964 520 1008 μὲν
544 964 619 996 καθ’
650 960 736 993 αὑτὸ
763 955 1007 991 ἀποδέδεικται
1031 958 1088 989 καὶ
1107 955 1154 998 μή
1171 954 1267 988 κατά
1283 957 1421 997 σημεῖον

429 1008 449 1046 ἦ
475 1006 703 1052 συμβεβηκός,
733 1005 793 1049 οὐχ
820 1004 943 1036 οἷόντε·
972 1003 987 1034 ὁ
1013 1003 1076 1048 γάρ
1101 1000 1202 1045 λόγος
1234 1000 1296 1031 τοῦ
1321 999 1421 1043 ἄκρου

429 1054 469 1086 τό
495 1053 594 1098 μέσον
621 1052 724 1083 ἐστίν·
751 1051 778 1081 εὶ
803 1044 840 1080 δέ
865 1049 911 1092 μή
932 1047 1056 1087 οὕτως,
1086 1041 1275 1090 ἐνδέχεται.

355 1099 452 1131 Ἔστι
477 1095 514 1130 δέ
538 1098 596 1128 καὶ
622 1096 658 1127 οὖ
685 1096 794 1127 αἴτιον
811 1096 868 1124 καὶ
888 1093 910 1134 ᾧ
928 1095 1065 1124 σκοπεῖν
1082 1091 1178 1123 κατά
1195 1086 1421 1133 συμβεβηκός·

430 1144 466 1176 οὐ
492 1142 556 1187 μήν
581 1136 673 1172 δοκεῖ
701 1138 933 1183 προβλήματα
958 1134 1055 1168 εἶναι.
1083 1137 1120 1167 Εἰ
1145 1131 1182 1167 δὲ
1208 1134 1269 1178 μή,
1302 1134 1423 1177 ὁμοίως

429 1188 493 1229 ἕξει
518 1186 558 1219 τὸ
583 1185 695 1229 μέσον·
715 1185 742 1215 εὶ
764 1183 821 1227 μὲν
848 1181 1020 1226 ὁμώνυμα,
1049 1180 1221 1224 ὁμώνυμον
1240 1179 1281 1211 τὸ
1306 1178 1422 1222 μέσον,

428 1234 456 1265 εἰ
472 1228 500 1263 δ’
518 1232 558 1268 ὠς
577 1232 608 1263 ἑν
626 1229 726 1275 γένει,
747 1230 866 1272 ὁμοίως
886 1226 962 1267 ἕξει.
978 1228 1055 1258 Οἱον
1073 1221 1132 1257 δια
1150 1228 1183 1257 τί
1199 1226 1257 1256 καὶ
1276 1222 1423 1266 ἐναλλάξ

429 1276 613 1320 ἀνάλογον;
635 1274 717 1307 ἄλλο
731 1275 794 1319 γάρ
814 1275 923 1305 αἴτιον
942 1272 974 1302 ἐν
992 1274 1164 1317 γραμμαῖς
1179 1271 1236 1302 καὶ
1260 1267 1422 1312 ἀριθμοῖς·

427 1323 485 1353 καὶ
511 1322 551 1352 τὸ
578 1319 664 1352 αὑτό
689 1330 744 1359 me,
774 1318 794 1359 ᾖ
820 1318 878 1362 μὲν
907 1319 1075 1361 γραμμαί,
1104 1315 1210 1355 ἄλλο,
1240 1314 1260 1357 ᾗ
1286 1310 1315 1346 δ’
1345 1314 1423 1359 ἐ’χον

428 1365 566 1407 αὔξησιν
592 1376 689 1397 τοιαν
715 1365 737 1403 ί,
765 1362 804 1395 τό
831 1362 931 1394 αὐτό.
958 1360 1073 1398 Οὕτως
1101 1361 1156 1392 ἐπὶ
1175 1359 1327 1391 πάντων.
1355 1360 1422 1390 Τοῦ

428 1407 455 1443 δ’
486 1410 598 1453 ὅμοιον
624 1406 708 1441 εἶναι
733 1408 851 1452 χρῶμα
875 1405 1031 1452 χρώματι
1048 1407 1105 1436 καὶ
1128 1405 1249 1449 σχῆμα
1266 1402 1424 1449 σχήματι

430 1456 512 1488 ἄλλο
540 1454 639 1495 ἄλλῳ.
665 1452 855 1496 Ὁμώνυμον
887 1452 952 1496 γάρ
979 1450 1019 1483 τό
1046 1449 1159 1494 ὅμοιον
1191 1449 1247 1482 ἐπὶ
1274 1448 1423 1481 τούτων·

429 1499 507 1533 ἔνθα
532 1500 590 1544 μέν
621 1499 684 1544 γάρ
708 1501 785 1534 ἴσως
812 1497 852 1529 τὸ
879 1495 1048 1542 ἀνάλογον
1075 1494 1162 1539 ἔχειν
1189 1494 1252 1531 τοὶς
1278 1493 1423 1539 πλευράς

426 1547 483 1576 καὶ
507 1546 582 1581 ἴσας
607 1544 668 1582 τάς
693 1545 828 1589 γωνίας,
857 1541 910 1573 ἐπὶ
936 1535 974 1572 δὲ
998 1539 1189 1586 χρωμάτων
1215 1538 1256 1571 τὸ
1282 1539 1346 1575 τήν
1373 1540 1424 1570 αἴ-

427 1588 540 1625 σθησιν
566 1591 643 1632 μίαν
669 1585 753 1619 εἶναι
780 1586 801 1623 ἦ
827 1597 860 1619 τι
887 1586 970 1618 ἄλλο
997 1586 1168 1617 τοιοῦτον.
1203 1584 1256 1616 Τά
1279 1579 1316 1615 δὲ
1340 1583 1419 1615 κατ’

429 1635 614 1678 ἀναλογίαν
645 1633 692 1666 τά
721 1631 814 1665 αὐτοὶ
837 1633 895 1663 καὶΙ
928 1630 968 1662 τὸ
993 1630 1094 1675 μέσον
1129 1628 1194 1670 ἕξει
1225 1627 1306 1661 κατ’
1342 1629 1425 1661 ἀνα-

425 1680 556 1724 λογίαν.

353 1766 446 1806 Ἔχει
480 1753 511 1789 δ’
540 1756 629 1790 οὕτω
663 1758 704 1790 τὸ
741 1755 1007 1801 παρακολουθεῖν
1044 1754 1086 1787 τὸ
1120 1755 1230 1786 αἴτιον
1262 1752 1422 1791 ἀλλήλοις

424 1805 481 1835 καὶ
499 1802 537 1834 οὗ
557 1805 666 1835 αἴτιον
690 1804 747 1833 καὶ
774 1802 797 1843 ‹g›
824 1803 946 1833 αἴτιον.
973 1798 1056 1832 Καθ’
1086 1797 1234 1831 ἕκαστον
1259 1798 1319 1842 μὲν
1336 1799 1424 1841 λαμ-

426 1848 565 1888 βάνοντι
591 1847 631 1879 τὸ
658 1847 694 1878 οὑ
721 1848 830 1878 αἴτιον
863 1847 916 1879 ἐπὶ
943 1845 1069 1885 πλέον,
1103 1844 1172 1876 οἷον
1203 1842 1244 1875 τὸ
1275 1842 1423 1888 τέτταρ-

425 1904 475 1924 σιν
499 1895 574 1929 ἴσας
607 1891 668 1929 τοὶς
705 1891 766 1932 ἔξω
799 1892 855 1923 ἐπὶ
881 1890 984 1923 πλέον
1012 1889 1033 1926 ἦ
1059 1891 1221 1935 τρίγωνον
1248 1885 1270 1924 ἢ
1299 1887 1423 1932 τετρά-

425 1950 544 1984 γωνον,
566 1936 673 1969 ἅπασι
690 1931 727 1968 δὲ
745 1937 799 1968 ἐπ’
819 1938 904 1967 ἴσον·
925 1934 988 1967 ὅσα
1008 1934 1072 1981 γάρ
1101 1933 1286 1977 τέτταρσιν
1308 1932 1422 1977 ὀρθαῖς

424 1985 499 2020 ἴσας
525 1981 587 2019 τοὶς
614 1981 689 2022 ἔξω,
707 1982 765 2013 καὶ
783 1981 823 2013 τό
848 1980 948 2024 μέσον
976 1981 1108 2024 ὁμοίως.
1129 1978 1228 2011 Ἐστι
1251 1974 1288 2010 δὲ
1307 1979 1348 2010 τό
1365 1977 1425 2022 μέ-

426 2039 483 2059 σον
506 2026 607 2073 λόγος
634 2027 696 2058 τοῦ
722 2025 856 2070 πρώτου
884 2025 996 2068 ἄκρου·
1016 2020 1068 2057 διὸ
1094 2024 1204 2056 πᾶσαι
1224 2025 1258 2055 αἱ
1280 2023 1424 2060 ἐπιστῆ-

427 2084 488 2116 μαι
512 2067 548 2103 δι’
579 2072 715 2116 ὁρισμοῦ
735 2073 924 2117 γίγνονται.
951 2071 1027 2101 Οἱον
1046 2069 1086 2102 τό
1112 2069 1323 2113 φυλλορροεῖν
1351 2067 1424 2113 ἅμα

429 2115 606 2150 ἀκολουθεῖ
629 2118 672 2158 τῇ
701 2115 839 2160 ἀμπέλῳ
864 2118 921 2147 καὶ
948 2113 1124 2159 ὑπερέχει,
1150 2114 1209 2145 καὶ
1233 2114 1338 2156 συκῇ,
1364 2114 1423 2145 καὶ

427 2160 594 2207 ὑπερέχει·
623 2162 696 2193 ἀλλ’
719 2162 756 2193 οὑ
775 2160 933 2201 πάντων,
962 2160 1033 2192 ἀλλ’
1062 2162 1145 2191 ἴσον.
1174 2159 1211 2189 Εἰ
1235 2154 1279 2195 δή
1304 2157 1423 2199 λάβοις

426 2207 467 2239 τὸ
485 2208 616 2248 πρῶτον
635 2205 749 2250 μέσον,
761 2205 861 2251 λόγος
877 2207 939 2238 τοῦ
952 2206 1162 2249 φυλλορροεῖν
1182 2204 1287 2236 ἐστίν.
1300 2203 1424 2236 Ἔσται

424 2251 488 2298 γάρ
515 2252 647 2296 πρῶτον
666 2251 723 2295 μέν
747 2251 802 2282 ἐπὶ
823 2249 952 2294 θάτερα
970 2250 1086 2294 μέσον,
1107 2247 1161 2281 ὅτι
1179 2244 1294 2280 τοιαδὶ
1315 2247 1426 2281 ἅπαν-

427 2307 484 2329 τα·
514 2293 590 2328 εἶτα
622 2295 749 2328 τούτου
809 2295 903 2335 έσον,
939 2294 992 2328 ὅτι
1027 2294 1108 2332 ὁπός
1141 2292 1316 2340 πήγνυται
1342 2293 1364 2331 ἥ
1389 2305 1423 2327 τι

428 2341 510 2374 ἄλλο
530 2341 698 2373 τοιοῦτον.
718 2342 756 2371 Τί
797 2341 804 2352 ’
827 2341 899 2373 ἐστὶ
919 2341 959 2372 τό
984 2341 1215 2384 φυλλορροεῖν;
1235 2339 1276 2371 τό
1294 2337 1425 2385 πήγνυ-

426 2385 503 2418 σθαι
520 2385 579 2417 τὸν
606 2385 638 2417 ἑν
664 2386 708 2427 τῇ
733 2384 870 2429 συνάψει
896 2386 958 2417 τοῦ
983 2383 1180 2428 σπέρματος
1208 2382 1306 2416 ὀπόν.

352 2476 433 2508 Ἐπὶ
457 2469 494 2507 δὲ
519 2474 584 2507 τῶν
610 2473 796 2519 σχημάτων
821 2468 884 2506 ὦδε
911 2467 1082 2507 ἀποδώσει
1098 2472 1241 2515 ζητοῦσι
1266 2471 1330 2509 τήν
1356 2484 1424 2505 πα-

426 2517 667 2562 ρακολούθησιν
693 2520 755 2551 τοῦ
781 2520 892 2551 αἰτίου
916 2521 974 2550 καὶ
1002 2518 1039 2550 οὑ
1062 2518 1186 2549 αἴτιον.
1205 2517 1319 2549 Ἔστω
1338 2518 1379 2550 τό
1397 2519 1424 2550 Δ

427 2565 474 2605 τῷ
492 2565 516 2594 Β
541 2563 704 2608 ὑπάρχειν
730 2566 855 2604 παντί,
883 2563 924 2595 τὸ
949 2559 987 2595 δὲ
1011 2564 1035 2594 Β
1061 2561 1196 2603 ἑκάστῳ
1222 2563 1289 2594 τῶν
1308 2563 1344 2604 Δ,
1364 2563 1420 2595 ἐπὶ

427 2610 541 2641 πλεῖον
573 2603 625 2641 δέ.
655 2609 700 2640 Τό
732 2609 790 2653 μέν
823 2604 867 2645 δή
892 2610 916 2639 Β
945 2606 1095 2639 καθόλου
1129 2605 1168 2638 ἄν
1201 2609 1251 2645 εἴη
1285 2611 1355 2644 τοῖς
1385 2608 1422 2638 Δ·

428 2654 534 2686 τοῦτο
559 2653 623 2698 γάρ
646 2653 736 2698 λέγω
760 2652 909 2685 καθόλου
929 2653 944 2684 ὃ
962 2652 1008 2697 μή
1033 2650 1262 2695 ἀντιστρέφει,
1289 2653 1424 2696 πρῶτον

426 2693 464 2729 δὲ
486 2696 632 2729 καθόλου
651 2698 673 2739 ᾤ
692 2699 836 2731 ἕκαστον
861 2697 920 2742 μὲν
946 2698 993 2742 μή
1024 2696 1251 2740 ἀντιστρέφει,
1280 2695 1424 2729 ἅπαντα

426 2737 464 2774 δέ
492 2742 703 2787 ἀντιστρέφει
730 2745 787 2775 καὶ
819 2745 1043 2787 παρεκτείνει.
1080 2742 1155 2779 Τοῖς
1183 2741 1226 2778 δή
1255 2743 1278 2772 Δ
1313 2743 1424 2774 αἴτιον

428 2788 490 2819 τοῦ
515 2788 540 2818 Α
564 2788 604 2821 τό
629 2789 664 2820 Β.
700 2789 754 2819 Δεῖ
780 2787 845 2832 ἄρα
871 2787 912 2820 τὸ
944 2788 967 2817 Α
999 2787 1055 2820 ἐπὶ
1086 2786 1189 2818 πλέον
1222 2786 1285 2819 τοῦ
1309 2787 1334 2817 Β
1359 2797 1427 2818 πα-

426 2834 614 2876 ρεκτείνειν·
642 2833 668 2863 εὶ
695 2828 733 2864 δὲ
750 2832 811 2876 μή,
838 2833 871 2865 τί
897 2831 1028 2875 μᾶλλον
1055 2832 1165 2864 αἴτιον
1192 2830 1291 2863 ἔσται
1317 2832 1424 2864 τοῦτο

428 2878 570 2917 ἒκείνου;
597 2877 625 2908 εὶ
648 2872 691 2913 ’δή
718 2878 819 2909 πᾶσιν
847 2875 992 2921 ὑπάρχει
1018 2879 1089 2913 τοῖς
1106 2878 1129 2907 Ε
1147 2876 1189 2908 τὸ
1214 2876 1252 2917 Δ,
1273 2875 1372 2908 ἔσται
1390 2887 1424 2907 τι

429 2922 538 2953 ἐκεῖνα
565 2922 596 2953 ἓν
624 2920 766 2955 ἅπαντα
785 2922 868 2954 ἄλλο
887 2924 950 2954 τοῦ
966 2923 1002 2954 Β.
1019 2922 1057 2952 Εἰ
1100 2921 1138 2965 άρ
1157 2919 1218 2965 μή,
1239 2921 1307 2957 πῶς
1326 2919 1426 2953 ἔσται

429 2967 531 2998 εἰπεῖν
558 2965 611 2999 ὅτι
636 2965 659 3007 ᾧ
686 2966 726 2999 τό
747 2969 782 3006 Ε,
801 2965 841 2999 τό
859 2966 884 2997 Α
902 2968 1022 3008 παντί,
1042 2965 1065 3008 ᾦ
1107 2965 1121 2998 ὲ
1143 2966 1184 2998 τὸ
1204 2968 1241 3007 Α,
1262 2965 1300 2998 οὐ
1318 2966 1425 2999 παντὶ

429 3011 469 3043 τὸ
495 3013 539 3050 Ε;
566 3006 624 3043 διά
655 3014 688 3043 τί
713 3012 776 3058 γάρ
809 3011 869 3043 οὑκ
903 3011 1003 3043 ἔσται
1029 3022 1062 3044 τι
1089 3012 1200 3044 αἴτιον
1234 3011 1302 3043 οἷον
1334 3009 1375 3042 τὸ
1400 3011 1426 3042 A

430 3055 573 3100 ὑπάρχει
598 3057 682 3088 πᾶσι
707 3060 776 3094 τοῖς
802 3057 842 3095 Δ;
872 3055 948 3088 ἀλλ’
980 3054 1045 3100 ἆρα
1068 3057 1128 3088 καὶ
1150 3055 1197 3088 τά
1220 3056 1244 3086 Ε
1270 3055 1370 3087 ἔσται
1391 3066 1426 3088 τι

430 3099 483 3139 ἕνς
516 3099 759 3144 ἐπισκέψασθαι
791 3096 843 3132 δεῖ
867 3102 994 3143 τοῦτο,
1025 3102 1084 3132 καὶΙ
1111 3100 1198 3133 ἔστω
1225 3099 1266 3132 τό
1291 3101 1324 3132 Γ.
1352 3100 1427 3131 Ἐν·-

428 3139 571 3189 δέχεται
602 3141 644 3181 '8⁷3
671 3146 732 3178 τοῦ
759 3146 868 3178 αὑτοῦ
894 3147 997 3178 πλείω
1024 3147 1122 3178 αἴτια
1151 3142 1249 3186 εἶναι,
1283 3144 1355 3177 ἀλλ’
1388 3145 1425 3176 οὑ

430 3193 500 3227 τοῖς
527 3190 645 3227 αὐτοῖς
671 3191 718 3231 τῷ
743 3186 844 3231 εἴδει,
871 3191 939 3222 οἷον
965 3192 1028 3224 τοῦ
1063 3190 1234 3235 μακρόβια
1264 3186 1350 3222 εἶναι
1374 3189 1424 3222 τοὶ

431 3234 489 3273 μὲν
516 3230 716 3278 τετράποδα
741 3235 781 3267 τό
806 3235 852 3279 μή
880 3234 967 3281 ἔχειν
985 3235 1106 3281 χολήν,
1127 3235 1175 3268 τοὶ
1191 3230 1228 3267 δὲ
1247 3234 1366 3272 πτηνά
1383 3234 1425 3267 τὸ

430 3277 515 3322 ξηροὶ
538 3276 623 3310 εἶναι
648 3277 668 3315 ἦ
695 3278 809 3322 ’έτερόν
836 3291 880 3312 τι.

364 3321 402 3353 Εἰ
426 3318 463 3354 δε
488 3323 531 3360 εἰς
558 3323 598 3355 τὸ
626 3323 752 3368 ἄτομον
778 3324 824 3368 μή
850 3323 943 3362 εὐθυς
971 3324 1143 3369 ἔρχονται,
1168 3326 1226 3356 καὶ
1251 3323 1298 3368 μή
1323 3322 1425 3367 μόνον

431 3367 465 3399 ἓν
483 3367 524 3399 τὰ
542 3367 642 3411 μέσον
670 3368 758 3400 ἀλλά
775 3370 897 3410 πλείω,
913 3371 971 3401 καὶ
989 3370 1036 3402 τά
1061 3371 1160 3401 αἴτια
1178 3371 1294 3402 πλείω.
1321 3367 1425 3401 Πότε-

433 3423 486 3455 ρον
512 3408 541 3443 δ’
565 3414 673 3445 α’ίτιον
700 3414 764 3445 τῶν
782 3413 890 3456 μέσων
910 3413 950 3445 τό
969 3414 1049 3458 πρὸς
1066 3414 1108 3446 τὸ
1125 3413 1272 3446 καθόλου
1292 3414 1425 3456 πρῶτον

433 3455 453 3492 ἦ
473 3456 512 3487 τὸ
538 3456 616 3500 πρὸς
636 3457 676 3489 τὸ
693 3456 767 3489 καθ’
791 3457 934 3490 ἕκαστον
953 3463 1022 3496 τοῖς
1040 3457 1116 3490 καθ’
1140 3457 1299 3498 ἓκαστον;
1318 3459 1426 3495 Δῆλον

432 3495 475 3536 δή
495 3499 546 3533 ὅτι
566 3501 613 3533 τά
638 3500 818 3547 ἐγγύτατα
844 3501 976 3544 ἑκάστῳ
1002 3503 1026 3544 ᾧ
1053 3505 1176 3536 αἴτιον.
1204 3504 1270 3535 Τοῦ
1294 3503 1359 3549 γάρ
1385 3502 1427 3536 τὸ

436 3546 565 3588 πρῶτον
585 3545 649 3577 ὑπὸ
668 3546 708 3577 τό
726 3544 872 3578 καθόλου
892 3547 1067 3592 ὑπάργειν,
1087 3548 1193 3581 τοῦτο
1213 3550 1337 3589 αἴτιον,
1358 3548 1426 3580 οἷον

436 3589 482 3628 τῷ
509 3590 530 3618 Δ
555 3590 595 3621 τό
621 3591 641 3619 Γ
667 3591 729 3622 τοῦ
747 3590 787 3623 τὸ
805 3593 828 3621 Β
846 3586 1009 3635 ὑπάρχειν
1032 3594 1153 3625 αἴτιον.
1181 3594 1233 3635 Τῷ
1251 3593 1309 3638 μὲν
1329 3591 1385 3625 οὗν
1403 3594 1427 3624 Δ

1547 1135 1702 1173 accidens,
1716 1135 1818 1165 immo
1830 1134 1979 1164 videntur
1994 1133 2192 1172 problemata
2208 1142 2285 1163 esse.
2302 1132 2334 1163 Si
2351 1139 2460 1163 autem
2475 1142 2555 1172 non,

1547 1179 1691 1210 similiter
1714 1189 1747 1209 se
1770 1178 1898 1209 habebit
1921 1178 2077 1209 medium.
2101 1177 2134 1208 Si
2157 1177 2290 1218 quidem
2311 1177 2496 1217 aequivoca,
2523 1183 2554 1208 et

1547 1224 1761 1266 aequivocum
1784 1224 1928 1254 medium
1953 1229 2013 1261 est;
2038 1222 2064 1252 si
2086 1232 2163 1252 vero
2183 1222 2264 1252 sicut
2278 1222 2312 1252 in
2327 1231 2452 1262 genere,
2469 1221 2555 1252 simi-

1546 1270 1616 1300 liter
1633 1279 1665 1300 se
1681 1268 1818 1307 habebit,
1835 1275 1870 1299 ut
1885 1274 2015 1307 propter
2031 1266 2109 1308 quid
2124 1266 2263 1297 vicissim
2282 1266 2466 1307 analogum.
2482 1266 2555 1297 Alia

1547 1315 1634 1345 enim
1657 1321 1703 1345 est
1727 1323 1821 1344 causa
1844 1313 1877 1343 in
1897 1311 2037 1343 numeris
2061 1318 2092 1342 et
2115 1311 2148 1341 in
2171 1311 2278 1349 lineis,
2303 1317 2334 1341 et
2356 1311 2483 1342 eadem:
2507 1311 2555 1342 in-

1547 1365 1706 1400 quantum
1729 1365 1837 1389 autem
1860 1358 1943 1388 linea
1966 1364 2030 1395 est,
2055 1366 2122 1386 non
2146 1356 2257 1386 eadem
2277 1362 2338 1394 est;
2361 1354 2556 1396 inquantum

1546 1411 1654 1434 autern
1670 1403 1790 1433 habens
1806 1409 1977 1443 augmenta
1992 1401 2189 1439 huiusmodi,
2202 1400 2327 1430 eadem:
2343 1400 2387 1430 sic
2402 1399 2435 1430 in
2450 1400 2555 1431 omni-

1546 1449 1617 1479 bus.
1642 1447 1786 1479 Similem
1805 1454 1913 1478 autem
1932 1456 1999 1477 esse
2019 1446 2161 1476 colorem
2185 1444 2285 1475 colori
2307 1451 2337 1475 et
2360 1444 2496 1485 figuram
2518 1444 2556 1476 fi—

1545 1503 1654 1533 gurae,
1671 1492 1767 1522 aliam
1790 1501 1920 1522 causam
1936 1498 2018 1522 esse:
2043 1490 2258 1531 aequivocum
2281 1489 2368 1520 enim
2389 1496 2436 1521 est
2451 1489 2555 1521 simile

1546 1537 1578 1567 in
1602 1537 1668 1567 his.
1693 1537 1755 1567 Hic
1779 1536 1911 1577 quidem
1935 1542 1982 1566 est
2005 1535 2144 1565 fortassis
2173 1534 2352 1565 secundum
2374 1534 2556 1575 analogiam

1546 1582 1662 1612 habere
1685 1582 1782 1612 latera
1798 1588 1828 1612 et
1845 1580 1992 1621 aequales
2015 1579 2168 1619 angulos;
2192 1578 2225 1608 in
2249 1578 2410 1609 coloribus
2434 1586 2554 1619 autem,

1547 1637 1651 1658 unum
1666 1636 1795 1657 sensum
1820 1635 1898 1664 esse,
1919 1631 1974 1655 aut
1989 1624 2111 1664 aliquid
2130 1623 2217 1654 aliud
2238 1622 2438 1654 huiusmodi.
2463 1623 2557 1661 Quae

1547 1678 1655 1702 autem
1669 1672 1847 1702 secundum
1866 1669 2047 1710 analogiam
2067 1669 2179 1699 eadem
2198 1674 2284 1707 sunt,
2304 1675 2335 1699 et
2357 1668 2503 1699 medium
2521 1677 2557 1700 se

1547 1716 1642 1748 habet
1665 1717 1843 1747 secundum
1867 1714 2059 1755 analogiam.

1479 1761 1584 1793 Habet
1606 1768 1714 1793 autem
1737 1762 1781 1792 sic
1805 1760 1959 1801 consequi
1982 1767 2111 1790 causam
2134 1756 2312 1787 adinvicem
2342 1763 2373 1788 et
2395 1757 2487 1789 cuius
2509 1764 2559 1790 est

1547 1817 1641 1837 causa
1665 1814 1695 1838 et
1710 1806 1743 1837 in
1759 1816 1826 1847 quo
1851 1812 1897 1836 est
1912 1814 2015 1836 causa.
2041 1801 2309 1843 Unumquodque
2328 1802 2461 1843 quidem
2476 1802 2556 1834 acci-

1546 1851 1661 1892 pienti,
1682 1851 1772 1883 cuius
1797 1858 1844 1882 est
1867 1860 1962 1882 causa
1983 1849 2017 1879 in
2040 1848 2113 1889 plus
2133 1854 2195 1886 est;
2220 1853 2256 1877 ut
2276 1854 2417 1888 quatuor
2439 1857 2556 1889 aequa-

1545 1896 1591 1927 les
1614 1896 1671 1937 qui
1695 1902 1770 1927 sunt
1793 1902 1894 1934 extra,
1919 1894 1952 1925 in
1975 1894 2048 1934 plus
2072 1899 2146 1923 sunt
2172 1901 2274 1933 quarn
2301 1891 2477 1933 triangulus
2501 1898 2558 1925 aut

1545 1940 1805 1982 quadrangulus:
1832 1940 1865 1971 in
1889 1939 2041 1970 omnibus
2069 1944 2178 1968 autem
2201 1943 2232 1967 et
2255 1935 2289 1966 in
2313 1946 2424 1978 aeque.
2449 1937 2556 1975 Quae-

1547 1996 1674 2026 cunque
1689 1985 1775 2016 enim
1798 1992 1938 2026 quatuor
1956 1983 2047 2014 rectis
2070 1981 2219 2022 aequales
2241 1981 2298 2022 qui
2322 1988 2398 2013 sunt
2416 1988 2501 2013 extra
2524 1989 2556 2014 et

1545 2030 1691 2061 medium
1715 2029 1858 2061 similiter
1885 2037 1942 2060 est.
1973 2029 2031 2059 Est
2054 2034 2163 2058 autem
2186 2026 2332 2056 medium
2354 2026 2435 2058 ratio
2458 2027 2555 2068 primi

1547 2075 1695 2114 extremi;
1720 2085 1757 2106 ex
1775 2085 1843 2116 quo
1867 2084 1980 2105 omnes
1995 2071 2141 2104 scientiae
2165 2070 2247 2102 fiunt
2262 2081 2319 2112 per
2337 2070 2554 2104 definitiones:

1547 2127 1583 2151 ut
1606 2119 1686 2151 folio
1710 2120 1808 2151 fluere
1836 2119 1979 2150 similiter
2002 2116 2145 2160 sequitur
2171 2115 2270 2147 vitem
2297 2122 2329 2147 et
2359 2116 2500 2157 excellit,
2524 2123 2557 2149 et

1547 2163 1646 2195 ficum
1670 2172 1701 2196 et
1723 2164 1861 2203 excellit;
1878 2165 1934 2195 sed
1957 2173 2023 2194 non
2040 2161 2160 2200 omnia,
2177 2161 2233 2192 sed
2249 2161 2433 2202 aequalium
2448 2168 2504 2194 est.
2521 2161 2556 2194 Si

1545 2219 1622 2240 vero
1646 2209 1779 2250 accipiat
1792 2209 1906 2251 aliquis
1929 2208 2072 2250 primum
2095 2206 2251 2245 medium,
2267 2205 2347 2236 ratio
2371 2205 2492 2237 fluendi
2506 2206 2556 2238 fo-

1545 2254 1627 2285 lium
1651 2262 1707 2286 est.
1732 2254 1800 2286 Erit
1819 2254 1904 2285 enim
1923 2254 2065 2295 primum
2081 2252 2214 2293 quidem
2236 2250 2269 2282 in
2286 2250 2383 2282 altera
2398 2251 2556 2292 medium,

1546 2299 1703 2340 quoniam
1717 2299 1905 2331 huiusmodi
1921 2305 1995 2330 sunt
2010 2297 2129 2329 omnia.
2155 2296 2278 2328 Deinde
2293 2295 2389 2327 huius
2408 2296 2555 2328 medium

1546 2345 1702 2385 quoniam
1721 2354 1834 2375 succus
1855 2345 2014 2382 densatur,
2035 2350 2090 2374 aut
2109 2341 2230 2383 aliquid
2253 2340 2340 2372 aliud
2354 2340 2556 2373 huiusmodi.

1546 2389 1633 2427 Quid
1650 2396 1758 2420 autern
1774 2396 1821 2421 est
1837 2389 1915 2420 folio
1931 2385 2048 2419 fluere?
2072 2386 2195 2418 densari
2210 2386 2244 2416 in
2260 2391 2408 2417 contactu
2425 2385 2557 2418 seminis

1544 2444 1689 2466 succum.

1478 2478 1514 2509 In
1528 2478 1638 2519 figuris
1654 2485 1762 2510 autem
1785 2478 1830 2510 sic
1853 2477 2023 2518 assignabit
2045 2475 2271 2519 quaerentibus
2294 2474 2557 2512 consecutionem

1546 2533 1658 2555 causae
1689 2530 1720 2554 et
1750 2523 1841 2554 cuius
1865 2530 1912 2554 est
1942 2530 2054 2554 causa:
2086 2522 2127 2553 sit
2149 2521 2236 2552 enim
2259 2522 2288 2551 A
2311 2519 2445 2561 quidem
2473 2520 2507 2552 in
2529 2520 2559 2552 B

1546 2567 1654 2607 omni,
1685 2568 1711 2599 B
1734 2575 1843 2599 autem
1872 2567 1906 2598 in
1935 2576 2136 2609 unoquoque
2159 2575 2274 2597 eorum
2303 2574 2386 2605 quae
2410 2571 2486 2597 sunt
2507 2565 2555 2605 D,

1546 2612 1579 2643 in
1603 2612 1675 2653 plus
1699 2620 1824 2651 autem3
1848 2613 1874 2643 B
1898 2612 2030 2653 quidem
2054 2609 2270 2642 universaliter
2293 2609 2406 2650 utique
2429 2609 2462 2640 in
2478 2609 2558 2650 ipsis

1547 2657 1605 2688 erit
1628 2657 1667 2688 D.
1692 2658 1765 2688 Hoc
1784 2664 1893 2688 autem
1916 2657 1987 2688 dico
2013 2655 2200 2694 universale,
2217 2654 2308 2695 quod
2331 2664 2398 2684 non
2422 2663 2556 2686 conver-

1546 2701 1636 2733 titur:
1652 2701 1795 2742 primum
1811 2709 1919 2732 autem
1938 2701 2124 2739 universale,
2141 2699 2192 2731 cui
2209 2699 2468 2740 unumquodque
2485 2699 2556 2741 qui-

1547 2746 1622 2776 dem
1645 2756 1712 2776 non
1736 2746 1939 2784 convertitur,
1964 2745 2073 2776 omnia
2088 2751 2196 2776 autem
2213 2750 2443 2775 convertuntur
2458 2749 2489 2775 et
2504 2754 2556 2776 ex-

1548 2790 1674 2821 cedunt.
1699 2791 1734 2821 In
1757 2790 1833 2831 ipsis
1850 2790 1878 2821 D
1903 2789 1998 2831 igitur
2015 2800 2109 2821 causa
2124 2789 2224 2830 ipsius
2243 2790 2283 2827 A,
2298 2788 2324 2819 B
2344 2794 2400 2820 est.
2418 2788 2558 2829 Oportet

1547 2835 1655 2876 itaque
1678 2837 1708 2866 A
1730 2834 1764 2865 in
1787 2835 1860 2875 plus
1888 2845 1987 2876 quam
2010 2835 2036 2866 B
2059 2834 2193 2865 extendi.
2219 2832 2252 2864 Si
2275 2843 2351 2864 vero
2375 2843 2453 2873 non,
2476 2833 2557 2875 quid

1549 2879 1650 2920 magis
1666 2879 1724 2910 erit
1739 2889 1833 2910 causa
1849 2879 1910 2910 hoc
1929 2877 2034 2910 illius?
2049 2879 2082 2910 Si
2099 2888 2174 2919 ergo
2190 2878 2223 2909 in
2243 2878 2395 2909 omnibus
2409 2878 2436 2909 E
2453 2884 2501 2910 est
2513 2879 2556 2918 A,

1549 2931 1641 2956 erunt
1664 2924 1796 2965 aliquod
1812 2934 1915 2955 unum
1931 2924 1984 2955 illa
2000 2923 2110 2955 omnia
2125 2923 2213 2954 aliud
2232 2933 2250 2954 a
2263 2922 2299 2954 Β.
2325 2923 2358 2954 Si
2374 2923 2461 2954 enirn
2476 2932 2558 2963 non,

1549 2969 1718 3010 quomodo
1738 2969 1795 3000 erit
1814 2969 1915 3000 dicere
1939 2968 2096 3010 quoniam
2111 2968 2145 2999 in
2187 2978 2231 2999 uo
2248 2974 2295 2999 est
2310 2967 2338 2998 E
2353 2968 2394 2999 sit
2406 2970 2437 2999 A
2453 2966 2557 3006 omni,

1548 3013 1582 3044 in
1605 3024 1672 3055 quo
1696 3020 1803 3044 autern
1822 3016 1852 3044 A
1870 3024 1937 3044 non
1961 3013 2051 3044 omni
2075 3013 2115 3044 sit
2137 3013 2183 3044 E.
2210 3013 2344 3053 Propter
2366 3012 2446 3054 quid
2469 3011 2557 3044 enim

1549 3069 1616 3089 non
1640 3059 1697 3090 erit
1716 3058 1822 3100 aliqua
1838 3068 1932 3089 causa
1947 3065 1983 3090 ut
2002 3060 2031 3089 A
2050 3058 2090 3089 sit
2106 3058 2138 3088 in
2158 3057 2309 3089 omnibus
2325 3055 2375 3089 D?
2394 3057 2456 3089 Sed
2473 3066 2556 3088 nun-

1549 3103 1627 3145 quid
1651 3110 1682 3135 et
1705 3113 1786 3145 quae
1803 3110 1877 3134 sunt
1893 3103 1919 3134 E
1944 3110 2037 3134 erunt
2055 3103 2187 3144 aliquod
2205 3102 2327 3134 unum?
2346 3101 2557 3134 Considerate

1550 3154 1677 3189 oportet
1699 3147 1773 3187 hoc,
1790 3154 1821 3179 et
1844 3147 1883 3179 sit
1899 3147 1937 3179 C.
1963 3147 2130 3189 Contingit
2148 3147 2245 3189 igitur
2268 3153 2299 3178 et
2322 3146 2429 3188 plures
2445 3156 2556 3178 causan

1549 3203 1616 3224 esse
1639 3193 1794 3232 eiusdem,
1819 3193 1873 3223 sed
1897 3202 1964 3223 non
1988 3192 2107 3224 eisdem
2131 3192 2253 3233 specie;
2278 3198 2314 3223 ut
2335 3191 2450 3233 longae
2473 3191 2559 3223 vine

1550 3248 1618 3269 esse
1633 3237 1853 3279 quadrupedia
1876 3247 1970 3268 causa
1986 3244 2033 3269 est
2051 3247 2118 3268 non
2142 3237 2257 3268 habere
2279 3236 2452 3276 choleram,
2469 3235 2557 3268 vola-

1542 3282 1615 3314 tilia
1638 3289 1746 3314 autem
1770 3282 1851 3313 sicca
1874 3292 1952 3321 esse,
1977 3289 2032 3314 aut
2055 3282 2162 3323 aliqua
2185 3281 2256 3313 alia.

1482 3326 1515 3358 Si
1530 3334 1638 3358 autern
1652 3327 1685 3358 in
1699 3334 1845 3359 atomum
1862 3337 1929 3358 non
1944 3327 2051 3358 statim
2066 3326 2216 3366 veniunt,
2239 3336 2307 3358 non
2328 3325 2437 3357 solum
2452 3334 2558 3357 unum

1549 3372 1693 3403 medium
1709 3379 1766 3411 est,
1790 3372 1845 3403 sed
1864 3372 1966 3413 plura,
1991 3378 2022 3404 et
2038 3382 2150 3403 causae
2166 3371 2273 3412 plures
2289 3377 2373 3402 sunt.
2397 3370 2438 3402 Et
2453 3369 2560 3412 qualit

1549 3423 1596 3448 est
1615 3427 1708 3448 causa
1732 3414 1934 3448 mediorum?
1958 3427 2040 3458 quae
2064 3417 2104 3447 ad
2132 3415 2309 3447 universale
2332 3415 2475 3456 primum
2498 3419 2556 3454 est,

1549 3468 1605 3493 aut
1627 3472 1709 3502 quae
1734 3462 1774 3492 ad
1797 3461 1954 3503 singulare
1979 3459 2210 3503 singularium?
2233 3460 2440 3492 Manifestum
2462 3458 2559 3501 igitur

1550 3513 1597 3537 est
1620 3507 1709 3547 quod
1725 3506 1825 3547 tnagis
1849 3506 1995 3547 proxima
2018 3506 2192 3547 unicuique
2216 3505 2267 3537 cui
2291 3512 2338 3537 est
2363 3514 2467 3537 causa.
2490 3502 2557 3535 Pri-

1550 3560 1642 3581 mum
1665 3551 1797 3592 quidem
1821 3552 1880 3582 sub
1904 3551 2072 3582 universali
2096 3561 2183 3589 esse,
2212 3550 2290 3581 haec
2314 3556 2361 3581 est
2383 3557 2497 3586 causa,
2521 3553 2561 3578 ut

1550 3595 1582 3626 in
1606 3596 1647 3635 D,
1671 3596 1761 3637 quod
1785 3602 1831 3628 est
1854 3596 1898 3635 C,
1929 3595 2029 3636 ipsius
2052 3596 2078 3627 B
2102 3605 2196 3626 causa
2220 3601 2276 3626 est.
2309 3594 2344 3625 In
2367 3593 2396 3624 D
2425 3591 2557 3634 quidem
