2788 4204
0 2962 5 2994 ζ
43 2964 57 2975 ·
70 2964 136 2986 Lect.
145 2969 177 2986 xv.

0 3106 1 3109 Ἰ
43 3075 57 3085 ‘¹
64 3080 80 3097 Α
85 3082 91 3096 :
94 3075 204 3102 ponitur.

1196 294 1307 332 CAP.
1337 296 1389 344 x,
1420 295 1571 333 LECT.
1602 296 1635 332 11

2450 310 2501 346 79

970 493 1331 550 LECTIO
1383 496 1838 554 SECUNDA

345 634 430 675 DE
461 634 720 675 NUMERO
746 635 825 675 ET
849 635 1231 693 HABITUDINE
1263 637 1448 678 INTER
1470 637 1544 679 SE
1567 637 1916 680 SIMPLICIUM
1948 639 2463 682 ENUNCIATIONUM

441 713 526 753 DE
547 713 772 753 TERTIO
797 713 1165 763 ADIACENTE,
1182 715 1244 755 IN
1261 715 1483 768 QUIBUS
1506 717 1943 759 PRAEDICATUR
1965 719 2222 760 VERBUM
2242 720 2325 760 Es
2329 720 2372 760 T

394 793 474 833 ET
509 792 852 834 SUBIICITUR
886 793 1105 834 NOMEN
1138 795 1391 836 FINITUM
1423 796 1553 836 NON
1586 797 2079 839 UNIVERSALITER
2112 798 2410 841 SUMPTUM

296 937 404 972 ’Ὅταν
429 932 467 970 δὲ
491 937 533 971 τὸ
559 937 631 971 ἐ’στι
661 941 774 983 τρίτον
807 939 1155 986 προσκατηγορῆται,
1182 935 1247 977 ἤδη
1273 935 1373 986 διχῶς

369 981 533 1028 λέγονται
559 985 594 1015 αἱ
622 982 819 1021 ἀντιθέσεις.

304 1026 402 1074 Λέγω
427 1022 465 1059 δὲ
491 1028 558 1059 οἷον
590 1027 665 1060 ἔστι
696 1023 827 1065 δίκαιος
861 1026 1050 1072 ἄνθρωπος,
1078 1027 1119 1060 τὸ
1150 1027 1223 1061 ἔστι
1258 1031 1373 1073 τρίτον

371 1073 452 1117 φημὶ
478 1071 672 1118 συγκεῖσθαι
699 1072 805 1116 ὄνομα
830 1069 850 1107 ἦ
874 1073 968 1116 ῥῆμα
994 1072 1026 1103 ἐν
1045 1073 1090 1114 τῇ
1112 1072 1322 1116 καταφάσει·

302 1115 391 1149 ὥστε
415 1114 476 1149 διαὶ
499 1117 606 1149 τοῦτο
631 1115 789 1160 τέτταρα
814 1115 914 1148 ἔσται
939 1117 1070 1156 ταῦτα,
1097 1115 1141 1147 ὤν
1166 1117 1214 1150 τοὶ
1237 1117 1295 1161 μὲν
1312 1112 1373 1148 δύο

370 1162 451 1205 πρὸς
469 1160 533 1197 τήν
550 1159 747 1204 κατάφασιν
765 1162 822 1192 καὶ
843 1159 1012 1204 ἀπόφασιν
1037 1160 1210 1201 ἕξεικατοὶ
1229 1161 1269 1194 τὸ
1283 1173 1374 1194 στοι-

369 1207 466 1250 χοῦν,
492 1207 536 1243 ὠς
563 1207 597 1236 αἱ
622 1204 809 1249 στερήσεις·
836 1204 885 1237 τοὶ
907 1201 946 1237 δὲ
969 1201 1030 1236 δύο
1056 1204 1106 1236 οὔ.

300 1248 398 1295 Λέγω
423 1245 450 1281 δ’
479 1248 533 1282 ὅτι
559 1249 599 1282 τὰ
625 1248 717 1281 ἔστιν
743 1249 764 1286 ἢ
791 1249 839 1291 τῷ
869 1244 986 1290 δικαίῳ
1015 1250 1253 1292 προσκείσεται
1279 1248 1300 1286 ἦ
1325 1250 1373 1291 τῷ

369 1294 406 1326 οὗ
423 1289 555 1335 δικαίῳ·
575 1293 663 1326 ὥστε
677 1296 736 1327 καὶ
754 1295 775 1332 ἡ
795 1292 976 1338 ἀπόφασις.
1003 1293 1165 1338 Τέτταρα
1184 1291 1240 1325 οὖν
1258 1294 1370 1326 ἔσται.

299 1339 450 1384 Νοοῦμεν
475 1334 513 1371 δὲ
537 1338 579 1372 τᾶ
602 1337 783 1384 λεγόμενον
809 1339 846 1371 ἐκ
863 1340 930 1370 τῶν
949 1337 1270 1392 ὑιπογεγραμμένων·
1299 1338 1372 1370 ἔστι

241 1416 250 1418 ,
295 1410 307 1414 7-
320 1407 328 1409 s
343 1378 499 1422 »δίκαιός
517 1382 702 1427 ἄνθρωπος·
724 1383 893 1427 ἀπόφασις
913 1394 1053 1423 τουτου,
1074 1383 1133 1414 οὐκ
1152 1383 1225 1416 ἔστι
1242 1378 1371 1421 δίκαιος

369 1429 554 1474 ἄνθρωπος·
582 1428 673 1461 ἔστιν
699 1429 738 1461 οὐ
763 1424 893 1465 ’δίκαιος
920 1426 1104 1472 ἄνθρωπος·
1132 1428 1259 1462 τούτου
1287 1427 1373 1461 ἀπό-

365 1485 476 1518 φασις,
504 1473 564 1505 οὐκ
589 1473 680 1506 ἔστιν
707 1474 744 1506 οὐ
773 1468 902 1510 δίκαιος
922 1471 1105 1516 ἄνθρωπος.
1133 1474 1177 1505 Τὸ
1195 1472 1260 1520 γάρ
1279 1474 1370 1506 ἔστιν

365 1517 530 1560 ἐνταῦθα,
555 1520 614 1550 καὶ
640 1518 681 1552 vd
708 1518 767 1551 οὐκ
793 1517 888 1559 ἔστι,
915 1519 962 1560 τῷ
987 1513 1104 1559 δικαίῳ
1131 1521 1370 1563 προσκείσεται

363 1565 422 1595 καὶ
448 1563 496 1605 τῷ
524 1564 561 1596 οὗ
590 1559 722 1605 δικαίῳ.
757 1564 880 1596 Ταῦτα
904 1563 964 1607 μὲν
990 1562 1065 1604 οὖν,
1092 1561 1201 1606 ὥσπερ
1233 1564 1265 1596 ἒν
1298 1567 1368 1600 τοῖς

361 1606 592 1647 Ἀναλυτικοΐς
617 1611 764 1654 εἴρηται,
791 1609 880 1642 οὕτω
906 1608 1092 1642 τέτακται.

357 1706 507 1734 ΞῖΝοΡειε.
526 1722 561 1726 -
582 1715 606 1733 1.
622 1707 834 1743 Argumentum
848 1712 941 1735 textus
956 1712 984 1734 et
1005 1706 1065 1734 eius
1080 1705 1268 1734 divisiones.·-
1282 1712 1309 1733 2.
1325 1707 1369 1733 De

295 1746 403 1782 duplici
418 1745 627 1783 significatione
641 1746 721 1775 verbi
743 1752 785 1774 est
806 1746 836 1774 in
850 1746 1065 1783 propositione;
1088 1745 1211 1773 sumitur
1231 1745 1309 1772 enim
1323 1746 1368 1773 vel

296 1787 454 1815 secundum
474 1796 505 1814 se
520 1792 548 1814 et
561 1793 593 1814 ut
608 1786 764 1823 principale
778 1786 985 1822 praedicatum,
1007 1792 1035 1813 et
1049 1785 1190 1822 significat
1204 1784 1323 1812 existere
1337 1784 1368 1812 in

295 1836 393 1855 rerum
408 1833 524 1861 natura3
546 1826 590 1854 vel
611 1833 643 1854 ut
664 1827 768 1864 copula
782 1833 810 1854 et
823 1826 961 1854 adiacens
979 1834 1029 1853 seu
1051 1825 1240 1853 coniunctum
1261 1824 1366 1860 princi-

294 1866 352 1903 pali
373 1866 539 1903 praedicato
561 1872 590 1894 et
603 1865 744 1903 significat
761 1865 998 1893 coniunctionem
1020 1865 1105 1892 huius
1121 1864 1277 1901 praedicati
1299 1874 1366 1892 cum

294 1905 434 1934 subiecto.
451 1907 483 1933 In
504 1906 561 1933 hoc
575 1906 704 1933 secundo
719 1915 788 1933 casu
802 1906 923 1933 verbum
942 1910 985 1933 est
999 1904 1103 1932 dicitur
1122 1904 1238 1932 tertium
1254 1904 1283 1932 in
1298 1914 1366 1940 pro-

293 1945 449 1982 positione,
471 1954 532 1973 non
554 1945 637 1980 quasi
654 1945 689 1972 sit
702 1945 819 1973 tertium
840 1944 1047 1981 praedicatum,
1063 1945 1113 1972 sed
1135 1944 1203 1980 quia
1225 1951 1267 1972 est
1283 1943 1367 1972 tertia

293 1985 382 2013 dictio
392 1985 530 2013 adiacens
539 1984 690 2021 principali
702 1985 878 2021 praedicato,
894 1991 922 2012 et
932 1994 999 2012 cum
1010 1985 1074 2021 ipso
1085 1984 1262 2012 constituens
1273 1994 1364 2012 unum

292 2025 490 2062 praedicatum
504 2025 729 2062 propositionis;
747 2034 821 2061 quae
842 2025 896 2052 hac
917 2025 952 2052 de
974 2034 1061 2052 causa
1081 2023 1185 2052 dicitur
1203 2023 1364 2060 propositio

292 2066 330 2094 de
349 2065 434 2093 tertio
458 2066 647 2093 adiacente.-
662 2065 688 2092 3.
705 2064 943 2101 Propositionum
959 2074 1083 2101 quarum
1102 2065 1222 2092 verbum
1237 2070 1280 2092 est
1294 2074 1364 2092 con-

293 2104 383 2134 stituit
403 2104 560 2141 principale
585 2104 798 2142 praedicatum,
826 2104 866 2132 ita
883 2111 916 2132 ut
937 2114 1046 2132 nornen
1067 2110 1193 2141 ponatur
1214 2104 1309 2131 solum
1331 2114 1364 2132 ex

292 2151 374 2182 parte
396 2144 531 2180 subiecti,
556 2154 616 2173 una
639 2151 682 2173 est
702 2151 816 2172 tantum
837 2144 1000 2181 oppositio,
1028 2145 1133 2172 eodem
1154 2143 1284 2172 subiecto
1306 2144 1363 2172 exi-

293 2191 400 2220 stente;
423 2185 474 2213 sed
487 2185 519 2212 in
533 2184 595 2213 aliis
609 2184 867 2221 propositionibus,
882 2185 913 2212 in
931 2184 1036 2221 quibus
1050 2185 1170 2212 verbum
1186 2189 1228 2211 est
1242 2183 1361 2219 adiacet,

292 2231 408 2262 oportet
422 2234 484 2252 esse
499 2225 571 2253 duas
586 2224 823 2261 oppositiones.-
835 2234 864 2259 4.
883 2226 980 2260 Ipsum
996 2229 1039 2252 est
1053 2223 1185 2260 quamvis
1200 2224 1291 2259 possit
1306 2223 1361 2251 dici

292 2264 378 2293 etiam
392 2273 511 2299 nomen,
527 2264 599 2292 sicut
614 2264 759 2301 quaelibet
773 2264 827 2292 alia
842 2265 938 2298 dictio,
953 2270 1051 2292 tamen
1067 2263 1158 2300 magis
1177 2263 1281 2291 dicitur
1296 2273 1361 2291 ver-

290 2304 374 2338 bum,
397 2304 465 2341 quia
485 2304 583 2339 dictio,
599 2313 674 2341 quae
693 2304 892 2341 consignificat
910 2311 1025 2340 tempus
1047 2303 1241 2331 communiter
1259 2303 1363 2331 dicitur

290 2345 442 2374 verbum.·—
454 2344 479 2372 5.
496 2345 640 2372 Numerus
655 2350 683 2372 et
697 2345 771 2372 ordo
786 2343 960 2380 simplicium
975 2343 1213 2371 enunciationum
1228 2344 1264 2370 de
1274 2343 1359 2371 tertio

289 2383 470 2412 adiacente.-
480 2385 507 2411 6.
516 2385 559 2412 De
574 2383 734 2412 differentia
749 2383 996 2419 enunciationum,
1012 2384 1172 2411 secundum
1184 2384 1264 2420 quod
1270 2392 1360 2420 prae-

429 2484 734 2530 &wstquam
763 2477 1018 2525 Philosophus
1048 2476 1211 2513 distinxit
1242 2489 1359 2513 enun-

384 2527 389 2539 ¹
422 2540 447 2581 ς
516 2530 758 2576 ἱιείειῐὶοηεε,
794 2530 832 2567 in
861 2530 998 2579 quibus
1032 2542 1176 2567 nomen
1208 2529 1358 2566 finitum

501 2587 516 2631 ᾖ*
557 2584 618 2620 vel
646 2583 836 2620 infinitum
854 2583 1008 2632 ponitur
1036 2585 1161 2620 solum
1183 2595 1227 2619 ex
1252 2590 1358 2631 parte

493 2629 544 2677 ,ι’«Ψ»
558 2637 726 2683 subiecti⁷
742 2637 803 2674 hic
823 2636 967 2673 accedit
985 2636 1034 2674 ad
1051 2636 1358 2684 distinguendum

287 2690 367 2727 illas
397 2690 691 2737 enunciationes,
721 2690 760 2726 in
789 2690 926 2739 quibus
955 2702 1099 2727 nornen
1127 2689 1277 2727 finitum
1296 2690 1358 2725 vel

280 2739 477 2780 infinitum
511 2743 666 2792 ponitur
699 2756 744 2779 ex
777 2750 883 2792 parte
918 2743 1074 2780 subiecti
1110 2750 1146 2779 et
1180 2755 1225 2779 ex
1252 2750 1357 2790 parte

286 2796 503 2846 praedicati.
534 2798 584 2834 Et
612 2796 710 2833 circa
727 2797 802 2833 hoc
827 2796 904 2833 duo
934 2796 1035 2842 facit;
1061 2796 1200 2845 primo,
1232 2795 1358 2832 distin-

287 2848 366 2897 guit
383 2850 604 2887 huiusmodi
624 2850 926 2895 enunciationes;
952 2850 1133 2896 secundo,
1146 2849 1359 2886 manifestat

288 2902 479 2951 quaedam
508 2915 605 2952 quae
636 2902 734 2939 circa
762 2916 826 2940 eas
855 2902 971 2939 dubia
991 2915 1072 2939 esse
1091 2910 1268 2951 possent;
1288 2902 1356 2938 ibi:

293 2955 480 2996 Quoniam
503 2967 593 2992 vero
618 2957 810 3000 contraria
834 2961 888 2992 est
908 2957 928 2977 *
952 2963 1020 2992 etc.
1051 2956 1161 2992 Circa
1187 2955 1356 3004 primum

289 3007 366 3045 duo
386 3007 487 3044 facit:
506 3009 645 3056 primo,
662 3009 736 3056 agit
755 3009 801 3046 de
819 3008 1145 3045 enunciationibus
1165 3009 1204 3045 in
1219 3009 1357 3057 quibus

288 3073 432 3097 nomen
446 3061 685 3109 praedicatur
697 3062 717 3082 *
737 3074 825 3098 cum
839 3062 914 3098 hoc
927 3062 1061 3108 verbo,
1082 3067 1152 3106 est,·
1172 3061 1354 3107 secundo,

289 3114 336 3151 de
357 3113 683 3150 enunciationibus
702 3114 741 3150 in
760 3114 898 3162 quibus
918 3114 988 3150 alia
1006 3114 1126 3151 verba
1142 3122 1354 3163 ponuntur3

287 3166 355 3203 ibi:
375 3168 421 3202 In
437 3166 493 3202 his
502 3178 592 3203 vero
611 3167 648 3202 in
669 3167 831 3215 quibus*
843 3174 910 3203 etc.
923 3166 1126 3215 Distinguit
1144 3175 1271 3204 autem
1286 3169 1355 3204 hu-

287 3219 480 3257 huismodi
502 3219 784 3256 enunciationes
803 3219 899 3256 sicut
918 3227 954 3256 et
970 3220 1126 3268 primas,
1142 3220 1355 3263 secundum

286 3272 472 3321 triplicem
506 3272 757 3308 differentiam
786 3284 831 3308 ex
863 3279 968 3320 parte
998 3272 1154 3309 subiecti
1184 3273 1354 3309 conside-

287 3333 424 3363 ratam:
449 3324 574 3373 primo
595 3337 774 3373 namque,
800 3325 874 3372 agit
898 3325 944 3361 de
965 3325 1291 3361 enunciationibus
1317 3325 1355 3361 in

288 3379 425 3428 quibus
441 3377 645 3427 ¹subiicitur
663 3389 807 3414 nornen
825 3377 977 3414 finitum
997 3390 1076 3414 non
1094 3377 1354 3414 universaliter

287 3438 502 3480 sumptum3
532 3430 722 3477 secundo,
754 3429 800 3467 de
828 3429 897 3466 illis
928 3429 968 3466 in
996 3430 1133 3478 quibus
1162 3429 1355 3466 subiicitur

341 3569 369 3605 α)
388 3570 477 3596 Tertio
492 3569 678 3602 exemplificat.
692 3570 774 3594 Codd.
787 3569 866 3594 BDE:
882 3569 1062 3602 exemplificat
1076 3569 1152 3602 quasi
1166 3569 1192 3594 in
1200 3569 1296 3602 figura
1302 3577 1311 3598 ,¹
1327 3575 1352 3594 et

287 3613 376 3631 revera
389 3606 425 3631 sic
440 3614 498 3630 esse
512 3606 651 3637 legendum
670 3605 827 3638 persuadent
840 3612 870 3629 ea
885 3613 951 3637 quae
966 3605 1037 3635 infra,
1053 3613 1078 3629 n.
1098 3612 1141 3636 14,
1157 3604 1204 3629 hac
1218 3605 1250 3629 de
1264 3613 1291 3629 re
1307 3605 1351 3629 de-

251 3651 257 3654 ·
288 3641 423 3666 clm-annm
434 3655 454 3659 —
467 3642 491 3666 A
504 3641 598 3666 omittit
610 3641 702 3666 verba:
722 3641 801 3666 tertio
815 3640 994 3673 exemplificat
998 3647 1008 3670 ‚·
1027 3640 1063 3665 ibi
1069 3648 1077 3663 .·
1095 3640 1266 3673 intelligimus
1280 3647 1350 3665 vero.

1429 942 1446 962 *
1461 943 1599 981 Quando
1615 950 1722 974 autem
1737 950 1783 974 est
1797 945 1925 975 tertium
1945 945 2088 976 adiacens
2105 946 2310 987 praedicatur,
2330 947 2498 988 dupliciter

1496 995 1572 1018 tunc
1596 988 1744 1019 dicuntur
1767 989 1996 1029 oppositiones.

1429 1031 1510 1062 Dico
1534 1039 1652 1070 autem,
1676 1040 1713 1063 ut
1736 1039 1782 1063 est
1804 1033 1905 1063 iustus
1928 1033 2040 1072 homo,
2065 1041 2111 1064 est
2133 1034 2261 1065 tertium
2284 1036 2424 1067 adiacere
2439 1046 2497 1067 no-

1496 1086 1571 1106 men
1594 1077 1644 1107 vel
1666 1077 1799 1107 verbum
1822 1077 1855 1107 in
1879 1077 2106 1108 affirmatione:

1429 1130 1526 1160 quare
1549 1127 1688 1161 quatuor
1711 1128 1802 1151 erunt
1825 1121 1911 1159 illae,
1936 1132 2073 1162 quarum
2095 1122 2176 1153 duae
2199 1123 2329 1164 quidem
2352 1124 2392 1154 ad
2415 1124 2495 1155 affir-

1495 1164 1671 1195 mationem
1695 1172 1725 1196 et
1750 1165 1951 1204 negationem
1973 1176 2038 1196 sese
2058 1166 2174 1197 habent
2193 1169 2368 1198 secundum
2388 1179 2496 1199 conse-

1495 1209 1669 1249 quentiam,
1694 1216 1730 1239 ut
1753 1209 1955 1249 privationes,
1980 1211 2061 1240 duae
2084 1221 2159 1241 vero
2184 1212 2323 1242 minime.

1428 1252 1509 1283 Dico
1526 1252 1633 1283 autem
1652 1253 1807 1294 quoniam
1823 1260 1869 1283 est
1885 1261 1939 1284 aut
1954 1254 2038 1285 iusto
2055 1255 2217 1294 adiacebit,
2235 1263 2288 1286 aut
2311 1266 2376 1286 non
2398 1257 2495 1297 iusto,

1495 1307 1591 1338 quare
1616 1298 1711 1328 etiam
1734 1298 1928 1337 negationes.
1954 1299 2101 1336 Quatuor
2124 1309 2198 1338 ergo
2225 1307 2306 1331 sunt.

1428 1341 1634 1381 Intelligimus
1657 1352 1732 1372 vero
1754 1342 1843 1383 quod
1863 1342 1976 1373 dicitur
1991 1353 2028 1373 ex
2046 1343 2094 1373 his
2114 1354 2195 1384 quae
2219 1344 2392 1384 subscripta
2408 1352 2494 1384 sunt,

1495 1393 1541 1417 est
1558 1386 1660 1417 iustus
1683 1386 1804 1425 homo,
1833 1386 1929 1417 huius
1962 1388 2087 1427 negatio
2122 1395 2186 1427 est,
2213 1398 2279 1418 non
2315 1395 2361 1419 est
2393 1389 2494 1420 iustus

1493 1431 1611 1461 homo:
1637 1437 1683 1461 est
1713 1441 1779 1461 non
1802 1431 1903 1461 iustus
1936 1431 2048 1470 homo,
2073 1432 2168 1462 huius
2192 1433 2316 1472 negatio
2341 1439 2403 1471 est,
2428 1444 2494 1464 non

1493 1482 1539 1506 est
1562 1485 1628 1505 non
1652 1475 1753 1505 iustus
1781 1475 1898 1513 homo,
1923 1483 1970 1506 est
1993 1476 2078 1506 enim
2102 1476 2163 1507 hoc
2192 1477 2280 1515 loco,
2306 1483 2336 1507 et
2358 1487 2425 1507 non
2449 1484 2495 1508 est

1491 1519 1588 1558 iusto,
1608 1526 1639 1550 et
1657 1530 1723 1549 non
1747 1519 1831 1550 iusto
1856 1520 1983 1551 adiacet.
2004 1521 2091 1551 Haec
2110 1521 2205 1560 igitur
2219 1522 2494 1562 quemadmodum

1491 1563 1524 1594 in
1548 1563 1743 1595 resolutoriis
1767 1564 1887 1595 dictum
1911 1571 1967 1603 est,
1992 1565 2036 1596 sic
2060 1572 2134 1596 sunt
2152 1565 2313 1606 disposita.

1423 1705 1549 1734 dicatum
1560 1712 1602 1734 est
1612 1715 1721 1734 nomen
1727 1706 1858 1744 finitum,
1870 1706 2012 1744 infinitum
2024 1713 2051 1734 et
2061 1706 2252 1744 privativum:
2262 1707 2339 1734 unde
2349 1707 2492 1735 habentur

1422 1745 1637 1782 propositiones
1651 1746 1810 1783 simplices,
1834 1746 1961 1784 infinitae
1981 1753 2009 1774 et
2025 1747 2228 1784 privativae-
2242 1756 2267 1783 7.
2284 1747 2432 1774 Refutatur
2445 1746 2490 1774 in-

1421 1786 1587 1822 terpretatio
1602 1785 1711 1813 litterae
1725 1785 1886 1813 Aristotelis
1908 1787 1974 1814 data
1993 1787 2028 1814 ab
2040 1786 2212 1814 Hermino.-
2226 1787 2253 1814 8.
2270 1786 2335 1814 Alia
2349 1796 2489 1823 quorum-

1422 1825 1490 1853 dam
1511 1825 1698 1862 antiquorum
1720 1825 1916 1862 interpretatio
1938 1835 1999 1854 non
2020 1826 2220 1854 admittitur.-
2234 1836 2260 1863 9.
2275 1826 2426 1854 Ammonii
2443 1826 2488 1854 in-

1420 1865 1596 1901 terpretatio.
1616 1866 1767 1900 Quaedam
1785 1872 1992 1901 praenotantur
2006 1866 2042 1894 de
2056 1866 2226 1894 virtualitate
2241 1866 2487 1902 enunciationum,

1421 1911 1448 1932 et
1470 1905 1505 1932 de
1527 1905 1630 1933 maiori
1656 1905 1700 1932 vel
1724 1905 1830 1933 minori
1858 1905 2023 1933 extensione
2045 1905 2278 1942 propositionum
2302 1906 2339 1933 ad
2362 1905 2487 1934 invicem

1420 1951 1693 1981 comparatamm.-
1710 1954 1753 1972 10.
1771 1945 1988 1981 Propositiones
2009 1943 2197 1973 affirmativae
2212 1952 2239 1973 et
2254 1945 2400 1982 negativae
2422 1945 2486 2013 gilfi-

1420 1985 1496 2012 nitae
1518 1994 1548 2012 se
1570 1985 1676 2012 habent
1698 1985 1857 2012 secundum
1872 1985 2111 2021 consequentiam
2125 1986 2162 2013 ad
2177 1985 2391 2022 propositiones
2406 1995 2423 2013 a
2457 1995 2485 2013 r-

1419 2024 1539 2052 mativas
1554 2031 1582 2052 et
1595 2025 1740 2061 negativas
1762 2025 1924 2062 simplices,
1950 2025 2023 2053 sicut
2044 2026 2118 2053 duae
2133 2025 2346 2062 propositiones
2361 2025 2486 2062 privati-

1420 2074 1472 2092 vae
1486 2074 1516 2092 se
1526 2065 1633 2092 habent
1654 2065 1690 2092 ad
1705 2064 1781 2101 ipsas
1796 2065 1982 2102 simplices.—
1996 2074 2039 2092 11.
2062 2066 2101 2092 At
2115 2065 2328 2101 propositiones
2343 2064 2485 2100 simplices

1417 2113 1478 2132 non
1500 2113 1530 2132 se
1546 2105 1652 2132 habent
1673 2105 1709 2132 ad
1724 2104 1849 2132 infinitas
1869 2104 1899 2132 in
1913 2105 2130 2141 consequendo,
2152 2105 2225 2132 sicut
2245 2105 2282 2132 ad
2296 2104 2363 2132 istas
2385 2113 2415 2132 se
2434 2105 2485 2132 ha-

1417 2145 1486 2172 bent
1500 2143 1662 2180 privativae.
1672 2159 1693 2166 -
1707 2151 1750 2171 12.
1767 2144 1931 2180 Simplicior
1952 2151 1980 2172 et
1994 2144 2096 2172 melior
2112 2143 2308 2180 interpretatio
2324 2144 2484 2180 Porphyrii.

1417 2183 1635 2220 Propositiones
1661 2184 1808 2221 simplices
1833 2190 1861 2212 et
1881 2184 2094 2220 propositiones
2116 2184 2244 2222 infinitae
2266 2183 2304 2211 ita
2325 2193 2355 2211 se
2377 2184 2486 2211 habent

1416 2224 1453 2251 ad
1474 2223 1612 2258 invicem,
1639 2230 1670 2251 ut
1691 2225 1728 2251 ad
1749 2233 1837 2251 unam
1859 2224 2069 2261 affirmativam
2089 2230 2283 2260 consequatur
2303 2223 2418 2251 alterius
2434 2233 2483 2251 ne-

1414 2264 1531 2301 gativas
1552 2264 1603 2291 sed
1622 2273 1683 2291 non
1697 2264 1841 2291 viceversa
1861 2264 1898 2290 ad
1918 2264 2084 2301 negativam
2099 2263 2228 2300 sequitur
2241 2263 2430 2301 affirmativa.
2448 2264 2484 2290 Et

1414 2303 1492 2331 idem
1516 2303 1671 2331 dicendum
1696 2310 1738 2331 est
1761 2304 1797 2331 de
1821 2303 2001 2340 simplicibus
2019 2310 2047 2330 et
2061 2304 2096 2331 de
2108 2303 2303 2340 privativis.-·
2317 2303 2360 2330 13.
2384 2302 2479 2339 Expli-

1416 2350 1496 2371 catur
1524 2352 1662 2371 numerus
1691 2342 1902 2379 praedictarum
1926 2342 2170 2371 enunciationum.
2192 2345 2214 2365 ’-
2245 2352 2287 2377 14.
2318 2343 2449 2371 Schema.
2463 2358 2484 2366 —

1418 2383 1461 2410 15.
1485 2383 1679 2411 Conclusio.-·
1692 2382 1821 2410 Dubium
1843 2382 1917 2410 circa
1938 2382 2061 2410 litteram
2081 2382 2251 2410 Aristotelis.

1415 2489 1559 2513 nomen
1587 2476 1737 2513 finitum
1762 2476 2022 2513 universaliter
2050 2483 2262 2525 sumptum3
2284 2476 2353 2513 ibi:
2374 2477 2482 2513 Simi-

1414 2529 1498 2566 liter
1524 2535 1649 2566 autem
1672 2542 1712 2566 se
1729 2530 1960 2575 habet*etc.;
1981 2529 2100 2576 tertio,
2132 2529 2178 2565 de
2206 2529 2274 2565 illis
2289 2529 2327 2565 in
2347 2529 2483 2578 quibus
2509 2543 2518 2552 ·

1415 2582 1609 2619 subiicitur
1637 2595 1780 2619 nomen
1809 2583 2008 2630 infirmum,-
2036 2582 2103 2618 ibi:
2132 2582 2242 2618 Aliae
2269 2588 2393 2619 autem
2416 2584 2481 2619 ha-

1415 2637 1502 2672 hent
1513 2636 1565 2672 ad
1578 2636 1617 2672 id
1633 2637 1735 2684 quod
1755 2642 1809 2672 est
1830 2648 1904 2672 non
1929 2637 2041 2672 homo
2057 2637 2076 2654 *
2093 2643 2161 2672 ete.
2186 2635 2295 2672 Circa
2312 2635 2481 2683 primum

1414 2689 1483 2725 tria
1511 2689 1612 2725 facit:
1647 2689 1791 2737 primo,
1825 2688 2005 2737 proponit
2040 2688 2294 2725 diversitatem
2328 2688 2480 2737 opposi-

1414 2742 1525 2779 tionis
1554 2742 1685 2779 talium
1719 2742 2045 2787 enunciationum;
2075 2741 2261 2787 secundo,
2293 2741 2481 2778 concludit

1415 2808 1547 2832 earum
1563 2807 1768 2832 numerum
1785 2803 1820 2832 et
1833 2795 1941 2844 ponit
1960 2807 2091 2831 earum
2110 2794 2388 2839 habitudinem3
2409 2794 2478 2831 ibi:

1419 2849 1546 2890 Quare
1560 2855 1722 2897 quatuor
1732 2850 1751 2868 ⁴*
1764 2856 1846 2894 ete.;
1876 2848 1995 2894 tertio,
2018 2847 2268 2895 exemplificat
2281 2853 2314 2893 οι;
2332 2847 2399 2883 ibi:
2415 2849 2478 2884 In-

1413 2902 1613 2951 telligimus
1626 2914 1717 2939 vero
1728 2902 1822 2938 *etc.
1837 2901 1947 2937 Circa
1960 2901 2128 2949 primum
2145 2900 2220 2936 duo
2236 2900 2333 2936 facit:
2339 2900 2476 2948 primo,
2506 2916 2514 2924 ·

1412 2955 1592 3003 proponit
1625 2955 1728 3004 quod
1757 2954 1930 3001 intendit;
1960 2953 2146 2999 secundo,
2177 2953 2330 3001 exponit
2357 2953 2477 3001 quod-

1414 3008 1503 3045 dam
1524 3008 1628 3056 quod
1649 3008 1807 3053 dixerat3
1837 3007 1908 3043 ibi:
1929 3007 2025 3043 Dico
2054 3011 2178 3042 autem
2194 3007 2213 3025 ³*
2230 3012 2297 3041 etc.

1468 3073 1502 3098 2.
1525 3061 1635 3097 Circa
1653 3061 1822 3109 primum
1839 3060 1921 3104 ,duo
1942 3066 2091 3107 oportet
2109 3058 2329 3106 intelligere:
2350 3058 2475 3106 primo

1413 3113 1581 3162 quidem,
1603 3113 1695 3162 quid
1710 3121 1766 3150 est
1784 3114 1858 3149 hoc
1874 3112 1978 3161 quod
1999 3111 2086 3148 dicit
2102 3113 2132 3157 ⁹,
2158 3117 2212 3147 est
2230 3111 2378 3147 tertium
2411 3111 2476 3148 ad-

1412 3167 1536 3203 iacens
1558 3167 1812 3214 praedicatur.
1838 3165 1900 3202 Ad
1929 3165 2034 3201 cuius
2054 3164 2284 3201 evidentiam
2305 3164 2476 3200 conside-

1412 3219 1575 3255 randum
1598 3226 1653 3255 est
1679 3219 1784 3267 quod
1802 3219 1878 3255 hoc
1891 3218 2055 3255 verbum
2077 3223 2131 3254 est
2153 3217 2384 3266 quandoque
2402 3215 2421 3244 -3
2434 3217 2473 3253 in

1412 3271 1675 3308 enunciatione
1698 3271 1937 3319 praedicatur
1955 3272 1975 3291 '¹‘
2003 3270 2214 3307 secundum
2243 3282 2299 3314 se;
2319 3277 2362 3306 ut
2385 3282 2474 3306 cum

1411 3324 1554 3370 dieitur,
1585 3325 1756 3360 Socrates
1775 3330 1843 3360 est:
1867 3336 1937 3372 per
1961 3323 2065 3372 quod
2085 3323 2174 3359 nihil
2195 3322 2296 3359 aliud
2315 3322 2473 3358 intendi-

1410 3389 1496 3413 mus
1512 3376 1734 3423 significare,
1762 3388 1878 3424 quam
1899 3376 2004 3424 quod
2025 3377 2198 3412 Socrates
2222 3375 2268 3412 sit
2286 3375 2324 3411 in
2344 3387 2472 3411 rerum

1409 3437 1552 3465 natura.
1576 3428 1819 3476 Quandoque
1846 3441 1940 3465 vero
1965 3441 2043 3465 non
2070 3428 2309 3477 praedicatur
2329 3439 2403 3476 per
2419 3439 2470 3474 se,

1460 3568 1485 3603 β)
1507 3569 1586 3599 Quod
1602 3569 1651 3594 hoc
1669 3569 1775 3594 verbum
1790 3577 1838 3594 EST
1851 3569 2008 3602 quandoque
2026 3574 2073 3594 etc.
2092 3569 2162 3594 Haec
2176 3569 2258 3599 lectio,
2278 3577 2357 3602 quam
2372 3569 2468 3594 habent

1407 3605 1488 3635 codd.⁷
1508 3605 1670 3637 anteponitur
1694 3605 1794 3630 lectioni
1818 3605 1930 3629 Pianae:
1955 3604 2026 3637 quod
2049 3605 2206 3637 quandoque
2230 3604 2256 3629 in
2282 3605 2466 3631 enunciatione

1401 3641 1578 3673 praedicatur
1596 3647 1643 3665 es‘r
1661 3640 1803 3665 secundum
1823 3645 1870 3665 etc.

2523 948 2534 958 '¹
2548 948 2603 976 Seq.
2619 954 2638 970 c.
2653 956 2677 970 x.

2533 2542 2598 2564 Lect.
2609 2549 2639 2565 m.

2508 2646 2517 2654 ¹
2532 2644 2595 2666 Lect.
2605 2650 2638 2666 n1.

2506 2855 2515 2864 ·
2531 2854 2601 2876 Num.
2611 2861 2631 2882 5.

2604 2891 2621 2907 α

2529 2916 2599 2938 Num.
2612 2923 2644 2943 14.

2503 3017 2515 3027 *
2529 3017 2599 3039 Num.
2610 3024 2633 3044 4.

2504 3126 2513 3135 “
2527 3132 2556 3146 n:
2571 3125 2629 3147 dicit
2644 3127 2716 3154 quod.

2599 3223 2614 3256 β

2500 3279 2510 3288 ·
2519 3285 2547 3299 ΛΕ
2556 3286 2562 3300 ε
2573 3279 2679 3306 ponitur.
