2788 4204
1202 295 1313 331 CAP.
1344 296 1406 342 111,
1437 295 1587 333 LECT.
1616 297 1651 333 v

88 376 299 426 :emanandum
328 372 493 409 verbum
511 371 574 408 vel
589 383 732 407 nomen
750 384 820 419 per
834 372 909 407 se*
930 371 1088 408 dictum:
1118 384 1189 408 nec
1213 380 1396 421 quantum

118 420 124 426 ’
331 424 380 462 ad
407 425 483 460 hoc
510 424 596 460 facit
624 424 818 472 quiescere
848 424 1077 460 audientem.

391 478 447 513 18.
477 477 527 512 Et
553 476 640 513 ideo
671 476 795 512 statim
824 477 967 513 subdit:
997 477 1071 513 Sed
1087 478 1120 513 si
1137 483 1200 523 est,
1230 484 1296 514 aut
1322 490 1396 514 non

331 535 394 575 est,
415 529 580 566 nondum
600 529 800 578 significat,
821 529 917 566 idest
938 530 1111 566 nondum
1132 530 1315 577 significat
1334 531 1396 566 ali—

331 582 422 630 quid
440 594 510 629 per
528 581 691 618 modum
712 582 998 630 compositionis
1019 590 1054 619 et
1066 583 1086 604 *
1105 582 1311 630 divisionis,
1335 591 1398 619 aut

93 652 296 681 winimanne.
330 634 412 671 veri
439 635 502 671 vel
530 634 622 670 falsi.
653 635 702 670 Et
729 635 804 671 hoc
824 642 880 671 est
901 636 1105 672 secundum
1124 636 1161 681 ³¹³,
1186 636 1291 683 quod
1310 648 1397 684 pro-

189 712 208 737 μ
330 687 422 723 bare
455 686 623 723 intendit.
658 688 801 724 Probat
835 695 962 724 autem
990 696 1266 736 consequenter
1283 695 1303 716 ι’*
1330 701 1399 737 per

330 739 393 776 illa
419 740 550 786 verba,
581 751 678 787 quae
705 740 871 776 maxime
898 740 1076 778 videntur
1095 741 1305 788 significare
1333 754 1398 779 ve-

330 792 479 828 ritatem
498 793 561 829 vel
581 792 792 840 falsitatem,
809 793 948 830 scilicet
966 794 1092 842 ipsum
1107 795 1271 831 verbum
1294 794 1399 843 quod

331 851 388 881 est
406 856 494 890 esse,
516 852 552 881 et
576 846 740 882 verbum
761 846 951 883 infinitum
966 847 985 868 ’¹‘
1000 848 1105 895 quod
1125 855 1180 883 est
1205 859 1279 884 non
1305 859 1400 891 esse;

331 909 496 946 quorum
513 906 691 935 neutrum
705 911 774 947 per
793 911 833 935 se
862 899 1005 936 dictum
1034 908 1090 937 est
1108 900 1399 947 significativum

330 950 497 987 veritatis
530 951 593 987 vel
627 951 793 988 falsitatis
821 951 860 988 in
888 965 946 998 re;
981 952 1084 988 unde
1117 953 1238 989 multo
1273 952 1399 988 minus

332 1003 414 1040 alia.
443 1003 514 1040 Vel
547 1011 673 1051 potest
706 1004 858 1052 intelligi
886 1005 961 1041 hoc
995 1005 1216 1052 generaliter
1245 1004 1317 1041 dici
1352 1004 1399 1041 de

333 1055 512 1092 omnibus
531 1057 670 1093 verbis.
693 1057 794 1102 Quia
814 1057 916 1093 enim
936 1057 1079 1094 dixerat
1105 1057 1210 1105 quod
1234 1057 1399 1094 verbum

332 1112 411 1145 non
445 1108 628 1156 significat
655 1109 686 1145 si
714 1115 769 1145 est
794 1122 853 1146 res
881 1110 943 1146 vel
972 1122 1046 1146 non
1075 1116 1147 1155 est,
1174 1110 1249 1146 hoc
1269 1121 1400 1145 conse-

332 1168 492 1208 quenter
520 1161 745 1208 manifestat,
776 1162 864 1210 quia
896 1163 1043 1198 nullum
1071 1162 1236 1199 verbum
1270 1169 1326 1198 est
1354 1161 1399 1198 si-

91 1223 167 1260 gm:
200 1223 302 1262 :ispum-
331 1213 592 1261 gnificativum
613 1215 632 1233 ⁴*
653 1225 730 1251 esse
749 1214 802 1250 rei
820 1216 861 1234 ⁴*
888 1215 950 1251 vel
970 1226 1044 1251 non
1065 1226 1160 1260 esse,
1181 1214 1277 1250 idest
1296 1214 1401 1262 quod

92 1254 306 1323 εεῗνῖἳῗᾱέῖόπῖιῗ
331 1278 392 1302 res
420 1265 466 1302 sit
492 1267 555 1302 vel
580 1278 659 1302 non
687 1267 743 1303 sit.
766 1267 954 1313 Quamvis
977 1267 1079 1303 enim
1101 1279 1217 1303 omne
1236 1267 1400 1304 verbum

91 1307 184 1351 32⁷⁰}
193 1307 306 1350 erese-‘³⁸⁸⁶
331 1318 495 1367 finitum·
510 1318 678 1367 implicet
696 1332 785 1365 esse,
815 1319 903 1367 quia
930 1332 1080 1356 currere
1106 1327 1162 1356 est
1186 1326 1400 1356 currentem

205 1376 303 1408 „fif
323 1383 430 1418 esse,
470 1379 507 1408 et
543 1384 660 1408 omne
692 1373 857 1409 verbum
894 1371 1084 1408 infinitum
1126 1372 1293 1420 implicet
1326 1384 1400 1409 non

331 1434 426 1470 esse,
456 1424 545 1473 quia
571 1437 651 1461 non
679 1437 830 1461 currere
859 1432 914 1461 est
948 1437 1026 1461 non
1056 1433 1269 1462 currentem
1299 1437 1399 1470 esse;

324 1484 460 1514 ‚tamen
489 1477 636 1514 nullum
663 1478 828 1514 verbum
857 1477 1041 1525 significat
1068 1478 1143 1514 hoc
1171 1486 1305 1525 totum,
1332 1478 1400 1514 sci—

330 1529 417 1575 licet
444 1541 524 1566 rem
553 1542 631 1567 esse
657 1531 719 1567 vel
748 1543 823 1567 non
852 1542 940 1567 esse.

391 1594 448 1630 19.
478 1583 528 1619 Et
545 1583 620 1619 hoc
642 1590 919 1632 consequenter
938 1583 1076 1631 probat
1094 1595 1163 1631 per
1183 1583 1232 1629 id,
1255 1583 1302 1620 de
1322 1595 1399 1631 quo

331 1635 452 1683 magis
479 1635 642 1683 videtur,
673 1648 761 1672 cum
790 1636 931 1672 subdit:
951 1636 1037 1672 Nec
1055 1636 1089 1672 si
1105 1637 1176 1672 hoc
1194 1636 1314 1683 ipsum
1335 1647 1402 1672 EST

325 1700 470 1736 purum
498 1689 650 1734 dixeris,
679 1689 800 1737 ipsum
835 1689 984 1737 quidem
1013 1688 1105 1725 nihil
1131 1694 1193 1725 est.
1224 1688 1298 1725 Ubi
1332 1701 1399 1725 no-

195 1761 209 1777 v
332 1740 492 1778 tandum
520 1748 577 1778 est
604 1741 709 1790 quod
736 1741 775 1778 in
800 1753 938 1789 graeco
967 1741 1128 1778 habetur
1151 1747 1179 1778 ⁹:
1208 1741 1345 1789 Neque
1370 1741 1403 1777 si

333 1805 400 1830 ENS
428 1794 548 1842 ipsum
574 1795 716 1831 nudum
737 1795 889 1840 dixeris,
916 1795 1036 1842 ipsum
1057 1794 1205 1842 quidem
1226 1794 1319 1830 nihil
1335 1799 1398 1830 est.

333 1846 396 1883 Ad
417 1846 662 1895 probandum
687 1847 789 1883 enim
818 1846 923 1895 quod
945 1846 1066 1884 verba
1088 1858 1167 1882 non
1191 1845 1402 1894 significant

334 1910 416 1935 rem
449 1911 527 1936 esse
563 1900 626 1935 vel
661 1911 735 1936 non
771 1911 863 1945 esse,
905 1899 1109 1947 assumpsit
1140 1899 1179 1936 id
1207 1899 1313 1947 quod
1346 1907 1402 1936 est

90 599 100 608 '
109 603 149 619 nc:
160 599 210 619 aut.

92 857 101 866 ¹
113 855 148 878 Cf.
159 861 229 884 supra
243 862 266 877 n.
277 862 302 877 ιι.

387 2062 416 2097 μ)
431 2062 531 2088 stabat
543 2066 633 2088 autern
647 2067 843 2096 consequenter.
857 2063 893 2087 lta
911 2063 989 2088 Piana
1007 2068 1068 2096 post
1081 2063 1195 2088 Venetas
1210 2063 1304 2088 saeculi
1318 2063 1374 2088 XV.
1383 2077 1402 2082 -

333 2098 416 2124 codd.
430 2098 532 2123 ABCE:
546 2098 647 2130 probat
665 2102 753 2123 autem
767 2099 817 2124 hoc
831 2102 1034 2131 consequentem·
1043 2113 1062 2117 —
1071 2098 1135 2123 Cod.
1150 2099 1187 2123 D:
1201 2099 1303 2130 probat
1311 2102 1401 2124 autem

333 2133 376 2159 hic
393 2136 590 2166 consequenter.
610 2134 759 2159 Immediate
778 2138 837 2158 ante
856 2134 930 2158 codd.
944 2132 1013 2158 ΑΒΕ
1031 2134 1135 2166 legunt:
1155 2137 1181 2158 et
1199 2134 1248 2159 hoc
1266 2137 1306 2159 est
1319 2134 1399 2166 quod,

333 2169 477 2194 omittendo
495 2169 648 2193 secundum.

386 2205 410 2237 ν)
429 2204 479 2229 Ubi
492 2204 639 2228 notandum
653 2207 693 2228 est
702 2203 773 2236 quod
783 2203 809 2228 in
819 2211 918 2236 graeco
932 2208 980 2229 etc.
995 2204 1094 2228 Revera
1109 2208 1194 2228 textus
1205 2211 1313 2236 graecus
1323 2203 1400 2228 habet

333 2239 405 2271 quod
417 2243 469 2268 est,
484 2246 532 2264 seu
550 2246 611 2270 ens,
630 2243 659 2263 ut
673 2239 748 2263 vertit
766 2246 788 2263 s.
803 2239 934 2263 Thomas:
954 2236 1008 2263 οὔδ’
1029 2237 1072 2263 ἐὰν
1086 2235 1116 2263 τὸ
1131 2234 1160 2263 ὂν
1175 2235 1245 2270 ε’ίπης
1265 2235 1328 2263 αὐτὸ
1343 2237 1399 2263 καθ’

334 2270 411 2299 ἑαυτὸ
430 2272 523 2308 ψυλὸν·
538 2270 603 2299 αὐτὸ
619 2271 721 2308 μὲνγὰρ
737 2271 809 2298 οὗδέν
824 2271 902 2298 ion.-
912 2284 924 2297 ι
937 2275 966 2299 In
979 2279 1094 2298 mentem
1107 2274 1185 2304 venit,
1200 2274 1285 2306 inquit
1306 2274 1401 2306 Waitz,

335 2318 349 2333 »
365 2309 488 2342 placitum
507 2309 607 2341 Hegelii
626 2317 786 2342 quamquam
805 2309 853 2333 alia
871 2310 969 2334 ratione
988 2309 1181 2341 accipiendum:
1197 2310 1255 2334 Das
1274 2309 1347 2342 Seyn
1367 2310 1402 2334 {st

335 2353 350 2368 2
364 2344 479 2369 Nichts»
490 2344 795 2377 (AristotelisOrganon,
805 2351 909 2376 graece,
918 2348 981 2369 tom.
989 2344 1008 2373 Ι,
1020 2344 1106 2370 Schol.
1116 2351 1183 2377 pag.
1195 2342 1285 2376 330).
1295 2345 1401 2369 Certum

334 2384 375 2404 est
392 2387 452 2404 cum
471 2379 570 2411 Hegelii
589 2379 698 2412 placito,
718 2379 783 2404 Esse
800 2382 840 2404 est
859 2380 938 2408 nihil,
958 2380 1011 2410 vel,
1030 2380 1105 2405 Nihil
1123 2383 1163 2404 est
1180 2386 1243 2408 esse,
1262 2379 1401 2411 praefatam

335 2414 489 2439 sententiam
507 2415 653 2439 Aristotelis
672 2414 735 2439 nihil
754 2414 849 2439 habere
868 2422 1015 2445 commune,
1034 2419 1064 2439 ut
1082 2419 1153 2447 patet
1171 2422 1202 2439 ex
1216 2415 1401 2446 interpretatio-

335 2450 412 2474 nibus
423 2449 488 2474 datis
498 2457 513 2474 a
522 2457 544 2474 s.
554 2449 665 2474 Thema.
675 2449 828 2474 Aristoteles
843 2450 912 2474 enim
927 2450 1002 2474 docet
1010 2450 1120 2474 verbum
1134 2453 1174 2474 est
1188 2450 1255 2474 sumi
1268 2458 1347 2482 posse
1360 2450 1401 2474 vel

334 2489 413 2517 prout
427 2489 468 2509 est
481 2485 557 2509 dictio
571 2485 699 2516 quaedam
715 2482 768 2518 (Cf.
783 2492 863 2517 supra
877 2493 902 2509 n.
917 2484 946 2509 15
955 2483 972 2518 )‚
986 2485 1027 2509 vel
1043 2490 1121 2517 prout
1135 2489 1174 2509 est
1188 2485 1281 2517 copula
1295 2485 1402 2509 coniun-

335 2527 400 2552 gens
419 2524 504 2551 partes
523 2519 716 2552 propositionis.
737 2519 825 2544 Primo
844 2521 923 2544 modo
943 2519 1068 2551 significat
1085 2527 1140 2544 rem
1160 2520 1274 2552 aliquam
1293 2520 1359 2544 sicut
1378 2525 1403 2544 et

336 2559 435 2579 caetera
453 2554 559 2579 nomina
577 2553 672 2588 (supra
690 2562 715 2578 n.
738 2553 798 2588 16);
822 2559 848 2579 et
866 2555 924 2579 ideo
943 2555 1016 2579 nullo
1034 2560 1110 2587 pacto
1129 2554 1229 2584 dicitur,
1248 2562 1335 2587 neque
1354 2555 1402 2579 dici

335 2594 423 2622 potest
441 2590 512 2622 quod
531 2597 584 2617 ens,
599 2590 640 2614 vel
651 2593 691 2614 est
705 2594 839 2621 sumptum
849 2594 878 2614 ut
887 2590 963 2614 dictio
974 2589 1040 2615 nihil
1049 2594 1096 2614 est.
1115 2589 1174 2613 Alio
1189 2590 1277 2620 modo,
1291 2597 1344 2619 ens,
1359 2591 1401 2614 vel

336 2628 376 2650 est
389 2632 454 2657 pure
470 2624 575 2654 dictum,
595 2624 660 2649 nihil
673 2627 721 2653 est,
741 2630 869 2656 quatenus
888 2632 933 2649 ens
945 2625 987 2649 vel
1006 2628 1045 2649 est
1064 2633 1115 2649 non
1131 2623 1256 2656 significat
1274 2632 1329 2650 rem
1348 2632 1403 2650 esse

337 2660 379 2685 vel
397 2667 448 2684 non
463 2666 526 2688 esse,
542 2667 589 2684 seu
608 2667 660 2683 non
680 2658 806 2691 significat
825 2660 998 2692 cognitionem
1016 2660 1043 2684 in
1062 2668 1113 2692 qua
1131 2664 1171 2683 est
1188 2667 1279 2684 verum
1295 2661 1335 2684 vel
1355 2660 1402 2684 fal—

337 2702 410 2719 sum:
430 2695 491 2726 quia
509 2701 555 2719 ens
574 2693 700 2726 significat
718 2702 772 2719 rem
793 2693 881 2727 (quod
894 2694 960 2729 est),
980 2695 1026 2719 sed
1045 2703 1097 2719 non
1117 2694 1176 2719 dicit
1194 2695 1259 2719 hanc
1278 2703 1334 2719 rem
1353 2695 1402 2719 exi-

338 2735 407 2755 stere
424 2730 466 2754 vel
486 2737 538 2754 non
557 2730 677 2759 existere3
697 2733 737 2754 est
754 2737 816 2754 vero
835 2737 865 2754 ex
884 2730 1005 2762 opposito
1020 2728 1145 2762 significat
1163 2730 1333 2754 actualitatem
1353 2731 1403 2754 exi-

337 2765 446 2789 stentiae
458 2762 546 2798 (quod
560 2763 613 2798 est)
629 2764 674 2789 sed
686 2773 737 2789 non
751 2765 810 2789 dicit
825 2765 970 2789 subiectum
985 2765 1025 2789 cui
1040 2765 1183 2797 applicetur
1196 2765 1259 2790 haec
1271 2765 1403 2790 existentia

338 2797 395 2833 (Cf.
410 2808 435 2824 n.
452 2807 485 2823 20
499 2804 525 2824 et
534 2799 616 2833 seq.).
631 2800 665 2824 At
679 2800 761 2832 Hegel
781 2805 887 2824 eatenus
907 2800 966 2824 dicit
980 2801 1051 2832 quod
1065 2808 1120 2825 esse
1133 2803 1173 2825 est
1187 2800 1259 2829 nihil,
1275 2801 1335 2833 quia
1349 2808 1404 2825 esse

339 2838 365 2859 et
379 2834 444 2859 nihil
462 2835 518 2859 vult
535 2833 682 2859 identificari
702 2835 728 2859 in
747 2840 874 2867 conceptu
888 2835 1150 2866 transcendentaliori,
1165 2843 1243 2867 quem
1259 2835 1316 2867 ipse
1329 2841 1405 2860 vocat

332 2869 405 2902 fieri.
416 2869 491 2894 Unde
500 2870 626 2894 sententia
640 2870 740 2901 Hegelii
754 2871 862 2894 omnino
877 2870 1004 2903 discrepat
1014 2878 1028 2894 a
1043 2871 1169 2895 sententia
1182 2871 1328 2895 Aristotelis
1349 2869 1403 2903 (Cf.

339 2904 383 2928 lib.
390 2904 421 2928 111
429 2904 591 2937 Metaphys„
602 2912 657 2937 cap.
667 2912 686 2929 11
697 2909 722 2929 et
731 2912 785 2929 tv.—-
795 2906 822 2930 ln
832 2906 1007 2930 Commentar.
1018 2913 1040 2929 s.
1046 2905 1096 2930 Th.
1107 2906 1150 2930 lib.
1161 2906 1202 2936 IV,
1213 2906 1270 2930 lect.
1285 2914 1293 2930 1
1308 2905 1404 2939 seqq.).

340 2938 404 2963 Cod.
414 2939 449 2962 A:
469 2946 551 2971 neque
567 2939 591 2964 si
604 2947 651 2964 nsr
665 2940 749 2971 ipsum
765 2945 839 2965 etc.-
850 2941 901 2964 Sed
919 2945 959 2965 est
972 2948 1079 2965 erronea
1093 2941 1176 2972 lectio,
1196 2946 1224 2965 ut
1238 2946 1307 2973 patet
1321 2949 1351 2965 ex
1364 2941 1404 2965 his

340 2973 462 2997 omnibus
480 2981 547 3006 quae
561 2974 587 2998 in
605 2974 654 2999 hoc
673 2982 783 2999 numero
801 2980 827 2999 et
845 2975 964 3007 sequenti
983 2976 1149 3001 declarantur.

395 3006 420 3041 ξ)
436 3008 491 3033 Ens
505 3016 556 3033 non
572 3009 671 3033 dicitur
679 3010 792 3041 proprie
806 3010 952 3042 aequivoce,
967 3010 1015 3034 sed
1027 3011 1170 3036 secundum
1179 3011 1260 3043 prius
1273 3015 1299 3036 et
1313 3015 1404 3044 poste-

341 3043 406 3071 rius,
425 3042 492 3067 idest
510 3044 648 3075 analogice.
668 3044 779 3069 Nomina
797 3050 866 3069 recte
885 3053 899 3069 a
918 3045 1083 3070 Scholasticis
1103 3046 1252 3070 dividuntur
1269 3052 1330 3078 post
1347 3046 1403 3071 Ari-

342 3078 428 3102 stotel.
448 3076 508 3111 (De
525 3079 811 3110 antepraedicamentis
829 3087 885 3112 cap.
899 3078 922 3114 1)
943 3080 969 3104 in
988 3080 1143 3112 aequivoca,
1162 3083 1280 3114 analoga
1300 3087 1326 3106 et
1347 3082 1404 3106 uni-

342 3119 416 3137 voca.
425 3126 445 3131 ·-
454 3113 630 3144 Aequiuocum
645 3121 749 3144 nomen,
769 3122 859 3146 graece
879 3112 1025 3148 ὁμώνυμον,
1040 3116 1124 3147 plura
1143 3116 1277 3148 significat,
1291 3124 1359 3149 quae
1372 3117 1404 3141 ad

342 3147 453 3172 invicem
472 3147 534 3172 nihil
553 3155 692 3173 commune
710 3148 806 3173 habent
819 3154 919 3181 praeter
933 3151 1020 3174 solum
1039 3158 1143 3175 nomen.
1163 3152 1213 3182 Ita,
1234 3159 1257 3176 e.
1274 3159 1312 3183 g.,
1331 3152 1405 3177 canis

343 3187 368 3207 et
387 3182 480 3207 animal
499 3183 683 3213 domesticum,
699 3188 724 3207 et
738 3184 836 3215 piscem
851 3185 993 3214 marinum,
1008 3189 1034 3209 et
1048 3186 1120 3209 sidus
1139 3187 1250 3211 caeleste
1270 3186 1404 3218 significat,

343 3225 411 3250 quae
430 3217 533 3242 nonnisi
556 3217 582 3241 in
604 3218 660 3242 solo
678 3218 783 3243 nomine
801 3219 1000 3244 communicant.
1020 3220 1096 3244 Unde
1114 3229 1210 3245 nomen
1234 3221 1404 3253 aequivocum

344 3257 383 3277 est
398 3260 493 3277 nornen
509 3252 675 3277 diversarum
688 3253 947 3286 significationum.-
957 3255 1099 3280 Univocum
1115 3264 1219 3284 nomen,
1236 3257 1307 3288 quod
1321 3257 1405 3288 graeci

343 3286 614 3321 ouvu'wupovdicunt,
635 3288 719 3319 plura
743 3288 882 3320 significat,
903 3297 970 3321 quae
989 3294 1015 3313 et
1038 3290 1063 3314 in
1087 3291 1193 3315 nomine
1215 3295 1241 3315 et
1263 3291 1289 3315 in
1312 3292 1404 3316 eadem

343 3323 450 3347 omnino
471 3322 583 3347 nominis
607 3323 801 3355 significatione
820 3331 866 3348 seu
887 3324 1039 3356 definitione
1056 3326 1098 3349 vel
1117 3325 1221 3350 ratione
1239 3326 1404 3350 conveniunt.

345 3358 381 3382 lta
399 3358 489 3388 homo,
509 3365 532 3382 e.
546 3365 580 3389 g„
599 3358 691 3382 dicitur
710 3358 742 3382 de
760 3358 882 3383 omnibus
901 3359 1021 3383 humanis
1040 3360 1177 3384 individuis
1197 3360 1223 3384 in
1242 3361 1338 3391 quibus
1357 3361 1405 3384 hu-

344 3401 420 3417 mana
438 3397 541 3422 natura,
565 3400 645 3424 quam
668 3392 746 3417 homo
766 3392 903 3425 significat,
923 3394 1016 3418 eodem
1039 3395 1118 3418 modo
1142 3402 1195 3426 quo
1214 3395 1240 3418 in
1259 3394 1406 3419 definitione

344 3427 456 3452 hominis
468 3427 580 3460 ponitur,
590 3427 726 3452 invenitur.
742 3428 807 3452 Hinc
822 3428 960 3453 univocum
976 3437 1072 3453 nomen
1086 3434 1126 3453 est
1140 3437 1235 3453 nomen
1247 3430 1324 3454 unius
1337 3430 1406 3454 eius-

345 3463 455 3495 demque
472 3462 674 3495 significationis
688 3470 735 3487 seu
749 3463 916 3495 definitionis.
926 3478 945 3482 -
955 3463 1073 3496 Denique
1092 3471 1188 3488 nomen
1207 3465 1350 3497 analogum
1366 3469 1406 3489 est

343 3499 423 3522 veluti
442 3498 557 3522 medium
576 3497 643 3522 inter
659 3498 830 3529 aequiuocum
850 3502 875 3521 et
894 3498 1041 3523 univocum.
1060 3499 1187 3523 Convenit
1201 3499 1269 3523 enim
1284 3507 1344 3523 cum
1359 3507 1406 3523 no-

345 3533 415 3558 mine
430 3533 540 3557 univoco
554 3533 578 3556 in
594 3540 625 3557 eo
640 3533 711 3565 quod
726 3533 759 3557 sit
773 3533 849 3557 unius
863 3532 1072 3565 significationis,
1088 3534 1134 3557 sed
1149 3533 1232 3558 differt
1246 3534 1272 3557 in
1286 3541 1317 3558 eo
1332 3535 1405 3566 quod

344 3567 408 3592 haec
422 3567 573 3599 significatio
592 3575 644 3592 non
663 3568 755 3592 eadem
770 3568 810 3598 sit,
826 3575 872 3593 seu
887 3568 979 3592 melius
994 3576 1046 3592 non
1059 3568 1150 3593 eodem
1167 3569 1248 3600 ,modo
1266 3569 1407 3600 reperiatur

345 3603 372 3627 in
386 3603 517 3633 omnibus,
532 3603 627 3635 quibus
642 3603 710 3627 idem
730 3610 826 3627 nomen
839 3603 958 3627 tribuitur
963 3611 971 3634 ;
986 3608 1012 3628 et
1025 3611 1055 3627 ex
1065 3603 1112 3628 hac
1128 3608 1199 3636 parte
1213 3603 1332 3628 convenit
1347 3612 1407 3628 cum

2464 313 2511 348 27

1454 375 1538 412 fons
1567 383 1603 412 et
1631 376 1736 423 origo
1766 376 1883 425 ipsius
1911 389 1999 422 esse,
2030 377 2169 414 scilicet
2195 378 2321 426 ipsum
2352 391 2433 423 ens,
2468 379 2516 416 de

1454 439 1530 475 quo
1561 428 1648 465 dicit
1667 429 1772 477 quod
1800 429 1891 466 nihil
1911 437 1967 466 est
1980 431 2000 451 '¹‘
2021 433 2076 476 (ut
2094 430 2308 467 Alexander
2335 431 2514 479 exponit),

2545 430 2553 438 '
2563 434 2589 449 A:
2604 428 2664 449 nihil
2681 429 2757 456 signi-

2538 455 2602 482 ficat
2610 455 2647 475 uel
2656 457 2698 476 est.

1454 480 1542 529 quia
1578 493 1642 517 ens
1670 481 1881 530 aequivoce
1911 482 2045 520 dicitur
2080 483 2128 520 de
2158 483 2292 520 decem
2318 484 2516 531 praedica·
2544 481 2683 502 A¹⁸⁸³¹¹dess

1453 534 1606 574 mentis,-
1641 546 1756 570 omne
1791 542 1919 571 autem
1953 536 2208 584 aequivocum
2241 548 2310 584 per
2344 549 2384 572 se
2416 536 2516 584 posi-

1453 593 1534 622 tum
1563 586 1653 622 nihil
1683 586 1866 634 significat
1883 588 1918 634 ³¹²,
1945 588 2015 624 nisi
2044 589 2185 637 aliquid
2219 589 2379 625 addatur
2413 589 2518 637 quod

1454 638 1678 675 determinet
1706 639 1786 676 eius
1812 639 2141 687 significationem3
2170 641 2274 678 unde
2293 654 2364 678 nec
2392 641 2517 689 ipsum

1453 703 1519 727 EST
1537 703 1606 739 per
1625 704 1666 728 se
1687 692 1829 728 dictum
1858 693 2042 740 significat
2065 694 2170 742 quod
2189 700 2243 730 est
2267 695 2328 731 vel
2349 706 2423 730 non
2452 699 2514 730 est.

1455 743 1532 780 Sed
1559 744 1654 780 haec
1683 745 1866 792 expositio
1895 758 1973 782 non
1992 746 2142 783 videtur
2171 747 2414 793 conveniens,
2436 754 2518 783 tum

1455 796 1543 844 quia
1570 808 1634 832 ens
1662 809 1740 833 non
1775 797 1907 834 dicitur
1924 799 2077 846 proprie
2111 799 2338 848 aequivoce,
2368 799 2436 836 sed
2461 811 2518 836 se-

1455 849 1624 885 cundum
1652 849 1755 896 prius
1784 857 1820 885 et
1846 849 2077 898 posterius&
2098 852 2201 888 unde
2220 852 2437 900 simpliciter
2465 851 2518 888 di-

1456 908 1558 937 ctum
1586 900 1799 948 intelligitur
1832 902 1880 938 de
1909 915 1968 949 eo,
2005 904 2109 952 quod
2135 917 2205 952 per
2231 904 2336 953 prius
2369 904 2517 941 dicitur:

1454 960 1536 989 tum
1565 953 1691 1000 etiam,
1721 954 1810 1002 quia
1830 955 1941 991 dictio
1963 956 2174 1004 aequivoca
2201 969 2280 993 non
2301 957 2393 993 nihil
2410 957 2519 1004 signi-

1455 1005 1563 1052 ficat,
1599 1006 1667 1042 sed
1695 1007 1812 1042 multa
1847 1007 2054 1054 significat;
2090 1017 2126 1045 et
2160 1009 2390 1058 quandoque
2422 1011 2517 1056 hoc,

1456 1058 1687 1105 quandoque
1715 1058 1807 1095 illud
1833 1071 1902 1106 per
1929 1060 2052 1107 ipsam
2072 1061 2270 1109 accipitur:
2291 1070 2372 1098 tum
2393 1062 2518 1108 etiam,

1456 1110 1544 1157 quia
1576 1111 1657 1146 talis
1691 1111 1873 1158 expositio
1902 1124 1981 1148 non
2015 1114 2178 1150 multum
2206 1114 2292 1150 facit
2319 1115 2368 1151 ad
2401 1114 2519 1151 inten-

1455 1162 1599 1198 tionem
1628 1170 1879 1210 praesentem.
1896 1185 1920 1191 -
1935 1165 2047 1201 Unde
2067 1166 2300 1214 Porphyrius
2329 1167 2433 1203 aliter
2458 1179 2518 1203 ex-

1454 1214 1582 1262 posuit
1600 1215 1706 1263 quod
1724 1216 1799 1251 hoc
1818 1215 1944 1264 ipsum
1963 1229 2027 1253 ens
2046 1230 2124 1254 non
2144 1219 2327 1266 significat
2345 1227 2519 1256 naturam

1456 1266 1612 1303 alicuius
1640 1267 1711 1315 rei,
1741 1268 1836 1304 sicut
1862 1269 1938 1305 hoc
1965 1282 2109 1306 nomen
2136 1271 2247 1307 homo
2271 1272 2332 1308 vel
2351 1273 2518 1319 sapiens,

1456 1319 1524 1356 sed
1562 1320 1687 1356 solum
1730 1320 1900 1368 designat
1937 1323 2144 1370 quamdam
2188 1324 2518 1369 coniunctionem;

1455 1372 1558 1408 unde
1584 1373 1711 1409 subdit
1729 1373 1748 1394 '³‘
1768 1374 1873 1421 quod
1897 1375 2168 1424 Consignificat
2193 1377 2395 1423 quamdam
2421 1389 2520 1413 com-

1449 1425 1699 1472 positionem,
1738 1438 1852 1474 quam
1893 1427 1972 1463 sine
2014 1429 2224 1476 compositis
2261 1441 2335 1465 non
2373 1435 2426 1465 est
2467 1429 2520 1465 in-

1455 1477 1631 1527 telligere.
1672 1479 1749 1515 Sed
1789 1491 1915 1527 neque
1951 1480 2026 1516 hoc
2067 1481 2337 1518 convenienter
2371 1481 2522 1518 videtur

1456 1530 1528 1567 dici
1547 1531 1582 1567 *z
1612 1530 1701 1579 quia
1721 1531 1751 1567 si
1774 1544 1853 1568 non
1881 1532 2108 1580 significaret
2126 1533 2292 1582 aliquam
2321 1546 2418 1580 rem,
2454 1534 2522 1571 sed

1456 1583 1581 1619 solum
1617 1583 1940 1632 coniunctionem,
1974 1598 2053 1639 non
2086 1594 2184 1623 esset
2210 1599 2335 1635 neque
2368 1599 2520 1633 nomen,

1455 1647 1581 1684 neque
1608 1637 1777 1682 verbum,
1807 1637 1902 1674 sicut
1926 1651 1997 1674 nec
2014 1639 2315 1687 praepositiones
2344 1647 2408 1676 aut
2432 1652 2520 1676 con-

1455 1687 1699 1725 iunctiones⁰.
1716 1710 1740 1716 -
1757 1691 1806 1726 Et
1819 1690 1906 1726 ideo
1923 1691 2028 1728 aliter
2048 1692 2318 1740 exponendum
2339 1700 2405 1739 est,
2427 1692 2521 1729 sicut

1455 1741 1685 1778 Ammonius
1701 1742 1888 1790 exponitff,
1906 1744 2011 1791 quod
2025 1744 2150 1792 ipsum
2167 1757 2232 1781 ens
2241 1745 2331 1781 nihil
2351 1753 2416 1791 est,
2426 1745 2522 1782 idest

1455 1806 1534 1830 non
1548 1794 1732 1842 significat
1745 1808 1882 1832 verum
1901 1797 1964 1832 vel
1980 1797 2127 1834 falsum.
2144 1798 2193 1834 Et
2207 1797 2393 1834 rationem
2408 1798 2520 1835 huius

1455 1846 1634 1895 assignat,
1665 1860 1752 1883 cum
1781 1849 1926 1885 subdit:
1961 1850 2230 1900 Consigm'ficat
2246 1856 2370 1887 autem
2390 1863 2520 1899 quam-

1455 1899 1543 1935 dam
1571 1901 1884 1948 compositionem.
1915 1903 1999 1938 Nec
2027 1903 2206 1951 accipitur
2233 1903 2311 1951 hic,
2339 1911 2381 1940 ut
2398 1904 2479 1952 ipse
2501 1905 2520 1925 ‘¹‘

1458 2064 1565 2089 nomine
1578 2066 1727 2097 aequivoco,
1738 2067 1772 2091 ita
1786 2071 1815 2091 ut
1829 2068 1987 2100 quandoque
1997 2072 2022 2092 et
2031 2068 2201 2100 aequiuocum
2216 2068 2247 2092 ab
2262 2068 2409 2093 auctoribus
2423 2069 2520 2099 dicitur,

1459 2100 1505 2123 sed
1521 2107 1573 2124 non
1586 2101 1706 2132 proprie,
1721 2107 1750 2126 ut
1764 2101 1804 2126 hic
1822 2102 1905 2126 innuit
1919 2111 1940 2127 s.
1951 2103 2055 2127 Doctor.
2070 2104 2106 2127 lta
2119 2110 2181 2133 esse,
2196 2111 2248 2127 non
2268 2104 2412 2128 secundum
2427 2112 2521 2136 purum

1458 2142 1568 2165 nornen,
1588 2136 1635 2160 sed
1654 2137 1740 2168 quoad
1763 2145 1819 2162 rem
1842 2138 1919 2162 etiam
1944 2137 2112 2170 significatam
2130 2146 2191 2163 vere
2215 2143 2240 2163 et
2258 2139 2359 2163 realiter
2381 2138 2522 2164 affirmatur

1458 2169 1490 2193 de
1504 2170 1559 2194 Deo
1580 2175 1605 2194 et
1625 2171 1657 2195 de
1675 2173 1810 2203 creaturis,
1829 2173 1933 2205 quando
1949 2173 2072 2197 dicimus:
2089 2174 2162 2198 Deus
2175 2176 2227 2201 est,·
2247 2177 2372 2198 creatura
2385 2177 2424 2198 est
2429 2181 2438 2202 ‚·
2458 2182 2521 2206 ergo

1456 2211 1527 2233 esse,
1552 2206 1655 2238 proprie
1674 2207 1823 2239 loquendo,
1847 2215 1900 2232 non
1918 2213 1958 2232 est
1980 2208 2043 2240 quid
2065 2209 2205 2240 aequivoce
2223 2209 2278 2232 Deo
2303 2214 2380 2241 atque
2398 2209 2520 2233 creaturis

1457 2239 1591 2264 tributum.
1610 2242 1731 2266 Attamen
1745 2250 1798 2266 non
1811 2243 1901 2268 eodem
1917 2243 1995 2267 modo
2010 2250 2065 2268 esse
2082 2244 2138 2268 Deo
2153 2249 2178 2268 et
2191 2244 2313 2268 creaturis
2328 2244 2454 2275 convenit,
2474 2245 2521 2268 sed

1458 2282 1508 2298 suo
1522 2275 1616 2307 cuique
1636 2268 1724 2301 modo.
1744 2278 1808 2302 Esse
1826 2278 1903 2310 igitur
1921 2283 1960 2302 est
1979 2286 2074 2302 nomen
2093 2286 2145 2303 non
2164 2279 2348 2310 aequivocum,
2369 2286 2416 2303 nec
2434 2284 2520 2303 tamen

1459 2310 1609 2339 univocum,
1625 2312 1671 2335 sed
1693 2313 1836 2345 analogum
1851 2313 1907 2337 Deo
1931 2318 1956 2337 et
1979 2313 2109 2338 creaturis.
2129 2314 2161 2337 Et
2184 2314 2275 2338 dicitur
2297 2315 2440 2346 analogum
2461 2322 2520 2338 ana-

1459 2345 1526 2376 logia
1539 2346 1818 2377 proportionalitatis:
1838 2348 1899 2380 quia
1917 2356 2006 2372 revera
2024 2349 2219 2380 proportionato
2238 2349 2317 2373 modo
2331 2349 2388 2373 Deo
2406 2354 2432 2373 et
2450 2357 2520 2373 crea-

1458 2380 1522 2404 turis
1547 2387 1602 2405 esse
1622 2381 1749 2406 tribuitur.
1763 2396 1780 2400 -
1796 2383 1843 2407 Est
1866 2383 1942 2407 etiam
1963 2383 2031 2407 aliud
2055 2391 2152 2408 nomen
2175 2385 2319 2417 analogum
2339 2384 2456 2416 analogia
2474 2384 2521 2408 ha-

1459 2415 1585 2440 bitudinis
1604 2423 1651 2440 seu
1670 2417 1863 2446 attributionis,
1883 2418 1957 2442 cuius
1977 2426 2071 2451 nempe
2090 2418 2240 2450 significatio
2260 2419 2377 2451 pluribus
2401 2419 2521 2443 tribuitur

1458 2457 1505 2482 per
1522 2450 1640 2475 ordinem
1659 2452 1690 2475 ad
1709 2452 1805 2484 aliquid
1824 2453 1850 2477 in
1869 2461 1923 2485 quo
1942 2454 2026 2486 primo
2045 2458 2070 2478 et
2088 2454 2260 2486 principaliter
2278 2459 2304 2478 et
2322 2454 2433 2486 perfecte
2451 2454 2522 2479 ratio

1458 2484 1610 2518 significata
1624 2493 1671 2518 per
1684 2495 1782 2512 nomen
1795 2488 1937 2518 invenitur;
1956 2489 2023 2513 sicut
2037 2489 2170 2519 medicina,
2186 2489 2267 2520 cibus,
2282 2497 2326 2513 aer
2340 2494 2388 2514 etc.
2403 2489 2521 2514 dicuntur

1458 2527 1525 2544 sana
1543 2528 1590 2553 per
1608 2521 1726 2546 ordinem
1745 2523 1776 2546 ad
1796 2523 1938 2553 sanitatem,
1958 2531 2025 2556 quae
2038 2529 2078 2548 est
2096 2524 2122 2548 in
2141 2524 2252 2549 animali.
2271 2525 2328 2548 Hoc
2342 2525 2419 2548 etiam
2433 2525 2520 2555 modo,

1459 2562 1554 2588 nempe
1573 2557 1718 2581 secundum
1733 2558 1876 2590 analogiam
1895 2559 2075 2589 attributionis,
2095 2559 2186 2583 dicitur
2201 2559 2272 2591 quod
2291 2559 2361 2583 Deus
2376 2564 2416 2585 est
2429 2566 2482 2588 ens,
2497 2564 2522 2583 et

1459 2591 1531 2622 quod
1546 2595 1661 2616 creatura
1680 2597 1720 2616 est
1733 2599 1793 2621 ens;
1817 2593 1877 2625 quia
1901 2598 2015 2618 creatura
2037 2602 2098 2618 vere
2120 2594 2197 2618 habet
2219 2594 2344 2618 rationem
2363 2594 2444 2623 entis,
2468 2602 2521 2618 non

1460 2630 1546 2650 tamen
1566 2633 1596 2650 ex
1615 2634 1656 2657 se,
1676 2628 1722 2651 sed
1742 2628 1918 2660 participatam
1932 2637 1947 2653 a
1961 2629 2025 2658 Deo,
2040 2629 2084 2661 qui
2100 2634 2140 2654 est
2154 2637 2200 2653 ens
2218 2637 2235 2654 a
2249 2637 2276 2654 se
2291 2637 2337 2653 seu
2351 2629 2521 2662 imparticipa-

1460 2665 1524 2691 tum,
1535 2666 1561 2685 et
1574 2662 1605 2685 ad
1620 2669 1699 2694 quem
1714 2663 1822 2694 proinde
1836 2668 1951 2688 creatura
1970 2664 2029 2688 dicit
2047 2664 2116 2688 illam
2131 2664 2306 2688 habitudinem
2322 2672 2400 2696 quam
2415 2664 2521 2688 effectus

1461 2695 1520 2719 dicit
1532 2696 1564 2720 ad
1577 2704 1651 2720 suam
1667 2705 1804 2722 causam.-
1815 2699 1912 2723 Exinde
1926 2698 2033 2723 infertur
2043 2700 2113 2731 quod
2127 2699 2287 2732 significatio
2299 2699 2324 2723 in
2334 2699 2449 2731 analogis
2463 2707 2521 2731 per-

1459 2730 1525 2755 fecte
1543 2736 1569 2755 et
1581 2739 1635 2763 per
1647 2732 1727 2763 prius
1745 2733 1874 2757 invenitur
1893 2734 1918 2758 in
1933 2742 1985 2758 uno
2005 2732 2091 2767 (quod
2110 2735 2168 2758 ideo
2181 2742 2195 2758 a
2209 2734 2372 2758 Scholasticis
2392 2734 2522 2758 dicebatur

1454 2765 1591 2799 famosum
1610 2767 1808 2802 malagmam),
1828 2769 1855 2794 in
1872 2769 1977 2793 caeteris
1997 2774 2082 2793 autem
2102 2769 2248 2801 imperfecte
2267 2774 2292 2793 et
2307 2777 2359 2800 per
2372 2769 2520 2800 posterius,

1460 2805 1490 2824 ut
1508 2809 1529 2825 s.
1544 2801 1661 2826 Thomas
1680 2802 1720 2827 hic
1735 2803 1801 2827 dicit.
1811 2817 1828 2822 —
1838 2804 1906 2828 Haec
1922 2804 1953 2828 de
1966 2804 2113 2828 nominibus
2134 2805 2251 2833 univoco,
2266 2805 2381 2836 analogo
2393 2809 2418 2828 et
2431 2804 2519 2836 aequi-

1461 2843 1524 2860 voco
1539 2837 1651 2861 novitius
1665 2843 1751 2862 mente
1766 2839 1887 2871 percipiat
1897 2844 1922 2863 et
1932 2839 2071 2863 memoriae
2086 2840 2261 2863 commendet:
2282 2839 2432 2871 saepissime
2451 2839 2520 2863 enim

1460 2876 1596 2895 recurrunt
1613 2872 1640 2896 in
1654 2872 1826 2905 philosophia,
1845 2878 1871 2898 et
1889 2874 1914 2897 in
1934 2874 2065 2898 solvendis
2085 2882 2137 2898 non
2157 2874 2228 2906 parvi
2247 2874 2371 2898 momenti
2391 2874 2520 2905 quaestio-

1461 2906 1538 2930 nibus
1558 2912 1619 2931 sunt
1637 2908 1702 2931 scitu
1721 2909 1864 2932 necessaria
1884 2907 1940 2942 (Cf.
1954 2917 1975 2933 s.
1987 2909 2036 2933 Th.
2055 2909 2080 2933 in
2100 2909 2133 2933 IV
2151 2909 2314 2941 Metaphys„
2335 2909 2391 2933 lect.
2402 2907 2430 2941 1).

1515 2940 1540 2975 ο)
1557 2942 1633 2967 Sicut
1648 2950 1695 2967 nec
1710 2944 1922 2975 praepositiones
1936 2947 1984 2968 aut
1999 2944 2201 2969 coniunctiones.
2217 2945 2286 2968 Haec
2301 2944 2375 2968 lectio
2390 2944 2464 2967 codd.
2475 2943 2520 2967 AC

1461 2981 1486 3000 et
1499 2976 1613 3001 Venetae
1628 2978 1686 3002 edit.
1702 2978 1716 3002 b
1736 2983 1774 3002 est
1794 2979 1933 3003 retinenda.
1952 2980 2010 3003 Non
2029 2979 2097 3003 enim
2121 2979 2235 3010 intelligo
2259 2979 2393 3003 lectionem
2414 2978 2520 3002 Pianam

1461 3016 1487 3035 ct
1504 3012 1616 3036 Venetas
1635 3020 1681 3038 ac:
1703 3013 1772 3038 sicut
1796 3021 1843 3038 nec
1866 3014 2065 3045 compositiones
2084 3017 2132 3038 aut
2154 3014 2356 3038 coniunctiones.
2379 3013 2430 3037 Sed
2454 3013 2521 3037 addo

1460 3046 1526 3071 hanc
1538 3047 1674 3072 lectionem
1689 3048 1794 3072 Pianam
1812 3049 1891 3073 videri
1911 3049 2010 3073 falsam.
2031 3049 2188 3081 Porphyrius
2208 3049 2290 3078 enim,
2310 3049 2381 3072 cuius
2396 3048 2520 3072 sententia

1461 3081 1502 3106 hic
1520 3082 1667 3114 exponitur,
1691 3083 1791 3107 dicebat
1812 3091 1858 3108 ens
1876 3091 1927 3107 non
1947 3083 2088 3115 significare
2111 3084 2222 3115 aliquam
2242 3091 2311 3113 rem,
2335 3084 2381 3107 sed
2405 3091 2463 3107 esse
2486 3083 2519 3106 si-

1460 3124 1542 3148 gnum
1564 3117 1757 3150 compositionis
1781 3123 1806 3142 et
1829 3119 2026 3149 coniunctionis;
2047 3126 2120 3150 ergo,
2142 3119 2229 3148 infert,
2248 3125 2294 3143 ens
2312 3126 2358 3150 per
2376 3126 2405 3142 se
2424 3118 2519 3142 dictum

1461 3151 1522 3175 nihil
1541 3153 1676 3177 est.-·Sed
1695 3153 1757 3177 haec
1775 3153 1839 3177 ratio
1857 3154 1925 3177 nulla
1945 3158 1990 3183 est,
2010 3153 2110 3185 reponit
2128 3153 2218 3177 merito
2237 3161 2258 3177 s.
2268 3153 2397 3177 Thomas:
2412 3153 2433 3177 si
2452 3153 2520 3177 enim

1460 3193 1506 3211 ens
1525 3186 1586 3211 nihil
1609 3187 1657 3211 nisi
1679 3188 1882 3212 coniunctionem
1905 3187 2042 3219 significat,
2063 3196 2095 3212 eo
2119 3189 2198 3212 modo
2217 3196 2270 3220 quo
2294 3188 2395 3212 nonnisi
2414 3187 2520 3212 coniun-

1461 3221 1571 3246 ctionem
1582 3221 1724 3253 significant
1734 3223 1872 3255 particulae
1883 3223 2056 3248 coniunctivae
2063 3231 2070 3253 3
2085 3223 2150 3248 sicut
2159 3223 2221 3247 istae
2236 3231 2286 3247 non
2301 3228 2361 3247 sunt
2370 3230 2453 3254 neque
2462 3230 2519 3246 ver-

1460 3256 1522 3280 bum
1541 3264 1626 3288 neque
1645 3265 1748 3288 nomen,
1767 3258 1801 3282 ita
1815 3266 1899 3290 neque
1917 3266 2012 3282 nomen
2032 3266 2116 3290 neque
2132 3258 2241 3282 verbum
2258 3258 2305 3282 erit
2322 3265 2375 3282 ens.
2395 3258 2420 3281 Si
2435 3263 2520 3281 autem

1461 3299 1511 3314 non
1526 3292 1738 3322 praepositiones
1756 3293 1802 3317 sed
1826 3293 2026 3324 compositiones
2051 3294 2184 3324 legamus,
2204 3293 2273 3317 nulla
2292 3293 2339 3317 erit
2356 3292 2491 3324 responsio
2505 3299 2520 3316 a

1461 3325 1591 3350 s.Thoma
1606 3327 1777 3351 data.-Codd.
1788 3328 1863 3358 BDE,
1874 3335 1925 3351 non
1935 3329 2145 3360 praepositiones
2159 3329 2205 3352 sed
2214 3328 2409 3359 propositiones
2420 3328 2519 3359 legunt;

1461 3368 1527 3392 quae
1540 3361 1614 3385 lectio
1627 3369 1686 3385 cum
1699 3367 1787 3386 nostra
1799 3363 1949 3387 concordat:
1969 3364 2071 3394 etenim,
2082 3363 2115 3387 ob
2130 3362 2277 3387 affinitatem
2293 3362 2456 3393 materialem,
2471 3362 2519 3386 im-

1461 3395 1548 3427 peritis
1567 3396 1766 3420 amanuensibus
1785 3397 1875 3421 excidit
1887 3398 2083 3429 propositiones
2106 3399 2163 3421 loco
2181 3397 2400 3429 praepositiones.

1514 3429 1543 3463 π)
1555 3430 1631 3455 Sicut
1642 3431 1798 3456 Ammonius
1811 3433 1930 3463 exponit.
1950 3433 1977 3456 In
1996 3433 2061 3456 hanc
2074 3432 2204 3456 Ammonii
2224 3432 2409 3464 expositionem
2429 3430 2520 3465 (super

1462 3465 1504 3489 lib.
1518 3465 1557 3489 De
1567 3465 1784 3496 interpretatione
1794 3467 1879 3495 sect.1,
1890 3466 1938 3498 §x,
1948 3467 1992 3491 fol.
2000 3466 2016 3491 8
2025 3466 2112 3500 verso)
2124 3467 2250 3491 consentit
2258 3467 2379 3491 Boethius
2390 3467 2414 3491 in
2425 3467 2491 3491 Edit.
2499 3467 2519 3491 11

1461 3499 1487 3523 in
1501 3500 1594 3523 librum
1610 3500 1651 3524 De
1667 3500 1898 3531 interpretatione.-
1917 3511 1929 3523 «
1941 3501 1988 3526 Vel
2008 3507 2075 3526 certe
2089 3502 2122 3526 ita
2141 3502 2332 3533 intelligendum
2347 3508 2386 3526 est
2404 3502 2474 3534 quod
2487 3502 2520 3526 ait

1463 3543 1476 3557 »
1492 3535 1682 3566 (Aristoteles),
1698 3535 1782 3566 ipsum
1797 3536 1901 3567 quidem
1915 3536 1980 3560 nihil
1993 3540 2039 3565 est,
2050 3544 2101 3561 non
2116 3537 2237 3569 quoniam
2252 3536 2312 3561 nihil
2328 3536 2459 3568 significet,
2474 3537 2520 3561 sed

1463 3578 1476 3592 a
1493 3569 1615 3601 quoniam
1629 3570 1689 3594 nihil
1704 3578 1794 3594 verum
1809 3571 1934 3595 falsumve
1953 3572 2118 3602 demonstret,
2137 3571 2158 3596 si
2172 3579 2272 3604 purum
2288 3572 2383 3596 dictum
2401 3572 2445 3597 sit:
2461 3579 2520 3596 cum

1463 3613 1476 3627 n
1493 3605 1561 3629 enirn
1580 3605 1748 3637 coniungitur,
1762 3611 1822 3630 tunc
1839 3605 1868 3630 fit
1881 3606 2023 3631 enunciatio
2034 3615 2048 3630 2
2068 3605 2131 3640 (Ed.
2146 3606 2186 3631 cit.
2201 3615 2259 3639 pag.
2281 3605 2356 3641 317).

2546 586 2591 606 ’,ιι
2607 586 2667 606 nihil
2681 586 2705 606 si
2739 586 2759 606 i·-

2540 612 2603 638 ficat
2629 611 2666 632 uel
2695 591 2758 632 ffli-

2546 639 2614 664 gnat.
2626 649 2635 653 -
2653 644 2680 658 c:
2700 638 2760 659 nihil

2548 663 2680 690 designat·
2688 670 2759 710 mser

2547 690 2649 717 seipsum
2661 690 2712 711 nihi

2646 848 2658 878 Ε

2547 1172 2696 1200 Porphyrius.

2550 1381 2559 1389 '¹
2570 1380 2660 1408 Nempe
2669 1381 2760 1402 Aristo-

2548 1407 2614 1428 teies,

2550 1542 2558 1549 ⁶
2567 1548 2593 1563 Λς
2605 1541 2697 1563 dictum.

2647 1704 2661 1721 0

2548 1747 2698 1769 Ammonius.

2645 1784 2663 1800 π

2549 1889 2557 1898 ·
2566 1888 2658 1918 Nempe
2666 1888 2763 1909 Ammoe

2548 1920 2608 1935 nius.
