2788 4204
208 364 225 388 λ

113 479 121 486 ·
138 476 201 497 Lect.
216 482 309 497 κιαι-ιιι.

110 853 118 862 ’
145 852 179 873 Ct'.
205 852 224 872 11
253 852 320 873 Cont.

111 878 188 901 Gent..
200 884 251 905 cap.
261 884 321 899 vat.

110 965 115 971 ·
134 963 190 989 Cap.
204 968 236 984 ιιι.
257 968 295 982 nn.
314 967 321 982 ι

108 993 129 1010 et
150 995 170 1010 2.
186 1001 212 1004 —
228 988 319 1010 Comm.

111 1022 128 1036 s.
140 1015 184 1036 Th.
196 1016 247 1036 lect.
258 1021 287 1035 ιν.

110 1042 119 1052 ’
136 1042 228 1062 Comm.
246 1048 264 1062 s.
275 1041 320 1061 Th.

111 1069 161 1089 lect.
170 1067 320 1089 xu.-Ed.Did.

108 1095 147 1115 lib.
166 1095 204 1120 111,
223 1100 273 1121 cap.
292 1100 319 1120 ν,

107 1127 128 1142 n.
145 1127 166 1146 7.

109 1150 115 1156 ”
133 1147 195 1174 Ang,
216 1153 264 1168 om.
281 1152 319 1168 GK.

105 1227 115 1236 ⁸
125 1225 207 1247 Codd.:
220 1227 320 1253 propter

107 1258 234 1277 sensus-‚¹02
246 1258 320 1279 neque

106 1279 165 1299 enim
176 1281 283 1306 propter.

202 1385 220 1411 μ.

102 1412 110 1420 ·
127 1410 189 1431 Lect.
199 1417 237 1431 xvi
246 1427 251 1432 .

101 1438 111 1447 ¹·
127 1443 170 1458 m:
182 1438 271 1464 posuit.

105 1549 112 1556 ·
129 1552 176 1571 LOQ
185 1554 189 1567 z
208 1546 303 1568 scilicet.

100 1922 110 1931 *
141 1922 237 1948 Quidem
266 1928 314 1943 orn.

101 1954 161 1969 toxa
177 1952 199 1969 et
216 1955 239 1975 p.
250 1955 282 1970 m.
292 1954 314 1971 Α.

203 1993 214 2009 ν

100 2301 107 2307 ·
118 2305 154 2320 Ao:
164 2300 312 2327 accipiemus.

203 2616 214 2646 ξ

100 2677 110 2686 ⁶
124 2676 188 2698 Lect,
205 2683 298 2704 xxxviii,

100 2709 123 2724 n.
138 2709 157 2724 2.

353 232 425 267 312

353 316 407 345 est
440 308 479 344 in
514 308 694 345 omnibus
732 309 902 346 inveniri.
944 311 1006 346 Sic
1039 310 1148 357 igitur
1179 318 1282 358 patet
1315 313 1421 360 quod

351 361 565 398 universale
593 374 673 398 non
702 362 800 399 cadit
827 363 897 399 sub
927 375 1040 399 sensu
1059 361 1081 399 λ.

407 415 508 461 Quia
526 414 637 462 igitur
656 415 998 452 demonstrationes
1016 416 1222 464 praecipue
1237 424 1324 452 sunt
1337 417 1420 453 uni—

351 470 530 516 versales,
550 475 592 504 ut
611 480 724 516 supra
745 469 764 489 ³²
789 476 986 504 ostensum
1008 476 1078 515 est,
1099 469 1344 506 manifestum
1366 478 1421 507 est

352 521 457 570 quod
483 521 637 558 scientia
659 533 729 569 per
750 521 1114 558 demonstrationem
1139 522 1322 570 acquisita
1341 535 1420 560 non

353 582 520 612 con51st1t
547 587 585 610 1n
614 582 827 622 cogn1t1one
856 587 1001 611 sensus

406 641 441 676 7.
472 628 621 665 Deinde
642 640 730 664 cum
764 628 867 664 dicit:
888 628 963 664 Sed
989 628 1230 676 manifestum
1251 635 1306 665 est
1331 641 1420 677 quo-

351 682 454 718 niam
484 689 566 729 etc„
589 680 751 717 excludit
771 693 941 718 errorem
962 681 1233 729 quorumdam,
1257 682 1321 730 qui
1342 695 1420 719 cre-

352 734 492 771 debant
510 734 548 770 in
567 734 650 782 ipsa
659 735 905 783 perceptione
926 746 1060 771 sensus
1076 735 1281 772 consistere
1301 735 1419 772 scien-

350 787 452 824 tiam.
474 788 522 823 Et
545 787 696 824 videtur
725 789 820 825 haec
845 788 939 825 ratio
964 789 1152 836 pertinere
1177 790 1227 826 ad
1252 789 1336 826 illos
1356 790 1420 838 qui

349 852 427 876 non
446 841 642 889 ponebant
663 841 894 879 intellectum
915 842 1067 879 differre
1083 855 1105 878 a
1120 855 1235 880 sensu
1252 843 1282 889 ²¹³,
1301 851 1338 879 et
1351 856 1422 892 per

350 906 588 943 consequens
621 896 764 932 nullam
798 896 911 932 aliam
946 896 1202 943 cognitionem
1239 909 1320 933 esse
1350 897 1420 934 nisi

348 947 588 995 sensitivam,
618 955 659 984 ut
686 949 848 986 habetur
879 950 918 986 in
947 950 996 985 III
1025 951 1086 986 De
1112 951 1242 987 anima
1271 950 1291 971 '¹‘
1321 957 1358 987 et
1382 950 1420 987 in

349 1001 400 1036 IV
427 1002 724 1050 Metaphysicae.
743 1003 763 1022 ⁴*
779 1004 828 1039 Et
851 1003 900 1040 ad
919 1004 994 1039 hoc
1023 1003 1303 1040 excludendum
1334 1004 1422 1040 dicit

348 1054 454 1101 quod
486 1054 516 1091 si
557 1055 670 1091 etiam
704 1067 775 1103 per
808 1068 965 1102 sensum
984 1057 1180 1106 percipere
1213 1069 1419 1106 possemus

349 1107 454 1155 quod
474 1108 680 1156 triangulus
699 1110 815 1146 habet
830 1117 903 1147 tres
919 1112 1076 1158 angulos
1094 1112 1114 1132 ³¹*
1129 1112 1307 1160 aequales
1325 1111 1420 1148 duo-

348 1160 419 1197 bus
447 1161 566 1208 rectis,
597 1162 723 1199 adhuc
756 1171 950 1212 oporteret
970 1176 1153 1212 quaerere
1183 1165 1420 1202 demonstra-

347 1213 490 1251 tionem
516 1215 565 1252 ad
589 1216 812 1254 habendum
836 1218 1044 1263 scientiam,
1066 1230 1190 1266 neque
1215 1230 1285 1266 per
1301 1219 1321 1240 ³²²
1336 1232 1421 1256 sen-

346 1280 459 1305 suum
478 1270 766 1318 perceptionem
785 1271 989 1308 sciremus:
1011 1271 1100 1319 quia
1118 1283 1252 1308 sensus
1272 1280 1328 1309 est
1347 1273 1420 1310 sin-

347 1322 553 1370 gularium,
589 1323 743 1361 scientia
772 1332 900 1362 autem
935 1324 1102 1361 consistit
1134 1325 1172 1361 in
1205 1325 1280 1361 hoc
1314 1326 1420 1375 quod

345 1376 559 1413 universale
590 1378 855 1425 cognoscimus
874 1384 904 1424 μ,
939 1385 980 1414 ut
1000 1385 1198 1414 ostensum
1229 1386 1284 1415 est
1308 1380 1339 1416 ⁹³.
1372 1381 1420 1416 Et

347 1430 435 1478 quia
449 1433 657 1478 posuerat*
671 1432 888 1479 exemplum
901 1432 948 1468 de
959 1431 1017 1468 his
1032 1444 1130 1480 quae
1146 1443 1260 1468 sensu
1274 1433 1418 1481 percipi

346 1495 425 1520 non
443 1492 614 1532 possunt,
632 1485 680 1521 ad
705 1485 893 1521 maiorem
914 1484 1147 1521 evidentiam
1162 1485 1271 1532 ponit
1290 1498 1418 1523 exem-

345 1537 452 1586 plum
486 1536 525 1573 in
557 1538 615 1574 his
649 1550 747 1586 quae
786 1538 976 1575 sensibilia
1011 1545 1113 1584 sunt,
1143 1538 1320 1576 videlicet
1341 1540 1360 1558 ’¹‘
1379 1539 1419 1576 in

345 1590 473 1639 eclipsi
503 1592 626 1637 lunae,
657 1603 755 1639 quae
789 1592 969 1640 contingit
998 1604 1043 1628 ex
1072 1591 1314 1640 oppositione
1347 1600 1418 1630 ter-

345 1656 420 1690 rae,
451 1657 549 1693 quae
578 1644 830 1692 interponitur
858 1645 954 1682 inter
988 1646 1109 1682 solem
1140 1653 1177 1681 et
1204 1646 1347 1693 lunam,
1377 1654 1420 1683 ut

344 1697 490 1735 claritas
510 1698 599 1734 solis
619 1710 696 1734 non
716 1699 835 1747 possit
862 1698 1076 1748 pertingere
1097 1698 1146 1735 ad
1171 1699 1302 1736 lunam
1327 1712 1416 1748 pro·

341 1758 425 1800 pter
456 1753 637 1788 umbram
666 1759 803 1799 terrae,
830 1765 946 1801 quam
977 1752 1069 1789 dum
1099 1753 1190 1789 luna
1218 1753 1415 1800 subintrat,

343 1805 554 1854 eclipsatur.
603 1807 801 1842 Ponamus
846 1818 935 1854 ergo
985 1805 1091 1855 quod
1138 1805 1272 1854 aliquis
1317 1815 1418 1844 esset

341 1858 379 1895 in
407 1859 489 1908 ipsa
517 1861 618 1907 luna,
649 1867 686 1896 et
714 1872 828 1897 sensu
852 1859 1064 1909 perciperet
1088 1858 1415 1908 interpositionem

341 1919 462 1949 terrae
482 1926 550 1962 per
563 1913 743 1949 umbram
764 1913 897 1963 ipsius:
911 1925 1025 1949 sensu
1045 1912 1201 1962 quidem
1215 1913 1415 1963 *percipe—

342 1973 398 2002 ret
430 1968 537 2015 quod
571 1967 660 2003 luna
687 1974 777 2003 tunc
798 1967 978 2004 deficeret
1003 1972 1015 1987 ⁸
1041 1979 1086 2003 ex
1111 1966 1251 2003 umbra
1270 1975 1414 2015 terrae,

341 2019 408 2057 sed
424 2032 502 2057 non
516 2027 672 2069 propter
685 2021 760 2057 hoc
780 2021 890 2057 sciret
904 2020 1067 2056 totaliter
1081 2032 1237 2057 causam
1254 2021 1414 2070 eclipsis.

343 2074 437 2111 Illud
467 2074 569 2111 enim
590 2082 645 2111 est
664 2087 732 2123 per
757 2087 796 2111 se
827 2087 941 2111 causa
970 2073 1129 2122 eclipsis,
1155 2074 1261 2123 quod
1286 2083 1416 2113 causat

343 2128 602 2165 universaliter
628 2127 809 2176 eclipsim,
833 2128 1055 2165 Universale
1085 2129 1213 2164 autem
1243 2140 1321 2165 non
1351 2142 1414 2166 co-

341 2181 531 2230 gnoscitur
550 2194 680 2227 sensu;
697 2182 764 2219 sed
786 2193 829 2218 ex
844 2181 1016 2230 pluribus
1037 2180 1289 2230 singularibus
1308 2182 1410 2231 visis,

339 2236 378 2272 in
407 2236 544 2284 quibus
573 2236 764 2273 multoties
799 2234 1045 2273 consideratis
1083 2235 1273 2272 invenitur
1308 2236 1412 2274 idern

341 2289 523 2337 accidere,
545 2290 752 2339 accipimus
769 2291 788 2311 ’⁸
803 2289 1058 2326 universalem
1079 2288 1348 2338 cognitionem.
1365 2291 1414 2327 Et

340 2343 392 2380 sic
419 2355 488 2392 per
521 2356 676 2381 causam
718 2343 973 2380 universalem
1010 2342 1320 2380 demonstramus
1349 2343 1413 2380 ali-

341 2397 433 2446 quid
462 2397 499 2434 in
527 2397 742 2443 universali,
774 2397 819 2434 de
849 2410 926 2446 quo
957 2404 1012 2433 est
1040 2395 1206 2433 scientia.

396 2451 430 2487 8.
452 2450 600 2488 Deinde
617 2463 704 2488 cum
726 2451 832 2488 dicit:
865 2450 1086 2488 Universale
1104 2456 1229 2487 autem
1248 2450 1411 2487 honora-

341 2504 450 2541 bilius
479 2512 560 2551 etc.,
591 2504 754 2542 ostendit
773 2504 877 2553 quod
897 2503 1052 2541 scientia
1072 2512 1128 2541 est
1145 2503 1272 2552 potior
1292 2516 1409 2552 quarn

342 2570 486 2596 sensus.
517 2558 762 2596 Manifestum
785 2566 840 2596 est
859 2557 961 2596 enim
987 2557 1091 2607 quod
1121 2556 1284 2605 cognitio
1311 2569 1409 2606 quae

342 2619 398 2649 est
415 2624 483 2661 per
503 2624 675 2659 causam,
696 2612 860 2649 nobilior
889 2619 959 2649 est:
981 2623 1096 2648 causa
1115 2618 1244 2647 autem
1257 2621 1332 2658 per
1348 2607 1410 2647 se*

342 2673 397 2703 est
410 2665 632 2703 universalis
653 2678 779 2712 causa,
793 2673 835 2702 ut
858 2666 935 2703 iam
952 2664 1094 2701 dictum
1111 2671 1166 2700 est
1187 2665 1223 2710 *;
1255 2670 1290 2699 et
1317 2663 1404 2700 ideo

341 2719 503 2768 cognitio
514 2733 582 2770 per
591 2719 847 2757 universalem
859 2730 1028 2764 causam,
1044 2716 1165 2767 qualis
1176 2724 1231 2754 est
1241 2715 1407 2762 scientia,

341 2781 395 2811 est
422 2773 667 2811 honorabilis.
702 2774 751 2811 Et
779 2772 868 2822 quia
895 2771 1117 2810 huiusmodi
1150 2770 1407 2807 universalem

340 2839 494 2864 causam
509 2827 744 2877 impossibile
760 2834 816 2864 est
835 2825 1122 2876 apprehendere
1146 2837 1214 2873 per
1238 2835 1405 2869 sensum,

339 2974 408 2993 ctum
428 2973 468 2993 est
487 2967 556 2992 enim
575 2967 607 2992 de
625 2966 763 2991 universali
782 2966 808 2990 in
827 2964 918 2990 ordine
932 2965 963 2989 ad
979 2964 1034 2994 tria,
1053 2963 1151 2989 scilicet
1169 2963 1201 2988 ad
1218 2962 1355 2995 singulare,
1375 2962 1407 2987 ad

339 3005 424 3029 locum
444 3008 469 3028 et
482 3003 519 3027 'ad
538 3008 652 3036 tempus.

390 3037 417 3070 λ)
442 3038 594 3063 Universale
614 3045 665 3062 non
685 3037 758 3062 cadit
776 3036 823 3062 sub
836 3034 993 3061 semim-G:
1013 3034 1161 3059 universale
1174 3036 1214 3058 est
1232 3033 1258 3058 in
1274 3033 1406 3058 intellectu

337 3078 362 3100 ct
381 3081 432 3099 non
452 3073 526 3099 cadit
539 3073 586 3098 sub
600 3080 687 3098 sensu.
707 3073 781 3102 Quae
800 3071 875 3096 lectio
895 3078 948 3096 non
966 3069 1061 3095 falsum
1077 3069 1196 3095 enunciat
1215 3068 1269 3102 (Cf.
1284 3069 1341 3094 lect.
1356 3076 1405 3099 xw,

338 3118 363 3135 n.
379 3109 395 3134 6
410 3115 434 3134 et
449 3114 502 3134 not.
518 3112 546 3138 κ;
563 3113 588 3133 et
600 3116 701 3138 xxxviu,
721 3116 746 3132 n.
760 3106 801 3140 8):
821 3111 934 3132 attamen
954 3105 1035 3130 thesis
1054 3105 1161 3138 probata
1181 3104 1348 3130 solummodo
1367 3109 1407 3129 est

337 3146 408 3178 quod
430 3144 576 3169 universale
595 3152 647 3168 non
667 3143 732 3168 cadit
751 3143 800 3168 sub
820 3149 908 3172 sensu,
929 3146 957 3165 ut
975 3145 1076 3166 constat
1095 3148 1124 3165 ex
1143 3139 1183 3165 his
1203 3147 1269 3173 quae
1288 3139 1314 3164 in
1332 3147 1405 3173 prae-

337 3180 436 3206 cedenti
455 3187 565 3205 numero
584 3179 650 3204 dicta
668 3183 737 3204 sunt.

391 3215 419 3249 μ)
443 3215 595 3240 Universale
607 3211 941 3248 cognoscimus.—Pulchra
955 3219 1018 3237 sane
1032 3217 1109 3245 atque
1122 3211 1250 3245 profunda
1263 3210 1326 3236 haec
1341 3209 1405 3236 ratio

338 3257 386 3276 est.
406 3251 470 3275 Dato
490 3250 558 3275 enim
571 3258 601 3275 ex
615 3249 754 3283 hypothesi
774 3249 845 3281 quod
864 3255 959 3272 sensus
979 3247 1122 3280 perciperet
1140 3246 1295 3279 triangulum
1310 3245 1405 3271 habere

338 3292 388 3311 tres
403 3286 512 3318 angulos
528 3286 650 3318 aequales
669 3285 771 3309 duobus
786 3283 871 3313 rectis,
886 3282 990 3308 nonnisi
1010 3282 1167 3315 singularem
1182 3282 1346 3314 triangulum,
1362 3286 1405 3306 aut

337 3321 483 3346 successive
501 3321 645 3354 singulares
665 3320 806 3352 triangulos
825 3318 921 3344 habere
945 3323 997 3343 tres
1024 3318 1134 3351 angulos
1159 3318 1282 3351 aequales
1301 3317 1404 3342 duobus

337 3357 412 3382 rectis
427 3356 576 3389 perciperet.
595 3355 674 3388 Atqui
693 3355 743 3380 hoc
763 3363 814 3379 non
834 3359 874 3379 est
893 3361 1051 3386 cognoscere
1066 3353 1200 3386 triangulo,
1215 3358 1244 3378 ut
1258 3352 1404 3378 universale

338 3397 391 3422 est,
410 3400 457 3417 seu
476 3391 620 3416 secundum
639 3391 711 3424 quod
733 3390 818 3424 ipsum
839 3388 894 3423 (Cf.
914 3390 971 3414 lect.
990 3397 1015 3414 xi
1039 3407 1045 3419 ,
1066 3388 1203 3414 convenire
1222 3392 1275 3413 tres
1294 3388 1403 3421 angulos

339 3427 438 3451 duobus
457 3428 532 3452 rectis
552 3427 688 3459 aequales:
708 3426 768 3459 quia
783 3425 895 3457 cognitio
915 3425 957 3449 illa
973 3425 1095 3450 limitatur
1108 3424 1141 3449 ad
1155 3423 1255 3457 singula
1268 3423 1341 3454 facta,
1356 3423 1402 3448 sed

337 3470 389 3486 non
409 3462 507 3494 attingit
531 3462 689 3493 universale,
713 3461 762 3486 hoc
786 3465 826 3486 est
845 3461 990 3485 secundum
1015 3459 1085 3493 quod
1110 3464 1150 3484 est
1174 3459 1232 3492 ipse
1250 3458 1402 3491 triangulus,

337 3497 437 3522 etiamsi
454 3497 542 3522 omnia
555 3502 580 3522 et
595 3497 694 3529 singula
708 3497 772 3522 facta
786 3501 984 3521 enumerentur:
1004 3503 1035 3520 eo
1050 3494 1126 3519 simili
1143 3494 1222 3520 modo
1237 3502 1290 3527 quo
1305 3494 1402 3519 dictum

338 3538 377 3556 est
391 3531 462 3565 (lect.
474 3540 517 3562 ιιι,
533 3541 558 3557 n.
574 3531 610 3567 9),
628 3532 699 3564 quod
718 3531 817 3557 etiamsi
837 3531 930 3563 aliquis
950 3535 1117 3563 cognosceret
1134 3538 1226 3556 omnes
1241 3534 1266 3554 et
1285 3529 1402 3562 singulos

338 3567 479 3600 triangulos
504 3567 627 3592 isosceles
646 3567 740 3592 habere
766 3571 818 3591 tres
838 3567 948 3598 angulos
971 3566 1093 3598 aequales
1113 3565 1215 3590 duobus
1234 3565 1325 3596 rectis,
1350 3571 1401 3589 non

338 3608 472 3635 propterea
486 3607 654 3634 cognosceret
668 3601 740 3634 quod
753 3602 818 3634 quid
831 3605 878 3630 est,
890 3609 935 3626 seu
947 3601 1092 3626 universale
1106 3599 1224 3633 trianguli
1242 3605 1271 3625 ut
1287 3599 1400 3632 triangu—

918 233 1305 270 POSTERIORUM
1332 234 1766 274 ANALYTICORUM
1795 238 1889 275 LIB.
1922 239 1934 274 1

1477 316 1564 352 ideo
1586 329 1826 366 consequens
1843 318 1863 338 *
1880 325 1935 355 est
1956 318 2062 366 quod
2082 318 2247 365 scientia,
2269 331 2367 368 quae
2388 322 2553 359 ostendit

1479 382 1634 406 causam
1662 371 1932 418 universalem,
1964 383 2042 408 non
2062 373 2188 408 solum
2218 372 2264 409 sit
2291 374 2552 411 honorabilior

1478 424 1584 460 omni
1605 424 1784 461 sensitiva
1805 425 2031 472 cognitione,
2054 426 2121 462 sed
2143 425 2256 462 etiam
2277 427 2384 464 omni
2404 428 2476 464 alia
2495 428 2551 465 in-

1476 476 1663 514 tellectiva
1679 477 1905 525 cognitione,
1925 478 2139 516 dummodo
2156 479 2202 515 sit
2218 479 2264 516 de
2287 481 2401 517 rebus
2415 486 2428 501 ⁰
2453 493 2550 529 quae

1476 529 1619 566 habent
1639 542 1811 577 causam;
1833 531 1922 580 quia
1942 531 2036 568 scire
2057 532 2198 581 aliquid
2212 545 2282 581 per
2297 545 2453 570 causam
2467 534 2550 570 uni-

1475 584 1665 620 versalem
1687 591 1742 620 est
1756 585 1920 622 nobilius
1945 597 2063 634 quam
2079 585 2282 633 intelligere
2299 586 2550 635 qualitercun-

1477 648 1551 684 que
1571 636 1611 673 id
1640 637 1743 685 quod
1776 638 1892 674 habet
1917 650 2072 675 causam
2102 639 2182 676 sine
2215 639 2429 687 cognitione
2459 652 2550 676 suae

1478 701 1626 726 causae.
1657 690 1734 727 Sed
1761 690 1808 727 de
1827 691 1975 739 primis,
1997 703 2095 740 quae
2115 704 2194 728 non
2213 693 2356 729 habent
2376 705 2548 740 causam,

1468 749 1534 778 *est
1565 742 1637 778 alia
1670 743 1776 779 ratio.
1813 745 1878 780 Illa
1911 744 2014 780 enim
2046 756 2116 793 per
2143 757 2183 781 se
2212 745 2484 794 intelliguntur;
2516 753 2551 782 et

1476 795 1558 831 talis
1594 807 1729 832 eorum
1766 796 1930 844 cognitio
1966 804 2021 833 est
2057 797 2193 834 certior
2227 799 2333 835 omni
2373 799 2548 845 scientia,

1477 848 1566 896 quia
1600 861 1644 885 ex
1677 849 1740 885 tali
1775 848 2015 897 intelligentia
2045 850 2065 871 ⁸²
2098 850 2252 887 scientia
2287 851 2549 888 certitudinem

1477 902 1592 938 habet
1617 903 1647 938 ²³.

1531 966 1566 1002 9.
1598 954 1740 992 Ultimo
1771 956 1791 976 *
1822 955 2012 991 concludit
2043 955 2251 1004 principale
2284 957 2547 1005 propositum,

1477 1008 1582 1057 quod
1611 1008 1751 1044 scilicet
1778 1008 2012 1056 impossibile
2046 1008 2092 1044 sit
2118 1021 2188 1057 per
2215 1021 2372 1047 sensum
2407 1022 2548 1058 cogno-

1477 1074 1582 1098 scere
1598 1062 1618 1083 *
1633 1061 1776 1109 aliquid
1796 1061 2108 1107 demonstrabile;
2130 1062 2200 1099 nisi
2224 1063 2319 1099 forte
2337 1063 2548 1112 aequivoce

1475 1122 1602 1151 utatur
1625 1115 1759 1163 aliquis
1779 1114 1937 1151 nomine
1962 1126 2111 1161 sensus,
2141 1128 2287 1153 vocans
2313 1115 2549 1154 demonstra·

1476 1169 1593 1205 tivam
1624 1167 1820 1204 scientiam
1845 1179 2013 1214 sensum,
2034 1175 2190 1217 propter
2207 1169 2282 1206 hoc
2304 1169 2410 1218 quod
2429 1170 2548 1207 scien-

1475 1221 1526 1258 tia
1545 1221 1844 1258 demonstrativa
1863 1228 1920 1257 est
1939 1221 2186 1258 determinate
2205 1222 2319 1259 unius
2333 1223 2548 1260 secundum

1478 1275 1752 1321 certitudinem,
1773 1274 1869 1311 sicut
1889 1282 1924 1310 et
1943 1286 2090 1311 sensus.
2111 1275 2272 1323 Propter
2290 1276 2395 1324 quod
2415 1283 2452 1312 et
2471 1288 2548 1323 cet-

1476 1335 1536 1364 tae
1566 1327 1862 1365 existimationes
1890 1327 2068 1364 scientiae
2097 1335 2286 1365 vocantur
2303 1334 2335 1365 π.

1536 1394 1593 1418 ιο.
1624 1381 1774 1418 Deinde
1794 1393 1883 1417 cum
1904 1380 2007 1418 dicit:
2028 1382 2125 1417 Sunt
2138 1387 2262 1418 tamen
2283 1381 2470 1430 quaedam
2489 1394 2546 1419 re-

1474 1434 1585 1471 ducta
1605 1441 1688 1481 etc„
1710 1434 1876 1471 ostendit
1894 1434 2094 1482 quomodo
2115 1447 2250 1471 sensus
2272 1435 2469 1472 ordinatur
2495 1435 2546 1473 ad

1475 1486 1684 1524 scientiam.
1706 1486 1910 1534 Quaedam
1931 1487 2033 1524 enim
2048 1488 2346 1536 problematicae
2364 1489 2384 1510 *
2400 1488 2546 1525 dubita-

1473 1540 1596 1577 tiones
1625 1540 1859 1577 reducuntur
1887 1539 1982 1576 sicut
2009 1539 2048 1577 in
2083 1553 2238 1578 causam
2271 1541 2321 1578 ad
2355 1542 2546 1579 defectum

1473 1606 1620 1631 sensus.
1661 1592 1865 1640 Quaedam
1904 1593 2006 1629 enirn
2037 1594 2057 1615 *
2082 1601 2170 1630 sunt
2205 1593 2252 1630 de
2294 1593 2434 1643 quibus
2465 1606 2545 1632 non

1473 1659 1745 1696 quaereremus
1775 1645 2004 1693 dubitando,
2040 1646 2070 1683 si
2105 1659 2150 1683 ea
2181 1646 2432 1694 vidissemus3
2467 1660 2547 1685 non

1472 1700 1629 1750 quidem
1647 1706 1664 1731 θ
1684 1712 1730 1736 eo
1756 1699 1863 1748 quod
1892 1698 2047 1736 scientia
2077 1699 2258 1736 consistat
2285 1699 2324 1737 in
2351 1700 2544 1747 videndo,
2570 1744 2572 1746 ,

1473 1753 1541 1791 sed
1560 1753 1599 1790 in
1619 1760 1807 1803 quantum
1835 1764 1880 1789 ex
1909 1752 2023 1789 rebus
2050 1752 2142 1789 visis
2169 1765 2239 1802 per
2266 1753 2372 1790 viam
2402 1765 2546 1804 expert-

1472 1807 1591 1844 menti
1624 1806 1805 1856 accipitur
1834 1807 1854 1827 *
1881 1805 2117 1853 universale,
2157 1805 2205 1843 de
2233 1818 2312 1854 quo
2342 1814 2397 1844 est
2424 1806 2546 1844 scien-

1470 1860 1521 1897 tia
1547 1861 1579 1897 *.
1615 1861 1713 1906 Puta
1741 1859 1771 1896 si
1802 1859 2024 1896 videremus
2051 1859 2194 1896 vitrum
2221 1860 2480 1908 perforatum,
2510 1867 2547 1897 et

1471 1913 1671 1962 quomodo
1693 1913 1864 1949 *lumen
1891 1911 2092 1961 pertransit
2122 1924 2192 1961 per
2220 1912 2409 1950 foramina
2436 1913 2543 1961 vitri,

1470 1967 1654 2004 sciremus
1680 1972 1837 2016 propter
1869 1965 1962 2015 quid
1979 1965 2121 2003 vitrum
2142 1972 2198 2002 est
2221 1973 2475 2016 transparens.
2496 1967 2546 2004 Et

1469 2020 1585 2057 utitur
1609 2020 1685 2057 hoc
1711 2019 1887 2068 exemplo
1913 2018 2126 2056 secundum
2156 2018 2382 2067 opinionem
2408 2032 2543 2058 eorum

1470 2074 1534 2123 qui
1566 2073 1765 2123 ponebant
1796 2072 1928 2109 lumen
1957 2084 2039 2108 esse
2081 2084 2239 2121 corpus,
2275 2080 2312 2109 et
2352 2073 2544 2122 quaedam

1470 2139 1632 2176 corpora
1657 2139 1739 2163 esse
1768 2125 2043 2174 transparentia
2069 2133 2227 2175 propter
2250 2125 2399 2164 subtilia
2427 2138 2544 2175 quae-

1469 2180 1559 2218 dam
1581 2180 1780 2226 foramina,
1798 2191 1895 2228 quae
1915 2179 1999 2228 pori
2019 2179 2210 2226 dicuntur;
2231 2191 2329 2228 quos
2349 2179 2439 2229 quia
2456 2178 2544 2218 v'isu

1468 2233 1682 2271 discernere
1707 2245 1786 2271 non
1805 2245 2014 2282 possumus
2039 2239 2196 2282 propter
2212 2232 2453 2282 parvitatem,
2473 2232 2543 2271 du-

1467 2287 1632 2324 bitamus
1652 2299 1770 2336 quare
1789 2286 1931 2324 vitrum
1955 2285 2002 2323 sit
2020 2293 2272 2336 transparens.
2303 2287 2353 2324 Et
2370 2294 2502 2336 posset
2521 2288 2543 2309 ¹⁸

1466 2340 1588 2378 simile
1628 2341 1847 2390 exemplum
1883 2339 1978 2389 poni
2012 2339 2060 2377 de
2097 2339 2390 2390 quibuscunque
2428 2339 2542 2378 rebus

1466 2406 1564 2443 quae
1598 2394 1742 2432 habent
1779 2405 1936 2431 causam
1975 2393 2194 2431 sensibilem
2229 2393 2421 2430 latentem.
2438 2394 2543 2431 -Et

1465 2447 1554 2496 quia
1573 2447 1716 2485 dixerat
1741 2446 1847 2496 quod
1872 2445 2028 2484 scientia
2052 2445 2273 2484 huiusmodi
2302 2446 2356 2483 rei
2384 2458 2465 2484 non
2484 2455 2540 2485 est

1463 2500 1503 2538 in
1531 2500 1720 2547 videndo,
1751 2499 1967 2538 manifestat
1990 2500 2066 2537 hoc
2085 2503 2168 2538 esse
2195 2511 2345 2537 verum.
2377 2500 2481 2537 Nam
2500 2499 2539 2537 in

1462 2554 1632 2592 videndo
1667 2552 1935 2602 cognoscimus
1967 2565 2143 2590 seorsum
2179 2554 2200 2576 ²⁸²
2231 2552 2538 2603 unumquodque

1463 2607 1727 2655 singularium;
1752 2607 1820 2644 sed
1844 2606 1882 2643 in
1911 2606 2066 2644 sciendo
2095 2612 2246 2655 oportet
2273 2605 2405 2643 omnia
2433 2605 2538 2643 intel-

1463 2660 1576 2708 ligere
1611 2660 1723 2697 simul
1754 2660 1792 2697 in
1819 2659 2023 2697 universali
2051 2659 2087 2705 ²⁸,
2116 2666 2158 2696 ut
2185 2658 2326 2696 scilicet
2358 2657 2537 2707 intelliga-

1462 2725 1549 2751 mus
1584 2712 1633 2751 ita
1660 2725 1700 2750 se
1733 2712 1876 2750 habere
1910 2712 1949 2749 in
1982 2711 2174 2750 omnibus.
2212 2712 2400 2750 Videmus
2434 2712 2537 2750 enim

1462 2766 1676 2815 singillatim
1706 2766 1753 2804 de
1783 2765 1942 2803 diversis
1967 2765 2090 2812 vitris,
2119 2765 2188 2802 sed
2216 2765 2413 2802 scientiam
2441 2764 2537 2803 acci-

1459 2820 1588 2869 pimus
1618 2820 1664 2858 de
1694 2819 1802 2856 omni
1829 2818 1947 2866 vitro,
1977 2819 2083 2868 quod
2112 2818 2159 2856 sit
2186 2819 2259 2856 tale
2285 2825 2310 2855 ⁸.

1461 2961 1502 2985 lus
1515 2965 1562 2986 est.
1573 2961 1655 2986 Porro
1669 2961 1695 2986 in
1709 2960 1858 2994 attingendo
1872 2960 1922 2985 hoc
1936 2959 2074 2985 universali
2089 2959 2198 2984 habetur
2212 2959 2317 2984 scientia
2326 2958 2536 2991 demonstrativa,

1461 3003 1527 3029 quae
1546 2997 1578 3021 ad
1597 2995 1759 3022 definitiones
1779 2995 1899 3029 assurgit,
1917 3003 1984 3028 quae
2003 3000 2064 3020 sunt
2082 2994 2207 3028 principia
2227 2994 2466 3020 demonstrationis.
2484 2995 2536 3021 lm-

1459 3032 1584 3065 possibile
1599 3037 1639 3057 est
1653 3039 1715 3065 ergo
1730 3032 1801 3064 quod
1814 3031 1841 3056 in
1859 3031 2028 3064 perceptione
2042 3038 2137 3056 sensus
2150 3030 2257 3055 scientia
2270 3030 2403 3062 consistat,
2418 3034 2445 3056 et
2462 3030 2535 3064 quod

1460 3066 1605 3093 intellectus
1625 3067 1658 3092 sit
1676 3067 1782 3093 facultas
1802 3066 1932 3092 sensitiva.

1513 3103 1537 3138 ν)
1559 3103 1637 3134 Quod
1657 3103 1722 3128 luna
1741 3105 1804 3128 tunc
1821 3102 1955 3136 deficeret.
1969 3115 1989 3121 ·-
2004 3100 2237 3132 ACDEGKMQT:
2257 3101 2322 3134 «μία
2340 3101 2421 3131 Inna,-
2440 3101 2465 3127 ὓ
2478 3107 2533 3127 om.

1459 3141 1536 3170 tunc5
1555 3139 1594 3163 M:
1614 3141 1678 3164 tunc
1696 3138 1793 3172 deficit.

1513 3172 1537 3207 ξ)
1550 3174 1638 3200 Causa
1653 3177 1742 3199 autem
1753 3181 1806 3206 per
1815 3180 1843 3198 se
1857 3178 1930 3198 erc.·-
1938 3171 1978 3198 A:
1991 3178 2075 3198 causa
2089 3174 2178 3198 autem
2190 3175 2232 3197 est
2244 3171 2432 3197 universaliter
2436 3172 2534 3205 sacen

1458 3210 1542 3240 scire,
1563 3212 1592 3235 ut
1611 3209 1664 3235 iam
1688 3214 1753 3241 επις
1773 3209 1810 3240 Q:
1829 3215 1912 3234 causa
1936 3211 2026 3234 autem
2040 3214 2093 3240 per
2110 3214 2139 3233 se
2156 3210 2197 3232 est
2212 3207 2393 3232 undum-salius
2410 3213 2533 3238 causa„-

1458 3245 1595 3271 GHKLN:
1614 3248 1642 3271 et
1659 3244 1718 3270 ideo
1736 3244 1856 3278 cognitio
1873 3251 1925 3277 per
1942 3243 2127 3272 universalem,
2145 3242 2232 3276 qualis
2244 3242 2352 3275 etc-5M:
2361 3248 2531 3275 pereum

1458 3281 1644 3307 universalem.
2277 3281 2282 3285 '

1456 3312 2444 3383 nabsslnffffiffssussg„¹2²„223322‘32‘542112.{xass‘ffi'iu‘tgffrnfss‘ssiifd
2457 3318 2531 3373 3¹⁰⁸

1510 3387 1539 3420 π)
1555 3387 1687 3413 ScIentt'ae
1702 3389 1841 3412 vocantur.
1850 3400 1871 3406 -
1885 3386 1906 3411 Β
1919 3393 1973 3411 om.
1987 3384 2128 3411 sci'enn'ae:
2142 3385 2216 3410 cuius
2232 3384 2291 3410 loeo
2305 3390 2327 3409 s.
2341 3390 2378 3409 m.
2392 3382 2455 3408 DK:
2468 3388 2527 3408 xn-

1454 3423 1561 3452 εἰτίναε,
1581 3421 1686 3452 ΕΜΝΤ,
1705 3429 1732 3455 p.
1747 3429 1782 3446 m.
1795 3421 1843 3446 nl<
1863 3426 1889 3447 et
1907 3429 1929 3446 s.
1943 3429 1979 3446 m.
1994 3421 2030 3446 C:
2049 3419 2203 3446 sententiae.

1508 3458 1533 3492 p)
1547 3458 1608 3483 Non
1623 3457 1730 3491 quidem
1744 3456 1858 3482 etc.-G:
1873 3457 1898 3482 si
1910 3463 1942 3482 ea
1957 3455 2057 3486 vidsss„
2073 3458 2103 3480 ut
2113 3455 2194 3485 Deus,
2205 3454 2270 3488 quia
2277 3453 2390 3480 scientia
2396 3452 2475 3487 sada
2483 3451 2528 3484 (9)

1454 3493 1583 3519 consistat
1601 3498 1663 3519 etc.:
1678 3492 1754 3518 lectio
1774 3499 1826 3517 non
1841 3491 2008 3523 attendenda3
2021 3490 2046 3516 Κ
2061 3498 2163 3516 eston-t
2178 3489 2270 3516 m'di'u.
2284 3489 2309 3515 εἰ
2322 3488 2428 3522 quiden·
2440 3487 2514 3522 qnod
2521 3494 2532 3517 ,-

1455 3529 1481 3560 Q
1497 3536 1550 3554 om.
1566 3535 1618 3553 non
1633 3528 1739 3561 quidem
1754 3534 1799 3556 eo,-
1813 3528 1861 3552 sed
1881 3531 1921 3552 est
1935 3525 2185 3552 mendum-Ceteri
2199 3525 2284 3556 codd„
2298 3531 2353 3550 exc.
2367 3523 2404 3554 R,
2418 3529 2472 3548 om.
2486 3529 2526 3564 co.

1508 3564 1533 3596 σ)
1552 3563 1703 3596 Accn’pimus
1717 3562 1751 3588 de
1763 3562 1838 3588 omni
1857 3568 1930 3588 etc.—
1941 3562 1979 3587 Hx
1999 3561 2032 3587 de
2050 3561 2172 3586 omnibus
2184 3560 2269 3590 vitris,
2285 3565 2353 3592 quae
2364 3560 2427 3584 sunt
2445 3558 2527 3587 tana,-

1455 3598 1612 3629 ADEMNQ:
1631 3598 1703 3631 quod
1721 3598 1776 3623 tale
1794 3597 1837 3622 sit.

2581 334 2588 342 ·
2602 339 2628 354 A:
2644 339 2753 361 sequens.

2579 864 2586 872 ”
2603 862 2638 884 Cf.
2649 863 2700 885 lect.
2712 870 2788 891 xxxvi,

2577 899 2601 915 n.
2613 900 2638 921 u,
2650 898 2672 916 et
2687 898 2735 917 not.
2751 901 2776 919 ο.

2577 925 2589 936 ¹*
2603 931 2628 947 a:
2649 926 2788 950 scantiae...

2578 951 2671 974 nabent.

2578 979 2587 988 ¹
2603 978 2731 1001 Codd.-p:
2747 978 2788 1002 vu.

2576 1006 2663 1028 autem.

2577 1080 2585 1089 '
2605 1085 2620 1101 c
2639 1083 2661 1101 et
2680 1085 2703 1107 p.
2723 1086 2755 1102 m.
2775 1086 2788 1103 ι

2577 1112 2626 1127 om.
2647 1112 2788 1134 cognoscere

2618 1138 2712 1156 sensns.

2577 1499 2586 1507 '
2594 1504 2633 1520 n:
2765 1501 2788 1521 ΙΔ

2576 1526 2601 1547 ee
2669 1526 2780 1549 unionem

2577 1610 2586 1619 ·
2592 1608 2677 1636 coda„
2687 1614 2737 1631 exc.
2744 1615 2770 1635 Q.
2777 1621 2788 1626 -

2574 1635 2693 1684 ΐεεὲϋαυ
2703 1642 2732 1662 q:
2745 1642 2788 1658 au-

2674 1721 2688 1746 Ρ

2573 1819 2584 1831 ’
2599 1825 2627 1842 o:
2648 1819 2775 1848 accipimus
2781 1827 2788 1846 ,⁴

2574 1846 2604 1868 ιΙ.
2623 1845 2710 1869 codd.:
2725 1847 2788 1868 acci-

2570 1872 2788 1928 ξεῗῧσῖἶριῗᾱί

2573 1927 2634 1975 εεέί.
2646 1953 2763 1980 lectaxx,

2573 1987 2613 2005 nn.
2623 1989 2647 2011 4,
2657 1989 2670 2012 5
2685 1980 2788 2008 enom.

2572 2014 2585 2026 ⁶
2598 2020 2642 2037 ox:
2657 2015 2762 2043 quando.

2570 2298 2581 2309 ⁸
2590 2297 2788 2325 Coddaemmo-

2570 2326 2623 2373 ἕξ.
2632 2336 2643 2342 -
2655 2331 2682 2348 o:
2702 2325 2787 2347 :tn-tlt-

2567 2565 2786 2619 {fiztzzmss

2565 2617 2751 2646 unumquodqu-

2567 2670 2577 2681 “
2597 2669 2624 2692 ln
2646 2670 2711 2692 univ.
2732 2675 2782 2692 om.

2566 2702 2590 2718 ιι.
2601 2707 2612 2713 —
2621 2702 2649 2718 o:
2663 2698 2691 2718 ue
2709 2697 2732 2719 n*
2744 2697 2782 2719 in-

2567 2722 2700 2751 temtum.
