2548 4192
184 323 302 350 CCXXX

184 401 258 422 rum
273 401 338 422 esse
353 390 531 431 probabiles
549 389 675 421 conficit
688 389 858 429 Augustini
873 389 1024 419 doctrina.
1036 388 1087 418 Ad
1101 388 1252 427 primum,

185 435 304 476 inquit:
338 449 352 463 ι
374 435 647 475 Respondendum
675 434 816 471 videtur,
845 433 934 473 quod
963 432 1042 462 ordo
1073 431 1253 462 communis

187 492 201 506 »
226 479 375 510 divinitus
398 479 559 510 institutus
582 479 644 508 hoc
667 478 771 515 habet,
796 483 832 507 ut
856 476 1027 515 corporalis
1051 482 1191 506 creatura
1214 475 1253 505 ab

188 536 202 551 >›
226 524 296 564 ipso
321 522 419 565 (Deo)
443 529 610 553 moveatur
639 521 749 561 spiritu
778 520 946 550 mediante.
970 519 1054 550 Dicit
1077 519 1163 550 enim
1186 521 1253 550 Au-

188 581 203 595 »
226 568 371 608 gustinus
394 567 427 597 in
451 567 492 596 III
517 567 555 596 de
579 565 732 596 Trinitate
756 562 871 606 (capite
890 573 933 601 1v,
953 573 1042 594 num.
1064 561 1109 605 9):
1138 563 1253 600 Quem-

189 625 203 639 »
225 611 396 643 admodum
421 620 556 650 corpora
580 610 741 640 crassiora
770 613 800 638 et
823 607 982 648 inferiora
1000 617 1064 647 per
1085 607 1253 638 subtiliora

188 668 203 683 »
227 662 256 686 et
278 656 447 695 superiora
471 652 524 695 (al.
543 650 742 694 potentiora)
766 652 903 692 quodam
934 651 1047 682 ordine
1070 657 1233 692 reguntur
1241 660 1255 690 ;

189 712 203 727 »
226 701 270 730 ita
281 700 387 729 omnia
398 707 533 738 corpora
543 707 606 737 per
615 697 762 736 spiritum
780 697 897 726 vitae...
909 696 1111 726 rationalem.
1127 696 1168 726 Et
1182 696 1253 726 V1-11

189 756 203 771 >0
227 753 320 783 super
344 742 493 773 Genesim
525 741 565 771 ad
586 741 723 771 litteram
751 740 825 770 dicit
849 738 964 782 (capite
986 750 1044 778 xx,
1073 749 1162 770 num.
1187 738 1252 782 39):

189 799 203 814 2»
227 787 324 824 Quod
338 787 425 816 Deus
440 785 640 826 spiritualem
657 789 841 815 creaturam
858 785 1020 824 corporali
1022 785 1222 824 praeposuit.
1235 796 1250 811 »

185 831 282 861 Addit
304 837 394 860 vero:
409 830 521 870 Neque
544 834 650 860 tamen
674 829 816 860 divinam
833 830 1011 869 potentiam
1029 838 1097 859 esse
1111 829 1187 860 huic
1201 839 1253 859 or-

183 875 252 905 dini
273 875 478 915 alligatam...
502 875 534 904 in
559 874 707 914 operibus
730 874 942 904 miraculosis.

250 919 300 948 Ad
324 918 451 949 tertium
475 917 643 948 articulum
672 918 753 948 inter
781 917 893 958 placita
917 917 1139 957 philosophica
1160 917 1252 948 relin-

184 962 270 1003 quit,
295 973 374 993 num
397 963 541 993 animata
564 963 629 993 sint
652 972 787 1002 corpora
817 962 988 992 caelestia:
1018 962 1107 1002 quod
1129 962 1251 992 Dama-

183 1016 298 1037 scenus
327 1012 426 1047 negat
456 1007 487 1037 in
512 1006 553 1036 II
577 1007 658 1037 libro
682 1004 749 1048 (De
772 1005 834 1036 fide
865 1006 1043 1036 orthodoxa
1066 1006 1166 1046 capite
1189 1005 1247 1049 νι),

184 1051 256 1081 licet
292 1051 350 1082 hoc
381 1052 585 1092 Augustinus
614 1050 672 1081 sub
704 1050 799 1081 dubio
830 1051 992 1091 relinquat
1023 1051 1055 1080 in
1087 1050 1129 1080 II
1153 1061 1252 1091 super

186 1095 332 1126 Genesim
356 1095 400 1126 ad
423 1096 562 1126 litteram
586 1093 669 1137 (cap.
689 1104 778 1133 xvn1,
798 1105 829 1125 n.
854 1093 918 1137 38).
943 1094 1064 1124 Eadem
1087 1095 1252 1126 tenebatur

184 1139 381 1170 dubitatione
404 1139 602 1179 Augustinus
618 1139 650 1169 in
666 1138 850 1170 Enchiridio
866 1139 966 1179 capite
982 1148 1071 1177 Lvm,
1089 1149 1177 1169 num.
1201 1141 1248 1170 15.

183 1184 340 1224 Regulam
363 1183 426 1214 hoc
448 1184 521 1214 loco
541 1183 745 1214 constitutam
761 1189 862 1214 servat
875 1183 1018 1224 Aquinas
1033 1183 1114 1214 libro
1131 1184 1157 1214 11
1175 1194 1250 1214 con-

184 1235 230 1258 tra
254 1227 381 1266 Gentes,
406 1228 506 1268 capite
532 1239 591 1258 Lxx
615 1228 647 1258 in
672 1227 753 1258 fine:
777 1228 852 1259 Hoc
871 1233 999 1265 autem,
1024 1228 1109 1268 quod
1131 1228 1249 1259 dictum

184 1277 241 1310 est,
266 1272 423 1313 inquiens,
447 1272 487 1303 de
509 1273 706 1303 animatione
729 1273 821 1310 caeli,
846 1282 909 1303 non
933 1272 1075 1303 diximus
1090 1274 1184 1313 quasi
1198 1283 1249 1304 as-

182 1317 318 1347 serendo
340 1317 514 1348 secundum
524 1317 608 1358 fidei
626 1317 817 1354 doctrinam,
837 1316 881 1347 ad
895 1326 991 1357 quam
1009 1317 1089 1347 nihil
1097 1318 1250 1357 pertinet,

182 1361 249 1391 sive
270 1362 317 1392 sic
345 1362 412 1392 siue
434 1361 531 1392 aliter
560 1361 697 1392 dicatur.
722 1360 1042 1391 Animadversionem
1066 1360 1160 1392 affero
1194 1362 1251 1392 do—

183 1404 312 1435 ctissimi
337 1405 455 1436 Petavii
479 1405 560 1436 libro
583 1405 595 1435 1
618 1405 657 1435 de
678 1404 817 1445 Opificio
839 1415 891 1435 sex
915 1404 1049 1444 dierum,
1072 1405 1173 1445 capite
1190 1415 1249 1445 111,

182 1459 272 1480 num.
298 1450 346 1480 13:
375 1463 389 1478 «
412 1450 502 1487 Quae
528 1459 602 1480 cum
625 1449 668 1480 ita
697 1450 760 1480 sint
783 1447 998 1490 (inquientis),
1024 1449 1114 1479 omni
1144 1449 1251 1480 catho-

184 1506 199 1521 »
220 1494 298 1524 licae
321 1494 483 1525 vetustatis
510 1493 687 1534 patrocinio
712 1493 860 1524 destituta
885 1498 932 1524 est
956 1493 1196 1524 Platonicorum
1220 1501 1251 1525 et

184 1550 199 1564 ι»
222 1538 412 1578 Origenis....
429 1538 483 1568 illa
506 1538 656 1568 fabulam.
674 1538 893 1575 Quamobrem
916 1544 1045 1568 eatenus
1064 1538 1251 1569 sententiam

185 1594 199 1608 ιι
223 1592 314 1613 suam
338 1582 434 1613 edidit
457 1581 646 1623 (Thomas),
672 1588 707 1612 ut
730 1588 875 1612 neutram
905 1581 938 1611 in
963 1588 1085 1622 partem
1108 1592 1250 1622 pronun-

185 1638 199 1652 »
223 1626 341 1657 ciatum
355 1637 421 1657 esse
436 1627 474 1656 ab
489 1626 627 1667 Ecclesia
642 1626 768 1656 dixerit:
785 1635 860 1656 cum
875 1626 1013 1663 Quintae
1034 1626 1155 1667 Synodi
1171 1629 1251 1658 Acta

186 1682 200 1696 ν
222 1671 417 1712 Decretaque
434 1671 472 1701 de
493 1671 630 1711 Origene
653 1680 719 1701 non
745 1676 858 1701 extent.
884 1670 933 1701 De
955 1670 1046 1701 cuius
1069 1677 1176 1702 tamen
1195 1682 1250 1703 au-

186 1725 200 1740 »
224 1715 365 1746 ctoritate
388 1725 424 1746 ac
446 1715 564 1745 iudicio
588 1725 655 1745 non
683 1725 778 1755 posse
806 1715 907 1745 modo
933 1715 1068 1746 dubitari
1099 1715 1249 1747 arbitror:

186 1770 200 1784 »
223 1759 319 1800 idque
341 1766 412 1790 tum
436 1769 472 1790 ex
503 1759 665 1790 Iustiniani
691 1759 825 1800 epistola
846 1766 877 1790 et
899 1759 1168 1790 anathematismis
1191 1760 1248 1791 ibi-

186 1814 200 1828 »
223 1803 296 1834 dem
316 1803 474 1844 expositis,
489 1810 560 1834 tum
583 1813 620 1834 ex
633 1803 805 1844 Nicephori
819 1803 1019 1844 aliorumque
1033 1803 1251 1836 testificatione

185 1858 199 1872 »
222 1848 295 1878 satis
319 1854 478 1887 constare;
506 1847 630 1879 tametsi
653 1858 720 1878 non
744 1857 783 1878 eo
806 1858 927 1889 usque,
953 1854 989 1879 ut
1011 1858 1070 1888 pro
1093 1848 1250 1881 haeretico

185 1903 199 1918 »
222 1892 278 1933 qui
299 1892 386 1922 illam
409 1899 534 1931 asserat,
559 1892 723 1923 habendus
747 1892 933 1924 videntum...
953 1893 988 1922 In
1005 1892 1250 1925 Commentariis

185 1948 200 1962 ³>
223 1936 263 1966 ad
287 1936 404 1967 librum
428 1937 605 1968 secundum
629 1937 668 1967 de
694 1936 781 1967 caelo
801 1934 886 1979 (lect.
901 1935 986 1979 xm),
1010 1937 1094 1968 idem
1113 1937 1166 1968 ille
1181 1949 1251 1969 san-

185 1992 199 2006 »
223 1987 291 2011 ctus
315 1981 459 2012 Thomas
482 1981 571 2019 nihil,
598 1980 657 2011 nisi
681 1980 869 2021 opinionem
885 1981 1060 2012 Aristotelis
1075 1982 1250 2022 explicavit:

185 2035 199 2050 ιν
222 2035 288 2055 ιιοιι
312 2025 390 2066 quid
413 2025 480 2066 ipse
497 2025 634 2064 sentiret,
651 2025 806 2066 exposuit.
823 2027 866 2056 At
886 2025 918 2056 in
941 2025 1043 2066 prima
1056 2033 1143 2066 parte
1158 2027 1252 2058 Sum-

186 2081 200 2095 »
223 2079 293 2100 mae
318 2069 533 2110 Theologicae
558 2068 603 2112 (q.
624 2080 693 2108 Lxx,
713 2076 768 2100 art.
788 2068 853 2113 ιιι),
877 2069 931 2100 ubi
956 2070 1049 2101 latius
1069 2080 1140 2101 eam
1155 2081 1251 2112 quae-

185 2125 200 2139 »
223 2113 359 2144 stionem
383 2120 565 2154 pertractat,
595 2120 700 2154 aperte
723 2124 759 2145 ac
788 2114 854 2145 sine
880 2114 1085 2145 haesitatione
1109 2115 1173 2146 ulla
1196 2125 1251 2147 ne-

183 2170 197 2184 »
220 2164 347 2196 gantem
371 2158 558 2198 opinionem
582 2158 723 2189 adstruit.
753 2156 866 2200 (Num.
897 2157 954 2201 14)
979 2159 1023 2190 Ut
1048 2166 1154 2190 autem
1183 2170 1251 2192 cae-

184 2214 199 2229 »
221 2202 352 2232 lestibus
361 2202 490 2233 orbibus
505 2213 541 2233 ac
555 2202 718 2243 syderibus
733 2202 854 2233 formae
868 2203 942 2234 loco
952 2203 1101 2234 naturalis
1112 2204 1251 2236 animam

184 2259 199 2274 »
222 2246 388 2277 defendere
418 2256 484 2277 non
512 2247 606 2277 habet
630 2246 830 2278 manifestam
853 2247 988 2278 haeresis
1013 2247 1180 2280 invidiam:
1209 2249 1252 2281 ita

185 2303 198 2317 »
222 2291 402 2331 promiscue
426 2300 474 2321 res
502 2300 625 2329 omnes,
645 2291 691 2322 uti
715 2298 840 2330 terram,
856 2301 971 2330 aerem,
986 2302 1114 2333 aquam,
1130 2293 1250 2334 lapides

184 2347 199 2362 »
222 2342 253 2366 et
276 2335 461 2366 huiusmodi
484 2335 615 2376 reliqua,
639 2335 746 2366 anima
770 2342 802 2367 et
824 2345 918 2366 sensu
943 2336 1084 2376 praedita
1107 2347 1173 2368 esse
1192 2348 1251 2378 pu-

185 2392 199 2407 >›
222 2386 286 2410 tare
310 2379 463 2410 haeretica
488 2386 519 2410 et
541 2379 754 2410 abominanda
777 2387 824 2411 est
846 2379 967 2421 opinio.
986 2393 1001 2408 »

249 2423 300 2454 Ad
323 2424 491 2454 articulum
513 2434 595 2462 xxx1,
620 2434 686 2465 quo
710 2424 942 2465 inquirebatur,
964 2426 1016 2456 An
1037 2425 1186 2467 infernus
1210 2428 1252 2458 sit

182 2469 215 2498 in
239 2473 348 2499 centro
371 2468 421 2499 vel
443 2469 530 2499 circa
554 2473 697 2499 centrum
721 2474 846 2507 terrae,
871 2469 1037 2510 Aquinatis
1061 2480 1252 2511 responsum

184 2518 244 2543 est:
273 2525 287 2540 «
305 2512 485 2543 Dicendum
509 2512 644 2551 videtur,
668 2513 829 2553 inquiens,
855 2514 944 2554 quod
969 2514 1059 2545 locus
1080 2515 1193 2546 inferni
1213 2516 1252 2547 sit

187 2569 201 2584 »
223 2556 304 2586 infra
326 2563 451 2587 terram.
475 2556 569 2587 Unde
591 2557 789 2596 Augustinus
814 2557 847 2587 in
874 2557 955 2588 libro
980 2558 1252 2590 Retractationum

187 2613 202 2628 »
225 2600 299 2632 dicit
322 2598 375 2643 (11,
396 2601 496 2641 capite
510 2610 593 2638 xxxv,
613 2610 702 2631 num.
724 2599 768 2643 2):
792 2601 844 2632 De
866 2601 982 2642 inferis
1005 2605 1122 2644 magis,
1147 2609 1183 2635 ut
1206 2605 1251 2635 νί-

187 2658 202 2673 »
224 2645 329 2683 detur,
354 2645 460 2676 dicere
482 2645 657 2676 debuissem
690 2646 775 2686 quod
796 2646 855 2676 sub
873 2647 970 2676 terris
984 2647 1067 2685 sint;
1088 2657 1183 2688 quam
1199 2658 1252 2679 ra-

188 2703 202 2717 »
225 2690 342 2720 tionem
366 2689 500 2721 reddere
530 2699 590 2720 cur
611 2689 669 2720 sub
695 2690 791 2720 terris
810 2699 878 2721 esse
891 2690 1051 2722 dicantur.
1069 2691 1131 2722 Ubi
1145 2698 1252 2724 tamen

188 2747 203 2762 »
226 2733 265 2764 sit
287 2733 446 2773 infernus,
478 2744 518 2764 an
542 2733 621 2764 circa
645 2740 788 2764 centrum
816 2741 914 2765 terrae
946 2735 996 2765 vel
1019 2735 1099 2766 circa
1122 2735 1252 2776 superfi-

188 2792 202 2805 >›
226 2778 325 2816 ciem,
348 2778 427 2808 nihil
452 2778 583 2809 arbitror
606 2778 646 2808 ad
670 2778 847 2809 doctrinam
869 2777 942 2809 fidei
967 2778 1131 2819 pertinere:
1148 2786 1178 2811 et
1201 2790 1252 2811 su-

187 2835 202 2850 »
225 2822 384 2862 perfluum
408 2829 455 2853 est
477 2823 515 2853 de
539 2822 653 2853 talibus
676 2822 846 2861 sollicitari,
870 2823 1038 2854 asserendo
1060 2824 1111 2854 vel
1134 2823 1252 2865 impro—

188 2880 202 2894 »
225 2867 341 2897 bando.
357 2879 371 2894 »
391 2867 496 2898 Locus
512 2867 551 2897 ab
566 2866 747 2907 Augustino
762 2873 943 2898 retractatus
958 2874 1079 2908 prostat
1097 2867 1177 2898 libro
1196 2869 1252 2899 XII

185 2912 232 2942 De
256 2910 369 2942 Genesi
391 2911 431 2941 ad
454 2911 600 2950 litteram,
620 2911 720 2951 capite
747 2921 854 2942 xxxm.
875 2912 944 2942 Hac
968 2911 1007 2942 de
1030 2922 1063 2942 re
1086 2912 1254 2952 opiniones

186 2955 357 2986 hominum
381 2954 474 2986 refert
498 2965 610 2986 omnes
634 2955 755 2986 Doctor
777 2955 947 2996 Angelicus
961 2956 994 2986 in
1014 2956 1068 2993 IV,
1083 2957 1154 2988 dist.
1169 2966 1253 2996 xuv,

187 3010 218 3040 q.
235 3009 288 3037 111,
308 3006 363 3030 art.
390 3010 427 3037 ιι,
443 3010 473 3040 q.
493 3009 549 3038 ιιι,
573 2999 628 3030 ubi
660 2999 839 3039 theologica
861 2999 1010 3040 gravitate
1038 3000 1255 3040 dignissimam

189 3043 365 3074 doctrinam
388 3044 494 3074 tradit:
523 3057 537 3072 α
554 3043 734 3075 Dicendum
757 3045 845 3085 quod
870 3044 949 3075 sicut
968 3045 1166 3085 Augustinus
1181 3045 1256 3076 dicit

191 3100 205 3115 »
229 3086 324 3129 (libro
341 3089 399 3118 XX
415 3088 462 3118 De
478 3088 600 3119 civitate
615 3087 685 3125 Dei,
701 3097 768 3128 cap.
788 3086 867 3130 xvi),
892 3089 925 3119 in
948 3098 1012 3130 qua
1030 3094 1129 3129 parte
1142 3090 1255 3121 mundi

193 3145 206 3159 »
230 3131 379 3172 infernus
401 3133 443 3163 sit
474 3133 557 3163 scire
587 3133 743 3163 neminem
774 3133 935 3170 arbitror,
968 3134 1031 3164 nisi
1053 3134 1106 3164 cui
1127 3134 1257 3166 diuinus

193 3189 207 3203 »
229 3176 362 3216 spiritus
385 3177 547 3207 revelavit.
572 3176 665 3207 Unde
681 3182 711 3207 et
725 3176 896 3217 Gregorius
912 3176 945 3207 in
958 3177 1000 3208 IV
1015 3177 1176 3218 Dialogor.
1192 3176 1256 3221 (ca-

193 3233 207 3247 »
230 3220 294 3260 pite
312 3218 398 3262 an)
423 3230 517 3260 super
539 3220 598 3251 hac
621 3220 806 3261 quaestione
829 3221 1048 3261 interrogatus,
1072 3223 1255 3263 respondet:

194 3277 208 3291 »
230 3264 307 3294 Hac
329 3264 369 3294 de
392 3274 428 3294 re
451 3270 569 3295 temere
595 3265 731 3306 definire
754 3275 816 3296 non
847 3265 961 3296 audeo.
986 3266 1145 3297 Nonnulli
1168 3277 1256 3298 nam-

194 3322 207 3335 »
230 3318 291 3349 que
314 3309 346 3339 in
371 3309 510 3349 quadam
535 3314 697 3339 terrarum
722 3315 821 3349 parte
849 3309 1012 3350 infernum
1037 3320 1106 3342 esse
1122 3316 1256 3351 putaue-

193 3366 206 3379 »
230 3358 328 3383 runt:
350 3353 408 3383 alii
431 3362 506 3383 vero
535 3353 621 3384 hunc
643 3353 701 3384 sub
722 3358 811 3384 terra
828 3363 896 3384 esse
912 3355 1106 3386 existimant.
1121 3355 1162 3386 Et
1177 3355 1257 3387 hanc

194 3410 207 3423 »
231 3396 417 3436 opinionem
441 3397 686 3437 probabiliorem
710 3407 776 3428 esse
800 3398 938 3429 ostendit
958 3398 1133 3439 dupliciter.
1148 3399 1256 3431 Primo

194 3454 207 3468 »
236 3450 272 3470 ex
295 3441 363 3480 ipsa
385 3441 524 3471 nominis
547 3441 679 3479 ratione,
703 3441 747 3472 sic
771 3442 891 3472 dicens:
907 3442 943 3473 Si
959 3443 1076 3474 idcirco
1091 3443 1256 3485 infernum

194 3497 207 3511 »
230 3485 375 3522 dicimus,
400 3486 474 3525 quia
499 3485 638 3527 inferius
662 3487 742 3516 iacet
748 3493 760 3523 ;
783 3486 868 3527 quod
883 3492 971 3517 terra
986 3497 1006 3517 a
1023 3488 1110 3518 caelo
1127 3494 1183 3526 est,
1199 3489 1258 3520 hoc

195 3541 208 3554 »
231 3538 298 3558 esse
329 3529 419 3559 debet
451 3529 600 3570 infernus
631 3540 651 3560 a
675 3535 775 3561 terra.
801 3530 947 3561 Secundo
981 3538 1088 3562 autem
1111 3542 1148 3563 ex
1175 3531 1256 3572 hoc,

197 3586 209 3598 π»
233 3572 320 3611 quod
344 3572 457 3603 dicitur
480 3574 610 3613 Apocal.
629 3574 668 3611 V,
692 3572 735 3615 (v.
764 3573 806 3616 5):
831 3575 933 3606 Nemo
950 3581 1081 3615 poterat
1104 3586 1206 3617 neque
1224 3578 1256 3608 in

195 3628 209 3641 n
234 3616 332 3652 caelo,
358 3626 458 3656 neque
481 3618 513 3646 in
538 3622 642 3654 terra,
668 3627 769 3658 neque
791 3618 902 3649 subtus
925 3624 1046 3650 terram
1069 3621 1198 3660 aperire
1221 3621 1257 3651 li-

197 3672 211 3686 n
234 3658 346 3697 brum;
374 3666 409 3690 ut
431 3660 493 3690 hoc
523 3661 611 3700 quod
636 3660 748 3691 dicitur
772 3661 804 3691 in
829 3661 934 3701 caelo,
959 3662 1108 3694 referatur
1130 3664 1173 3695 ad
1190 3665 1256 3695 An-

931 308 1390 348 DISSERTATIONES
1421 310 1668 348 CRITICAE

1310 399 1325 414 >
1347 388 1438 428 gelos
1446 397 1459 426 ;
1482 389 1544 420 hoc
1572 390 1661 431 quod
1685 390 1799 421 dicitur
1822 391 1855 421 in
1879 397 1974 429 terra,
1999 390 2148 422 referatur
2171 390 2215 421 ad
2237 390 2382 421 homines

1310 443 1325 457 »
1349 433 1489 464 viventes
1513 435 1544 463 in
1570 442 1725 474 corpore;
1747 435 1809 465 hoc
1832 435 1921 475 quod
1936 435 2049 466 dicitur
2063 436 2174 465 subtus
2189 441 2314 473 terram,
2330 445 2379 465 re—

1311 488 1325 502 »
1349 475 1465 507 feratur
1480 478 1524 508 ad
1538 479 1665 509 animas
1679 479 1851 509 existentes
1865 480 1897 509 in
1914 478 2053 520 inferno.
2069 479 2267 519 Augustinus
2283 478 2380 509 etiam

1310 531 1325 546 ›
1347 519 1381 549 in
1401 521 1458 551 XII
1485 532 1579 562 super
1602 522 1717 553 Genesi
1741 523 1782 552 ad
1803 522 1939 553 litteram
1955 521 2071 565 (capite
2085 533 2186 561 xxxiv,
2202 533 2291 554 num.
2310 521 2379 565 66),

1311 575 1326 590 »
1349 564 1427 594 duas
1450 565 1587 596 rationes
1610 573 1737 607 tangere
1759 566 1883 597 videtur
1904 577 2001 608 quare
2025 577 2204 607 congruum
2225 567 2274 606 sit,
2289 567 2380 608 quod

1310 619 1325 634 2»
1347 607 1490 640 infernus
1513 609 1553 640 sit
1575 611 1634 641 sub
1657 617 1748 642 terra.
1772 611 1845 641 Una
1860 617 1917 649 est,
1935 617 1970 642 ut
1986 612 2136 652 quoniam
2151 611 2378 652 defunctorum

1309 663 1326 683 ,²⁵
1347 653 1477 683 animae
1499 663 1611 685 amore
1633 656 1743 686 carnis
1759 661 1994 695 peccaverunt,
2019 656 2079 686 hoc
2101 656 2146 686 eis
2170 656 2376 693 exhibeatur,

1311 707 1326 722 2>
1348 697 1433 736 quod
1456 698 1517 737 ipsi
1540 699 1634 728 carni
1656 704 1804 729 mortuae
1816 699 1897 729 solet
1911 699 2064 737 exhiberi,
2080 700 2200 730 scilicet
2213 700 2272 730 sub
2287 705 2377 730 terra

1310 752 1326 767 »
1348 741 1577 772 recondantur.
1602 742 1675 772 Alia
1697 749 1754 781 est,
1779 743 1869 783 quod
1892 743 1973 774 sicut
1996 750 2042 774 est
2064 743 2197 783 gravitas
2215 743 2249 774 in
2264 754 2379 784 corpo-

1310 795 1324 810 »
1347 783 1452 822 ribus,
1475 784 1519 815 ita
1540 785 1663 816 tristitia
1692 786 1725 817 in
1750 786 1921 826 spiritibus;
1945 794 1976 817 et
1997 787 2130 826 laetitia,
2155 787 2236 818 sicut
2257 787 2379 819 levitas.

1310 839 1325 854 »
1348 827 1441 858 Unde
1463 829 1546 860 sicut
1576 830 1751 861 secundum
1776 840 1910 870 corpus,
1934 832 1963 862 si
1979 831 2136 871 ponderis
2157 832 2210 862 sui
2231 831 2376 862 ordinem

1309 883 1324 898 ›
1347 876 1492 910 teneant,
1517 873 1677 915 inferiora
1705 879 1782 904 sunt
1803 875 1912 904 omnia
1935 876 2109 915 graviora:
2132 876 2177 906 ita
2200 875 2377 906 secundum

1309 928 1324 943 1·
1345 916 1512 956 spiritum,
1546 917 1706 958 inferiora
1737 923 1814 949 sunt
1845 918 1953 949 omnia
1986 919 2141 949 tristiora.
2165 919 2207 949 Et
2229 919 2274 949 sic
2297 919 2379 950 sicut

1309 972 1323 986 ²
1347 961 1538 991 conveniens
1568 962 1659 992 locus
1687 961 1805 1002 gaudio
1835 962 2008 992 electorum
2039 969 2086 993 est
2114 962 2237 993 caelum
2268 973 2379 1004 empy-

1308 1016 1322 1030 ›
1346 1014 1447 1044 reum,
1470 1005 1514 1036 ita
1538 1006 1730 1036 conveniens
1752 1006 1844 1037 locus
1867 1006 2008 1037 tristitiae
2025 1006 2249 1037 damnatorum
2271 1013 2318 1037 est
2331 1007 2379 1037 in-

1307 1060 1322 1074 »
1344 1047 1459 1079 fimum
1483 1056 1590 1081 terrae.
1614 1051 1680 1081 Nec
1704 1050 1797 1081 debet
1819 1051 1960 1089 m'overe,
1984 1051 2073 1092 quod
2097 1050 2296 1090 Augustinus
2318 1050 2379 1082 ibi-

1307 1105 1322 1119 »
1345 1093 1419 1123 dem
1442 1094 1516 1125 dicit
1539 1093 1622 1137 (cap.
1645 1105 1750 1134 xxxm,
1770 1104 1860 1125 num.
1877 1093 1951 1136 62):
1975 1095 2070 1132 Quod
2087 1094 2188 1135 inferi
2209 1095 2268 1126 sub
2282 1096 2383 1126 terris

1307 1149 1321 1163 »
1345 1147 1413 1168 esse
1435 1138 1588 1170 dicuntur
1610 1139 1660 1169 vel
1684 1139 1870 1177 creduntur;
1903 1139 1979 1180 quia
2001 1146 2037 1170 ut
2059 1139 2093 1170 in
2125 1139 2206 1170 libro
2231 1137 2288 1182 (11)
2317 1140 2380 1170 Re—

1307 1193 1321 1208 »
1344 1188 1430 1212 tract.
1456 1181 1572 1224 (capite
1594 1182 1680 1226 xxiv)
1712 1183 1774 1214 hoc
1796 1190 1976 1222 retractans,
2000 1183 2088 1214 dicit:
2109 1184 2194 1214 Mihi
2207 1183 2318 1214 videor
2330 1184 2378 1214 di-

1307 1237 1321 1252 »
1344 1235 1416 1257 cere
1438 1227 1584 1258 debuisse
1606 1229 1723 1269 magis,
1748 1228 1833 1269 quod
1854 1228 1914 1259 sub
1937 1229 2033 1259 terris
2055 1233 2131 1258 sunt
2150 1227 2259 1268 inferi,
2279 1237 2379 1268 quam

1307 1281 1321 1296 ι·
1344 1271 1501 1302 rationem
1525 1272 1660 1303 reddere
1683 1282 1743 1303 cur
1764 1272 1823 1304 sub
1847 1273 1943 1303 terris
1966 1281 2035 1303 esse
2055 1272 2208 1303 dicantur
2226 1272 2294 1302 siue
2309 1282 2378 1303 cre·

1307 1326 1322 1341 »
1344 1314 1474 1346 dantur.
1500 1316 1641 1354 Quidam
1664 1323 1770 1348 tamen
1798 1316 1983 1357 philosophi
2006 1322 2193 1356 posuerunt,
2217 1316 2307 1357 quod
2328 1316 2379 1346 lo·

1307 1370 1322 1385 ν
1346 1369 1400 1389 cus
1423 1359 1536 1390 inferni
1561 1360 1618 1391 erit
1640 1361 1699 1392 sub
1722 1361 1798 1393 orbe
1821 1362 1925 1392 tristi:
1953 1368 2059 1392 tamen
2083 1370 2179 1401 supra
2201 1366 2300 1390 terrae
2323 1370 2379 1391 su-

1307 1414 1322 1429 »
1345 1402 1525 1443 perficiem,
1549 1414 1587 1436 ex
1609 1411 1696 1445 parte
1721 1405 1870 1446 opposita
1892 1405 1995 1436 nobis.
2008 1428 2016 1436 .
2029 1427 2058 1435 ..
2082 1404 2276 1446 Pythagoras
2299 1414 2380 1436 vero

1308 1459 1322 1473 »
1345 1447 1454 1488 posuit
1467 1448 1578 1479 locum
1592 1459 1771 1489 poenarum
1787 1450 1820 1480 in
1836 1450 1975 1490 sphaera
1990 1450 2087 1490 ignis,
2106 1458 2205 1490 quam
2220 1448 2254 1478 in
2268 1448 2380 1479 medio

1307 1502 1322 1517 ›
1344 1491 1442 1522 totius
1465 1492 1551 1523 orbis
1574 1503 1640 1524 esse
1664 1493 1749 1532 dicit,
1773 1499 1810 1526 ut
1832 1500 1918 1534 patet
1949 1503 2005 1534 per
2031 1492 2268 1534 Philosophum
2291 1493 2325 1523 in
2349 1493 2376 1524 11

1308 1547 1322 1562 »
1344 1535 1393 1566 De
1417 1536 1504 1567 caelo
1529 1543 1560 1568 et
1581 1537 1716 1568 mundo.
1734 1537 1797 1569 Sed
1819 1543 1927 1569 tamen
1951 1537 2190 1568 convenientius
2212 1536 2273 1576 his,
2294 1547 2382 1578 quae

1307 1591 1322 1607 »
1344 1579 1378 1610 in
1393 1579 1554 1621 Scriptura
1577 1581 1740 1620 dicuntur,
1765 1588 1812 1613 est
1835 1588 1871 1612 ut
1898 1582 1959 1613 sub
1982 1589 2063 1612 terra
2095 1591 2162 1612 esse
2185 1581 2339 1612 dicantur.
2358 1593 2374 1608 »

1305 1624 1462 1664 Regulam
1485 1631 1609 1665 praesto
1633 1625 1746 1664 habes,
1778 1636 1842 1668 qua
1865 1625 2020 1656 iudicium
2045 1625 2125 1656 feras
2149 1625 2189 1655 de
2213 1625 2383 1656 Swindero

1303 1668 1422 1709 Anglo,
1445 1675 1603 1700 vetustam
1625 1669 1819 1703 instaurante
1843 1669 2107 1710 excogitationem
2135 1679 2171 1700 ac
2194 1668 2307 1699 inferni
2330 1669 2382 1700 lo·

1305 1723 1380 1744 cum
1402 1713 1435 1744 in
1458 1713 1526 1744 sole
1548 1721 1730 1755 reponente.
2290 1748 2292 1750 ,

1371 1757 1410 1788 V.
1436 1757 1569 1789 Ioannes
1593 1759 1632 1789 de
1655 1758 1821 1797 Vercellis,
1846 1759 1897 1789 cui
1920 1764 2144 1799 nuncupatum
2171 1757 2378 1798 opusculum

1305 1808 1367 1840 est,
1391 1811 1457 1843 quo
1481 1802 1520 1832 de
1543 1802 1678 1843 agimus,
1703 1803 1891 1834 Generalem
1919 1802 2014 1843 gessit
2036 1801 2294 1833 Praedicatorum
2316 1801 2382 1833 Or·

1305 1845 1386 1876 dinis
1409 1846 1641 1878 Praefecturam
1664 1847 1703 1878 ab
1727 1857 1812 1878 anno
1842 1848 1925 1886 1264
1957 1847 1997 1877 ad
2020 1856 2142 1877 annum
2170 1846 2263 1878 1283.
2287 1845 2377 1877 ‘rho-

1305 1900 1376 1921 mae
1398 1890 1552 1932 Aquinati
1574 1891 1673 1922 vitam
1696 1891 1799 1931 agenti
1823 1901 1859 1922 ac
1889 1898 1963 1931 post
1991 1890 2117 1922 obitum
2144 1890 2378 1923 addictissimus

1305 1934 1382 1966 fuit:
1407 1935 1539 1976 eiusque
1562 1935 1740 1967 doctrinam
1762 1935 1926 1976 promovit
1949 1945 2007 1976 pro
2031 1934 2161 1966 viribus.
2186 1934 2221 1965 In
2238 1934 2376 1966 Genera·

1304 1978 1388 2010 libus
1412 1979 1559 2011 Comitiis
1582 1979 1885 2018 Mediolanensibus,
1900 1989 1986 2010 anno
2011 1978 2092 2020 1278
2110 1978 2282 2017 celebratis,
2298 1977 2381 2010 haec

1305 2023 1461 2054 habentur
1491 2024 1578 2064 apud
1610 2024 1792 2055 Echardum
1821 2024 1855 2055 in
1879 2023 1994 2064 Elogio
2018 2023 2162 2054 eiusdem
2193 2022 2321 2054 loannis
2343 2029 2381 2054 et

1305 2067 1488 2109 Raymundi
1519 2068 1557 2099 de
1587 2068 1783 2099 Medullione
1813 2075 1844 2099 et
1867 2068 1954 2108 apud
1984 2068 2124 2099 Martene
2147 2067 2181 2098 in
2209 2067 2379 2098 Thesauro

1304 2112 1546 2143 Anecdotorum
1569 2118 1660 2143 tomo
1685 2112 1739 2150 lv,
1758 2122 1848 2144 num.
1875 2119 1923 2152 19:
1942 2112 2024 2143 Item
2048 2113 2250 2153 iniungimus
2267 2111 2383 2142 distri-

1305 2162 1354 2187 cte
1367 2156 1420 2197 fr.
1439 2157 1636 2198 Raymundo
1659 2157 1700 2188 de
1722 2157 1922 2188 Medullione
1943 2161 1975 2187 et
1986 2155 2041 2197 fr.
2065 2155 2184 2187 Ioanni
2212 2155 2378 2196 Viget-osi,

1305 2201 1390 2242 quod
1412 2211 1483 2232 cum
1499 2200 1715 2242 festinatione
1737 2201 1858 2232 vadant
1881 2201 1914 2231 in
1937 2200 2104 2242 Angliam,
2129 2200 2315 2241 inquisituri
2327 2199 2383 2231 dn·-

1305 2246 1446 2286 ligenter
1467 2255 1566 2286 super
1577 2245 1675 2287 sacto
1689 2245 1861 2287 fratrum,
1886 2246 1942 2286 qui
1965 2245 1998 2275 in
2025 2244 2216 2276 scandalum
2243 2243 2380 2276 Ordinis

1305 2290 1345 2320 de
1367 2291 1494 2330 scriptis
1517 2290 1709 2321 venerabilis
1722 2290 1775 2332 fr.
1806 2290 1945 2320 nomae
1967 2289 2008 2320 de
2028 2290 2156 2330 Aquino
2179 2287 2388 2330 (detraxisse-

1305 2334 1484 2375 dicuntur).
1513 2334 1637 2372 Quibus
1659 2344 1702 2365 ex
1724 2344 1811 2366 nunc
1823 2334 1956 2374 plenam
1971 2333 2087 2365 damus
2101 2333 2326 2364 auctoritatem
2341 2333 2376 2364 in

1305 2379 1409 2419 capite
1431 2384 1462 2409 et
1484 2379 1517 2409 in
1542 2379 1707 2410 membris:
1736 2380 1792 2420 qui
1819 2387 1899 2419 quos
1931 2378 2106 2419 culpabiles
2138 2377 2319 2409 invenerint
2341 2377 2381 2408 in

1298 2422 1497 2463 praedictis,
1519 2423 1698 2464 puniendi,
1728 2428 1823 2454 extra
1840 2423 2044 2464 provinciam
2068 2421 2248 2459 emittendi,
2273 2425 2304 2452 et
2326 2420 2380 2463 qs-

1295 2464 1379 2508 ficio
1402 2467 1578 2508 privandi,
1607 2468 1740 2508 plenam
1763 2467 1902 2499 habeant
1918 2472 2118 2508 potestatem.
2147 2466 2235 2497 Haec
2257 2465 2319 2496 alia
2339 2465 2377 2496 in

1306 2511 1512 2543 Generalibus
1527 2512 1675 2543 Parisinis
1690 2511 1838 2544 Comitiis
1853 2512 1915 2542 lata
1930 2511 1990 2543 fuit
2005 2510 2164 2542 ordinatio
2179 2520 2265 2541 anno
2281 2519 2382 2551 1279,

1305 2566 1395 2587 num.
1421 2563 1477 2598 17:
1502 2556 1584 2587 Item
1608 2567 1680 2588 cum
1704 2556 1896 2588 venerabilis
1919 2557 1970 2587 vir
1991 2556 2166 2586 memoriae
2187 2553 2388 2586 recolendae

1297 2600 1349 2641 fr.
1379 2601 1516 2631 Thomas
1537 2601 1578 2631 de
1599 2602 1727 2642 Aquino
1745 2610 1805 2632 sua
1825 2601 2067 2632 conversatione
2079 2599 2236 2630 laudabili
2254 2604 2286 2630 et
2297 2599 2381 2630 scri-

1299 2646 1368 2685 ptis
1389 2645 1458 2675 suis
1481 2645 1617 2675 multum
1640 2645 1848 2676 honoraverit
1866 2643 2045 2681 Ordinem,·
2060 2653 2119 2675 nec
2131 2644 2174 2674 sit
2190 2642 2384 2684 aliqualiter

1306 2688 1521 2726 tolerandum,
1546 2689 1632 2729 quod
1653 2689 1694 2720 de
1717 2690 1784 2729 ipso
1808 2689 1859 2720 vel
1879 2689 2008 2728 scriptis
2029 2688 2098 2718 suis
2128 2687 2230 2728 aliqui
2257 2687 2377 2717 irreve-

1306 2737 1417 2763 renter
1440 2733 1630 2772 loquantur,
1648 2733 1743 2764 etiam
1760 2733 1857 2763 aliter
1870 2733 2054 2763 sentientes:
2069 2731 2271 2772 iniungimus
2283 2730 2376 2761 Pn‘o-
2396 2747 2397 2750 =

1307 2776 1673 2808 ribus-Prouincialibus
1695 2781 1726 2808 et
1751 2775 2024 2807 conventualibus
2047 2780 2077 2806 et
2100 2784 2210 2806 eorum
2241 2774 2386 2806 Vicariis·

1307 2830 1347 2851 ac
1375 2820 1595 2851 Visitatoribus
1619 2821 1794 2858 uniuersis,
1818 2820 1904 2861 quod
1925 2821 1954 2851 si
1977 2829 2056 2860 quos
2078 2820 2260 2850 inuenerint
2283 2828 2379 2850 exce-

1307 2865 1384 2896 dere
1407 2865 1439 2895 in
1458 2864 1645 2905 praedictis,
1663 2866 1786 2906 punire
1807 2865 1929 2896 acriter
1952 2873 2015 2895 non
2033 2868 2239 2904 postponant.
2394 2897 2398 2900 .

1374 2909 1462 2940 Haec
1485 2908 1701 2940 Comitiorum
1725 2915 1867 2949 excerpta
1883 2919 1958 2940 cum
1973 2918 1991 2939 a
2006 2908 2122 2939 Iacobo
2140 2906 2272 2945 Quetifo
2289 2915 2375 2938 acce-

1308 2953 1405 2994 pisset
1427 2952 1580 2984 Ricardus
1603 2953 1782 2991 Simonius,
1807 2953 1919 2984 criticis
1942 2953 1981 2984 ab
2011 2952 2082 2994 ipso
2105 2952 2139 2983 in
2162 2961 2248 2982 sacra
2274 2951 2377 2982 Biblia

1309 2997 1498 3028 elucubratis
1521 2997 1671 3038 operibus
1694 2997 1900 3036 notissimus,
1923 3006 2031 3028 coram
2054 2997 2224 3037 palamque
2246 2996 2390 3036 vulgum--

1309 3042 1388 3072 dum
1411 3051 1428 3072 e
1451 3051 1483 3072 re
1508 3051 1565 3072 sua
1590 3041 1711 3076 censuit
1732 3042 1837 3073 sancti
1865 3042 2003 3072 Thomae
2024 3041 2204 3072 doctrinam
2227 3049 2331 3082 aegre
2344 3041 2391 3071 in-

1308 3086 1425 3118 scholis
1447 3086 1566 3117 nostris
1582 3086 1818 3127 praevaluisse.
1843 3086 1931 3117 Haec
1954 3086 2048 3116 habet
2071 3085 2123 3116 ille
2147 3085 2206 3116 sub
2225 3084 2393 3116 ementito·

1309 3129 1440 3161 nomine
1463 3130 1629 3168 Sainiorii,
1649 3130 1682 3161 in
1697 3130 1893 3161 Bibliotheca
1907 3130 2012 3161 critica
2026 3136 2118 3161 tomo
2135 3129 2174 3168 11,
2191 3129 2292 3170 capite
2307 3138 2379 3160 xxv.

1309 3173 1424 3206 Livido
1456 3174 1578 3214 legebat
1600 3174 1653 3205 ille
1677 3175 1773 3205 oculo
1800 3174 2019 3205 Comitiorum
2045 3180 2230 3205 nostrorum
2259 3172 2378 3204 edicta:

1310 3228 1391 3260 quae
1415 3218 1525 3260 utique
1548 3219 1690 3260 produnt
1713 3219 1836 3249 sodales
1856 3219 1980 3260 aliquos
2001 3218 2162 3250 doctrinae
2176 3216 2273 3248 sancti
2288 3215 2391 3248 Tho-2

1310 3272 1381 3294 mae
1404 3263 1582 3294 obluctatus
1602 3262 1716 3302 fuisse3
1733 3263 1892 3304 simulque
1915 3262 2108 3303 patefaciunt
2127 3262 2166 3293 ad
2182 3261 2307 3302 frugem
2321 3269 2379 3291 eos

1311 3307 1464 3338 continuo
1487 3317 1628 3339 reversos
1651 3317 1728 3338 esse.

1378 3352 1455 3382 Lata
1478 3362 1562 3383 anno
1592 3361 1673 3394 ¹²77
1705 3361 1723 3382 a
1745 3351 1906 3392 Stephano
1929 3350 2082 3392 Tempier
2102 3348 2269 3381 Pariaieusi
2287 3346 2378 3379 Anti-

1311 3395 1381 3427 stite
1411 3405 1542 3427 censura
1570 3395 1603 3426 in
1631 3395 1737 3436 plures
1767 3395 1934 3434 articulos,
1964 3395 2138 3436 eademque
2166 3394 2200 3425 in
2222 3391 2337 3432 Anglin
2359 3400 2377 3422 ⁸

1311 3440 1451 3471 Roberto
1475 3440 1514 3471 de
1536 3440 1731 3471 Kildwardbi
1754 3439 2003 3480 Archiepiscopo
2027 3436 2244 3470 cantuariensi
2263 3433 2377 3467 confir-

1310 3491 1413 3523 mata,
1437 3494 1547 3516 ansam
1577 3484 1711 3515 aemulis
1740 3484 1932 3526 quibusdam
1962 3482 2123 3525 praebuit,
2151 3487 2188 3512 ut
2215 3479 2335 3520 aliquas
2358 3489 2378 3509 a

1310 3528 1439 3560 Thoma
1461 3529 1564 3560 theses
1588 3535 1814 3569 propugnatas,
1836 3528 1935 3559 veluti
1958 3536 2106 3559 censurae
2129 3523 2281 3574 obnoxias
2303 3522 2373 3553 vul·

1310 3579 1428 3612 garent.
1449 3573 1484 3604 In
1507 3579 1610 3613 partes
1633 3573 1720 3604 tracti
1744 3572 1831 3604 fuere
1863 3571 1986 3603 sodales
2015 3569 2132 3608 nostri,
2162 3577 2255 3609 pauci
2286 3573 2378 3608 petu-

1310 3616 1491 3658 lantesque:
1508 3626 1591 3658 quos
1606 3617 1692 3657 gravi
1708 3626 1813 3657 poena
1827 3614 2002 3653 coercendi,
2012 3614 2046 3645 ni
2060 3612 2284 3653 resipiscerent,
2296 3610 2377 3642 facta

1311 3660 1499 3691 Medullioni
1522 3667 1552 3691 et
1568 3660 1726 3700 Vigoroso
1747 3659 1887 3691 facultas.
1904 3658 2068 3690 Continuo
2085 3655 2277 3698 acquievisse
2291 3655 2389 3693 illos„
