2548 4192
1196 357 1409 421 DIVI

136 507 1093 666 THOMAE
1227 531 2376 692 AQUINATIS

812 789 1292 843 DOCTORIS
1343 790 1776 843 ANGELICI

487 950 596 1034 IN
657 950 1054 1034 LIBROS
1117 952 1359 1033 PERI
1419 949 2120 1033 HERMENEIAS

1095 1131 1305 1183 EXPO
1313 1130 1515 1183 SITIO

994 1289 1611 1317 ——w--ssmz—-Q—

752 1431 1169 1487 EPISTOLA
1206 1430 1856 1487 NUNCUPATORIA

846 1713 1040 1745 DILECTO
1065 1713 1141 1745 SIBI
1165 1713 1436 1745 PRAEPOSITO
1461 1710 1477 1725 α
1502 1713 1760 1745 LOVANIENSI

599 1840 983 1905 FRATER
1029 1840 1438 1905 THOMAS
1488 1840 1618 1904 DE
1663 1840 2051 1924 AQUINO

932 1998 1079 2020 SALUTEM
1092 1998 1135 2020 ET
1151 1998 1254 2020 VERAE
1270 1998 1458 2021 SAPIENTIAE
1473 1998 1677 2020 INCREMENTA

413 2169 745 2239 fiailigentiae
774 2179 912 2237 tuae,
943 2189 1046 2237 qua
1076 2170 1127 2220 in
1158 2167 1365 2219 iuvenili
1405 2178 1572 2219 aetate
1613 2186 1718 2218 non
1758 2168 1967 2218 vanitati
1999 2169 2092 2219 sed
2120 2167 2401 2235 sapientiae

299 2287 406 2341 {0⁷⁸⁹
461 2252 727 2327 intendis,
761 2258 932 2310 studio
965 2268 1294 2326 provocatus,
1326 2268 1376 2308 et
1401 2258 1661 2309 desiderio
1694 2256 1984 2308 satisfacere
2013 2258 2240 2326 cupiens>
2268 2258 2399 2308 libro

244 2325 816 2420 &AristoteliQ
858 2347 945 2414 qui
993 2347 1110 2397 Peri
1159 2346 1483 2397 hermeneias
1529 2345 1735 2413 dicitur,
1788 2345 1957 2396 multis
2004 2345 2402 2397 obscuritatibus

206 2434 484 2503 involut1³‚
513 2434 643 2485 inter
669 2435 976 2502 multiplices
1005 2434 1406 2502 occupationum
1445 2454 1676 2487 mearum
1711 2435 2096 2503 sollicitudineS‚
2125 2436 2401 2502 expositio-

206 2542 328 2574 nem
366 2523 616 2575 adhibere
661 2523 859 2590 curavi,
896 2523 998 2573 hoc
1036 2543 1226 2591 gerens
1266 2524 1316 2574 in
1357 2523 1529 2574 animo
1571 2524 1643 2574 sic
1682 2523 1862 2574 altiora
1905 2543 2000 2591 pro
2041 2544 2198 2591 posse
2238 2523 2401 2591 perfe-

207 2610 454 2662 ctioribus
495 2610 772 2679 exhibere,
817 2621 871 2662 ut
917 2621 1088 2662 tamen
1133 2611 1420 2662 iunioribus
1467 2611 1777 2679 proficiendi
1823 2611 2006 2663 auxilia
2050 2613 2252 2663 tradere
2296 2632 2401 2663 non

206 2719 458 2752 recusem.
513 2700 774 2768 Suscipiat
821 2720 947 2768 ergo
1001 2699 1299 2752 studiositas
1348 2711 1435 2751 tua
1489 2702 1774 2768 praesentis
1831 2702 2164 2768 expositionis
2216 2721 2400 2752 munus

210 2789 479 2857 exiguum,
522 2809 586 2840 ex
623 2809 729 2855 quo
770 2789 811 2839 si
850 2788 1154 2856 profeceris,
1195 2808 1484 2855 provocare
1524 2809 1606 2840 me
1650 2789 1842 2856 poteris
1881 2789 1947 2840 ad
1988 2790 2191 2840 maiora.

263 2988 289 3024 α)
313 2985 439 3015 Dilecto
465 2985 525 3015 sibi
553 2986 739 3025 Praeposito
770 2992 827 3015 etc.
852 3003 870 3008 -
896 2985 977 3016 Cod.
998 2986 1039 3015 B:
1069 2986 1195 3016 Dilecto
1222 2986 1282 3016 sibi
1338 2986 1411 3015 dam
1435 2985 1537 3015 Edit.:
1569 2998 1583 3013 ‹<
1604 2986 1815 3026 Quanquam,
1841 2986 1960 3025 inquit,
1986 2985 2085 3014 multa
2114 2984 2175 3014 sint
2204 2984 2400 3021 Aristotelis,

209 3028 375 3069 Proposito
399 3027 450 3070 (et
467 3029 510 3059 ita
528 3027 577 3070 A)
601 3030 795 3059 Lovaniensi
823 3030 960 3060 Thomas
983 3037 1041 3060 etc.
1339 3042 1352 3056 »
1376 3040 1458 3070 quae
1482 3029 1685 3060 subtilissima
1716 3030 1936 3069 philosophiae
1960 3036 2023 3059 arte
2048 3029 2144 3058 celata
2168 3034 2241 3058 sunt
2248 3036 2260 3065 ;
2283 3028 2333 3058 hic
2357 3035 2399 3059 ta—

263 3075 288 3111 β)
312 3073 428 3103 Multis
451 3073 695 3103 obscuritatibus
714 3074 864 3104 involuto.
887 3073 1100 3104 Consentiunt
1117 3084 1280 3104 commen·
1338 3086 1352 3099 >v
1376 3084 1449 3103 men
1474 3080 1545 3103 ante
1574 3074 1682 3103 omnia
1712 3074 1789 3103 liber
1820 3074 1912 3103 nimis
1941 3080 1971 3103 et
2001 3072 2146 3102 acumine
2175 3072 2400 3102 sententiarum

209 3116 372 3148 tatoresin
386 3116 445 3147 hac
461 3117 639 3147 s.Thomae
657 3117 809 3148 sententia
825 3118 932 3158 quoad
947 3118 1172 3148 obscuritatem
1185 3118 1280 3148 huius
1338 3129 1351 3143 »
1376 3125 1406 3148 et
1432 3118 1603 3147 verborum
1634 3118 1782 3147 brevitate
1811 3117 1997 3147 constrictus
2031 3124 2085 3147 est.
2110 3129 2124 3144 »
2151 3117 2271 3146 Eadem
2303 3116 2400 3146 ferme

209 3162 376 3191 Tractatus
399 3160 585 3191 Aristotelis.
610 3174 624 3188 e:
642 3161 757 3200 Magna
781 3161 922 3201 quidem,
947 3163 1047 3202 inquit
1070 3162 1223 3192 Boethius
1247 3163 1278 3192 in
1335 3168 1497 3191 notaverat
1534 3168 1605 3191 ante
1639 3162 1810 3192 Boethium
1848 3161 2039 3191 Ammonius
2076 3161 2108 3190 in
2144 3160 2335 3200 praefatione
2367 3161 2400 3190 in

212 3219 226 3232 »
250 3205 382 3235 exordio
401 3204 423 3234 I
438 3205 597 3235 Editionis
621 3206 653 3235 in
670 3205 721 3235 lib.
740 3206 762 3235 I
780 3206 1071 3242 Perfflermeneias,
1092 3206 1160 3235 libri
1184 3206 1279 3235 huius
1334 3205 1420 3235 hunc
1449 3205 1518 3235 Peri
1548 3205 1743 3235 hermeneias
1771 3206 1904 3235 librum:
1935 3218 1949 3232 «
1970 3205 2127 3242 Celebris,
2160 3206 2279 3244 inquit,
2315 3204 2399 3244 apud

212 3262 226 3277 »
249 3249 335 3289 apud
358 3248 597 3288 Peripateticam
614 3256 731 3279 sectam
746 3250 898 3289 probatur
913 3250 1092 3280 auctoritas.
1112 3250 1173 3279 Hic
1190 3260 1280 3279 nam-
1337 3262 1351 3276 »
1374 3249 1586 3289 philosophos
1611 3260 1667 3279 nec
1691 3260 1853 3289 quaquam
1877 3249 2023 3288 ignobilis
2043 3249 2218 3278 Aristotelis
2236 3249 2287 3278 De
2303 3249 2399 3278 inter-

212 3307 227 3321 »
250 3303 312 3334 que
335 3292 519 3323 Aristoteles
543 3292 736 3332 simplicium
759 3293 1019 3333 propositionum
1042 3300 1187 3324 naturam
1212 3294 1279 3323 dili·
1336 3306 1350 3319 »
1369 3294 1552 3332 pretatione
1575 3292 1652 3323 liber
1676 3301 1737 3331 est,
1762 3300 1831 3323 tum
1855 3300 2096 3333 praeceptorum
2119 3303 2200 3333 quae
2224 3292 2255 3321 in
2280 3302 2318 3321 eo
2339 3299 2398 3321 tra-

213 3351 227 3365 »
250 3344 358 3377 genter
386 3336 562 3374 examinat,
591 3337 646 3366 sed
677 3337 744 3367 eius
773 3337 865 3367 series
895 3337 1080 3377 scrupulosa
1108 3337 1280 3376 impeditur
1336 3350 1350 3363 »
1374 3337 1492 3366 duntur
1516 3336 1709 3375 frequentia,
1734 3344 1804 3367 tum
1832 3337 1978 3367 dictionis
2009 3336 2207 3366 difficultate:
2235 3335 2297 3371 τῆς
2325 3335 2397 3378 περὶ

214 3395 227 3409 >›
252 3382 379 3419 semita,
404 3388 434 3411 et
458 3380 646 3411 sublimibus
670 3391 775 3420 pressa
805 3381 982 3418 sententiis,
1014 3381 1136 3411 aditum
1165 3381 1277 3410 intelli-
1335 3394 1349 3407 »
1373 3378 1437 3414 τήν
1453 3378 1542 3419 λέξιν
1559 3375 1750 3415 δυσκολίας.
1764 3393 1776 3406 »
1801 3379 1973 3422 (Venetiis‚
1992 3381 2040 3410 ed.
2060 3390 2159 3420 graec.
2180 3380 2253 3410 Aldi
2268 3380 2314 3410 Pii
2333 3381 2398 3410 Ma-

212 3439 227 3453 »
250 3426 375 3466 gentiae'
399 3425 524 3455 facilem
547 3435 613 3454 non
637 3424 795 3465 relinquit.
810 3437 824 3451 ›>
847 3425 887 3454 Et
900 3424 933 3454 in
953 3425 1088 3464 prologo
1108 3424 1147 3454 ad
1167 3434 1279 3454 secun-
1304 3405 1307 3471 Ι
1332 3425 1426 3461 nutii,
1458 3423 1567 3466 1503).

1224 3540 1385 3593 *5315*
