2788 4204
69 385 79 393 ⁴*
87 390 164 406 uena·
171 390 199 405 κ
206 384 285 411 aequi—

65 410 190 438 pollentia.
198 421 208 425 -
216 416 230 431 Α
239 418 244 431 z
260 410 285 431 in

70 443 114 484 Ziza.
124 436 286 464 aequipollen-

97 602 106 611 ·
115 601 150 623 Cf.
157 601 209 622 lect.
218 607 284 628 prae-

70 627 128 654 ced.,
140 634 162 648 n.
174 634 196 655 9.

70 1077 231 1105 *latmia
242 1077 265 1099 8.

69 1398 297 1448 :twomittuntficr

67 1933 78 1944 '
88 1938 115 1955 t:
129 1932 175 1955 sed
181 1933 282 1962 negatio

67 1959 174 1982 mma.

69 2675 79 2685 ²
90 2675 126 2699 Cf.
134 2677 216 2703 lecta.
225 2682 281 2704 n.13.

1148 296 1260 332 CAP.
1290 296 1394 342 VIII,
1425 296 1576 332 LECT.
1606 297 1676 332 XII

315 380 490 410 removet
504 372 639 420 ipsam,
651 380 693 409 ut
706 380 810 421 patet
825 385 870 408 ex
885 386 953 409 sua
969 373 1273 422 aequipollent&
1284 386 1381 423 quae

315 433 381 473 est,
398 438 473 462 non
490 426 611 462 omnis
627 427 739 462 homo
756 431 810 462 est
821 426 939 462 albus.
961 426 1193 463 Universalis
1208 440 1301 463 vero
1318 440 1382 464 ne-

313 479 438 527 gativa
453 478 609 515 includit
624 478 780 526 quidem
796 478 834 515 in
850 491 920 515 suo
936 479 1124 516 intellectu
1140 480 1382 527 negationem

312 531 536 570 universalis
570 531 838 579 affirmativae,
860 531 898 568 in
918 540 1103 580 quantum
1123 532 1280 569 includit
1298 546 1383 582 par-

313 585 508 623 ticularem
525 584 741 632 negativam
756 585 787 631 ²⁸,
804 584 872 621 sed
887 597 1002 633 supra
1016 586 1091 621 hoc
1110 585 1251 633 aliquid
1266 587 1381 634 addit,

313 638 352 675 in
371 645 556 687 quantum
582 637 722 674 scilicet
747 637 927 686 importat
952 651 1029 675 non
1054 639 1179 678 solum
1205 640 1383 676 remotio-

312 704 402 729 nem
431 690 736 737 universalitatis,
768 691 835 728 sed
865 699 1038 728 removet
1067 692 1275 740 quamlibet
1297 706 1382 742 par-

312 753 390 782 tem
411 744 501 781 eius.
531 745 580 780 Et
608 744 661 780 sic
683 752 786 792 patet
815 744 920 793 quod
941 745 1021 781 sola
1044 757 1121 781 una
1150 753 1205 782 est
1233 746 1382 794 negatio

310 797 536 835 universalis
556 797 838 834 affirmationis:
857 805 892 834 et
906 798 1010 835 idem
1026 806 1183 846 apparet
1203 799 1241 835 in
1262 799 1341 836 aliis
1351 798 1380 836 β.

368 852 402 888 3.
424 850 573 887 Deinde
600 863 688 887 cum
714 850 819 887 dicit:
840 852 930 888 Hoc
950 851 1048 887 enim
1071 858 1153 897 etc.,
1170 853 1384 889 manifestat

311 903 572 952 propositum:
595 911 631 940 et
644 904 783 952 primo,
804 917 873 953 per
893 905 1095 949 rationem;
1113 905 1294 952 secundo,
1314 918 1384 954 per

313 957 505 1006 exempla;
527 957 597 994 ibi:
626 957 723 994 Dico
750 964 896 1004 autem,
926 964 966 994 ut
983 964 1037 994 est
1063 958 1235 994 Socrates
1263 959 1382 995 albus.

312 1010 424 1047 Ratio
446 1018 574 1047 autem
603 1010 765 1047 sumitur
790 1023 835 1047 ex
854 1011 944 1058 hoc,
971 1010 1076 1059 quod
1105 1024 1220 1059 supra
1240 1011 1383 1048 dictum

313 1071 368 1100 est
385 1065 404 1083 *
421 1063 526 1112 quod
546 1063 695 1111 negatio
716 1064 922 1112 opponitur
942 1064 1196 1110 affirmationi,
1210 1077 1307 1112 quae
1330 1071 1385 1100 est

314 1116 486 1153 eiusdem
517 1116 563 1153 de
594 1116 751 1153 eodem:
778 1129 823 1153 ex
848 1129 925 1165 quo
954 1117 1016 1153 hic
1044 1117 1224 1165 accipitur
1243 1122 1258 1143 ⁷
1279 1117 1384 1165 quod

313 1177 462 1218 oportet
477 1169 718 1216 negationem
735 1182 872 1217 negare
884 1170 975 1207 illud
990 1170 1093 1207 idem
1107 1170 1382 1218 praedicatum,

312 1221 418 1270 quod
441 1222 644 1258 affirmatio
674 1223 880 1260 affirmavit
909 1231 945 1260 et
969 1223 1016 1260 de
1038 1223 1177 1259 eodem
1198 1222 1383 1270 subiecto,

311 1274 392 1312 sive
412 1274 505 1313 illud
525 1275 738 1312 subiectum
768 1276 814 1313 sit
839 1276 981 1325 aliquid
1001 1276 1200 1323 singulare,
1218 1276 1299 1313 sive
1320 1276 1383 1312 ali—

311 1327 403 1377 quid
430 1327 664 1374 universale,
694 1329 756 1366 vel
785 1329 1067 1376 universaliter,
1105 1329 1166 1365 vel
1196 1341 1275 1365 non
1302 1329 1384 1366 uni—

309 1378 507 1419 versaiiter
533 1389 752 1430 sumptum;
773 1382 841 1419 sed
861 1383 936 1419 hoc
955 1394 1033 1419 non
1063 1382 1248 1430 contingit
1265 1382 1348 1419 fieri
1365 1385 1383 1402 ἦ

309 1434 381 1472 nisi
412 1447 491 1472 uno
518 1432 666 1486 [modo‚
701 1435 752 1472 ita
779 1435 920 1472 scilicet
955 1443 997 1472 ut
1029 1435 1178 1483 negatio
1207 1444 1318 1483 neget
1345 1436 1385 1473 id

310 1488 416 1538 quod
448 1488 651 1525 affirmatio
678 1488 827 1537 posuit,
863 1496 899 1525 et
927 1488 1017 1525 nihil
1047 1489 1169 1535 aliud;
1201 1501 1289 1537 ergo
1318 1490 1384 1526 uni

310 1541 554 1579 affirmationi
583 1542 789 1591 opponitur
816 1555 893 1579 una
922 1543 1003 1579 sola
1030 1542 1192 1590 negatiO.

362 1606 401 1642 4.
430 1594 580 1632 Deinde
610 1607 699 1632 curn
729 1595 834 1632 dicit:
864 1595 961 1632 Dico
983 1601 1126 1641 autem,
1158 1601 1199 1632 ut
1217 1601 1272 1632 est
1298 1603 1382 1643 etc.,

310 1647 530 1686 manifestat
542 1648 784 1697 propositum
804 1661 874 1697 per
895 1649 1080 1697 exempla.
1093 1650 1175 1685 -Et
1188 1649 1328 1698 primo,
1345 1649 1384 1686 in

310 1700 581 1749 singularibus:
611 1701 701 1738 huic
721 1702 823 1738 enim
843 1702 1102 1749 affirmationi,
1132 1703 1305 1739 Socrates
1332 1709 1387 1739 est

309 1754 428 1800 albus,
449 1754 545 1791 haec
564 1755 646 1791 sola
665 1755 882 1803 opponitur,
904 1757 1077 1792 Socrates
1096 1768 1170 1792 non
1193 1762 1248 1792 est
1263 1756 1382 1802 albus,

309 1815 493 1856 tanquam
514 1807 594 1845 eius
613 1808 768 1857 propria
787 1809 950 1856 negatio.
982 1809 1022 1846 Si
1041 1821 1136 1846 vero
1158 1816 1256 1846 esset
1281 1809 1383 1846 aliud

308 1860 571 1910 praedicatum
599 1862 661 1898 vel
690 1861 793 1898 aliud
821 1861 1053 1909 subiectum,
1082 1874 1162 1899 non
1192 1870 1290 1899 esset
1317 1875 1382 1900 ne-

308 1913 409 1961 gatio
438 1914 634 1962 opposita,
665 1914 733 1951 sed
761 1915 920 1952 omnino
942 1915 1092 1952 diversa
1106 1916 1141 1961 *3
1173 1915 1268 1952 sicut
1295 1916 1380 1964 ista,

309 1967 482 2004 Socrates
496 1979 571 2004 non
587 1973 642 2004 est
654 1968 829 2014 musicus,
842 1981 920 2005 non
931 1968 1139 2017 opponitur
1155 1969 1187 2005 ei
1199 1982 1297 2018 quae
1315 1978 1381 2017 est,

309 2020 482 2066 Socrates
501 2026 555 2057 est
572 2020 702 2066 alhus;
721 2034 845 2070 neque
867 2021 980 2059 etiam
1000 2022 1062 2059 illa
1077 2035 1174 2071 quae
1191 2030 1258 2069 est,
1274 2023 1382 2060 Plato

309 2078 364 2111 est
384 2073 509 2120 albus,
530 2073 619 2111 huic
638 2086 736 2122 quae
757 2082 828 2122 est,
850 2076 1022 2112 Socrates
1042 2088 1116 2112 non
1137 2081 1192 2112 est
1208 2076 1326 2114 albus.

363 2126 565 2174 Secundo,
600 2127 815 2165 manifestat
847 2128 950 2165 idem
985 2129 1139 2177 quando
1167 2129 1381 2167 subiectum

310 2179 574 2217 affirmationis
590 2188 646 2217 est
659 2181 875 2218 universale
890 2181 1153 2219 universaliter
1169 2191 1380 2232 sumptum;

309 2232 405 2270 sicut
418 2233 508 2270 huic
522 2234 777 2282 affirmationi,
794 2235 916 2272 omnis
930 2236 1043 2272 homo
1058 2241 1113 2273 est
1125 2236 1243 2282 albus,
1260 2249 1382 2285 oppo-

309 2287 409 2324 nitur
432 2286 528 2324 sicut
545 2287 700 2336 propria
721 2288 800 2325 eius
820 2288 969 2336 negatio
991 2286 1016 2336 δ,
1038 2301 1112 2326 non
1128 2291 1250 2327 omnis
1268 2292 1381 2327 homo

309 2346 364 2378 est
387 2340 512 2387 albus,
541 2353 639 2390 quae
668 2342 898 2390 aequipollet
927 2342 1141 2390 particulari
1169 2343 1379 2391 negativae.

363 2394 516 2441 Tertio,
543 2395 653 2443 ponit
682 2395 900 2443 exemplum
931 2396 1086 2444 quando
1118 2397 1381 2434 affirmationis

310 2446 525 2484 subiectum
546 2456 602 2485 est
619 2447 834 2486 universale
862 2448 1135 2497 particulariter
1163 2458 1379 2498 sumptum:

310 2507 347 2536 et
375 2499 464 2536 dicit
492 2501 598 2549 quod
625 2501 715 2538 huic
743 2502 998 2549 affirmationi,
1028 2502 1163 2551 aliquis
1190 2505 1303 2540 homo
1329 2510 1384 2540 est

309 2553 429 2600 albus,
459 2555 667 2602 opponitur
702 2562 886 2604 tanquam
915 2555 995 2592 eius
1025 2556 1181 2604 propria
1209 2557 1378 2604 negatio,

309 2605 435 2644 nullus
461 2607 574 2645 homo
603 2614 658 2645 est
674 2608 792 2646 albus.
823 2609 926 2645 Nam
947 2609 1071 2646 nultus
1099 2609 1245 2658 dicitur,
1272 2610 1380 2658 quasi

309 2672 385 2698 non
415 2660 523 2709 ullus,
553 2661 661 2709 idest,
691 2674 766 2698 non
795 2661 930 2710 aliquis
944 2662 974 2699 ³¹².

364 2714 524 2764 Quarto,
547 2715 656 2764 ponit
685 2715 903 2764 exemplum
933 2715 1087 2764 quando
1117 2716 1380 2753 affirmationis

364 2841 390 2876 β)
411 2843 476 2868 Sola
495 2849 548 2867 una
567 2846 607 2867 est
625 2842 733 2875 negatio
748 2842 905 2868 universalis
921 2843 1126 2876 affirmationis:
1143 2847 1170 2869 et
1184 2844 1254 2869 idem
1269 2848 1383 2877 apparet

311 2878 338 2903 in
356 2878 654 2911 aliis.-Affirmationis
672 2886 732 2903 esse
751 2879 891 2910 legendum
907 2878 1032 2903 indicatur
1051 2879 1082 2903 ab
1102 2879 1142 2903 his
1159 2887 1226 2912 quae
1239 2880 1382 2913 praemissa

311 2918 372 2938 nunt
389 2913 415 2938 in
433 2913 558 2946 principio
577 2913 653 2938 huius
668 2914 777 2944 numeri,
793 2918 819 2938 et
837 2914 871 2938 ita
891 2921 981 2939 revera
1000 2915 1088 2946 legunt
1101 2915 1176 2940 codd.
1195 2923 1296 2940 omneS.
1316 2915 1382 2940 Edit.

311 2949 390 2973 Pinna
413 2946 491 2973 habet
503 2949 691 2983 affirmativae.
701 2949 809 2974 -Codex
824 2949 846 2973 D
861 2949 934 2981 plura
950 2949 990 2974 hic
1009 2950 1137 2975 interserit
1143 2958 1150 2981 ;
1175 2950 1236 2982 legit
1254 2951 1337 2975 enim:
1357 2954 1383 2976 et

311 2984 350 3009 sic
363 2986 442 3015 patet
459 2984 531 3016 quoa
548 2985 606 3009 sola
631 2991 685 3009 una
707 2984 834 3017 (negatio
858 2984 935 3009 unius
953 2988 993 3009 est
1012 2985 1210 3018 affirmationis.
1235 2986 1335 3018 Supple
1354 2987 1380 3011 in

312 3019 404 3044 eodem
422 3025 520 3052 genere
525 3026 534 3048 ,·
554 3022 584 3044 ut
597 3019 624 3043 in
638 3020 774 3044 contrarie
785 3019 958 3051 oppositionis
973 3018 1031 3054 (sic)
1051 3021 1089 3045 ad
1102 3021 1122 3045 11·
1133 3021 1219 3046 omnis
1238 3022 1382 3054 opponitur

313 3054 415 3083 nullux
432 3053 459 3079 in
478 3054 698 3079 contradictionis
717 3053 776 3088 (sic)
795 3058 892 3083 autem,
912 3055 949 3079 ad
967 3055 987 3080 li
1005 3056 1090 3080 omnis
1109 3057 1253 3088 opponitur
1270 3057 1380 3089 quidam

313 3097 374 3120 non,
388 3089 429 3114 vel
441 3095 493 3114 nun
503 3090 601 3118 omnis,
617 3090 688 3122 quod
702 3090 785 3122 idem)
799 3093 839 3115 est
848 3090 956 3123 negatio
971 3091 1127 3116 universalis
1141 3092 1331 3125 affirmationis
1336 3099 1346 3121 ,·
1355 3096 1382 3117 et

313 3125 383 3150 idem
401 3128 515 3157 apparet
528 3125 555 3149 in
569 3125 630 3150 aliis
645 3123 716 3158 (Fol.
733 3124 783 3149 216
797 3133 873 3156 vers„
890 3126 939 3150 col.
951 3125 988 3160 ι).
1002 3139 1023 3145 -
1037 3126 1120 3151 Etiam
1138 3127 1297 3159 praecisione
1315 3128 1382 3152 facta

314 3168 329 3185 a
340 3160 492 3192 repetitione
505 3158 660 3190 verborum,
679 3160 786 3193 negatio
801 3161 879 3186 unius
893 3164 933 3186 est
950 3161 1147 3195 affirmationis,
1161 3167 1187 3187 et
1201 3171 1215 3187 a
1230 3163 1382 3188 confusione

314 3203 366 3228 qua
375 3195 438 3220 haec
451 3195 540 3220 omnia
554 3200 740 3227 congeruntur,
755 3195 829 3220 facile
838 3196 986 3229 intelligitur
999 3205 1029 3222 ex
1042 3197 1131 3229 verbo,
1145 3198 1253 3230 Supple,
1269 3206 1298 3223 ea
1313 3206 1381 3231 quae

318 3231 383 3256 intra
402 3229 578 3264 parenthesim
603 3230 743 3255 clausimus
761 3238 813 3255 non
832 3239 892 3256 esse
913 3237 996 3256 textus
1021 3240 1043 3257 s.
1062 3233 1180 3258 Thomae
1205 3234 1251 3258 sed
1274 3234 1380 3260 alicuius

314 3266 479 3295 adnotatoris‚
494 3273 562 3299 quae
575 3270 667 3298 postea
681 3266 799 3290 indoctus
813 3267 976 3292 amanuensis
990 3275 1020 3292 ex
1034 3268 1151 3300 margine
1168 3268 1246 3293 textui
1265 3268 1379 3293 inseruit.

367 3301 394 3336 γ)
415 3301 462 3326 Εκ-
480 3308 532 3333 quo
551 3300 594 3326 hic
613 3301 752 3333 accipitur.
768 3302 856 3326 Lectio
876 3307 916 3327 est
936 3303 1010 3327 codd.
1025 3303 1102 3333 ACD,
1117 3311 1185 3336 quae
1198 3311 1259 3328 vera
1272 3303 1381 3328 videtur.

313 3337 380 3362 Edit.
396 3337 487 3361 Pinna:
498 3337 525 3361 in
535 3342 587 3368 quo
601 3336 644 3361 hic
657 3337 760 3368 accipit,
776 3337 823 3361 sed
837 3345 888 3362 non
903 3337 970 3362 bene
975 3344 983 3368 ;
997 3342 1027 3362 ut
1039 3343 1111 3370 patet
1123 3346 1154 3363 ex
1168 3346 1292 3370 processu
1306 3346 1381 3371 argu-

314 3372 454 3397 mentativo
468 3380 489 3396 s.
500 3371 626 3396 Thomae.
635 3386 657 3391 -
669 3372 726 3396 BE:
746 3379 784 3397 ex
803 3379 855 3404 quo
874 3372 917 3397 hic
929 3373 1063 3405 accipit.-
1072 3373 1139 3397 Infra
1152 3381 1215 3398 vero
1230 3381 1290 3398 cum
1305 3374 1380 3398 codd.

314 3408 441 3440 legimus:
461 3413 561 3440 negare
576 3407 643 3432 illud
656 3407 728 3432 ⁴idem
741 3407 930 3439 praedicatum
949 3412 1024 3433 etc.-
1037 3408 1079 3432 P.:
1099 3415 1199 3441 negare
1213 3408 1283 3433 idem
1298 3416 1380 3440 prae-

315 3443 465 3469 dicatum...
484 3443 520 3467 sit
537 3442 639 3475 aliquid
657 3442 807 3475 singulare,
825 3442 880 3467 sive
897 3443 1000 3475 aliquid
1018 3443 1177 3472 universale,
1201 3443 1256 3468 sive
1278 3444 1381 3476 aliquid

314 3478 463 3504 universale
477 3477 663 3503 universaliter
677 3478 718 3502 vel
731 3485 783 3502 non
799 3478 985 3503 universaliter
998 3482 1140 3510 sumptum.
1155 3478 1188 3502 Et
1202 3478 1235 3503 ita
1244 3479 1310 3503 Ven.
1322 3479 1381 3503 edd.

367 3513 393 3549 ὅ)
416 3514 567 3546 opponitur
589 3513 658 3538 sicut
670 3513 786 3545 propria
809 3513 865 3538 eius
884 3513 999 3546 negatio.
1027 3513 1062 3538 Ita
1086 3513 1196 3546 legimus
1221 3521 1280 3538 cum
1307 3514 1381 3539 codd.

314 3549 414 3575 ACDE.
429 3549 514 3574 Minus
533 3548 599 3574 bene
613 3549 653 3573 ed.
668 3548 747 3573 Pinna
758 3548 849 3573 habet:
869 3548 1012 3580 opponitur
1029 3548 1086 3573 eius
1099 3549 1214 3581 propria
1234 3549 1349 3582 negatio.
1361 3563 1383 3568 —

314 3585 380 3610 Cod.
388 3585 423 3610 B:
435 3585 504 3610 sicut
513 3584 628 3617 propria
643 3584 758 3617 negatio.
771 3584 804 3608 Et
813 3584 846 3608 ita
856 3581 920 3608 infra
932 3584 1055 3615 (Quarto
1063 3583 1159 3616 ponit)
1171 3589 1226 3608 mm
1236 3585 1258 3609 B
1266 3589 1323 3608 tum
1333 3584 1383 3609 C.-

315 3620 399 3653 Supra
411 3627 474 3645 vero
490 3618 558 3654 (ante
574 3620 696 3644 Secundo
711 3617 769 3654 etc.)
786 3619 861 3644 codd.
875 3619 964 3644 ABCE
978 3619 1085 3644 habent:
1099 3619 1168 3644 sicut
1182 3619 1241 3648 ista,
1258 3619 1382 3645 Socrates

315 3662 368 3681 non
388 3658 428 3680 est
441 3656 563 3685 musicus,
580 3663 631 3680 non
651 3655 795 3687 opponitur
812 3654 837 3680 ei
853 3661 920 3687 quae
938 3658 985 3684 est,
1001 3655 1125 3680 Socrates
1140 3651 1176 3689 (B
1191 3662 1314 3687 erronee,
1329 3662 1381 3680 non

459 3709 527 3741 Opp.
547 3709 578 3733 D.
594 3708 708 3733 Tuomst:
727 3709 758 3734 T.
774 3709 792 3733 1.

2457 301 2502 348 57

1439 375 1651 412 subiectum
1693 383 1747 412 est
1781 375 1994 413 universale
2024 376 2217 414 indefinite
2247 386 2441 426 sumptum
2472 387 2529 416 et-

1440 428 1528 464 dicit
1556 428 1661 476 quod
1690 428 1747 465 isti
1779 429 2041 476 affirmationi,
2077 431 2190 466 homo
2216 436 2269 466 est
2287 431 2408 478 albus,
2439 444 2505 480 op-

1437 481 1592 528 ponitur
1621 489 1803 530 tanquam
1832 483 1986 531 propria
2022 483 2102 520 eius
2137 483 2285 531 negatio
2319 484 2380 520 illa
2409 496 2505 532 quae

1440 541 1505 580 est,
1536 547 1610 571 non
1641 541 1695 571 est
1720 536 1832 572 homo
1861 536 1999 573 albus*
2016 566 2024 573 .

1497 588 1528 624 5.
1561 587 1637 624 Sed
1657 588 1807 625 videtur
1834 589 1909 625 hoc
1936 602 2017 626 esse
2039 597 2169 626 contra
2188 589 2238 636 id,
2269 590 2373 638 quod
2394 603 2507 638 supra

1440 639 1582 676 dictum
1613 648 1667 677 est
1690 641 1710 662 *
1739 642 1843 689 quod
1872 643 2047 690 negativa
2072 643 2267 679 indefinita
2290 643 2507 680 verificatur

1439 693 1550 729 simul
1580 706 1668 730 cum
1698 694 1893 731 indefinita
1921 696 2165 742 affirmativa3
2200 696 2348 744 negatio
2378 704 2506 733 autem

1439 759 1517 782 non
1536 754 1661 794 potest
1688 747 1876 784 verificari
1902 748 2013 785 simul
2044 762 2131 786 cum
2160 762 2228 786 sua
2251 750 2426 798 opposita
2455 751 2506 786 af-

1438 799 1676 846 firmatione,
1714 800 1801 848 quia
1835 813 1914 837 non
1944 802 2123 850 contingit
2157 803 2203 840 de
2240 803 2378 840 eodem
2407 804 2506 840 affir-

1439 864 1544 888 mare
1575 860 1611 888 et
1639 865 1788 900 negare.

1494 905 1571 941 Sed
1600 906 1649 942 ad
1677 906 1752 942 hoc
1779 906 1983 957 dicendum
2013 908 2118 955 quod
2146 916 2296 957 oportet
2321 909 2426 958 quod
2445 909 2506 946 hic

1440 957 1575 994 dicitur
1602 958 1754 1006 intelligi
1784 959 1938 1007 quando
1968 961 2116 1008 negatio
2143 962 2192 998 ad
2217 962 2320 998 idem
2350 963 2508 999 refertur

1440 1011 1544 1058 quod
1564 1011 1767 1047 affirmatio
1789 1012 2021 1059 continebat3
2044 1021 2079 1050 et
2097 1015 2171 1050 hoc
2191 1022 2315 1062 potest
2335 1028 2416 1052 esse
2438 1016 2506 1052 du—

1438 1063 1594 1111 pliciter:
1606 1076 1685 1100 uno
1697 1064 1829 1111 modo,
1842 1065 1996 1113 quando
2009 1067 2218 1103 affirmatur
2233 1068 2372 1116 aliquid
2383 1069 2505 1106 inesse

1438 1116 1586 1152 homini
1602 1117 1745 1153 ratione
1762 1117 1819 1153 sui
1834 1117 1950 1166 ipsius
1967 1119 2086 1166 (quod
2103 1127 2157 1156 est
2165 1132 2238 1168 per
2250 1133 2290 1157 se
2305 1121 2351 1158 de
2368 1122 2506 1159 eodem

1438 1169 1679 1217 praedicari),
1698 1177 1734 1206 et
1748 1170 1959 1218 hocipsum
1976 1172 2124 1219 negatio
2141 1181 2267 1220 negat;
2285 1174 2356 1210 alio
2374 1175 2505 1222 modo,

1440 1222 1594 1270 quando
1617 1222 1758 1270 aliquid
1778 1224 1989 1260 affirmatur
2009 1225 2055 1261 de
2071 1225 2274 1262 universali
2290 1228 2433 1264 ratione
2449 1228 2507 1264 sui

1440 1275 1654 1322 singularis,
1678 1283 1714 1312 et
1731 1289 1802 1324 pro
1824 1277 1963 1313 eodem
1985 1277 2030 1314 de
2053 1291 2098 1314 eo
2118 1279 2138 1299 '1‘
2157 1287 2325 1326 negatur.

1494 1329 1529 1365 6.
1561 1328 1709 1366 Deinde
1746 1342 1833 1366 cum
1863 1330 1970 1367 dicit:
2012 1331 2121 1373 Quod
2147 1332 2263 1381 igitur
2298 1345 2372 1369 una
2401 1335 2507 1382 affir-

1439 1382 1554 1418 matio
1570 1387 1580 1401 ⁸
1601 1389 1683 1429 etc.,
1711 1382 1873 1431 epilogat
1902 1395 1998 1432 quae
2021 1384 2118 1421 dicta
2138 1393 2241 1432 sunt,
2264 1393 2299 1422 et
2319 1387 2508 1423 concludit

1440 1434 1683 1472 manifestum
1705 1448 1785 1472 esse
1816 1449 1861 1472 ex
1888 1437 2089 1485 praedictis
2118 1438 2222 1486 quod
2249 1438 2315 1474 uni
2343 1440 2513 1476 affirma-¹

1439 1488 1531 1525 tioni
1553 1488 1758 1537 opponitur
1776 1502 1854 1526 una
1872 1491 2039 1538 negatio;
2066 1499 2102 1528 et
2121 1491 2226 1540 quod
2246 1492 2507 1540 oppositarum

1440 1542 1740 1579 affirmationum
1775 1551 1810 1579 et
1843 1544 2089 1591 negationum
2124 1545 2217 1581 aliae
2247 1552 2334 1581 sunt
2362 1553 2507 1582 contra-

1440 1595 1528 1642 riae,
1552 1595 1645 1632 aliae
1667 1596 1995 1643 contradictoriae3
2014 1605 2049 1634 et
2070 1597 2213 1634 dictum
2234 1606 2290 1635 est
2313 1611 2410 1647 quae
2437 1599 2509 1636 sint

1439 1656 1634 1697 utraeque.
1665 1650 1785 1686 Tacet
1803 1657 1932 1687 autem
1953 1651 1999 1687 de
2020 1651 2300 1699 subcontrariis,
2322 1652 2410 1700 quia
2430 1665 2508 1689 non

1440 1710 1527 1738 sunt
1546 1710 1645 1739 recte
1667 1703 1877 1754 oppositae,
1889 1711 1930 1740 ut
1945 1717 2059 1753 supra
2079 1705 2221 1741 dictum
2242 1705 2334 1742 est*.
2352 1705 2507 1743 Dictum

1440 1763 1495 1792 est
1524 1755 1637 1792 etiam
1658 1756 1763 1804 quod
1782 1769 1861 1793 non
1887 1758 2012 1795 omnis
2042 1758 2286 1795 contradictio
2302 1759 2322 1779 '¹‘
2342 1767 2397 1795 est
2416 1772 2508 1796 vera

1438 1809 1499 1845 vel
1530 1809 1642 1854 falsa;
1679 1817 1714 1845 et
1743 1809 1903 1846 sumitur
1935 1811 1996 1847 hic
2024 1812 2124 1859 large
2158 1812 2403 1849 contradictio
2435 1825 2506 1861 pro

1439 1861 1709 1911 qualicumque
1739 1863 1978 1911 oppositione
2008 1865 2269 1902 affirmationis
2285 1873 2320 1902 et
2340 1866 2506 1913 negatio-

1438 1915 1512 1952 nis:
1542 1927 1633 1952 nam
1662 1915 1700 1952 in
1732 1916 1790 1953 his
1825 1929 1922 1965 quae
1952 1925 2039 1954 sunt
2070 1930 2160 1955 vere
2196 1919 2506 1956 contradictoriae

1438 1981 1591 2017 semper
1604 1981 1682 2006 una
1698 1977 1753 2006 est
1766 1982 1870 2017 vera,
1889 1971 1953 2007 et*
1973 1971 2088 2008 altera
2107 1972 2209 2008 falsa.
2233 1972 2362 2018 Quare
2378 1981 2506 2010 autem

1437 2022 1476 2059 in
1505 2022 1735 2071 quibusdam
1765 2023 1949 2072 oppositis
1977 2025 2052 2060 hoc
2079 2037 2158 2062 non
2186 2025 2422 2074 verificetur,
2453 2026 2507 2063 di-

1439 2083 1542 2112 ctum
1567 2083 1623 2112 est
1642 2088 1757 2125 supra
1772 2077 1808 2123 *;
1839 2077 1927 2126 quia
1948 2077 2087 2114 scilicet
2106 2078 2296 2126 quaedam
2318 2092 2396 2116 non
2421 2088 2508 2117 sunt

1438 2129 1762 2177 contradictoriae,
1780 2130 1847 2167 sed
1864 2131 2084 2178 contrariae,
2102 2144 2199 2180 quae
2214 2140 2375 2180 possunt
2394 2133 2506 2170 simul

1438 2195 1521 2219 esse
1541 2183 1668 2220 falsae.
1691 2183 1883 2231 Contingit
1903 2184 2016 2221 etiarn
2031 2185 2051 2206 '¹¹‘
2070 2185 2364 2222 affirmationem
2386 2194 2421 2223 et
2440 2199 2504 2223 ne-

1436 2236 1628 2284 gationem
1662 2249 1740 2273 non
1768 2237 1920 2285 proprie
1951 2238 2112 2286 opponi;
2148 2246 2183 2275 et
2210 2238 2297 2275 ideo
2328 2240 2507 2287 contingit

1438 2301 1501 2326 eas
1518 2302 1599 2326 esse
1614 2302 1726 2327 veras
1741 2290 1864 2327 simul.
1882 2290 2036 2328 Dictum
2058 2299 2113 2328 est
2132 2299 2260 2328 autern
2273 2294 2291 2311 ⁹*
2303 2293 2456 2340 quando
2465 2294 2505 2314 ²¹⁶*

1437 2344 1553 2380 altera
1581 2355 1734 2391 semper
1763 2351 1818 2380 est
1845 2356 1952 2391 vera,
1983 2345 2099 2381 altera
2127 2352 2254 2381 autem
2284 2346 2387 2393 falsa,
2417 2346 2506 2395 quia

1437 2396 1576 2433 scilicet
1597 2396 1635 2433 in
1655 2396 1713 2433 his
1737 2409 1836 2445 quae
1856 2409 1946 2434 vere
1971 2405 2058 2434 sunt
2078 2398 2378 2436 contradictoria.

1491 2462 1526 2498 7.
1549 2449 1697 2486 Deinde
1718 2462 1807 2486 cum
1823 2449 1927 2487 dicit:
1954 2452 2039 2488 Una
2054 2457 2178 2488 autem
2198 2453 2405 2500 affirmatio
2422 2460 2504 2500 etc.,

1436 2503 1600 2540 ostendit
1619 2515 1717 2551 quae
1738 2503 1783 2540 sit
1798 2503 2000 2541 affirmatio
2021 2505 2083 2541 vel
2104 2505 2252 2552 negatio
2273 2518 2361 2543 una.
2389 2506 2506 2553 Quod

1436 2556 1593 2605 quidem
1613 2556 1690 2593 iam
1711 2569 1826 2605 supra
1841 2556 1984 2594 dixerat
1994 2558 2025 2604 ²¹³,
2046 2557 2112 2594 ubi
2131 2558 2303 2595 habiturn
2325 2566 2380 2595 est
2400 2559 2505 2608 quod

1435 2622 1512 2649 una
1532 2617 1587 2646 est
1608 2610 1833 2657 enunciatiO,
1856 2622 1953 2658 quae
1973 2623 2095 2647 unum
2115 2611 2314 2659 significat;
2335 2613 2402 2649 sed
2418 2612 2505 2661 quia

1436 2663 1664 2709 enunciatiO,
1676 2662 1715 2700 in
1730 2675 1805 2711 qua
1820 2663 2216 2713 aliquidpraedicatur
2227 2664 2273 2701 de
2285 2665 2411 2714 aliquo
2422 2666 2503 2702 uni-

1434 2716 1573 2754 versali
1594 2716 1857 2753 universaliter
1874 2717 1937 2754 vel
1957 2730 2036 2754 non
2055 2717 2336 2766 universaliter,
2357 2719 2476 2756 multa
2490 2719 2504 2745 ζ

1437 2843 1490 2878 est)
1510 2848 1550 2869 est
1568 2844 1656 2873 albus;
1675 2851 1757 2877 neque
1775 2844 1856 2869 etiam
1877 2844 1928 2870 ista
1945 2842 2029 2878 (BCE,
2049 2843 2107 2878 illa)
2128 2845 2205 2870 Plato
2224 2853 2275 2870 non
2290 2849 2330 2870 est
2343 2846 2433 2870 albus:
2447 2854 2502 2871 cae-

1436 2880 1497 2904 teris
1516 2880 1630 2905 omissis.
1650 2880 1714 2905 Item
1729 2880 1785 2904 cod.
1800 2880 1835 2904 D:
1854 2880 1922 2905 sicut
1941 2881 2017 2905 ista...
2033 2881 2158 2905 Socrates
2177 2884 2216 2905 est
2234 2881 2316 2909 albus,
2337 2888 2418 2913 neque
2437 2889 2504 2913 quae

1436 2919 1476 2940 est
1494 2915 1541 2940 illa
1555 2922 1622 2948 quae
1635 2918 1686 2944 est,
1704 2915 1781 2940 Plato
1800 2923 1852 2940 non
1871 2919 1911 2941 est
1924 2915 2007 2940 albus.
2027 2916 2127 2940 Omnes
2147 2916 2222 2948 igitur
2240 2916 2279 2940 isti
2295 2916 2394 2940 codices
2408 2916 2504 2941 habent

1437 2951 1462 2975 in
1481 2959 1561 2976 sensu
1579 2951 1698 2983 negativo
1722 2951 1869 2983 exemplum
1889 2951 1921 2975 de
1940 2951 2058 2981 Platone,
2074 2956 2099 2975 et
2112 2951 2232 2975 omittunt
2245 2951 2337 2976 verba:
2356 2951 2417 2976 huic
2435 2959 2503 2984 quae

1436 2989 1484 3015 est,
1504 2986 1629 3011 Socrates
1648 2993 1699 3010 non
1718 2989 1758 3011 est
1776 2986 1858 3011 albus.
1878 2986 1995 3011 Genuina
2014 2986 2075 3010 mihi
2093 2986 2194 3010 viderur
2217 2986 2291 3011 lectio
2312 2987 2385 3011 codd.
2405 2987 2502 3012 ABCE.

1436 3022 1483 3046 Est
1502 3022 1571 3046 enim
1589 3021 1752 3054 probandum
1766 3029 1814 3054 per
1827 3022 1944 3054 exempla
1958 3022 1989 3046 de
2003 3021 2174 3053 singularibus
2194 3022 2263 3054 quod
2277 3021 2320 3046 uni
2341 3021 2503 3046 affirmationi

1436 3065 1489 3081 non
1507 3057 1646 3090 opponitur
1664 3057 1713 3081 nisi
1731 3064 1784 3081 una
1802 3057 1912 3088 negatio.
1935 3057 1968 3081 Et
1986 3057 2108 3089 probatur
2126 3056 2175 3081 hoc
2195 3057 2281 3081 modo.
2305 3057 2342 3081 Sit
2359 3057 2502 3090 propositio

1436 3091 1600 3123 affimativa,
1621 3092 1746 3117 Socrates
1759 3095 1800 3117 est
1813 3092 1901 3121 albus;
1920 3092 1942 3116 ei
1962 3100 2013 3116 non
2032 3092 2170 3125 opponitur
2183 3092 2238 3122 ista,
2259 3092 2384 3117 Socrates
2398 3100 2448 3117 non
2463 3096 2503 3117 est

1437 3128 1559 3156 musicus,
1576 3127 1636 3160 quia
1655 3135 1707 3151 non
1727 3132 1766 3152 est
1784 3128 1816 3151 de
1835 3127 1927 3152 eodem
1946 3127 2105 3160 praedicato;
2125 3127 2170 3151 sed
2189 3135 2274 3160 neque
2293 3128 2368 3152 etiam
2383 3128 2406 3152 ei
2420 3135 2502 3160 oppo-

1436 3163 1504 3187 nitur
1517 3163 1578 3187 ista:
1597 3163 1675 3187 Plato
1690 3170 1741 3187 non
1756 3166 1796 3187 est
1809 3163 1891 3191 albus,
1911 3162 1971 3195 quia
1988 3170 2040 3187 non
2059 3168 2098 3187 est
2116 3163 2148 3187 de
2167 3163 2259 3187 eodem
2278 3163 2401 3188 subiecto.
2421 3163 2502 3188 Porro

1436 3198 1486 3222 hoc
1499 3203 1582 3222 totum
1598 3198 1681 3230 magis
1695 3198 1806 3222 breviter
1820 3203 1845 3222 et
1859 3198 1968 3222 dilucide
1982 3206 2061 3230 quam
2075 3198 2153 3222 Piana
2171 3198 2278 3222 traditur
2291 3206 2305 3222 a
2318 3198 2399 3223 citatis
2418 3199 2501 3223 codd.:

1435 3233 1504 3258 sicut
1523 3233 1589 3262 ista,
1609 3233 1734 3258 Socrates
1753 3241 1804 3258 non
1823 3236 1863 3258 est
1881 3233 2002 3261 musicus,
2024 3241 2075 3258 uon
2095 3233 2238 3265 opponitur
2255 3233 2280 3258 ei
2298 3241 2365 3266 quae
2380 3237 2431 3262 est,
2451 3233 2500 3258 So-

1435 3271 1523 3293 crates
1541 3271 1580 3292 est
1598 3268 1688 3297 albus‚·
1707 3275 1789 3300 neque
1807 3268 1887 3293 etiam
1907 3268 1966 3297 ista,
1981 3269 2059 3293 Plato
2078 3276 2128 3293 non
2148 3271 2188 3293 est
2205 3268 2287 3293 albus.

1488 3301 1511 3336 ε)
1532 3303 1636 3327 Deinde
1654 3310 1714 3328 cum
1734 3303 1813 3328 dicit:
1837 3303 1916 3333 Quod
1938 3303 2023 3336 igitur
2041 3311 2094 3328 una
2113 3304 2267 3338 affirmatio.
2280 3317 2299 3321 —
2318 3303 2399 3328 Codd.
2418 3303 2500 3329 ABC:

1436 3338 1532 3363 deinde
1549 3345 1608 3363 cum
1630 3338 1709 3363 dicit:
1727 3339 1895 3372 manifestum
1909 3342 1949 3363 est
1962 3346 2036 3372 ergo.
2055 3340 2125 3363 Haec
2144 3339 2219 3363 lectio
2238 3347 2290 3363 non
2305 3343 2344 3363 est
2358 3339 2500 3364 conformis

1435 3373 1548 3398 versioni
1571 3381 1639 3405 quae
1657 3373 1734 3397 textui
1747 3374 1900 3404 adnectitur,
1916 3374 1962 3398 sed
1977 3379 2016 3398 est
2038 3378 2125 3398 tamen
2146 3382 2175 3399 ea
2194 3374 2249 3406 ipsa
2268 3381 2335 3406 quae
2354 3374 2462 3399 habetur
2474 3374 2501 3399 in

1434 3408 1554 3433 versione
1563 3415 1630 3440 quae
1639 3413 1680 3432 est
1692 3408 1718 3432 in
1728 3409 1785 3433 cod.
1795 3409 1826 3440 A,
1837 3414 1862 3433 et
1876 3409 1901 3433 in
1915 3409 1971 3433 cod.
1986 3409 2127 3441 Ragusino,
2138 3417 2216 3441 quern
2227 3417 2307 3441 penes
2317 3417 2359 3433 me
2374 3409 2464 3439 habeo,
2475 3410 2501 3435 in

1436 3451 1489 3476 quo
1499 3447 1540 3467 est
1550 3443 1652 3475 antiqua
1666 3443 1752 3467 versio
1762 3443 1859 3475 Organi
1869 3443 2022 3469 Aristotelis.
2033 3445 2058 3468 S.
2065 3444 2181 3469 Thomas
2196 3444 2290 3468 horum
2303 3445 2378 3469 codd.
2393 3445 2502 3470 lectione

1437 3486 1500 3503 usus
1511 3483 1558 3509 est,
1568 3483 1597 3502 ut
1606 3483 1676 3511 patet
1686 3485 1715 3503 ex
1726 3486 1750 3502 n.
1761 3486 1803 3503 1.-
1811 3478 1908 3503 Textus
1919 3478 1995 3504 habet
2011 3479 2089 3509 Quod
2099 3479 2184 3512 igitur
2193 3484 2255 3504 etc.:
2266 3477 2326 3505 ’Ότι
2341 3477 2385 3513 μὲν
2396 3474 2441 3505 οὖν
2452 3485 2500 3505 etc.

1488 3511 1514 3548 ζ)
1535 3513 1712 3541 Ηαεάὶααὶιιν
1730 3513 1763 3538 de
1781 3514 1870 3546 aliquo
1889 3514 2032 3539 universali
2050 3515 2235 3540 universaliter
2247 3515 2287 3539 vel
2299 3522 2350 3540 non
2366 3516 2501 3541 universa-

1436 3549 1504 3578 liter,
1518 3549 1602 3573 multa
1617 3554 1685 3574 etc.-
1692 3549 1773 3573 Codd.
1783 3549 1886 3574 ACDE:
1900 3550 2078 3582 praedicatur
2092 3550 2124 3575 de
2136 3550 2225 3582 aliquo
2239 3550 2383 3575 uniuersali
2397 3551 2501 3576 univer-

1436 3583 1529 3609 saliter
1543 3582 1627 3609 multa
1645 3584 1692 3609 sub
1706 3591 1734 3609 se
1747 3584 1875 3614 continet,
1895 3585 2010 3610 intendit
2027 3585 2164 3610 ostendere
2178 3586 2249 3618 quod
2262 3586 2311 3611 hoc
2325 3593 2376 3611 non
2392 3586 2503 3619 impedit

1437 3619 1566 3644 unitatem
1587 3617 1622 3653 (C
1642 3618 1687 3654 de)
1708 3620 1908 3645 enunciationis.
1921 3633 1941 3638 —
1956 3620 2064 3646 Cod.B:
2083 3621 2262 3653 praedicatur
2285 3621 2317 3646 de
2339 3621 2428 3654 aliquo
2443 3622 2501 3646 uni-

1437 3655 1534 3680 versali
1553 3655 1637 3680 multa
1650 3655 1697 3680 sub
1711 3662 1739 3680 se
1752 3654 1875 3685 continet,
1896 3656 2010 3681 intendit
2028 3657 2165 3682 ostendere
2179 3657 2251 3689 quod
2262 3657 2312 3682 hoc
2328 3664 2379 3682 non
2393 3657 2503 3690 impedit

2316 3709 2357 3734 8*

2535 535 2543 544 ⁸
2555 534 2629 555 codd.
2637 546 2646 550 -
2657 541 2677 556 τ’.
2689 541 2747 556 erro-

2535 567 2588 581 nee:
2610 567 2656 582 non
2678 561 2746 582 homo

2535 589 2571 607 est
2583 587 2657 608 albus.

2537 651 2543 658 '
2558 650 2620 671 Lect.
2635 656 2665 677 xi,
2681 656 2703 671 n.
2719 650 2745 677 8,

2534 682 2583 703 seq.

2534 1288 2543 1296 '
2553 1292 2567 1308 n
2575 1294 2580 1308 :
2589 1286 2618 1308 de
2625 1286 2713 1308 eodem.

2537 1717 2544 1723 ·
2555 1715 2616 1737 Lect.
2628 1722 2660 1743 xi,
2669 1723 2691 1738 n.
2700 1723 2720 1739 2.

2536 1768 2588 1789 ·1b.
2605 1775 2628 1790 n.
2639 1769 2652 1791 8
2662 1786 2668 1796 ‚
2680 1776 2748 1798 seq.-

2535 1801 2548 1815 Λ
2559 1801 2665 1817 erronee:
2685 1797 2749 1824 quod

2535 1822 2610 1868 ottnnis
2628 1823 2748 1844 contradi-

2535 1853 2547 1869 c
2558 1854 2588 1869 10.

2535 1987 2543 1995 '¹
2554 1985 2586 2006 Et
2598 1992 2625 2007 ex
2638 1986 2706 2008 codd.

2534 2093 2542 2102 ³
2554 2092 2587 2113 Ib.
2604 2098 2626 2114 n.
2643 2092 2665 2114 6.

2534 2198 2542 2207 ·
2554 2197 2629 2219 Codd.
2640 2204 2686 2219 -P.:
2701 2204 2746 2220 au-

2533 2225 2586 2245 tem.

2533 2304 2588 2325 '1b.
2604 2310 2627 2325 n.
2644 2310 2664 2331 7.

2534 2331 2553 2339 ··
2561 2331 2746 2359 Αεεε.-Ρ.τᾳιιοᾱ.

2532 2567 2541 2575 '
2552 2565 2613 2587 Lect.
2623 2570 2669 2591 vui,
2680 2570 2703 2586 n.
2715 2571 2744 2593 13,

2533 2598 2581 2619 seq.
