2788 4204
27 3274 29 3279 Ι
48 3289 106 3314 Ἐἰ
115 3291 169 3313 lect.
183 3295 261 3318 praec.

48 3321 102 3346 1¹⁴3.
126 3346 131 3350 .

49 3389 62 3403 ⁸
74 3388 147 3412 Num.
156 3394 179 3416 7.

32 3492 63 3510 ³*
73 3500 101 3517 a:
111 3494 136 3516 in
150 3493 265 3516 omnibus.

1145 279 1256 315 CAP.
1286 278 1336 326 V,
1367 279 1518 316 LECT.
1550 279 1601 315 IV

2399 282 2473 330 339

996 512 1338 569 LEcT10
1393 514 1769 586 QUARTA

637 650 857 692 UTRUM
891 650 1065 704 QUOD
1101 651 1250 704 QUID
1284 651 1400 692 EST
1433 652 2120 723 POSSITDEMONSTRARJ

1048 727 1166 767 PER
1198 727 1354 767 VIAM
1387 727 1711 768 DIVISIONIS

277 846 387 880 ’Δλλοὶ
410 846 476 891 μήν
504 842 575 879 οὐδ’
604 848 625 884 ἢ
650 842 710 880 διά
740 848 806 879 τῶν
840 843 1033 892 διαιρέσεων
1061 843 1135 885 ὁδὸς
1164 849 1356 895 συλλογίζε-

351 903 425 934 ται,
451 891 606 934 καθάπερ
633 893 666 924 ἐν
692 893 737 935 τῇ
767 892 926 924 ἀναλύει-ει
952 894 997 936 τῇ
1024 895 1096 935 περὶ
1122 893 1170 926 τοὶ
1185 893 1355 940 σχήματα

350 940 500 981 εἴρηται.
530 935 692 982 Οὐδαμοῦ
723 937 787 982 γάρ
815 936 946 983 ἀνάγκη
980 940 1113 983 γίνεται
1140 939 1180 969 τό
1212 940 1355 984 πρᾶγμα

351 983 457 1015 ἐκεῖνο
483 979 569 1014 εἶναι
595 978 698 1016 τωνδὶ
717 983 835 1024 ὄντων,
857 983 931 1015 ἀλλ’
961 982 1070 1028 ὥσπερ
1091 978 1158 1014 οὐδ’
1182 984 1198 1015 ὁ
1218 984 1354 1028 ἐποίγων

353 1023 600 1060 ἀποδείκνυσιν.
635 1025 681 1059 Οὐ
732 1028 770 1072 οἰρ
796 1023 849 1058 δεῖ
872 1027 913 1059 τὸ
943 1028 1171 1083 συμπέρασῌ-οι
1202 1029 1354 1072 ἐρωτᾶν,

351 1068 430 1104 οὐδὲ
467 1074 515 1114 τῷ
545 1069 664 1104 δοῦναι
694 1084 794 1105 ειναι·
828 1070 901 1104 ἀλλ’
938 1071 1070 1117 ἀνάγκη
1103 1083 1189 1104 ειναι
1223 1073 1354 1104 ἐκείνων

352 1117 471 1158 ὄντων,
490 1116 553 1149 κᾶν
579 1117 627 1161 μὴ
653 1118 698 1160 φῇ
718 1118 734 1151 ὁ
757 1115 1029 1160 ἀποκρινόμενος.
1050 1116 1119 1160 ’Ἆρ’
1143 1118 1158 1148 ὀ
1183 1116 1354 1161 ἄνθρωπος

349 1162 435 1203 ζῷον
462 1160 482 1197 ἦ
511 1161 658 1206 ἄψυχον;
686 1160 746 1195 εἶτ’
777 1161 881 1201 ἔλαβε
903 1162 1001 1203 ζῷον,
1023 1161 1059 1192 οὗ
1078 1161 1354 1207 συλλελόγισται.

350 1204 455 1237 Πάλιν
483 1205 576 1238 ἅπαν
602 1207 686 1248 ζῷὀν
713 1207 734 1244 ἦ
760 1206 861 1248 πεζὸν
887 1205 907 1243 ἦ
935 1203 1081 1261 ἔνυδρον·
1109 1205 1212 1246 ἔλαβε
1238 1206 1352 1248 πεζόν.

349 1251 415 1281 Καὶ
443 1250 484 1282 τὸ
509 1247 595 1282 εἶναι
621 1252 680 1283 τόν
716 1251 909 1294 ἄνθρωπον,
936 1252 978 1282 τὸ
1005 1251 1102 1291 ὁλον,
1128 1251 1212 1292 ζῷον
1239 1249 1355 1292 πεζόν,

352 1294 413 1326 οὐκ
441 1294 572 1340 ἀνάγκη
600 1296 636 1327 ἐκ
662 1297 728 1329 τῶν
758 1294 959 1339 εἰρημένων,
991 1295 1082 1327 ἀλλά
1105 1294 1274 1338 λαμβάνει
1298 1298 1356 1326 καὶ.

351 1340 474 1372 τοῦτο.
500 1339 654 1384 Διαφέρει
679 1335 708 1372 δ’
738 1336 834 1372 οὐδὲν
861 1341 915 1373 ἐπὶ
935 1341 1068 1371 πολλῶν
1087 1338 1108 1375 ἦ
1128 1340 1247 1385 ὀλίγων
1267 1339 1356 1373 οὕτω

335 1388 485 1424 ,ποιεῖν-ε
507 1384 549 1417 τὰ
575 1384 665 1417 αὐτό
697 1384 762 1431 γοίρ
790 1386 896 1418 ἐστιν.
923 1384 1187 1429 Ἀσυλλόγιστος
1213 1386 1273 1429 μὲν
1300 1384 1356 1417 οὖν

349 1431 409 1460 καὶ
435 1430 455 1466 ἡ
480 1431 599 1473 χρῆσις
631 1431 765 1475 γίνεται
794 1434 865 1467 τοῖς
900 1428 990 1462 οὕτω
1023 1430 1177 1474 μετιοῦσι
1206 1433 1263 1462 καὶ
1290 1432 1356 1463 τῶν

350 1469 581 1519 ἐνδεχομένων
605 1473 881 1520 συλλογισθῆναι.

283 1520 322 1550 Τί
346 1518 411 1564 γοὶρ
436 1517 558 1550 κωλύει
584 1519 690 1552 τοῦτο
716 1518 837 1557 ἀληθές
855 1518 914 1563 μὲν
932 1518 974 1551 τό
992 1519 1060 1550 πᾶν
1079 1514 1164 1549 εἶναι
1181 1519 1276 1551 κατὰ
1294 1520 1356 1552 τοῦ

352 1561 541 1606 ἀνθρώπου,
567 1564 615 1608 μή
641 1563 758 1608 μέντοι
784 1564 826 1597 τό
852 1565 885 1596 τί
905 1563 978 1596 ἐστι
995 1559 1080 1606 μηδὲ
1099 1563 1140 1595 τὸ
1159 1565 1192 1596 τί
1211 1561 1251 1600 ἦν
1270 1561 1356 1596 εἶναι

350 1602 494 1648 δηλοῦν;

283 1652 336 1686 ἔτι
362 1655 395 1685 τί
426 1651 548 1683 κωλύει
573 1650 595 1688 ἦ
626 1651 820 1696 προσθεῖναί
856 1663 890 1685 τι
915 1650 936 1689 ἦ
964 1652 1095 1694 ἀφελεῖν
1122 1649 1143 1687 ἦ
1174 1652 1358 1697 ὑπερβεβη-

349 1696 446 1729 κέναι
472 1697 535 1734 τῆς
562 1696 697 1736 οὐσίας;
725 1698 848 1730 Ταῦτα
873 1697 932 1740 μὲν
959 1695 1016 1729 οὖν
1043 1698 1205 1739 παρίεται
1230 1697 1303 1742 μέν,

283 1737 466 1788 ἐνδέχεται
490 1738 529 1774 δὲ
551 1742 654 1773 λῦσαι
679 1742 728 1783 τῷ
752 1741 940 1786 λαμβάνειν
959 1742 992 1773 ἐν
1010 1741 1058 1782 τῷ
1077 1743 1110 1773 τί
1129 1741 1202 1774 ἐστι
1222 1742 1355 1783 πάντα,

349 1789 408 1818 καὶ
434 1787 476 1828 τό
510 1786 627 1831 ἐφεξῆς
654 1787 700 1828 τῇ
730 1781 893 1831 διαιρέσει
926 1790 1051 1821 ποιεῖν,
1087 1786 1288 1830 αἰτούμενον
1314 1788 1357 1820 τό

352 1833 499 1875 πρῶτον,
514 1833 572 1863 καὶ
591 1826 696 1876 μηδὲν
715 1833 951 1874 παραλείπειν.
972 1831 1083 1862 Τοῦτο
1101 1825 1130 1861 δ’
1154 1831 1355 1877 ἀναγκαῖον,

351 1877 379 1908 εἱ
407 1875 500 1908 ἅπαν
526 1876 571 1914 εἰς
598 1876 662 1913 τήν
680 1871 840 1919 διαίρεσιν
866 1876 1030 1919 ἐμπίπτει
1046 1877 1103 1906 καὶ
1122 1870 1226 1919 μηδὲν
1253 1877 1356 1909 ἐλλεί-

350 1932 420 1953 πει·
448 1921 555 1953 τοῦτο
580 1915 608 1952 δ’
640 1921 842 1966 ἀναγκαῖον,
864 1921 995 1963 ἄτομον
1019 1919 1084 1966 γάρ
1104 1917 1168 1957 ἤδη
1187 1915 1240 1952 δεῖ
1255 1919 1353 1954 εἶναι.

277 1965 388 1998 ’Anat
411 1966 635 2011 συλλογισμὸς
662 1965 750 2010 ὅμως
776 1966 836 1997 οὐκ
862 1966 1003 2004 ἔνεστιν,
1025 1965 1097 1997 ἀλλ’
1127 1968 1231 2007 εἴπερ,
1254 1967 1356 1999 ἄλλον

352 2009 480 2055 τρόπον
509 2010 678 2056 γνωρίζειν
705 2014 808 2044 ποιεῖ’,
833 2011 900 2045 Καὶ
925 2011 1032 2043 τοῦτο
1085 2010 1117 2042 ἐν
1148 2006 1244 2043 οὐδέν
1278 2011 1357 2044 ἄτο-

351 2066 428 2087 πον·
457 2050 536 2087 οὐδὲ
561 2055 625 2101 γάρ
660 2057 675 2088 ὁ
709 2055 846 2102 ἐποίγων
875 2057 953 2092 ’ίσως
989 2021 1243 2097 ἀποδείκνυσιν,
1279 2057 1352 2090 ἀλλ’

353 2098 441 2143 ὅμως
466 2095 566 2137 δηλοῖ
596 2112 641 2132 τι.
675 2100 905 2146 Συλλογισμόν
935 2095 963 2131 δ’
995 2100 1032 2131 οὐ
1056 2100 1148 2146 λέγει
1177 2101 1192 2132 ὁ
1222 2100 1259 2132 ἐκ
1293 2103 1355 2139 τῆς

350 2140 545 2188 διαιρέσεως
574 2144 682 2191 λέγων
714 2145 774 2177 τόν
806 2143 1098 2189 ὁρισμόν.“Ὠσπερ
1129 2145 1194 2190 γσέρ
1221 2146 1254 2177 ἐν
1285 2150 1356 2184 τοῖς

351 2189 614 2234 συμπεράσμασι
647 2193 718 2228 τοῖς
753 2189 830 2221 ἄνευ
855 2191 923 2223 τῶν
953 2189 1082 2232 μέσων,
1110 2190 1168 2222 ἑοίν
1201 2202 1250 2227 τις
1277 2193 1355 2234 εἴπῃ

352 2233 407 2267 ὅτι
439 2232 572 2268 τούτων
607 2233 713 2268 ὄντων
748 2233 881 2280 ἀνάγκη
917 2229 992 2267 τοδὶ
1027 2231 1138 2275 εἶναι,
1176 2230 1356 2279 ἐνδέχεται

351 2279 522 2334 ἐρωτῆσαι
553 2273 614 2311 διά
645 2281 700 2320 τί,
735 2278 843 2317 οὕτως
874 2281 931 2311 καὶ
966 2280 998 2311 ἐν
1032 2283 1104 2317 τοῖς
1139 2274 1355 2323 διαιρετικοῖς

353 2324 451 2367 ὅροις.
479 2326 516 2356 Τί
542 2324 634 2356 ἐστιν
662 2323 853 2368 ἅνθρωπος;
886 2325 970 2366 ζῷον
1001 2323 1143 2365 θνητόν,
1179 2324 1354 2366 ὑπόπουν,

350 2363 492 2409 δίπουν,
520 2369 683 2409 ἄπτερον·
709 2363 768 2401 διαὶ
793 2370 847 2408 τί;
875 2369 952 2411 παρ’
984 2368 1132 2406 ἐκοίστην
1163 2368 1354 2414 πρόσθεσιν·

352 2413 419 2457 ἐρεῖ
442 2412 527 2459 γοίρ,
553 2415 612 2445 καὶ
644 2408 746 2454 δείξει
777 2414 823 2455 τῇ
855 2408 1036 2456 διαιρέσει,
1064 2415 1106 2451 ὠς
1138 2416 1268 2454 οἴεται,
1302 2413 1356 2447 ὅτι

352 2459 420 2490 πᾶν
451 2456 473 2494 ἦ
506 2457 628 2495 θνητόν
662 2458 683 2495 ἦ
716 2457 901 2490 ἀθάνατον.
933 2459 970 2489 '0
999 2453 1037 2490 δέ
1069 2460 1226 2496 τοιοῦτος
1254 2458 1355 2504 λόγος

354 2501 446 2540 ἅπας
472 2500 531 2534 οὐκ
563 2503 655 2536 ἔστιν
690 2502 835 2546 ὁρισμός.
859 2502 953 2535 ”Ωστ’
987 2503 1015 2534 εἰ
1043 2505 1102 2535 καὶ
1134 2499 1356 2536 ἀπεδείκνυτο

352 2548 398 2589 τῇ
423 2542 607 2592 διαιρέσει,
637 2547 712 2580 ἀλλ’
743 2546 760 2579 ὅ
784 2547 817 2594 γ’
849 2547 981 2592 ὁρισμός
1006 2547 1042 2579 οὐ
1064 2548 1286 2594 συλλογισμὸς
1307 2550 1358 2594 γί-

352 2603 463 2625 νεται.

346 2690 497 2718 Smopsxs.
510 2706 545 2710 —
562 2699 586 2717 1.
608 2690 821 2726 Argumentum
837 2688 923 2717 huius
944 2688 1084 2717 lectionis.
1101 2706 1120 2710 —
1136 2696 1162 2717 2.
1186 2689 1275 2723 Quod
1290 2688 1360 2726 quid

285 2735 329 2758 est
342 2739 404 2758 non
415 2735 512 2767 potest
523 2729 718 2758 demonstrari
729 2739 780 2766 per
789 2729 866 2757 viam
881 2728 1038 2757 divisionis.
1047 2746 1066 2750 -
1075 2729 1101 2757 3.
1112 2730 1255 2757 Probatur
1265 2729 1360 2765 primo

286 2779 323 2798 ex
341 2776 445 2798 natura
466 2769 632 2805 divisionis,
660 2770 821 2797 secundum
843 2779 931 2806 quam
956 2769 1026 2797 nihil
1053 2769 1234 2797 concluditur
1255 2779 1288 2797 ex
1310 2778 1360 2797 ne-

286 2809 427 2844 cessitate,
450 2810 501 2837 sed
523 2810 618 2838 solum
640 2809 840 2846 hypothetice3
861 2809 885 2837 si
905 2818 1011 2845 nempe
1032 2809 1208 2837 concedatur
1222 2810 1303 2846 quod
1318 2809 1361 2836 di-

285 2849 360 2877 visio
375 2849 411 2877 sit
427 2850 642 2886 completa.-4.
657 2850 689 2877 In
704 2849 847 2886 praesenti
864 2849 1059 2885 disputatione
1074 2849 1142 2877 satis
1157 2849 1362 2877 convenienter

287 2895 474 2925 comparatur
487 2889 590 2917 divisio
611 2889 789 2925 inductioni,
812 2889 881 2926 quia
896 2889 1052 2926 utrobique
1069 2896 1183 2925 oportet
1197 2898 1361 2925 supponere

287 2929 368 2965 quod
383 2935 501 2965 accepta
515 2929 573 2957 sint
586 2929 687 2957 omnia
701 2938 776 2966 quae
790 2929 975 2957 continentur
992 2930 1045 2957 sub
1061 2929 1159 2966 aliquo
1175 2929 1362 2957 communi.-

290 2968 316 2996 5.
332 2969 476 2996 Probatur
489 2969 619 2997 secundo
634 2978 668 2996 ex
682 2969 795 2997 ratione
817 2969 905 3005 ipsius
920 2969 997 3006 quod
1010 2969 1145 3008 quid-est.
1167 2970 1203 2997 Et
1218 2968 1360 3005 imprimis

379 3112 384 3124 γ
424 3074 502 3115 ..7¹³
529 3067 542 3082 “
558 3068 735 3110 ostquam
770 3061 1024 3109 Philosophus
1060 3061 1223 3098 ostendit
1256 3061 1360 3110 quod

473 3166 540 3216 *S
557 3180 626 3216 per
647 3167 831 3204 terminos
860 3167 1135 3214 convertibiles,
1156 3167 1216 3204 hic
1237 3175 1360 3204 osten-

438 3214 446 3257 Ϊ
500 3218 538 3249 512¹
558 3221 611 3258 dit
638 3220 744 3270 quod
763 3233 842 3257 non
869 3228 995 3269 potest
1023 3220 1274 3258 demonstrari
1292 3233 1362 3268 per

289 3274 395 3312 viam
425 3273 620 3312 divisionis
634 3274 664 3310 ³¹².
682 3275 732 3310 Et
761 3273 858 3310 circa
885 3275 961 3310 hoc
989 3274 1065 3311 duo
1090 3274 1191 3310 facit:
1220 3273 1358 3321 primo,

292 3328 456 3366 ostendit
482 3326 751 3377 propositum,
765 3327 946 3373 secundo,
969 3326 1130 3363 excludit
1149 3326 1360 3375 quamdam

292 3382 543 3427 solutionem3
573 3380 644 3417 ibi:
682 3380 876 3429 Contingit
905 3386 1029 3416 autem
1066 3379 1211 3416 solvere
1235 3380 1255 3400 ‘³‘
1290 3387 1359 3415 etc.

293 3435 404 3472 Circa
431 3435 600 3485 primurn
624 3434 701 3470 duo
730 3433 832 3470 facit:
861 3433 1004 3481 primo,
1035 3431 1198 3469 ostendit
1219 3444 1360 3480 propo-

294 3489 405 3526 situm
434 3501 504 3538 per
528 3487 716 3525 rationem
742 3498 990 3523 communem
1020 3485 1198 3522 omnibus
1220 3487 1239 3506 *⁸
1261 3497 1360 3533 quae

1411 850 1428 870 '¹‘
1442 853 1485 881 At
1499 862 1574 882 vero
1591 862 1695 892 neque
1714 863 1770 892 per
1786 852 1947 883 divisionis
1966 852 2050 882 viam
2067 859 2113 883 est
2128 853 2327 894 syllogizare:
2346 854 2427 885 sicut
2444 855 2477 885 in

1478 896 1686 927 Resolutione
1711 897 1791 927 circa
1806 897 1921 936 figuras
1945 897 2063 926 dictum
2088 904 2142 928 est.
2167 898 2376 938 Nequaquam
2392 899 2478 929 enim

1478 950 1604 971 necesse
1621 948 1666 971 est
1682 941 1769 971 illam
1785 952 1852 971 rem
1868 952 1934 971 esse
1959 951 2032 971 cum
2055 941 2131 972 haec
2155 942 2226 980 sint,
2251 943 2305 972 sed
2328 943 2407 974 sicut
2424 954 2477 974 ne-

1479 995 1541 1026 que
1557 985 1709 1016 inducens
1734 987 1936 1016 demonstrat.
1962 986 2036 1015 Non
2056 986 2139 1016 enim
2160 994 2286 1026 oportet
2302 988 2477 1018 conclusio-

1478 1039 1553 1059 nem
1571 1029 1772 1070 interrogare,
1798 1041 1900 1071 neque
1917 1030 1949 1060 in
1967 1031 2168 1060 concedendo
2186 1041 2263 1069 esse,
2283 1033 2337 1061 sed
2353 1042 2478 1062 necesse

1480 1081 1525 1104 est
1549 1084 1615 1104 esse
1640 1085 1714 1104 cum
1737 1075 1799 1106 sint
1823 1075 1895 1113 illa,
1928 1075 1984 1104 etsi
2008 1084 2071 1104 non
2097 1075 2178 1105 dicat
2201 1077 2413 1115 respondens;
2443 1083 2478 1107 ut

1478 1118 1579 1148 homo
1603 1119 1720 1148 animal
1744 1126 1789 1149 est
1819 1126 1873 1149 aut
1895 1119 2121 1157 inanimatum,
2145 1126 2254 1159 postea
2277 1120 2395 1160 accepit
2413 1121 2477 1150 ani-

1478 1163 1554 1199 mal,
1580 1173 1644 1193 non
1662 1164 1884 1204 syllogizatum
1901 1171 1956 1194 est.
1982 1165 2059 1194 Item
2079 1174 2174 1194 omne
2190 1164 2306 1194 animal
2324 1172 2378 1195 aut
2396 1175 2478 1204 gres-

1480 1207 1568 1236 sibile
1592 1214 1646 1237 aut
1671 1208 1817 1248 aquatile,
1842 1215 1872 1238 et
1896 1208 1921 1238 si
1946 1209 2064 1248 accepit
2079 1208 2246 1247 gressibile,
2267 1216 2296 1239 et
2314 1209 2478 1239 hominem

1480 1257 1585 1281 toturn
1609 1252 1725 1282 animal
1750 1252 1906 1291 gressibile
1931 1263 1996 1283 non
2020 1263 2143 1283 necesse
2168 1260 2214 1283 est
2237 1264 2272 1283 ex
2296 1254 2400 1291 dictis,
2425 1254 2479 1283 sed

1480 1296 1592 1336 accipit
1608 1304 1638 1327 et
1651 1297 1723 1327 hoc.
1740 1297 1849 1327 Differt
1875 1305 1981 1328 autem
1996 1298 2074 1327 nihil
2089 1298 2120 1327 in
2136 1298 2243 1327 multis
2257 1305 2310 1328 aut
2324 1298 2355 1327 in
2371 1298 2479 1338 paucis

1480 1341 1524 1371 sic
1548 1341 1668 1372 dicere:
1698 1342 1783 1372 idern
1813 1342 1896 1372 enim
1921 1349 1975 1372 est.
2007 1343 2082 1372 Non
2113 1342 2321 1383 syllogisticus
2349 1343 2479 1382 quidem

1478 1385 1573 1425 igitur
1597 1396 1673 1416 usus
1696 1386 1731 1417 fit
1754 1387 1797 1417 sic
1820 1387 2078 1427 procedentibus,
2113 1395 2143 1417 et
2166 1388 2204 1417 de
2228 1386 2479 1427 contingentibus

1480 1431 1668 1471 syllogizari.

1413 1525 1501 1563 Quid
1525 1525 1610 1555 enim
1629 1525 1775 1566 prohibet
1797 1525 1859 1556 hoc
1882 1536 1993 1556 verum
2016 1525 2146 1566 quidem
2171 1535 2266 1555 omne
2283 1534 2350 1563 esse
2366 1525 2404 1555 de
2423 1524 2479 1555 ho-

1479 1570 1575 1608 mine,
1601 1581 1666 1600 non
1690 1578 1807 1601 tamen.
1820 1571 1909 1611 quod
1925 1570 2002 1611 quid
2018 1577 2074 1609 est,
2099 1580 2202 1611 neque
2218 1570 2307 1610 quod
2322 1570 2400 1610 quid
2416 1576 2481 1600 erat

1480 1625 1546 1645 esse
1572 1613 1761 1645 ostendens?

1412 1660 1561 1700 Amplius
1577 1660 1654 1700 quid
1673 1659 1817 1700 prohibet
1834 1666 1888 1689 aut
1906 1669 2065 1699 apponere
2079 1659 2207 1699 aliquid,
2222 1665 2276 1689 aut
2285 1658 2416 1696 auferre,
2426 1665 2480 1689 aut

1480 1704 1661 1744 supergredi
1678 1702 1901 1734 substantiam?
1912 1704 1999 1733 Haec
2011 1704 2105 1741 igitur
2121 1703 2322 1734 dimittuntur
2337 1703 2477 1743 quidem.

1413 1748 1579 1788 Contingit
1602 1755 1709 1779 autem
1725 1749 1845 1778 solvere
1869 1749 1901 1778 in
1925 1748 2107 1787 accipiendo
2131 1748 2163 1777 in
2180 1758 2218 1778 eo
2233 1748 2320 1788 quod
2340 1748 2417 1788 quid
2434 1754 2480 1778 est

1480 1793 1599 1831 omnia,
1624 1800 1654 1823 et
1677 1794 1764 1833 quod
1783 1800 1828 1823 est
1844 1800 2071 1832 consequenter
2093 1802 2149 1832 per
2172 1793 2358 1823 divisionem
2380 1792 2479 1822 facere

1479 1838 1660 1878 quaesitum
1680 1838 1778 1878 prius,
1796 1844 1826 1868 et
1842 1837 1919 1867 nihil
1942 1838 2127 1877 relinquere.
2153 1839 2223 1868 Hoc
2248 1844 2354 1867 autem
2374 1847 2478 1866 neces-

1480 1882 1598 1912 sarium
1617 1889 1673 1920 est,
1694 1882 1718 1912 si
1738 1892 1833 1912 omne
1854 1882 1885 1911 in
1903 1882 2055 1912 divisione
2079 1882 2160 1912 cadit
2175 1889 2206 1912 et
2220 1882 2299 1912 nihil
2321 1881 2478 1921 relinquit.

1480 1927 1684 1957 Individuum
1703 1926 1788 1956 enirn
1808 1926 1910 1966 specie
1930 1933 2055 1965 oportet
2074 1936 2150 1956 esse.

1412 1971 1474 2002 Sed
1497 1971 1699 2012 syllogismus
1723 1978 1829 2001 tamen
1852 1981 1917 2000 non
1941 1970 2035 2008 inest,
2060 1970 2116 2000 etsi
2139 1980 2210 2000 vere
2231 1969 2292 2000 alio
2317 1970 2415 1999 modo
2430 1978 2481 1998 co-

1478 2025 1628 2056 gnoscere
1653 2015 1742 2053 facit;
1773 2022 1803 2045 et
1832 2015 1894 2045 hoc
1924 2015 2054 2055 quidem
2075 2025 2140 2044 non
2169 2021 2214 2044 est
2237 2013 2478 2044 inconveniens:

1479 2070 1582 2101 neque
1606 2060 1692 2090 enim
1715 2059 1867 2089 inducens
1891 2059 2021 2089 fortasse
2052 2060 2265 2097 demonstrat,
2296 2059 2350 2089 sed
2373 2065 2479 2088 tamen

1479 2104 1658 2135 manifestat
1688 2104 1817 2144 aliquid.
1848 2104 2076 2144 Syllogismum
2107 2111 2212 2134 autem
2244 2113 2310 2133 non
2340 2102 2415 2133 dicit
2443 2112 2480 2132 ex

2504 859 2515 870 ¹⁵
2531 859 2587 886 Cap.
2600 866 2622 880 v.

2504 885 2571 907 Text.
2585 892 2609 911 4.

1480 2149 1633 2179 divisione
1657 2149 1763 2178 dicens
1787 2147 2013 2179 definitionem.
2037 2148 2124 2178 Sicut
2147 2148 2232 2178 enirn
2251 2147 2283 2178 in
2303 2147 2479 2178 conclusio·
2530 2143 2538 2149 ⁵

1478 2194 1571 2224 nibus
1596 2203 1677 2234 quae
1701 2193 1766 2223 sine
1790 2192 1901 2222 mediis
1926 2200 2010 2230 sunt,
2034 2193 2059 2222 si
2084 2192 2197 2233 aliquis
2221 2193 2303 2222 dicat
2326 2191 2479 2232 quoniam

1478 2238 1527 2268 his
1547 2238 1749 2268 existentibus
1773 2247 1899 2267 necesse
1923 2244 1968 2267 est
1991 2237 2053 2267 hoc
2077 2247 2154 2274 esse,
2178 2237 2331 2276 contingit
2349 2236 2479 2266 interro-

1478 2293 1550 2322 gare
1574 2289 1703 2322 propter
1726 2282 1813 2322 quid,
1831 2281 1873 2311 sic
1893 2288 1924 2311 et
1946 2281 1978 2311 in
1996 2281 2133 2311 divisivis
2149 2281 2298 2311 terminis.
2324 2280 2409 2318 Quid
2434 2286 2480 2311 est

1478 2325 1602 2357 homo?
1625 2326 1742 2356 animal
1761 2326 1893 2356 mortale
1917 2325 2004 2365 bipes
2020 2326 2138 2356 habens
2155 2326 2250 2365 pedes
2267 2325 2333 2355 sine
2349 2324 2478 2365 pennis;

1478 2378 1608 2412 propter
1635 2371 1712 2411 quid
1741 2371 1917 2401 secundum
1948 2380 2207 2411 unamquamque
2236 2369 2479 2410 appositionem.

1478 2416 1568 2447 Dicet
1598 2415 1683 2445 enim
1713 2422 1743 2446 et
1775 2415 1962 2445 monstrabit
1994 2415 2166 2453 divisione,
2205 2415 2285 2445 sicut
2313 2414 2479 2454 opinatur,

1479 2460 1567 2501 quod
1598 2470 1695 2490 omne
1726 2459 1843 2489 animal
1880 2466 1934 2490 aut
1968 2460 2100 2489 mortale
2142 2466 2197 2490 aut
2224 2459 2402 2489 immortale
2431 2458 2479 2488 sit.

1479 2504 1675 2535 Huiusmodi
1692 2512 1799 2534 autem
1822 2504 1901 2534 ratio
1918 2514 1984 2534 non
2001 2504 2105 2534 omnis
2130 2511 2175 2534 est
2199 2503 2350 2534 definitio.
2376 2503 2481 2540 Quare

1479 2549 1625 2589 quamvis
1652 2549 1807 2579 divisione
1832 2548 2109 2587 demonstraverit,
2134 2548 2189 2578 sed
2211 2555 2316 2578 tamen
2341 2546 2481 2577 definitio

1479 2604 1546 2624 non
1570 2593 1773 2634 syllogismus
1796 2592 1841 2624 fit.

1414 2689 1492 2726 quia,
1515 2690 1583 2717 dato
1605 2689 1685 2726 quod
1706 2698 1758 2725 per
1777 2688 1853 2716 viam
1876 2688 2023 2716 divisionis
2044 2688 2232 2716 concludatur
2246 2688 2353 2724 aliquid
2367 2687 2480 2724 praedi-

1415 2729 1473 2757 cari
1488 2730 1523 2757 de
1538 2729 1676 2763 subiecto,
1689 2738 1750 2757 non
1765 2728 1817 2756 erit
1832 2735 1950 2765 propter
1969 2729 2024 2756 hoc
2039 2729 2191 2764 probatum
2208 2729 2287 2764 quod
2302 2727 2481 2764 praedicetur

1416 2770 1451 2797 de
1467 2769 1531 2805 ipso
1546 2769 1575 2796 in
1591 2770 1671 2805 quod
1686 2769 1755 2805 quid
1771 2775 1820 2796 est.
1833 2786 1851 2789 —
1862 2770 1888 2796 6.
1904 2769 2001 2796 Altera
2016 2768 2158 2804 probatio.
2176 2769 2263 2802 Quod
2279 2767 2348 2804 quid
2363 2774 2405 2795 est
2419 2777 2480 2795 non

1415 2809 1540 2837 admittit
1554 2809 1733 2837 additionem
1754 2818 1848 2845 neque
1870 2808 2103 2836 subtractionem.
2127 2808 2214 2842 Quod
2233 2814 2328 2835 antem
2343 2808 2481 2843 probatur

1415 2858 1468 2885 per
1481 2849 1557 2877 viam
1574 2848 1732 2883 divisionis,
1754 2855 1849 2885 potest
1870 2849 2005 2876 excedere
2020 2848 2099 2884 quod
2117 2847 2186 2883 quid
2202 2854 2252 2881 est,
2267 2854 2316 2875 aut
2330 2848 2365 2874 ab
2381 2856 2416 2874 eo
2431 2856 2479 2874 ex-

1417 2889 1488 2917 cedi.
1504 2906 1522 2910 -
1539 2899 1564 2925 7.
1581 2888 1715 2917 Obiectio
1736 2888 1854 2916 fundata
1868 2888 1897 2915 in
1914 2887 2065 2924 hypothesi
2086 2888 2165 2923 quod
2188 2888 2316 2914 membra
2331 2886 2478 2914 divisionis

1416 2928 1472 2956 sint
1486 2929 1629 2965 complete
1645 2935 1769 2964 accepta.
1779 2945 1798 2949 -
1809 2929 1835 2955 8.
1848 2927 2016 2963 Responsio.
2032 2928 2106 2955 Data
2120 2926 2280 2963 hypothesi,
2296 2926 2358 2954 talis
2374 2927 2479 2953 modus

1415 2968 1635 3006 argumentandi
1646 2978 1707 2996 non
1718 2975 1760 2996 est
1774 2967 1972 3004 syllogisticus,
1984 2966 2051 3003 quia
2060 2976 2121 2994 non
2131 2966 2256 2994 ostendit
2266 2971 2391 3003 propter
2401 2965 2478 3003 quid.

1416 3061 1625 3110 syllogizari
1644 3068 1820 3110 possunt3
1851 3060 2030 3106 secundo,
2061 3059 2222 3096 ostendit
2238 3054 2477 3108 propositum

1416 3123 1601 3163 quantum
1630 3115 1678 3151 ad
1704 3127 1748 3151 ea
1776 3126 1874 3162 quae
1900 3121 1986 3150 sunt
2012 3113 2165 3162 propria
2194 3112 2227 3148 ei
2255 3112 2358 3161 quod
2387 3112 2478 3160 quid

1417 3175 1488 3203 est:
1518 3167 1585 3203 ibi:
1620 3167 1719 3209 Quid
1744 3168 1842 3203 enim
1865 3167 2077 3215 prohibet*
2107 3174 2174 3202 etc.

1470 3231 1505 3256 2.
1526 3220 1626 3256 Dicit
1655 3232 1743 3267 ergo
1771 3220 1895 3268 primo
1915 3219 2031 3268 quod,
2062 3219 2155 3256 sicut
2173 3230 2252 3254 non
2269 3225 2392 3266 potest
2414 3218 2476 3254 de-

1416 3273 1618 3309 monstrari
1642 3273 1743 3320 quod
1760 3273 1851 3320 quid
1868 3278 1921 3309 est
1946 3285 2015 3321 per
2042 3271 2222 3309 terminos
2243 3272 2263 3292 '⁸
2292 3271 2476 3307 converti-

1416 3325 1519 3371 biles,
1541 3325 1590 3362 ita
1611 3326 1722 3362 etiam
1742 3337 1820 3361 non
1838 3333 1962 3374 potest
1987 3324 2269 3362 demonstrari*
2285 3336 2355 3373 per
2371 3324 2475 3361 viam

1417 3378 1625 3415 divisionis:
1654 3390 1724 3427 per
1751 3391 1868 3426 quam
1897 3378 2010 3415 etiam
2030 3378 2119 3414 nihil
2141 3377 2361 3426 syllogistice
2388 3390 2476 3426 pro-

1416 3432 1540 3478 batur,
1567 3431 1661 3468 sicut
1689 3431 1829 3468 dictum
1860 3439 1915 3467 est
1933 3437 1950 3452 '³‘
1969 3431 2007 3467 in
2034 3431 2274 3468 Resolutione
2301 3431 2402 3467 circa
2423 3432 2476 3478 fi-

1414 3496 1551 3534 guras,
1579 3484 1674 3521 idest
1701 3484 1739 3520 in
1768 3484 1979 3521 IPriorum
2008 3484 2285 3532 analyticorum
2304 3484 2336 3520 ³¹².
2373 3483 2477 3520 Sicut

348 3625 376 3661 α)
397 3626 473 3651 Sicut
492 3625 591 3651 dictum
606 3627 646 3650 est
659 3624 769 3649 etc.·-·1:
789 3623 857 3649 sicut
870 3623 950 3648 etiam
970 3622 1069 3648 dictum
1084 3625 1124 3647 est
1129 3629 1138 3651 ,·
1157 3622 1195 3647 0:
1213 3621 1283 3647 sicut
1299 3624 1339 3646 est
1358 3621 1639 3647 determinatum-A:
1661 3621 1730 3645 idest
1748 3621 1774 3645 in
1789 3620 1925 3652 principio
1938 3620 2027 3646 Prt'or.
2038 3625 2101 3651 etc-3
2121 3620 2158 3645 0:
2179 3620 2247 3645 idest
2265 3620 2291 3645 in
2306 3620 2374 3645 libro
2388 3620 2476 3645 Prior.

2506 3177 2517 3189 ¹·
2531 3177 2603 3199 Num.
2613 3184 2632 3206 5.

2504 3288 2517 3299 ¹*
2529 3287 2566 3309 Cf.
2577 3288 2630 3309 lect.
2641 3294 2716 3315 praec.

2505 3320 2608 3372 Parsada:-
2616 3341 2716 3369 syllogi-

2505 3373 2564 3394 (art.

2602 3447 2619 3463 α

2504 3477 2514 3486 ”
2529 3476 2572 3497 Ed.
2582 3476 2636 3498 Did.
2651 3482 2701 3503 cap.

2504 3509 2570 3524 xxxi.
