2788 4204
46 881 121 902 Plato.
131 856 184 902 -tln
197 880 260 902 Par-

46 907 146 930 menide.

46 1126 168 1149 ‘codd-r:
180 1127 262 1158 Urgum.

50 2356 60 2366 ·
69 2361 96 2377 ιε
107 2355 193 2382 etaim
203 2362 231 2378 n:
241 2358 266 2378 et

49 2381 217 2410 reliquimur:
226 2389 265 2404 re-

50 2408 144 2437 liquam.

49 2566 186 2588 ’anm-r:
197 2568 267 2593 etex;

49 2599 83 2615 n:
98 2594 126 2614 ut
137 2598 175 2615 ex.

1150 305 1261 341 CAP.
1291 305 1378 353 vll,

290 391 334 415 ex
354 379 615 427 suppositione
636 380 742 429 quod
761 380 853 429 quid
869 388 924 417 est
942 381 1092 418 alterius
1113 383 1177 419 rei.
1203 384 1299 419 Puta
1323 385 1352 421 si

289 432 424 481 aliquis
453 433 506 469 sic
534 434 717 482 procedat
744 434 934 482 accipiens
957 436 1062 483 quod
1086 435 1188 472 idem
1208 436 1254 472 sit
1277 448 1354 473 esse

290 485 466 522 divisibili
489 494 524 522 et
539 487 654 532 malo,
675 487 771 523 idest
792 487 897 534 quod
917 487 1052 523 divisio
1073 488 1119 524 sit
1137 489 1241 537 quod
1261 490 1353 536 quid

290 545 345 574 est
359 538 468 584 mali,
491 546 526 575 et
540 539 697 576 ulterius
717 547 1001 586 argumentetur
1020 541 1089 576 sic:
1116 543 1162 578 In
1183 544 1354 579 omnibus

289 603 386 639 quae
413 592 552 628 habent
577 593 822 637 contrarium,
852 593 1034 629 contrarii
1051 599 1105 630 est
1121 597 1353 632 contrarium

289 644 390 692 quod
416 645 507 692 quid
533 642 631 685 est⁰‚·
648 646 714 681 sed
740 646 837 681 bono
866 652 920 682 est
945 648 1178 684 contrarium
1198 649 1352 694 malum,

289 703 326 733 et
351 697 572 733 indivisibile
605 703 659 734 est
691 699 924 735 contrarium
963 700 1153 744 divisibili;
1189 702 1356 749 sequitur

289 761 383 798 ergo
403 750 504 797 quod
523 751 744 787 indivisibile
761 752 809 787 sit
826 753 926 800 quod
944 753 1034 800 quid
1052 759 1106 789 est
1123 754 1235 801 ipsius
1256 756 1354 791 boni.

289 803 339 838 Et
367 811 569 840 sumuntur
596 804 664 840 ista
694 806 868 852 exempla
891 805 1103 842 secundum
1133 807 1354 855 opinionem

289 855 458 892 Platonis
483 863 506 901 ⁸,
534 856 598 904 qui
617 857 743 906 posuit
762 858 868 905 quod
897 859 1033 895 eadem
1053 867 1108 895 est
1132 860 1224 896 ratio
1245 861 1356 897 unius

290 915 327 945 et
354 909 457 945 boni.
478 910 664 947 Videmus
693 910 795 947 enim
825 912 929 959 quod
953 913 1256 961 unumquodque
1291 926 1356 962 ap-

288 961 381 1010 petit
408 961 591 999 unitatem
621 963 716 1000 sieut
743 964 941 1013 proprium
961 966 1120 1002 bonum.
1142 967 1272 1003 Unum
1292 979 1356 1003 au-

289 1021 368 1051 tem
389 1023 444 1051 est
462 1014 566 1053 idem
591 1017 696 1064 quod
725 1017 968 1063 indivisibile3
999 1026 1035 1054 et
1062 1018 1114 1054 sie
1139 1031 1208 1067 per
1236 1032 1357 1068 oppo-

290 1067 403 1104 situm
424 1069 591 1116 sequitur
610 1070 714 1117 quod
735 1071 881 1107 malum
908 1071 953 1107 sit
972 1071 1074 1107 idem
1100 1072 1205 1119 quod
1230 1072 1355 1109 divisi-

290 1120 376 1157 bile.
398 1121 711 1171 Unumquodque
733 1124 752 1145 *
778 1124 879 1160 enirn
900 1123 1035 1171 refugit
1061 1125 1104 1145 *³¹⁸
1129 1124 1356 1162 divisionem

290 1173 368 1220 sui,
399 1174 487 1222 quia
505 1187 575 1223 per
602 1176 677 1212 hoc
696 1176 814 1212 tendit
842 1177 892 1213 ad
911 1177 1141 1217 diminutum
1165 1184 1201 1213 et
1220 1177 1358 1226 imper-

290 1226 444 1262 fectum.

344 1279 380 1316 6.
401 1279 550 1316 Deinde
576 1293 664 1317 cum
685 1281 789 1318 dicit:
814 1283 963 1319 Etenim
982 1283 1043 1319 hic
1070 1283 1256 1330 accipiens
1276 1291 1358 1329 etc.‚

289 1332 427 1381 probat
454 1333 714 1382 propositum,
742 1334 881 1371 scilicet
909 1335 1012 1384 quod
1042 1347 1120 1371 non
1147 1335 1267 1384 possit
1295 1336 1359 1373 de—

289 1386 493 1423 monstrari
511 1387 612 1434 quod
625 1387 716 1436 quid
734 1393 803 1431 est,·
828 1395 863 1424 et
881 1388 956 1425 hoc
971 1388 1119 1425 duabus
1141 1389 1358 1427 rationibus.

290 1438 465 1485 Quarum
484 1439 609 1488 prima
628 1448 694 1486 est,
710 1440 830 1488 quia*
851 1441 964 1478 etiam
985 1441 1021 1478 in
1042 1442 1115 1477 hoc
1134 1442 1254 1479 modo
1274 1455 1361 1492 pro-

249 1508 260 1513 ·
289 1491 451 1528 bationis
469 1493 489 1513 *
503 1492 740 1530 demonstrat
760 1493 892 1542 aliquis
909 1494 1130 1544 accipiendo
1146 1496 1250 1543 quod
1266 1496 1357 1545 quid

290 1553 370 1581 erat
397 1557 498 1592 esse,
524 1553 561 1582 et
587 1545 638 1582 ita
665 1546 800 1595 accipit
834 1548 939 1595 quod
967 1556 1116 1596 oportet
1142 1550 1306 1597 probare
1335 1556 1359 1586 κ.

343 1610 380 1646 7.
412 1598 631 1635 Seoundam
661 1599 846 1637 rationem
866 1601 974 1649 ponit
997 1601 1047 1638 ibi
1066 1599 1095 1637 >·:
1130 1602 1278 1650 Accipit
1294 1615 1360 1639 au-

290 1656 363 1688 tem
396 1652 448 1688 ad
478 1652 810 1690 demonstrandum
845 1662 931 1699 etc.;
966 1662 1002 1690 et
1034 1654 1122 1691 dicit
1149 1655 1254 1703 quod
1282 1668 1360 1692 non

290 1705 416 1741 solum
438 1712 492 1741 est
512 1705 784 1743 inconveniens
804 1707 910 1754 quod
929 1707 1134 1756 accipiatur
1153 1709 1255 1756 quod
1271 1709 1361 1757 quid

256 1775 262 1790 :
290 1763 374 1794 erat
398 1769 477 1794 esse
509 1758 558 1795 ad
593 1758 953 1806 demonstrandum,
983 1761 1050 1798 sed
1087 1768 1123 1798 et
1152 1762 1172 1782 *
1200 1762 1360 1799 alterum

289 1810 564 1848 inconveniens
595 1812 639 1848 fit
671 1813 777 1861 quod
809 1813 988 1861 accipitur
1021 1814 1126 1862 quod
1159 1814 1249 1862 quid
1284 1824 1363 1853 erat

291 1876 373 1901 esse
399 1865 419 1885 *
445 1864 495 1901 ad
523 1865 866 1903 demonstrandum
895 1866 999 1914 quod
1027 1867 1118 1915 quid
1154 1876 1233 1904 erat
1262 1881 1359 1906 esse:

290 1916 380 1965 quia
409 1917 523 1954 etiam
557 1918 596 1955 in
629 1918 1014 1957 demonstrationibus
1043 1920 1082 1957 in
1109 1921 1246 1968 quibus
1273 1934 1360 1970 pro-

251 1988 262 1993 -
290 1970 402 2007 batur
421 1971 442 1992 *
460 1971 535 2008 hoc
555 1971 602 2008 de
622 1972 713 2018 hoc,
734 1980 825 2021 puta
843 1973 970 2021 passio
991 1973 1038 2010 de
1058 1974 1239 2021 subiecto,
1265 1975 1363 2011 acci-

289 2022 391 2072 pitur
409 2036 479 2073 pro
499 2024 628 2062 medio
648 2026 754 2074 quod
773 2025 864 2074 quid
893 2034 972 2063 erat
1001 2039 1095 2072 esse,
1125 2040 1204 2064 non
1231 2035 1360 2065 tamen

291 2077 397 2125 quod
413 2077 503 2127 quid
520 2085 599 2115 erat
618 2090 699 2114 esse
719 2078 825 2127 quod
840 2079 1031 2128 accipitur,
1048 2087 1103 2116 est
1117 2080 1324 2128 ipsummet
1342 2088 1361 2109 Ι*

200 2150 205 2156 -
248 2143 262 2160 ·-
292 2130 398 2180 quod
418 2131 532 2167 debet
551 2132 737 2178 concludi,
761 2133 824 2168 vel
861 2132 1003 2181 aliquid
1033 2134 1052 2155 ²⁸
1082 2133 1185 2182 quod
1222 2134 1362 2171 habeat

292 2184 470 2221 eamdem
492 2185 679 2222 rationem
700 2193 736 2222 et
756 2193 1008 2222 convertatur.
1026 2186 1216 2223 Eamdem
1233 2195 1360 2224 autem

292 2237 480 2274 rationem
508 2238 623 2275 habet
655 2238 760 2286 quod
790 2239 938 2276 bonum
973 2239 1018 2276 sit
1046 2240 1292 2286 indivisibile,
1324 2248 1360 2277 et

291 2291 438 2327 malum
460 2291 661 2336 divisibile;
685 2299 720 2328 et
743 2292 838 2328 haec
863 2292 940 2329 duo
970 2300 1251 2339 convertuntur,
1273 2294 1361 2342 quia

291 2344 416 2394 posito
442 2356 520 2381 uno
539 2345 693 2394 ponitur
721 2346 881 2382 alterum
912 2346 942 2391 ²¹⁸,
964 2353 1000 2382 et
1029 2359 1048 2382 e
1078 2358 1277 2383 converso.
1315 2364 1318 2365 ⁷

348 2398 382 2434 8.
404 2397 554 2435 Deinde
579 2411 668 2435 cum
697 2398 800 2435 dicit:
820 2399 884 2435 Ad
901 2404 1076 2447 utrosque
1102 2405 1227 2436 autem
1255 2405 1292 2436 et
1306 2412 1361 2436 se-

292 2451 457 2487 cundum
494 2451 712 2488 divisionem
742 2460 834 2498 etc.‚
864 2451 1007 2488 inducit
1035 2452 1221 2489 rationem
1255 2465 1361 2489 corn-

292 2515 452 2540 munem
477 2513 608 2541 contra
636 2517 724 2541 eurn
755 2505 820 2554 qui
848 2505 1083 2542 demonstrat
1117 2518 1162 2542 ex
1190 2506 1362 2554 supposi-

291 2556 394 2594 tione
416 2565 452 2593 et
470 2557 490 2578 ’¹‘
509 2557 718 2603 divisione;
749 2565 785 2594 et
804 2558 893 2595 dicit
911 2559 1017 2606 quod
1043 2558 1179 2595 eadem
1208 2559 1361 2608 opposi-

291 2609 344 2647 tio
373 2610 489 2647 habet
516 2611 644 2647 locum
674 2619 805 2648 contra
831 2619 1034 2659 utrosque,
1065 2611 1203 2648 scilicet
1231 2619 1362 2649 contra

293 2675 382 2700 eum
402 2664 468 2712 qui
491 2664 573 2701 vult
592 2664 855 2701 demonstrare
875 2665 979 2713 quod
999 2665 1089 2713 quid
1105 2673 1161 2702 est
1178 2677 1247 2713 per
1267 2665 1360 2702 divi-

346 2806 371 2841 Θ)
394 2807 533 2833 Contrarii
550 2810 590 2832 est
608 2807 775 2833 contrarium
796 2811 844 2832 etc.
853 2821 874 2826 —
885 2807 923 2831 Ex
935 2806 986 2831 hoc
1000 2807 1120 2840 exemplo
1134 2807 1283 2840 intelligitur
1297 2815 1365 2839 quae

294 2844 328 2869 sit
346 2849 436 2868 natura
455 2843 617 2876 quaestionis
637 2843 785 2875 propositae
803 2843 828 2867 in
848 2842 898 2867 hoc
918 2850 1041 2873 numero,
1060 2847 1148 2867 utrum
1170 2850 1264 2875 nempe
1282 2843 1365 2875 possit

295 2879 466 2904 demonstrari
485 2878 557 2911 quod
576 2879 638 2911 quid
652 2884 693 2903 est
711 2878 788 2903 unius
803 2878 839 2903 rei
853 2886 884 2903 ex
899 2878 970 2910 quod
985 2879 1047 2910 quid
1061 2883 1101 2903 est
1115 2879 1219 2902 alterius
1235 2878 1280 2902 rei.
1294 2878 1364 2902 Idem

294 2915 365 2940 enim
383 2919 424 2939 est
443 2922 471 2939 ac
490 2914 512 2938 si
532 2919 671 2946 quaeratur
689 2919 777 2938 utrum
794 2916 905 2938 essentia
921 2914 999 2938 unius
1018 2914 1054 2938 rei
1070 2914 1153 2946 possit
1167 2921 1214 2946 per
1228 2921 1304 2938 suum
1318 2921 1365 2945 op-

294 2951 409 2983 positum
424 2950 608 2980 demonstrari3
622 2950 770 2982 accipiendo
785 2957 880 2982 nempe
891 2957 938 2981 pro
953 2949 1039 2974 medio
1052 2949 1292 2976 demonstrationis,
1303 2954 1366 2981 puta

295 2986 395 3010 malum
419 2985 452 3009 ad
475 2985 707 3010 demonstrandum
727 2985 798 3018 quod
817 2985 880 3017 quid
900 2989 953 3013 est,
974 2992 1021 3009 seu
1040 2984 1180 3010 essentiam
1200 2984 1274 3013 boni,
1294 2985 1366 3016 quod

295 3026 335 3046 est
353 3021 502 3053 oppositum
522 3020 595 3045 mali.
620 3020 726 3045 Subtilis
746 3025 787 3045 est
810 3020 874 3045 haec
899 3021 1031 3052 quaestio:
1056 3028 1116 3045 nam
1138 3028 1198 3044 cum
1222 3020 1313 3044 eadem
1333 3020 1366 3044 sit

294 3057 360 3081 ratio
377 3056 573 3088 oppositorum,
593 3061 622 3081 ut
640 3055 689 3080 fert
707 3063 845 3080 commune
865 3056 1000 3087 adagium,
1019 3056 1119 3080 videtur
1138 3055 1222 3088 primo
1242 3055 1365 3087 adspectu

295 3091 367 3124 quod
385 3099 468 3116 unum
486 3092 635 3123 oppositum
654 3099 701 3123 per
719 3092 843 3116 rationem
863 3091 968 3116 alterius
985 3091 1068 3124 possit
1082 3090 1188 3116 definiri.
1209 3091 1259 3115 Sed
1275 3095 1365 3114 notan-

296 3127 360 3152 dum
379 3127 451 3159 quod
470 3126 712 3159 impraesentiarum
731 3134 819 3151 sermo
833 3132 873 3151 est
887 3135 939 3151 non
959 3127 991 3151 de
1011 3126 1183 3151 notificatione
1201 3133 1364 3158 quacunque,

296 3163 343 3187 sed
367 3162 399 3187 de
425 3162 651 3188 demonstratione
674 3162 810 3187 essentiae.
835 3163 990 3187 Conceditur
1014 3163 1084 3195 quod
1108 3170 1190 3186 unum
1213 3161 1363 3194 oppositum

295 3197 444 3222 manifestet
462 3197 549 3230 aliquo
568 3198 647 3222 modo
666 3198 789 3222 alterum:
805 3198 851 3222 sed
865 3203 974 3229 negatur
988 3198 1058 3230 quod
1077 3205 1158 3222 unum
1178 3197 1282 3221 alterius
1302 3195 1364 3220 defi-

296 3233 420 3258 nitionem
434 3233 595 3258 demonstret
607 3233 655 3257 nisi
669 3241 699 3258 ex
712 3233 902 3266 suppositione.
911 3246 931 3253 —-
940 3234 1016 3258 Hunc
1030 3239 1115 3258 autem
1132 3233 1240 3256 modum
1256 3232 1363 3256 demon-

296 3268 403 3298 strandi,
418 3276 470 3292 non
482 3275 558 3293 secus
572 3276 602 3293 ac
614 3269 809 3301 praecedentem
826 3268 868 3300 (cf.
879 3276 904 3292 n.
914 3268 949 3300 2),
963 3274 1038 3293 vocat
1052 3268 1204 3292 Aristoteles
1218 3274 1255 3292 ex
1267 3274 1364 3298 suppo·

296 3304 401 3333 sitione,
417 3300 442 3333 ἐξ
456 3301 607 3334 ὑποθέσεως,
622 3304 682 3336 quia
697 3303 813 3336 procedit
827 3311 857 3328 ex
871 3304 1007 3336 supposita
1022 3303 1169 3328 definitione
1184 3302 1288 3327 alterius
1299 3310 1360 3326 con-

296 3339 380 3364 trarii:
391 3346 459 3371 quae
469 3339 576 3371 quidem
589 3338 711 3365 definitio.
725 3347 784 3364 cum
796 3347 847 3364 non
858 3339 942 3371 possit
955 3347 1007 3363 non
1019 3346 1078 3363 esse
1088 3346 1171 3371 aeque
1185 3338 1271 3371 ignota
1282 3345 1310 3362 ac
1321 3338 1363 3361 illa

296 3382 363 3408 quae
378 3374 510 3406 probanda
522 3374 670 3407 suscipitur,
685 3374 757 3402 nihil.
770 3374 818 3399 nisi
834 3375 946 3407 petendo
962 3374 1124 3407 principium,
1135 3379 1220 3406 potest
1237 3373 1362 3402 concludi,

296 3415 324 3435 ut
334 3410 399 3435 infm
406 3408 487 3440 (ιιι-μδ,
495 3410 522 3442 7)
530 3410 674 3434 ostenditur
681 3409 732 3441 (Cf.
739 3410 879 3440 Zabarella,
887 3410 914 3434 in
924 3410 944 3434 11
951 3410 1062 3439 Poster„
1070 3417 1151 3441 cap.v,
1159 3409 1203 3433 fol.
1210 3417 1217 3432 1
1225 3407 1266 3437 25,
1275 3409 1323 3432 col.
1330 3408 1363 3440 1).

350 3446 367 3477 ι)
389 3445 539 3470 Secundum
559 3445 709 3477 opinionem
729 3445 943 3470 Platonis.-Est
962 3445 1038 3470 lectio
1057 3445 1201 3470 codd.—-P:
1219 3443 1362 3468 secundum

296 3481 451 3509 Platonem
465 3481 504 3504 H:
518 3481 662 3506 secundum
678 3480 836 3512 positionem
856 3481 985 3505 Platonis.

350 3516 375 3549 κ)
393 3515 498 3547 Accipit
511 3516 583 3548 quod
596 3518 702 3547 oportet
718 3515 936 3547 probare-Hoc
950 3521 1004 3547 est,
1020 3515 1082 3549 petit
1096 3514 1256 3548 principium.
1272 3514 1295 3538 H
1311 3521 1363 3538 non

295 3557 378 3576 recte:
397 3551 495 3583 accipit
508 3551 580 3584 quod
597 3551 663 3584 quid
680 3554 740 3576 erat
758 3558 820 3580 esse,
836 3558 889 3576 om.
899 3551 971 3584 quod
989 3554 1095 3583 oportet
1109 3549 1303 3582 probare-Ex
1322 3549 1362 3573 his

296 3587 403 3620 quaein
421 3587 540 3619 sequenti
560 3594 669 3611 numero
688 3586 858 3617 disseruntur,
873 3586 997 3612 discimus
1016 3587 1164 3619 petitionem
1183 3585 1298 3617 principii
1319 3583 1363 3614 (cf.

296 3623 342 3648 lib.
356 3623 378 3654 1,
398 3623 456 3647 lect.
469 3630 533 3652 xxn,
554 3627 607 3647 not.
621 3620 659 3656 λ),
679 3621 820 3646 formaliter
838 3622 978 3654 loquendo,
998 3622 1091 3655 duplici
1111 3629 1141 3646 ex
1161 3621 1241 3652 capite
1260 3619 1362 3644 offendi.

295 3658 384 3682 Primo
407 3658 527 3690 quidem,
554 3658 659 3690 quando
685 3657 807 3689 accipitur
825 3657 851 3682 in
870 3657 1025 3691 principium
1049 3655 1273 3682 demonstrationis
1299 3655 1362 3679 illud

438 3709 508 3742 Opp.
527 3709 558 3733 D.
577 3709 692 3733 Tamus
710 3708 742 3733 T.
762 3708 779 3733 1.

1409 306 1559 342 LECT.
1588 306 1624 342 v
2402 309 2475 355 345

1409 383 1577 430 sionem,
1609 391 1645 420 et
1682 391 1812 421 contra
1841 397 1930 421 eum
1964 385 2029 433 qui
2065 385 2179 422 utitur
2218 387 2478 435 suppositione

1409 437 1514 484 quod
1530 436 1621 485 quid
1637 445 1691 473 est
1705 437 1744 474 in
1758 438 1989 485 syllogismo.
2007 439 2252 476 Manifestum
2271 448 2325 476 est
2340 440 2440 477 enim
2458 442 2478 462 *

1409 489 1513 537 quod
1543 490 1711 526 definitio
1741 490 1925 538 significat
1953 503 2075 528 unum
2104 492 2265 539 aliquid:
2300 493 2401 530 unde
2432 506 2476 530 ea

1409 554 1508 590 quae
1540 551 1735 590 ponuntur
1766 544 1806 579 in
1833 543 2071 590 definitione,
2101 545 2150 581 ad
2185 545 2477 592 significandum

1408 595 1610 642 unitatem,
1637 595 1776 632 debent
1797 597 1890 644 poni
1910 598 2054 645 absque
2075 598 2232 646 copula;
2252 606 2344 646 puta
2363 606 2404 635 ut
2424 599 2476 635 di-

1411 656 1514 684 catur
1527 654 1539 667 ⁹
1554 648 1659 696 quod
1678 650 1798 685 homo
1815 658 1870 686 est
1888 650 2029 686 animal
2049 650 2240 698 gressibile
2257 651 2374 700 bipes,
2396 664 2475 689 non

1410 709 1538 737 autem
1559 701 1671 737 debet
1689 701 1762 738 dici
1781 702 1887 749 quod
1914 703 2033 739 homo
2055 703 2101 740 sit
2126 703 2267 740 animal
2301 713 2337 741 et
2356 705 2475 753 bipes.

1410 754 1521 790 Unde
1541 754 1571 790 si
1591 754 1723 801 aliquis
1741 756 1823 791 vult
1849 756 2011 803 probare
2040 757 2144 805 quod
2165 757 2256 805 quid
2278 765 2343 804 est,
2365 770 2477 806 opor-

1410 814 1462 842 tet
1489 806 1593 854 quod
1621 807 1758 855 probet
1786 819 1831 843 ex
1859 808 1916 844 his
1935 808 1966 854 *,
1993 821 2090 856 quae
2120 818 2374 857 assumuntur,
2394 811 2477 847 fieri

1410 871 1543 896 unum.
1566 860 1641 896 Sed
1662 871 1741 896 non
1760 868 1815 896 est
1833 861 2109 908 necessarium,
2131 863 2342 900 secundum
2366 876 2475 912 prae-

1412 912 1528 948 dictas
1547 912 1629 948 vias
1649 912 1843 948 divisionis
1864 921 1900 949 et
1922 914 2206 962 suppositionis,
2227 917 2333 964 quod
2354 928 2399 952 ex
2418 917 2475 954 his

1412 977 1510 1012 quae
1548 964 1781 1013 accipiuntur
1810 966 1830 986 ²¹²
1859 966 1908 1002 ad
1941 966 2220 1014 definiendum,
2256 970 2323 1006 fiat
2354 981 2475 1007 unum

1411 1017 1689 1066 praedicatum:
1719 1017 1786 1054 sed
1814 1018 1951 1066 poterit
1979 1031 2059 1055 esse
2095 1021 2199 1069 quod
2234 1022 2306 1058 sint
2333 1023 2471 1070 multa,

1412 1078 1503 1118 puta
1532 1070 1562 1106 si
1590 1070 1736 1106 dicatur
1759 1071 1865 1118 quod
1892 1072 2011 1107 homo
2033 1074 2053 1093 ³²
2073 1081 2128 1109 est
2153 1075 2420 1121 grammaticus
2441 1084 2476 1112 et

1413 1122 1592 1159 musicus.
1609 1123 1768 1159 Videtur
1787 1123 1896 1170 igitur
1914 1125 2017 1171 quod
2038 1126 2248 1163 secundum
2268 1128 2350 1164 vias
2367 1141 2475 1176 prae-

1414 1175 1551 1221 dictas,
1586 1187 1663 1211 non
1699 1176 1883 1224 probetur
1911 1178 2016 1224 quod
2044 1178 2134 1225 quid
2164 1187 2229 1216 est.

1468 1240 1504 1275 9.
1521 1228 1668 1264 Deinde
1680 1241 1767 1264 cum
1785 1228 1883 1265 dicit:
1900 1230 2066 1271 Qualiter
2080 1231 2196 1280 igitur
2205 1233 2382 1280 definiens
2393 1241 2475 1281 etc.‚

1415 1281 1605 1318 concludit
1629 1293 1673 1317 ex
1701 1282 1917 1329 praemissis
1943 1283 2047 1330 quod
2075 1285 2178 1321 nullo
2207 1286 2326 1322 rnodo
2353 1295 2478 1334 potest

1414 1334 1567 1382 probari
1605 1335 1706 1382 quod
1732 1335 1822 1382 quid
1848 1341 1921 1379 est‚·
1950 1344 1986 1372 et
2014 1336 2120 1373 dicit:
2151 1337 2181 1374 si
2209 1338 2316 1385 igitur
2352 1351 2476 1388 neque

1414 1399 1483 1436 per
1506 1387 1688 1423 terminos
1708 1388 1984 1435 convertibiles,
2006 1401 2131 1437 neque
2149 1402 2219 1438 per
2238 1391 2476 1440 divisionem,

1415 1452 1539 1488 neque
1558 1453 1628 1489 per
1647 1441 1947 1489 suppositionem
1968 1442 2247 1480 demonstratur
2274 1446 2374 1492 quod
2391 1445 2481 1494 quid

1415 1499 1478 1539 est,
1499 1494 1698 1541 quomodo
1718 1494 1827 1541 igitur
1855 1495 2039 1532 definiens
2058 1496 2195 1544 poterit
2215 1497 2476 1535 demonstrare

1416 1546 1663 1583 substantiam
1693 1547 1745 1583 rei
1763 1548 1824 1584 vel
1844 1549 1944 1596 quod
1961 1549 2051 1596 quid
2067 1549 2150 1585 est?
2170 1551 2249 1586 Iam
2272 1552 2291 1571 ’¹‘
2311 1551 2413 1588 enim
2434 1564 2479 1588 ex

1414 1600 1630 1648 praemissis
1648 1608 1751 1649 patet
1769 1601 1873 1648 quod
1893 1613 1972 1638 non
1989 1603 2127 1650 probat
2147 1603 2178 1650 ²⁸,
2200 1603 2295 1640 sicut
2321 1604 2477 1641 manife-

1415 1662 1516 1690 stum
1545 1653 1684 1689 faciens
1713 1666 1758 1690 ex
1781 1654 1838 1690 his
1864 1666 1961 1702 quae
1990 1663 2076 1692 sunt
2099 1667 2168 1704 per
2186 1668 2226 1692 se
2251 1664 2354 1704 nota,
2373 1658 2477 1705 quod

1415 1718 1569 1743 necesse
1599 1706 1644 1743 sit
1672 1707 1831 1743 alterum
1860 1707 1998 1755 aliquid
2026 1709 2044 1728 *
2071 1708 2177 1756 sequi
2204 1721 2273 1757 per
2309 1722 2354 1746 ea
2378 1723 2475 1758 quae

1417 1759 1514 1796 dicta
1543 1766 1640 1806 sunt,
1661 1760 1766 1807 quod
1794 1760 1992 1808 requiritur
2018 1761 2066 1797 ad
2101 1762 2473 1809 demonstrationem.

1416 1812 1653 1860 Relinquitur
1689 1820 1815 1849 autem
1835 1821 1984 1861 praeter
2011 1821 2085 1850 tres
2113 1814 2251 1851 modos
2285 1813 2298 1838 ἶ
2323 1825 2475 1864 quartus

1415 1865 1567 1912 modus,
1588 1866 1653 1914 qui
1673 1873 1728 1902 est
1754 1878 1822 1915 per
1850 1866 2118 1904 inductionem.
2140 1868 2215 1904 Sed
2235 1880 2306 1904 nee
2334 1869 2475 1906 contin-

1415 1919 1466 1966 git
1483 1919 1646 1967 probare
1666 1919 1770 1966 quod
1789 1919 1879 1967 quid
1895 1927 1950 1956 est
1966 1932 2036 1968 per
2050 1921 2247 1968 singularia
2266 1922 2475 1969 manifesta,

1415 1972 1465 2008 ita
1494 1973 1513 1993 '¹²
1542 1972 1681 2008 scilicet
1708 1973 1813 2020 quod
1847 1973 1987 2021 aliquid
2014 1974 2251 2022 praedicetur
2283 1974 2329 2011 de
2355 1975 2475 2011 omni-

1415 2025 1498 2072 bus,
1524 2033 1560 2061 et
1587 2037 1666 2062 non
1694 2025 1739 2061 sit
1758 2025 1900 2073 aliquid
1928 2038 2062 2063 eorum
2090 2027 2194 2074 quod
2223 2027 2328 2064 aliter
2347 2040 2386 2064 se
2410 2029 2475 2064 ha-

1415 2079 1517 2114 beat:
1544 2078 1631 2126 quia
1653 2078 1706 2114 sie
1724 2078 1939 2115 inducendo
1953 2080 1973 2100 *
1987 2092 2065 2116 non
2085 2080 2358 2117 demonstrabit
2372 2081 2475 2129 quod

1414 2131 1506 2179 quid
1527 2132 1546 2152 *
1572 2138 1637 2177 est,
1664 2131 1730 2168 sed
1759 2131 2031 2169 demonstrabit
2058 2133 2197 2181 aliquid
2217 2146 2298 2170 esse
2317 2135 2378 2171 vel
2398 2146 2476 2171 non
2505 2144 2512 2153 ·

1416 2196 1516 2230 esse,
1546 2193 1637 2233 puta
1674 2184 1779 2232 quod
1817 2185 1942 2222 omnis
1983 2186 2102 2222 homo
2136 2194 2190 2223 est
2221 2186 2381 2233 animal,
2414 2189 2476 2223 vel

1415 2239 1539 2274 nullus
1567 2238 1686 2274 homo
1716 2246 1770 2274 est
1797 2238 1902 2286 lapis.
1923 2239 2058 2275 Nullus
2077 2247 2204 2276 autem
2225 2239 2317 2276 alius
2337 2240 2475 2276 modus

1416 2291 1635 2339 relinquitur
1654 2291 1701 2328 ad
1722 2291 2062 2328 demonstrandum
2082 2292 2187 2340 quod
2202 2293 2292 2340 quid
2313 2301 2384 2329 est:
2405 2292 2475 2329 nisi

1415 2344 1509 2381 forte
1538 2344 1677 2380 modus
1706 2344 2036 2381 demonstrationis
2063 2345 2127 2393 qui
2156 2354 2211 2382 est
2235 2346 2284 2382 ad
2303 2358 2474 2392 sensum,

1416 2397 1510 2434 sicut
1547 2409 1635 2434 curn
1656 2398 1675 2418 ‘³‘
1705 2397 1846 2446 aliquid
1880 2398 2159 2435 demonstratur
2193 2398 2318 2446 digito.
2354 2398 2475 2435 Mani-

1416 2450 1553 2487 festum
1589 2458 1644 2486 est
1677 2458 1804 2487 autem
1842 2451 1946 2498 quod
1974 2451 2035 2487 hic
2072 2451 2212 2488 modus
2249 2464 2327 2488 non
2353 2459 2478 2500 potest

1417 2511 1633 2552 competere
1654 2503 1691 2540 in
1710 2504 1926 2552 proposito:
1956 2504 2044 2552 quia
2072 2504 2176 2552 quod
2204 2504 2294 2552 quid
2316 2512 2371 2540 est
2398 2517 2477 2550 non

1418 2565 1472 2593 est
1508 2556 1700 2593 obiectum
1733 2569 1880 2602 sensus,
1911 2556 1978 2593 sed
2015 2557 2239 2603 intellectus,
2268 2565 2309 2593 ut
2346 2557 2478 2594 dicitur

1416 2609 1454 2646 in
1484 2611 1533 2646 ΙΙΙ
1562 2611 1623 2646 De
1649 2610 1778 2646 anima
1805 2611 1836 2646 ²¹⁴.
1863 2609 2099 2657 Relinquitur
2127 2622 2215 2658 ergo
2243 2610 2348 2657 quod
2375 2611 2476 2647 nullo

1416 2662 1536 2699 modo
1555 2662 1675 2711 possit
1694 2662 1945 2699 demonstrari
1972 2663 2073 2711 quod
2099 2663 2188 2712 quid
2213 2669 2276 2699 est.

1419 2807 1506 2839 ipsum
1525 2806 1596 2839 quod
1615 2806 1692 2831 debet
1711 2806 1841 2836 concludi,
1859 2807 1901 2830 vel
1920 2806 2016 2838 aliquid
2035 2806 2105 2838 quod
2123 2807 2240 2831 eamdem
2260 2807 2383 2831 rationem
2403 2806 2480 2832 habet

1419 2850 1479 2867 cum
1498 2842 1568 2874 ipso:
1588 2841 1654 2866 sicut
1673 2842 1695 2866 si
1715 2842 1773 2873 quis
1792 2842 1824 2866 ad
1843 2841 2003 2874 probandum
2018 2842 2088 2873 quod
2102 2842 2243 2874 triangulus
2258 2842 2334 2866 habet
2348 2850 2478 2866 summam

1418 2878 1495 2902 trium
1515 2878 1668 2909 angulorum
1693 2877 1828 2909 aequalem
1847 2877 1948 2901 duobus
1968 2877 2057 2906 rectis,
2077 2881 2220 2900 assumeret
2238 2885 2285 2908 pro
2303 2877 2389 2901 medio
2408 2877 2478 2909 quod

1419 2912 1500 2945 figura
1519 2913 1594 2944 plana
1607 2912 1688 2936 tribus
1702 2912 1774 2936 lineis
1794 2912 1983 2943 circumscripta
1997 2911 2073 2936 habet
2087 2917 2138 2936 tres
2152 2912 2259 2943 angulos
2274 2913 2395 2944 aequales
2413 2913 2476 2936 duo-

1420 2949 1469 2972 bus
1488 2948 1573 2972 rectis.
1589 2948 1712 2972 Probaret
1730 2948 1798 2971 idem
1817 2955 1863 2979 per
1881 2947 1957 2975 idem,
1972 2954 2030 2971 nam
2049 2947 2118 2971 idem
2137 2952 2177 2971 est
2194 2947 2336 2978 triangulus
2354 2952 2379 2971 et
2397 2946 2479 2979 figura

1420 2985 1495 3016 plana
1514 2989 1560 3008 etc.
1570 2983 1657 3007 -Alio
1671 2983 1758 3013 modo,
1774 2982 1877 3014 quando
1890 2982 2011 3014 accipitur
2029 2981 2142 3006 definitio
2159 2982 2270 3014 oppositi
2285 2982 2339 3006 eius
2354 2982 2426 3014 quod
2439 2987 2479 3007 est

1420 3019 1592 3052 probandum.
1612 3019 1677 3042 Nam
1692 3026 1751 3042 cum
1765 3018 1943 3049 oppositorum
1957 3017 2046 3041 eadem
2060 3017 2093 3041 sit
2105 3017 2175 3047 ratio,
2191 3021 2259 3048 patet
2272 3018 2341 3049 quod
2355 3017 2376 3041 si
2392 3018 2478 3049 ignota

1420 3060 1460 3079 est
1479 3059 1504 3079 et
1523 3054 1722 3078 demonstranda
1746 3053 1810 3077 ratio
1835 3053 1910 3077 unius
1934 3052 2057 3084 oppositi,
2078 3052 2154 3076 debet
2172 3052 2247 3076 etiarn
2267 3059 2326 3076 esse
2345 3053 2431 3085 ignota
2454 3057 2479 3077 et

1420 3089 1591 3114 demonstrari
1604 3089 1668 3113 ratio
1681 3088 1785 3112 alterius
1794 3096 1801 3118 ;
1820 3093 1845 3112 et
1859 3088 1917 3112 ideo
1931 3088 2020 3120 nequit
2038 3087 2093 3111 sine
2111 3087 2231 3120 petitione
2250 3087 2363 3120 principii
2382 3095 2432 3111 una
2446 3087 2478 3111 ad

1419 3125 1525 3149 alteram
1545 3124 1772 3148 demonstrandam
1791 3123 1897 3147 assumi.

1471 3158 1499 3191 λ)
1521 3160 1670 3184 Secundam
1689 3159 1819 3183 rationem
1835 3158 1914 3190 ponit
1933 3158 1976 3182 ibi.
1990 3171 2008 3177 -
2024 3158 2096 3182 Hanc
2114 3157 2249 3182 lectionem
2268 3157 2426 3182 restituimus
2445 3164 2477 3181 ex

1418 3195 1567 3219 auctoritate
1580 3195 1698 3219 omnium
1713 3194 1795 3223 codd.y
1809 3193 1923 3225 seposita
1936 3193 1968 3217 P:
1983 3193 2078 3217 deinde
2091 3200 2149 3217 cum
2166 3193 2243 3217 dicit.-
2255 3192 2437 3224 accip.Verba,
2451 3194 2478 3216 et

1417 3231 1482 3255 dicit
1501 3228 1584 3263 (quae
1602 3238 1669 3254 unus
1684 3230 1709 3253 M
1723 3229 1796 3260 om.)‚
1815 3229 1876 3253 satis
1895 3228 2057 3252 manifestant
2076 3228 2254 3252 necessitatem
2274 3227 2387 3252 lectionis
2401 3227 2475 3251 codd.

1471 3266 1498 3299 p.)
1519 3265 1568 3289 Est
1583 3265 1723 3296 ipsummet
1738 3263 1816 3295 quod.
1826 3278 1844 3282 -
1854 3263 2000 3295 Recipimus
2015 3263 2080 3287 hanc
2094 3264 2228 3287 lectionem
2249 3263 2323 3287 codd.
2337 3262 2475 3286 ABCDEH

1418 3300 1551 3325 IKLOST.
1561 3314 1579 3318 —
1590 3300 1648 3324 PM:
1663 3303 1702 3324 est
1722 3299 1806 3330 ipsum
1820 3298 1940 3323 videlicet
1953 3299 2024 3331 quod
2029 3307 2035 3329 ;
2051 3298 2093 3322 FN
2109 3303 2228 3330 corrupte
2241 3306 2296 3330 pro,
2312 3301 2372 3326 met,
2387 3297 2476 3329 legunt

1418 3344 1476 3365 nec,
1491 3336 1562 3368 quod
1577 3335 1602 3359 in
1617 3335 1638 3359 N
1655 3334 1820 3367 expungitur;
1835 3333 1871 3358 G:
1887 3334 1971 3365 ipsum
1991 3334 2077 3366 quod,·
2091 3333 2129 3363 Q:
2149 3334 2232 3365 ipsum
2252 3333 2323 3365 quod
2340 3332 2405 3365 quid
2418 3335 2477 3356 erat

1417 3379 1479 3400 esse,
1514 3370 1574 3395 uod.
2236 3383 2238 3385 -

1470 3380 1582 3438 v)q1²uta
1602 3409 1631 3430 ut
1649 3405 1755 3430 dicatur
1773 3409 1848 3429 etc.-·
1862 3403 1987 3428 Addimus
2002 3407 2071 3435 puta
2095 3411 2124 3427 ex
2139 3403 2222 3432 codd„
2237 3411 2289 3427 exc.
2304 3403 2339 3433 B;
2353 3403 2390 3426 A:
2406 3405 2476 3434 puta

1417 3445 1446 3466 ut
1459 3442 1482 3466 si
1497 3441 1617 3469 dicatum·
1631 3441 1692 3464 HL:
1708 3443 1776 3471 puta
1796 3439 1819 3464 si
1839 3439 1958 3468 dicatum·
1973 3439 2023 3463 HM
2037 3447 2089 3463 om.
2109 3446 2164 3470 seq.
2182 3437 2361 3470 quoa-Infra
2380 3438 2436 3462 cod.
2452 3437 2478 3467 Q

1416 3485 1468 3501 om.
1482 3477 1560 3501 verba
1580 3483 1631 3500 non
1650 3478 1746 3504 autem,
1767 3482 1852 3507 usque
1871 3474 1902 3498 ad
1921 3477 1947 3499 et
1965 3474 2035 3506 bipes
2050 3474 2181 3498 inclusive.
2196 3486 2218 3491 —-
2232 3472 2475 3497 ACDEKLNOST:

1417 3512 1469 3537 dici
1487 3511 1557 3544 quod
1575 3511 1652 3535 homo
1672 3510 1765 3542 (homo
1784 3517 1836 3534 om.
1856 3509 1892 3541 L)
1912 3509 1947 3534 sit
1964 3512 1990 3534 et
2010 3507 2061 3542 (G,
2075 3512 2101 3533 et
2118 3508 2172 3542 sit)
2192 3508 2292 3533 animal
2310 3511 2336 3532 et
2354 3507 2474 3539 bipes,·B

1416 3555 1463 3580 pro
1483 3547 1552 3578 bipes
1571 3546 1647 3570 habet
1665 3545 1815 3578 gressibile,·
1830 3545 1869 3569 M:
1883 3544 1918 3569 sit
1936 3547 1962 3569 et
1979 3545 2081 3568 animal
2098 3548 2124 3568 et
2141 3543 2277 3576 gressibile
2294 3546 2321 3568 et
2338 3543 2417 3574 bipes.

1471 3580 1494 3613 ξ)
1515 3582 1626 3606 Pmeter
1650 3584 1703 3606 tres
1722 3580 1950 3605 modos.—Modos
1969 3587 2062 3611 nempe
2081 3580 2152 3608 illos,
2172 3586 2239 3611 quos
2262 3578 2414 3603 Aristoteles
2433 3585 2475 3602 ex-

1416 3618 1504 3651 pendit
1523 3618 1548 3641 in
1567 3617 1614 3641 hac
1629 3622 1654 3641 et
1669 3616 1768 3641 duabus
1788 3615 1999 3647 praecedentibus
2015 3614 2173 3644 lectionibus,
2188 3621 2283 3647 nempe
2301 3613 2475 3638 terminorum

1416 3652 1672 3683 convertibilitatem,
1692 3651 1847 3676 divisionem
1866 3655 1891 3675 et
1908 3650 2123 3682 suppositionem.

2275 3700 2334 3731 44*

2505 448 2514 455 ¹
2530 446 2597 468 Enim
2614 452 2663 468 om.
2673 453 2719 468 nm

2505 479 2585 495 ικυω.

2504 821 2513 829 ·
2521 820 2558 841 Ex
2566 820 2603 841 his
2612 826 2639 842 ex
2647 820 2717 842 codd.

2504 980 2535 999 'n
2543 985 2548 999 :
2557 980 2718 1000 assumuntur.

2501 1085 2513 1095 '³
2522 1084 2600 1105 Homo
2609 1090 2637 1105 ex
2647 1084 2718 1106 codd.

2505 1558 2515 1568 ⁴
2526 1563 2544 1578 ιι
2555 1558 2717 1581 Idem-nom.

2506 1590 2535 1604 ex
2545 1586 2696 1612 praemittis.

2504 1611 2515 1622 ⁴
2524 1616 2531 1631 1
2539 1618 2544 1632 t
2550 1612 2675 1638 procedat.

2503 1720 2514 1730 ¹¹
2522 1725 2567 1745 oq:
2579 1721 2670 1748 aliquid
2678 1722 2715 1743 al-

2503 1747 2612 1772 Ierumfrl
2621 1754 2668 1769 om.
2675 1748 2718 1770 ali.

2503 1773 2567 1799 quid.

2602 1822 2616 1852 t

2503 1986 2515 1997 ⁸
2532 1985 2568 2007 Ita
2589 1993 2617 2008 ex
2638 1987 2708 2009 codd.

2502 2091 2514 2102 ⁸
2527 2097 2553 2112 L:
2567 2091 2679 2115 inductio.

2527 2149 2682 2171 ncutt-*ctr-er
2693 2149 2716 2167 et

2503 2176 2560 2197 p.m.
2570 2177 2585 2192 Ν
2593 2172 2715 2199 om.quod,·

2501 2204 2531 2219 Ακ
2546 2204 2593 2220 om.
2603 2200 2667 2227 quid.

2503 2417 2514 2428 ⁸
2521 2422 2537 2437 u
2545 2412 2715 2438 om.cum.-A11·-

2504 2442 2560 2471 11¹⁴&
2568 2455 2595 2469 ex
2603 2445 2712 2476 codd.;¹¹²

2503 2475 2597 2503 aliquis.

2504 2638 2512 2646 ·
2527 2636 2583 2662 Cap.
2600 2641 2637 2660 xv.
2661 2641 2684 2656 n.
2701 2641 2715 2662 7

2505 2669 2528 2710 :5
2546 2662 2714 2710 “12:532352‘·
