2788 4204
85 361 94 370 ·
105 366 132 381 1-1:
148 359 242 380 nullius.

82 506 129 525 'tn
148 503 295 531 procedant,

82 537 115 579 :3
125 530 295 578 hfflfffim

84 655 93 663 ·
110 659 190 678 unq:
210 654 294 681 argui-

83 682 132 705 tur,-
138 686 174 701 ι>ιι;
181 682 296 707 arguunt,-

83 712 124 728 ca:
143 708 294 736 arguantur,

83 733 137 754 sed
132 739 154 753 tn
164 721 187 754 εδ
187 732 269 760 corrig.
272 733 294 753 in

81 759 237 794 arguebatur.

81 822 264 846 'cocfllfflQSTae
272 826 292 841 1¹:

78 847 159 882 princi
173 847 206 868 ia.

110 873 144 895 Co
162 874 184 894 d.

77 900 204 927 principia.

333 213 405 259 164

324 292 487 329 rationes
515 292 651 340 quibus
671 293 708 329 in
726 293 940 341 praedictos
969 304 1114 328 errores
1140 292 1318 328 incidunt.
1341 293 1390 328 Et

322 345 448 393 primo
476 347 583 394 ponit
611 346 795 382 rationem
826 346 1029 382 dicentium
1058 344 1162 392 quod
1192 346 1304 380 non*
1334 353 1389 381 est

323 398 486 435 scientia.
518 399 627 445 Quae
664 399 745 435 talis
774 407 838 435 est.
874 398 1060 445 Principia
1099 397 1386 434 demonstratio-

323 452 379 488 nis
408 460 471 488 aut
498 453 709 500 procedunt
743 453 780 488 in
809 452 996 488 infinitum
1025 459 1089 487 aut
1118 458 1173 487 est
1205 459 1320 487 status
1349 450 1387 487 in

324 505 387 542 eis.
419 505 458 541 Si
476 506 691 553 proceditur
708 506 728 526 '¹‘
746 505 783 541 in
802 504 1001 550 infinitum,
1023 516 1102 540 non
1122 511 1177 539 est
1196 503 1234 540 in
1255 504 1306 540 eis
1326 516 1386 540 ac-

324 558 447 606 cipere
475 559 614 606 prima:
649 558 736 606 quia
769 557 913 593 infinita
942 569 1030 593 non·
1054 564 1109 593 est
1142 557 1315 603 transire,
1345 564 1387 593 ut

323 611 371 647 ad
398 611 566 659 primum
598 610 770 648 veniatur
796 608 829 646 βε
869 617 904 646 et
937 609 986 646 ita
1018 622 1097 646 non
1129 617 1185 646 est
1216 610 1385 658 primum

324 677 550 711 cognoscere
569 669 595 700 ⁷.
612 664 700 699 -Et
728 663 766 699 in
798 663 872 699 hoc
901 671 999 699 recte
1028 671 1337 710 argumentantur
1352 664 1383 700 ’.

323 718 425 753 Nam
452 717 660 765 posteriora
684 728 762 752 non
789 723 949 764 possunt
982 716 1178 763 cognosci,
1209 715 1385 764 ignoratis

321 770 451 818 primis
471 767 495 806 ὃ.
512 791 535 797 -
553 770 591 806 Si
621 777 748 806 autem
782 776 898 805 stetur
926 769 963 805 in
997 769 1205 817 principiis,
1236 776 1385 817 oportet

321 823 425 870 quod
452 822 575 870 prima
592 823 611 843 ’¹‘
634 822 863 867 nesciantur;
894 822 924 858 si
953 822 1047 858 scire
1077 823 1201 859 solum
1235 829 1289 858 est
1316 834 1385 870 per

206 885 215 889 ·
235 879 290 894 ”²³²
321 875 698 912 demonstrationem:
728 888 807 912 non
841 875 942 912 enim
969 876 1128 924 prima*
1155 876 1296 912 habent
1319 875 1382 912 ali-

370 1109 395 1144 β)
409 1111 468 1135 Νοη
484 1114 522 1135 est
537 1110 562 1134 in
576 1110 614 1135 eis
627 1110 746 1142 accipere
761 1110 880 1142 prima...
896 1114 925 1135 ut
939 1110 976 1135 ad
985 1111 1104 1143 primum
1120 1110 1250 1136 veniatur.
1260 1125 1280 1130 -
1290 1111 1380 1135 Codd.:

317 1154 367 1171 non
387 1149 427 1170 est
439 1146 465 1170 in
480 1146 517 1170 eis
535 1146 653 1177 accipere
667 1146 759 1177 prima
779 1145 824 1179 (B,
839 1146 973 1178 primum;
993 1146 1032 1173 O,
1047 1145 1239 1180 principium),
1259 1146 1322 1178 quia
1341 1146 1380 1171 in-

309 1182 392 1214 finita
411 1189 462 1206 non
482 1185 521 1206 est
535 1181 651 1206 transire
670 1182 764 1214 (BHN,
773 1180 955 1216 pertransire)
976 1185 1006 1206 ut
1019 1182 1056 1206 ad
1065 1182 1183 1213 primum
1199 1180 1291 1215 (ABG,
1302 1182 1379 1213 prin-

315 1217 428 1248 cipium5
447 1217 488 1247 ΙΚ,
512 1220 541 1241 ut
554 1217 591 1241 ad
604 1215 711 1250 prima)
732 1217 891 1242 veniatur.-
902 1217 933 1241 P:
949 1224 1000 1242 non
1015 1220 1054 1242 est
1070 1217 1096 1241 in
1115 1218 1152 1242 eis
1170 1217 1288 1249 accipere
1302 1217 1379 1249 prin-

315 1252 410 1284 cipia...
431 1255 460 1276 ut
478 1252 515 1276 ad
528 1252 620 1283 prima
640 1252 769 1277 vem'atur.
789 1250 825 1277 At
846 1252 920 1276 lectio
934 1252 1070 1284 principia
1088 1253 1128 1277 vel
1144 1253 1306 1284 principium
1327 1260 1379 1276 non

315 1293 383 1311 recta
397 1293 450 1311 est:
470 1292 540 1312 esset
558 1287 626 1311 enim
642 1295 750 1312 sensus:
771 1288 791 1311 si
807 1288 954 1320 proceditur
967 1288 993 1312 in
1008 1286 1135 1312 infinitum
1150 1296 1202 1312 non
1216 1293 1256 1312 est
1270 1288 1295 1312 in
1310 1288 1379 1320 prin-

316 1323 388 1355 cipiis
407 1323 522 1355 accipere
540 1323 664 1356 principia
682 1323 722 1347 vel
742 1323 906 1355 principium.
925 1323 976 1347 Sed
991 1323 1098 1355 insuper
1115 1323 1179 1347 ratio
1198 1323 1307 1347 adducta
1321 1323 1381 1347 dicit

315 1358 453 1390 legendum
469 1366 528 1382 esse
541 1358 649 1390 prima:
667 1366 727 1382 nam
747 1358 807 1390 quia
821 1357 915 1382 infinita
931 1366 983 1382 non
997 1363 1037 1382 est
1050 1358 1171 1388 transire,
1192 1358 1214 1383 si
1227 1359 1380 1391 procedatur

315 1393 340 1417 in
360 1392 486 1417 infinitum
505 1393 531 1417 in
550 1393 693 1426 principiis,
713 1401 765 1417 non
785 1398 824 1418 est
843 1394 977 1426 pervenire
995 1394 1028 1418 ad
1047 1393 1161 1434 primum
1181 1391 1263 1428 (quod
1282 1394 1307 1417 in
1327 1393 1379 1418 sin-

315 1429 396 1460 gulari
416 1429 508 1453 melius
533 1434 632 1461 ponunt
654 1428 781 1461 codices),
801 1433 826 1453 et
844 1429 902 1453 ideo
921 1436 974 1453 non
993 1433 1032 1453 est
1051 1428 1166 1461 πείρετε
1179 1429 1280 1460 prima.
1305 1429 1379 1470 Adde

315 1468 412 1488 textum
431 1464 576 1488 Aristotelis
596 1464 702 1489 dicentis
722 1464 792 1495 quod
806 1464 930 1496 priorum
950 1471 1003 1488 non
1018 1468 1079 1488 sunt
1092 1463 1201 1495 prima:
1218 1461 1253 1488 ὧν
1268 1462 1302 1498 μή
1316 1461 1378 1494 ἐστι,

315 1507 367 1523 non
387 1499 446 1523 dicit
465 1494 551 1534 ἀρχαί,
571 1500 624 1529 sed,
644 1500 741 1532 πρῶτα.

367 1534 394 1567 γ)
413 1535 473 1559 Νοη
493 1538 532 1559 est
545 1535 664 1566 primum
683 1541 850 1566 cognoscere.
875 1534 911 1559 Et
929 1535 955 1559 in
974 1534 1023 1559 hoc
1042 1539 1089 1558 etc.
1113 1535 1183 1559 Haec
1207 1535 1282 1559 lectio
1302 1534 1379 1559 Pinna

314 1569 423 1594 habetur
437 1577 451 1593 a
464 1570 594 1594 codicibus
606 1570 851 1599 DEHLMNQRST.
860 1583 879 1588 -
889 1570 970 1594 Codd.
981 1569 1132 1594 ABCGIKO
1143 1574 1169 1594 et
1182 1569 1207 1594 in
1220 1578 1300 1602 marg.
1311 1571 1329 1594 S
1343 1571 1379 1594 le-

314 1610 390 1636 gunt:
406 1612 456 1629 non
476 1608 516 1630 est
529 1605 647 1636 primum
662 1612 820 1638 cognoscere
826 1612 835 1634 ;
850 1605 975 1638 ignorato
994 1608 1082 1630 autem
1091 1605 1196 1637 primo,
1217 1606 1379 1638 ignorantur

308 1640 462 1671 posteriora
481 1639 519 1673 (1,
540 1641 682 1673 ignoratur
701 1639 866 1674 posterius);
886 1648 951 1674 ergo
970 1640 1035 1665 nihil
1053 1643 1093 1665 est
1110 1648 1275 1673 cognoscere.
1297 1641 1332 1666 Et
1351 1641 1377 1666 in

313 1675 362 1700 hoc
380 1681 454 1700 etc.-
464 1676 550 1700 Primo
569 1680 673 1708 aspectu
692 1675 811 1700 videntur
823 1676 939 1700 addenda
958 1684 1018 1700 esse
1030 1675 1093 1700 haec
1106 1676 1192 1707 verba,
1208 1681 1297 1709 utpote
1311 1684 1378 1708 quae

314 1711 468 1735 constituant
483 1711 609 1736 minorem
629 1716 654 1735 et
672 1711 816 1736 illationem
836 1711 995 1742 argumenti,
1015 1711 1085 1744 quod
1104 1711 1153 1736 hoc
1169 1712 1226 1736 loco
1243 1712 1378 1744 exponitur

313 1754 327 1770 a
346 1754 367 1771 s.
380 1746 498 1775 Thoma,
524 1746 591 1770 iuxta
610 1751 723 1770 mentem
743 1746 962 1777 adver-sanorum
982 1751 1093 1771 attamen
1112 1747 1230 1772 existimo
1242 1748 1321 1772 verba
1335 1747 1377 1772 illa

312 1782 439 1814 pertinere
452 1782 483 1806 ad
499 1786 586 1806 notam
599 1782 776 1814 marginalem,
791 1787 816 1806 et
830 1782 990 1807 retinendam
1005 1790 1064 1807 esse
1078 1782 1214 1807 lectionem
1233 1783 1339 1807 Pianam
1353 1787 1378 1807 et

312 1817 378 1841 Ven.
393 1817 459 1847 edd.,
474 1822 500 1842 et
512 1825 590 1849 quam
603 1817 679 1842 etiam
698 1817 793 1842 habent
807 1818 897 1842 decem
913 1818 953 1842 alii
968 1818 1078 1843 codices.
1098 1818 1200 1842 Etenim
1214 1822 1297 1843 totum
1312 1818 1376 1843 illud

313 1853 384 1884 quod
403 1858 442 1877 est
460 1852 486 1876 in
505 1853 589 1877 verbis
608 1852 699 1877 additis
715 1860 729 1876 a
743 1853 824 1877 citatis
840 1853 983 1883 codicibus,
1003 1853 1111 1878 habetur
1130 1861 1188 1878 cum
1208 1861 1223 1877 a
1241 1853 1377 1879 s.Thorna

313 1888 416 1912 dicitur:
437 1895 498 1912 nam
512 1888 666 1920 posteriora
684 1895 735 1913 non
750 1892 864 1920 possunt
881 1889 1005 1922 cognosci
1023 1893 1086 1919 etc.;
1110 1889 1179 1914 unde
1197 1889 1240 1913 illa
1259 1894 1321 1914 sunt
1339 1889 1377 1913 in-

312 1923 407 1948 utiliter
425 1924 517 1948 addita.

365 1957 390 1993 δ)
410 1959 480 1983 Nam
501 1959 653 1991 posteriora
672 1964 719 1984 etc.
739 1959 773 1984 P:
794 1967 898 1985 nam...
918 1967 969 1984 non
988 1959 1102 1993 cognitis
1116 1960 1222 1992 primis.
1247 1961 1320 1986 Hanc
1340 1961 1376 1985 le-

313 1994 423 2019 ctionem
447 1995 551 2019 Pianam
578 1995 665 2019 nullus
684 2002 714 2019 ex
734 1996 827 2019 nostris
847 1995 920 2019 codd.
946 1995 1031 2020 habet.
1057 1995 1159 2020 Etenim
1178 1995 1374 2020 ABCDGHIKL

313 2030 419 2060 MQST:
440 2038 500 2054 nam
512 2031 708 2062 posteriora...
729 2030 861 2063 ignoratis
869 2031 966 2062 primis
986 2029 1039 2061 (O,
1056 2031 1153 2062 primis
1172 2031 1319 2063 ignoratis;
1338 2032 1375 2061 R,

312 2065 444 2098 ignoratis
453 2066 622 2098 principiis);
638 2066 695 2090 EN:
711 2066 809 2098 ignotis
819 2066 949 2098 primis.—
959 2066 1007 2091 GR
1021 2066 1139 2098 insuper:
1155 2073 1216 2091 nam
1222 2067 1376 2098 posteriora

312 2109 364 2126 non
383 2108 525 2132 possumus
543 2108 715 2134 cognoscerem
734 2101 781 2126 HI:
802 2109 852 2126 non
868 2105 981 2134 possunt
995 2101 1059 2127 sciri
1064 2108 1073 2130 ,·
1096 2102 1135 2126 M:
1156 2109 1207 2127 non
1222 2106 1261 2127 est
1278 2110 1376 2136 coguo—

311 2143 396 2165 scere;
410 2136 491 2166 QST:
511 2144 562 2161 non
576 2140 691 2168 possunt
708 2144 873 2170 cognoscere,
889 2142 1009 2169 corrupte
1027 2145 1075 2170 pro
1091 2137 1375 2170 eugamon—Adopta-

311 2179 370 2196 mus
390 2179 452 2203 ergo
475 2172 628 2202 lectionem,
655 2173 786 2205 ignoratis
805 2172 919 2204 primis,
943 2180 1010 2205 quae
1029 2178 1069 2197 est
1088 2172 1192 2197 maioris
1212 2177 1237 2198 et
1262 2174 1375 2198 melioris

310 2207 389 2240 partis
409 2207 535 2232 codicum.

364 2242 386 2276 ε)
405 2242 516 2274 Oportet
528 2246 555 2268 et
564 2243 716 2274 posteriora
730 2243 825 2268 iterum
841 2251 892 2268 non
906 2243 974 2268 scire
987 2248 1034 2268 etc.
1053 2243 1089 2268 lta
1103 2244 1178 2269 codd.
1191 2244 1375 2269 ABCDEGKL

311 2278 411 2302 MNST.
421 2293 438 2297 -
450 2279 482 2303 P:
498 2282 602 2310 oportet
616 2277 660 2311 (H,
670 2282 704 2307 et,
718 2279 788 2311 quod
801 2279 883 2303 omitt.
898 2279 930 2303 ab
943 2278 978 2313 M)
996 2278 1091 2303 iterum
1102 2280 1255 2311 posteriora
1270 2278 1320 2313 (O,
1336 2280 1376 2304 vel

306 2313 468 2348 posteriora)
489 2322 540 2339 non
559 2314 626 2339 scire
648 2314 802 2346 simpliciter
826 2321 873 2339 nec
887 2314 1106 2346 proprie.-QR:
1125 2319 1256 2346 oportet...
1276 2315 1376 2340 nescire

310 2349 464 2381 simpliciter
482 2356 528 2374 nec
539 2349 656 2381 proprie.
665 2350 716 2374 -12
730 2357 781 2374 non
795 2349 950 2382 simpliciter
962 2350 1027 2375 sciri
1039 2353 1066 2375 et
1075 2350 1299 2383 proprie-Infra
1312 2358 1375 2375 vero

311 2384 662 2414 ABCDEGIKLNOQRST:
677 2385 700 2409 si
714 2385 849 2417 principia
867 2389 929 2410 sunt
948 2382 984 2418 (et
997 2389 1059 2410 sunt
1077 2387 1153 2411 etiam
1179 2387 1215 2417 H;
1235 2386 1286 2415 ΡΑ,
1301 2385 1374 2419 sint).

311 2420 371 2444 Non
392 2420 461 2444 enim
476 2423 565 2451 potest
579 2427 631 2452 per
649 2420 752 2452 aliquid
770 2420 839 2453 (OT,
857 2420 975 2454 aliquod)
990 2421 1110 2454 ignotum
1125 2422 1227 2454 aliquid
1241 2422 1373 2455 cognosci.

312 2455 346 2479 P:
366 2462 416 2479 non
430 2455 498 2479 enim
509 2458 599 2487 potest
611 2455 713 2488 aliquid
722 2463 774 2488 per
791 2456 900 2488 aliquod
913 2456 1032 2489 ignotum
1047 2458 1177 2490 cognosci.
1186 2471 1205 2476 --
1215 2457 1279 2481 Cod.
1293 2457 1326 2488 M,
1339 2457 1374 2481 ob

309 2497 446 2514 recursum
466 2491 607 2514 eorundem
626 2491 765 2515 verborum
783 2491 831 2515 sub
843 2491 892 2516 hac
906 2492 1063 2521 conditione,
1075 2492 1149 2525 legit:
1168 2493 1216 2518 sed
1228 2493 1312 2517 solum
1327 2492 1374 2517 sub

311 2525 361 2551 hac
383 2526 533 2550 conditione
546 2526 570 2550 si
583 2526 650 2550 illud
663 2526 782 2558 primum
802 2531 857 2556 etc.,
871 2532 896 2550 et
909 2534 938 2551 ex
953 2527 1086 2552 oscitantia
1104 2528 1198 2553 omittit
1216 2527 1374 2552 intermedia.

364 2559 389 2593 ζ)
410 2561 441 2585 Si
459 2561 526 2585 illud
539 2561 658 2593 primum
680 2562 751 2594 quod
775 2561 895 2594 ignotum
915 2565 965 2589 est.
985 2562 1028 2587 sit.
1048 2563 1123 2596 Ergo
1142 2569 1189 2588 etc.
1218 2563 1252 2588 lta
1271 2563 1373 2588 codices

310 2595 363 2620 fere
382 2604 482 2620 omnes.
502 2597 533 2620 Et
547 2602 587 2620 est
606 2597 680 2621 lectio
699 2597 829 2621 retinenda
849 2597 909 2628 quia
928 2597 1070 2629 periculum
1086 2598 1269 2631 aequivocandi
1288 2606 1374 2623 remo-

311 2636 361 2655 vet.
380 2632 428 2655 Ed.
444 2631 476 2656 1³2
495 2631 519 2656 si
537 2632 603 2656 illud
622 2632 740 2664 primum
760 2632 831 2664 quod
849 2635 901 2660 est,
921 2632 1041 2665 ignotum
1060 2633 1103 2658 sit.
1128 2634 1173 2659 Sic
1191 2641 1256 2666 crgo
1275 2638 1322 2658 etc.
1342 2633 1375 2658 Et

310 2666 343 2691 ita
359 2667 389 2691 R.
410 2666 482 2696 Quae
501 2667 583 2698 lectio,
602 2667 636 2691 ob
656 2667 747 2691 falsam
762 2667 992 2699 interpunctionem
1011 2668 1121 2700 positam
1141 2676 1156 2693 a
1174 2669 1335 2701 typographo
1348 2669 1374 2693 in

309 2702 394 2731 Pinna,
414 2702 567 2727 sententiam
581 2710 730 2735 expressam
743 2710 758 2727 a
773 2710 795 2727 s.
805 2702 907 2727 Thoma
919 2703 1048 2735 pervertit,
1063 2703 1116 2728 imo
1130 2703 1269 2728 absurdam
1283 2704 1373 2729 reddit.

310 2737 343 2761 Et
356 2737 465 2762 obscura
484 2738 506 2761 si
526 2745 577 2762 non
593 2738 703 2762 absurda
718 2742 757 2762 est
771 2738 845 2762 lectio
865 2738 921 2762 cod.
936 2738 969 2762 E:
988 2739 1012 2763 si
1030 2738 1096 2763 illud
1111 2739 1228 2771 primum
1253 2739 1373 2772 ignotum

310 2775 357 2797 est.
373 2773 447 2805 Ergo
460 2777 507 2798 etc.
517 2786 537 2791 -
546 2773 606 2797 KN:
619 2773 643 2798 si
657 2773 724 2798 illud
730 2773 850 2805 primum
861 2773 896 2798 sit
909 2773 981 2806 quod
993 2774 1112 2806 ignotum
1126 2778 1173 2799 est.
1189 2774 1234 2799 Sic
1247 2781 1312 2807 ergo
1325 2780 1373 2799 etc.

311 2807 384 2837 Quae
403 2813 441 2832 est
461 2808 535 2833 lectio
555 2809 701 2841 perspicua,
721 2814 747 2833 et
766 2808 820 2833 aliis
845 2809 928 2840 magis
953 2809 1077 2841 expedita.
1097 2809 1135 2834 0:
1153 2809 1178 2834 si
1194 2813 1235 2835 est
1254 2809 1372 2841 primum

309 2843 381 2875 quod
399 2843 519 2876 ignotum
538 2847 586 2868 est.
601 2844 646 2869 Sic
663 2851 729 2878 ergo
748 2849 795 2869 etc.
807 2857 827 2862 -
838 2843 910 2869 Unus
925 2844 946 2868 C
963 2844 990 2869 in
1003 2852 1084 2877 marg.
1099 2853 1159 2876 non,
1179 2845 1225 2870 Sic
1237 2851 1304 2878 ergo
1316 2850 1373 2875 etc„

310 2878 356 2902 sed
376 2878 434 2903 Hoc
452 2886 517 2912 ergo
537 2879 605 2910 legit.

363 2914 414 2938 Sed
433 2914 495 2939 haec
514 2914 662 2940 s.Thomae
684 2914 808 2948 principia
830 2922 884 2939 non
909 2919 971 2940 sunt
989 2915 1046 2939 sine
1071 2915 1236 2940 adnotatione
1260 2920 1373 2948 praeter-

310 2949 406 2973 eunda:
427 2949 524 2982 quippe
542 2958 609 2982 quae
628 2950 744 2975 intimam
767 2956 884 2975 naturam
907 2950 1145 2983 perfectionemque
1164 2956 1310 2976 nostrarum
1329 2959 1373 2979 co-

310 2984 453 3016 gnitionum
473 2984 634 3017 patefaciunt.
659 2985 814 3018 Praeprimis
838 2992 901 3016 ergo
921 2991 1042 3011 notamus
1057 2984 1140 3019 (quod
1156 2986 1257 3011 aliunde
1277 2986 1373 3011 nemini

310 3019 427 3051 ignotum
443 3020 497 3054 est)
518 3021 638 3045 scientiae
656 3021 761 3046 nomine
780 3020 907 3051 designari
923 3029 975 3046 non
994 3029 1168 3054 quancunque
1191 3021 1372 3053 cognitionem,

311 3055 356 3079 sed
377 3055 521 3080 evidentem
541 3056 655 3081 notitiam
680 3056 792 3081 veritatis
812 3056 847 3080 rei
867 3061 892 3080 et
910 3062 1005 3082 certam
1025 3065 1071 3082 seu
1090 3055 1191 3081 firmam
1215 3057 1308 3082 mentis
1329 3057 1373 3082 ad-

310 3089 458 3115 haesionem
478 3091 526 3123 ipsi
545 3091 651 3120 veritati,
672 3092 786 3124 qualibet
804 3091 904 3116 errandi
925 3091 1061 3117 formidine
1075 3093 1185 3117 exclusa.
1200 3092 1309 3117 Scientia
1327 3100 1373 3117 au-

310 3130 370 3156 tem,
390 3126 493 3158 proprie
511 3132 622 3159 accepta,
637 3132 678 3152 est
695 3127 890 3152 conclusionum
910 3127 961 3160 (cf.
976 3128 1032 3152 lect.
1043 3127 1169 3160 praeced„
1184 3134 1237 3152 not.
1252 3127 1287 3161 t):
1306 3135 1373 3160 quae

311 3168 361 3185 non
380 3169 410 3185 ex
430 3169 458 3186 se
477 3162 522 3186 sed
537 3169 551 3186 a
564 3162 693 3195 principiis
712 3162 806 3187 habent
826 3162 992 3194 evidentiam,
1012 3167 1038 3188 et
1055 3163 1079 3187 vi
1099 3163 1174 3187 huius
1200 3163 1340 3188 evidentiae
1359 3171 1373 3188 a

310 3195 439 3229 principiis
460 3202 589 3222 mutuatae
612 3198 686 3222 nobis
714 3197 862 3229 ingenerant
881 3198 1056 3223 certitudinem
1076 3198 1124 3223 sui.
1149 3197 1249 3229 Quibus
1269 3198 1372 3231 positis,

310 3239 419 3263 pronum
435 3236 475 3256 est
489 3232 581 3257 inferre
595 3233 666 3265 quod
682 3232 702 3257 si
718 3233 840 3265 principia
859 3239 1023 3258 assumantur
1037 3241 1103 3266 quae
1118 3233 1213 3258 habent
1227 3234 1372 3258 absolutam

310 3266 437 3299 nobisque
457 3273 618 3300 perspectam
638 3268 778 3297 veritatem,
798 3275 828 3292 ex
846 3268 876 3292 iis
896 3274 962 3293 recta
982 3269 1171 3294 ratiocinatione
1183 3274 1310 3310 'poterunt
1329 3269 1372 3294 de-

311 3302 367 3325 duci
383 3302 561 3327 conclusiones
580 3303 711 3328 evidentes
726 3308 752 3328 et
765 3303 883 3328 absolute
897 3308 993 3333 certae;
1009 3309 1034 3329 at
1048 3304 1068 3328 si
1084 3304 1267 3337 principiorum
1277 3304 1372 3329 veritas

311 3336 385 3360 nobis
400 3338 499 3368 cognita
513 3345 565 3362 non
580 3343 627 3368 est,
643 3339 689 3363 sed
709 3338 869 3371 supponitur,
885 3346 978 3371 nempe
997 3339 1018 3364 si
1037 3344 1077 3364 est
1094 3339 1187 3364 veritas
1202 3339 1371 3372 hypothetica,

311 3371 471 3404 impossibile
493 3373 600 3398 omnino
618 3374 666 3398 erit
683 3379 711 3398 ut
729 3374 909 3399 conclusiones
933 3379 1002 3399 extra
1021 3374 1115 3400 limites
1134 3375 1310 3407 hypotheseos
1330 3382 1372 3400 ex-

310 3407 445 3431 tendantur
458 3413 483 3432 et
496 3408 607 3433 habeant
621 3409 766 3434 absolutam
784 3409 930 3434 veritatem:
950 3417 1002 3434 non
1016 3410 1093 3440 enim,
1108 3415 1137 3435 ut
1154 3415 1225 3442 patet
1242 3417 1272 3435 ex
1291 3410 1372 3441 dictis,

311 3442 482 3467 conclusionis
497 3443 590 3468 veritas
603 3444 748 3477 participata
763 3452 793 3469 ex
807 3444 951 3477 principiis,
971 3445 1095 3470 maiorem
1110 3445 1205 3470 habere
1217 3450 1304 3478 potest
1317 3445 1372 3470 sive

311 3476 476 3508 evidentiam,
502 3486 596 3519 nempe
614 3479 746 3504 veritatem
766 3480 851 3512 quoad
871 3487 912 3509 se,
934 3480 989 3505 sive
1007 3480 1184 3505 certitudinem
1203 3480 1290 3521 quoad
1308 3487 1371 3511 nos,

311 3518 390 3543 quam
409 3513 530 3546 principia
544 3514 607 3546 ipsa.
627 3515 682 3538 Hoc
702 3515 727 3539 in
746 3522 807 3539 casu
826 3522 889 3546 ergo
905 3515 952 3540 erit
966 3515 997 3539 ad
1012 3523 1144 3540 summurn
1161 3515 1266 3540 scientia
1282 3522 1371 3540 conse-

310 3547 484 3578 quentiarum,
500 3549 545 3573 sed
559 3549 629 3573 nullo
640 3550 718 3574 modo
732 3550 835 3574 scientia
847 3550 1059 3582 consequentium
1075 3549 1126 3584 (Cf.
1137 3551 1194 3575 lect.
1210 3558 1244 3581 tv,
1255 3555 1307 3575 not.
1317 3550 1370 3585 γγ).

913 214 1297 251 POSTERIORUM
1325 214 1753 252 ANALYTICORUM
1766 252 1769 255 ,
1782 215 1876 252 LIB.
1908 217 1921 252 I

1445 305 1519 341 qua
1550 293 1698 342 priora,
1732 306 1801 342 per
1832 307 1931 343 quae
1965 295 2281 332 demonstrentur.
2313 296 2353 332 Si
2381 303 2508 333 autem

1443 346 1566 394 prima
1593 347 1614 368 ’¹²
1640 347 1869 395 ignorentur,
1900 356 2049 396 oportet
2077 356 2113 385 et
2139 348 2349 397 posteriora
2373 349 2508 386 iterum

1443 411 1521 435 non
1541 399 1634 436 scire
1655 400 1871 448 simpliciter
1891 413 1961 437 nec
1979 400 2179 450 proprie‘:
2201 402 2268 438 sed
2288 403 2412 438 solum
2437 403 2507 439 sub

1441 452 1514 488 hac
1534 453 1761 500 conditione,
1778 453 1808 490 si
1826 453 2010 502 principia
2029 462 2125 491 sunt.
2152 455 2243 491 Non
2264 455 2365 491 enim
2385 462 2509 503 potest

1440 517 1510 552 per
1542 506 1682 554 aliquid
1719 506 1889 554 ignotum
1924 507 2063 555 aliquid
2102 508 2299 555 cognosci,
2334 507 2404 544 nisi
2437 508 2506 544 sub

1439 558 1512 594 hac
1532 559 1764 606 conditione,
1795 559 1825 596 si
1853 560 1944 596 illud
1971 560 2140 608 primum
2158 561 2178 582 ’¹‘
2196 560 2302 609 quod
2335 561 2506 608 ignotum

1441 619 1506 657 est,
1527 611 1573 648 sit
1587 611 1612 648 ζ.
1633 613 1735 660 Ergo
1756 613 1923 660 sequitur
1938 613 1958 634 *
1978 621 2138 662 utroque
2154 614 2286 661 modo,
2307 614 2387 650 sive
2406 614 2544 663 prin-

1441 663 1537 712 cipia
1571 672 1682 710 stent,
1717 665 1797 701 sive
1825 665 1864 702 in
1892 666 1944 702 eis
1977 666 2204 714 procedatur
2231 667 2270 704 in
2298 666 2504 714 infinitum,

1439 716 1544 764 quod
1572 717 1708 754 nuliius
1737 717 1790 754 rei
1818 726 1874 754 est
1901 718 2054 755 scientia
2073 724 2098 755 ².

1491 781 1527 816 4.
1552 770 1742 817 Secundo,
1765 783 1852 806 cum
1874 771 1977 807 dicit:
2008 772 2168 813 Quidam
2188 778 2313 809 autem
2334 780 2416 819 etc„
2436 784 2504 820 po-

1438 822 1492 859 nit
1524 823 1710 859 rationem
1744 823 1949 860 dicentium
1984 825 2158 861 omnium
2193 836 2275 861 esse
2309 825 2504 862 seientiam

1437 887 1506 923 per
1526 875 1907 913 demonstrationem:
1928 876 2016 925 quia
2034 877 2266 925 praemissae
2286 877 2419 925 radici,
2436 878 2503 914 sei—

1489 1111 1542 1136 Res
1561 1112 1679 1144 exemplo
1694 1111 1742 1136 erit
1755 1110 1897 1136 manifesta.
1917 1111 2064 1136 Hodiernus
2079 1111 2265 1144 positivismus,
2279 1112 2324 1145 qui
2338 1112 2440 1137 nonnisi
2455 1121 2502 1138 no—

1435 1146 1505 1170 mine
1520 1154 1534 1171 a
1548 1146 1731 1171 materialismo
1745 1147 1916 1178 distinguitur,
1926 1146 2075 1171 innumeras
2090 1147 2259 1172 animantium
2273 1148 2383 1180 species,
2397 1148 2502 1174 homine

1435 1189 1487 1206 non
1502 1187 1615 1215 excepto,
1625 1182 1745 1207 adnititur
1760 1190 1805 1214 per
1818 1182 2057 1211 evolutionismum,
2072 1182 2122 1207 hoc
2136 1187 2183 1213 est,
2194 1190 2240 1215 per
2254 1183 2429 1208 successivam
2438 1191 2501 1216 per-

1428 1217 1624 1250 fectibilitatem
1650 1218 1784 1248 materiae,
1809 1225 1999 1250 causarumque
2023 1218 2194 1242 materialium
2213 1219 2347 1251 explicare.
2372 1219 2432 1249 Quo
2450 1218 2502 1244 fine

1434 1252 1482 1276 sibi
1496 1253 1655 1285 praestituto,
1667 1252 1739 1285 fingit
1753 1253 1859 1277 cellulas
1871 1253 1958 1277 nescio
1973 1261 2038 1286 quas
2051 1253 2193 1286 primitivas
2208 1259 2233 1278 et
2247 1254 2395 1286 amorphas,
2406 1254 2432 1278 in
2445 1255 2501 1287 qui-

1434 1287 1483 1312 bus
1499 1292 1539 1312 est
1553 1288 1603 1312 vita
1617 1288 1690 1321 quasi
1705 1288 1816 1318 initialis,
1826 1295 1944 1320 quasque
1959 1296 1973 1312 a
1987 1289 2043 1313 sola
2056 1289 2161 1313 materia
2176 1289 2248 1314 bruta
2263 1288 2369 1321 produci
2384 1288 2501 1315 affirmat.

1434 1322 1492 1347 Vita
1510 1323 1631 1356 deinceps
1651 1324 1772 1354 cellulae,
1793 1323 1858 1348 sicut
1876 1324 2003 1348 enascitur
2024 1331 2054 1348 ex
2080 1324 2194 1354 materia,
2214 1324 2248 1348 ita
2266 1329 2411 1357 spontaneo
2429 1330 2501 1350 motu

1434 1359 1580 1391 explicatur,
1590 1359 1658 1383 iuxta
1671 1364 1758 1383 tamen
1771 1364 1887 1383 naturam
1898 1359 2043 1384 mediorum
2059 1357 2134 1392 quae‘
2140 1359 2189 1384 sibi
2203 1365 2341 1384 occurrunt
2356 1361 2500 1385 secundum

1434 1393 1606 1418 diversitatem
1626 1394 1675 1419 loci
1690 1399 1715 1419 et
1729 1393 1862 1427 temporis.
1881 1395 1947 1419 Nam
1961 1395 2164 1419 conservationis
2180 1395 2315 1420 instinctus
2330 1396 2362 1420 ad
2377 1403 2408 1420 ea
2421 1396 2502 1421 fertur

1433 1436 1501 1461 quae
1518 1429 1614 1453 viventi
1633 1429 1788 1454 conveniunt
1805 1430 1975 1462 procuranda,
1993 1431 2195 1463 repellendaque
2213 1438 2243 1455 ea
2262 1439 2329 1463 quae
2344 1431 2378 1455 illi
2394 1435 2499 1456 nocent:
2546 1464 2549 1466 -

1434 1471 1464 1488 ex
1482 1471 1536 1496 quo
1555 1464 1649 1497 duplici
1669 1464 1751 1497 capite
1765 1464 1942 1497 positivismus
1956 1465 2016 1490 dicit
2030 1465 2156 1490 efformari
2171 1473 2200 1490 ac
2212 1465 2300 1498 perfici
2314 1466 2340 1490 in
2353 1466 2499 1491 viventibus

1433 1506 1538 1532 organa
1557 1499 1664 1524 diversa
1682 1503 1709 1524 et
1726 1507 1803 1528 nova,
1823 1500 1918 1532 quibus
1937 1506 1963 1525 et
1980 1501 2089 1525 adversa
2107 1501 2260 1534 propulsent
2277 1507 2304 1526 et
2321 1502 2500 1527 convenientia

1433 1535 1615 1567 adsequantur,
1626 1534 1737 1564 amissis,
1748 1535 1770 1559 si
1784 1543 1851 1568 quae
1865 1535 1931 1560 forte
1945 1535 2095 1566 existebant,
2108 1536 2220 1568 organis,
2234 1545 2345 1569 quorum
2359 1545 2424 1562 usus
2438 1545 2499 1570 pro-

1432 1577 1524 1601 gressu
1549 1570 1674 1603 temporis
1693 1570 1774 1595 evasit
1792 1570 1895 1595 inutilis.
1921 1571 1987 1595 Hinc
2010 1571 2178 1596 animantium
2202 1572 2330 1604 originem
2353 1578 2379 1597 et
2397 1572 2498 1605 species

1433 1605 1547 1630 diversas
1562 1605 1668 1638 explicat
1682 1605 1875 1638 positivismus:
1895 1614 1967 1630 cuius
1986 1607 2108 1631 nolumus
2127 1606 2368 1639 impraesentiarum
2387 1607 2500 1633 refutare

1432 1640 1520 1665 insana
1535 1645 1560 1665 et
1572 1641 1683 1665 absurda
1702 1640 1832 1674 principia,
1853 1641 1899 1665 sed
1913 1641 2046 1673 indigitare
2059 1640 2190 1666 fictionem
2205 1640 2379 1667 scientificum.
2399 1642 2499 1668 Revera

1431 1677 1503 1708 quod
1521 1677 1622 1709 species
1640 1676 1810 1701 animantium
1834 1676 1886 1701 sint
1903 1684 1934 1701 ex
1953 1677 2016 1701 solis
2035 1677 2119 1701 causis
2138 1677 2259 1702 secundis
2278 1678 2361 1710 iisque
2379 1678 2498 1703 materia·

1432 1712 1513 1742 libus,
1537 1720 1590 1736 non
1609 1712 1732 1745 probatur
1750 1720 1764 1736 a
1783 1712 1947 1744 positivistis,
1966 1712 2002 1737 uti
2021 1711 2070 1745 ipsi
2090 1712 2201 1745 ingenue
2217 1712 2335 1745 fatentur,
2354 1713 2401 1738 sed
2419 1713 2498 1746 gratis

1432 1747 1484 1772 imo
1510 1753 1598 1772 contra
1622 1747 1747 1772 rationem
1772 1746 1876 1779 fingitur
1894 1752 1922 1772 ut
1940 1747 2108 1781 hypothesi&
2131 1748 2224 1773 deinde
2248 1756 2320 1773 mera
2344 1748 2497 1782 hypothesis

1431 1783 1538 1815 gratuita
1557 1787 1598 1807 est
1615 1782 1768 1816 principium
1787 1783 1934 1808 selectiom's
1952 1783 2083 1814 naturalis,
2098 1790 2149 1815 qua
2167 1783 2257 1808 vivens
2277 1791 2306 1808 se
2324 1783 2423 1817 perficit
2436 1792 2496 1817 pro-

1431 1818 1550 1843 ducendo
1568 1826 1664 1850 organa
1683 1818 1750 1843 ium
1769 1817 1919 1850 exigentiam
1940 1818 2141 1843 conservationis
2160 1824 2186 1844 et
2203 1819 2360 1844 defensionis
2378 1820 2453 1850 vitae,
2472 1824 2498 1845 et

1431 1861 1460 1878 se
1479 1853 1658 1878 constituendo
1676 1853 1703 1878 in
1722 1853 1896 1878 determinatis
1915 1853 2065 1887 speciebus;
2078 1854 2258 1894 hypothesis
2252 1863 2359 1887 insuper
2371 1860 2413 1880 est
2429 1855 2497 1880 arbi-

1430 1890 1506 1914 traria
1524 1889 1615 1914 electio
1633 1889 1745 1914 sexualis
1764 1897 1815 1922 qua
1834 1889 1956 1923 deinceps
1975 1897 2043 1914 nova
2060 1889 2109 1920 via,
2129 1897 2223 1923 nempe
2243 1890 2424 1931 generatione,
2442 1890 2495 1915 ani-

1431 1925 1526 1949 mantia
1550 1925 1606 1957 ipsa
1624 1925 1791 1957 producendo
1810 1932 1877 1949 nova
1900 1924 2030 1950 individua
2048 1930 2201 1949 conservant
2218 1926 2350 1959 propriam
2369 1926 2483 1959 speciem

1430 1960 1476 1984 sed
1488 1965 1619 1992 praeterea
1628 1960 1779 1992 hypothesis
1792 1965 1832 1984 est
1845 1960 1902 1993 ipsa
1914 1959 2046 1985 existentia
2059 1960 2210 1985 cellularum
2224 1961 2418 1993 primitivarum,
2429 1969 2496 1994 quae

1430 2003 1460 2019 ex
1479 2003 1508 2020 se
1527 1995 1675 2028 amorphae,
1689 1995 1782 2020 virtute
1800 2003 1892 2019 omnes
1911 1995 2078 2020 animantium
2094 1995 2194 2028 species
2213 2001 2239 2020 et
2257 1995 2389 2021 hominem
2408 1997 2495 2030 ipsum

1430 2031 1589 2061 contineant;
1609 2030 1720 2063 denique
1738 2030 1890 2063 hypothesis
1905 2035 1944 2055 est
1958 2031 2044 2063 ipsum
2057 2030 2210 2063 principium
2223 2031 2376 2056 evolationis
2390 2038 2495 2065 sponta-

1430 2073 1501 2095 neae,
1516 2074 1568 2099 qua
1582 2074 1613 2091 ex
1626 2065 1723 2090 viribus
1738 2066 1867 2095 materiae,
1882 2066 1990 2090 cellulae
2004 2066 2062 2090 illae
2076 2066 2219 2099 primitivae
2232 2066 2406 2092 efformantur.
2426 2067 2495 2100 Ergo

1429 2101 1607 2134 positivismus
1623 2109 1674 2126 non
1693 2101 1811 2126 absoluta
1829 2101 1942 2131 veritate,
1958 2101 2004 2126 sed
2023 2101 2219 2134 hypothesibus,
2234 2101 2287 2126 imo
2306 2101 2495 2135 hypothesibus

1429 2136 1566 2161 arbitrariis
1585 2141 1654 2161 totus
1673 2137 1773 2161 nititur:
1793 2144 1860 2169 quae
1878 2136 1978 2161 etiamsi
1997 2144 2074 2161 verae
2092 2135 2153 2169 fingi
2178 2141 2298 2170 possent,
2323 2142 2422 2163 tamen.
2434 2138 2495 2171 quia

1429 2177 1515 2196 utrum
1534 2180 1611 2197 verae
1630 2172 1688 2203 sint,
1708 2172 1771 2205 ipsis
1792 2172 1942 2205 positivistis
1960 2173 2028 2196 ultro
2048 2171 2208 2205 libenterque
2227 2172 2372 2204 fatentibus,
2391 2173 2494 2207 probari

1429 2215 1482 2232 non
1496 2213 1589 2240 potest,
1604 2207 1737 2232 scientiam
1749 2215 1810 2232 vere
1825 2213 1850 2232 et
1866 2208 1969 2240 proprie
1987 2208 2048 2232 dare
2067 2215 2120 2232 non
2139 2213 2248 2240 quentin
2268 2213 2294 2233 et
2311 2208 2371 2242 quia
2389 2209 2495 2234 arbitra-

1428 2244 1480 2268 riae
1499 2248 1560 2268 sunt
1578 2248 1604 2268 et
1621 2249 1709 2268 contra
1727 2243 1851 2268 rationem
1872 2248 2026 2274 statuuntur,
2045 2250 2093 2267 nec
2110 2250 2161 2267 una
2180 2243 2263 2276 posita
2282 2244 2399 2277 sequitur
2416 2245 2495 2270 altera

1429 2279 1463 2311 (e.
1473 2287 1507 2311 g.,
1527 2279 1610 2312 posita
1624 2279 1716 2303 cellula
1729 2278 1856 2311 primitiva
1872 2278 1997 2311 nmorpha
2015 2283 2041 2303 et
2054 2278 2130 2303 unius
2145 2286 2252 2311 prorsus
2266 2279 2370 2312 speciei,
2385 2288 2437 2305 non
2451 2287 2492 2305 se-

1428 2314 1515 2347 quitur
1534 2313 1616 2346 logice
1635 2322 1715 2347 posse
1732 2314 1816 2339 evolvi
1836 2322 1867 2339 ex
1885 2314 1942 2346 ipsa
1959 2314 2105 2347 specierum
2122 2313 2300 2349 diversitates),
2314 2315 2494 2348 positivismus

1429 2358 1513 2382 neque
1531 2355 1571 2375 est
1590 2349 1695 2375 scientia
1713 2349 1936 2382 consequentium,
1955 2357 2040 2383 neque
2058 2354 2099 2374 est
2116 2349 2222 2375 scientia
2241 2351 2493 2384 consequentiarum,

1428 2386 1475 2410 sed
1493 2390 1534 2410 est
1551 2384 1620 2410 fictio
1638 2386 1765 2418 quaedam
1784 2385 1912 2410 scientiae.

1481 2421 1521 2446 Ad
1540 2428 1601 2446 vere
1615 2428 1677 2453 ergo
1691 2426 1716 2445 et
1730 2420 1861 2446 fructuose
1874 2420 2111 2454 philosophandum
2126 2421 2260 2454 diligenter
2274 2422 2420 2455 quaerenda
2433 2426 2494 2447 sunt

1429 2464 1457 2481 ac
1476 2456 1609 2481 statuenda
1632 2456 1753 2489 principia
1776 2464 1827 2481 non
1851 2456 2014 2489 hypothetica
2039 2457 2085 2481 sed
2109 2456 2228 2482 absoluta
2251 2461 2330 2490 atque
2348 2457 2380 2482 ad
2403 2465 2493 2483 eorum

1429 2492 1514 2516 lucem
1533 2492 1722 2524 comparandae
1740 2499 1791 2522 res,
1811 2492 1842 2516 de
1861 2491 1955 2524 quibus
1974 2491 2080 2517 scientia
2104 2492 2247 2525 quaeritur,
2266 2497 2292 2517 et
2310 2492 2377 2518 ium
2395 2491 2500 2526 logicae

1429 2527 1500 2559 leges
1519 2527 1701 2552 conducendae
1724 2527 1968 2557 demonstrationem
1987 2532 2017 2552 ut
2035 2527 2071 2552 sic
2090 2527 2152 2552 nihil
2171 2527 2332 2552 arbitrarium
2357 2528 2492 2561 subrepat.

1428 2562 1490 2587 nihil
1515 2562 1707 2595 hypotheticum
1736 2563 1907 2587 admisceatur
1933 2562 2144 2588 demonstrationi
2173 2563 2322 2593 absolutae,
2351 2568 2376 2588 et
2399 2570 2492 2588 omnes

1428 2602 1514 2630 partes
1533 2597 1662 2628 scientiae,
1676 2598 1755 2622 veluti
1773 2598 1937 2630 organismos
1957 2598 2072 2631 corporis
2086 2598 2230 2626 animantis,
2243 2598 2275 2623 ad
2294 2598 2404 2623 invicem
2422 2598 2492 2623 ordi-

1428 2638 1521 2658 nentur
1539 2637 1565 2657 et
1583 2633 1790 2663 subordinentur,
1810 2638 1835 2657 et
1853 2633 1878 2657 in
1898 2641 1979 2657 unum
1999 2638 2098 2658 coeant.
2117 2633 2194 2663 Quod
2208 2633 2230 2658 si
2245 2640 2294 2657 nos
2309 2634 2386 2658 lateat
2398 2633 2492 2666 princi—

1427 2667 1499 2700 pium
1518 2667 1666 2692 absolutum
1685 2668 1712 2692 in
1730 2667 1859 2700 aliquibus
1877 2668 1956 2693 rebus
1971 2668 2134 2700 explicandis,
2149 2676 2201 2693 non
2216 2667 2385 2701 prohibemur
2399 2669 2431 2693 ad
2443 2668 2491 2702 hy-

1427 2702 1548 2735 potheses
1567 2710 1707 2728 recurrere.
1726 2703 1776 2727 Sed
1799 2710 1820 2727 ι.
1835 2703 1992 2736 Principium
2007 2702 2202 2736 hypotheticum
2221 2710 2274 2728 non
2289 2703 2322 2728 sit
2335 2703 2491 2729 absurdum:

1427 2743 1452 2762 et
1470 2742 1510 2763 est
1534 2737 1675 2763 absurdum
1697 2738 1800 2770 quoties
1823 2738 1972 2763 contradicit
1996 2738 2071 2771 alicui
2095 2738 2219 2772 principio
2244 2738 2490 2769 absoluto;-2.Ad

1426 2773 1554 2798 tramitem
1573 2773 1699 2806 assumpti
1718 2772 1834 2806 principii
1853 2773 2011 2798 deducantur
2023 2774 2202 2799 conclusiones
2217 2773 2284 2798 iuxta
2298 2774 2370 2807 leges
2385 2773 2491 2807 logicae,

1426 2813 1455 2832 ut
1472 2809 1564 2833 saltem
1587 2807 1712 2834 habeatur
1735 2808 1840 2833 scientia
1865 2809 2185 2841 consequentiarum;-3.
2205 2809 2262 2834 Non
2280 2808 2410 2842 fingantur
2427 2809 2491 2835 aliae

1427 2843 1593 2877 hypotheses,
1613 2848 1674 2876 puta
1692 2843 1854 2876 exceptiones
1873 2844 2028 2875 arbitrariae,
2046 2845 2079 2869 ad
2098 2844 2238 2870 eludendas
2257 2844 2328 2878 ipsas
2347 2845 2491 2870 conclusio-

1426 2886 1548 2911 nes3-4.
1564 2878 1637 2909 Quae
1655 2884 1791 2912 propterea
1809 2879 1830 2903 si
1850 2879 1976 2904 absurdae
1995 2879 2156 2904 inveniantur
2169 2884 2213 2904 aut
2225 2880 2362 2912 oppositae
2379 2888 2439 2906 cum
2454 2880 2490 2905 fa-

1426 2914 1481 2944 ctis,
1496 2914 1528 2939 ad
1542 2921 1609 2947 quae
1627 2914 1775 2947 explicanda
1788 2914 1922 2939 inductum
1936 2921 1977 2940 est
1990 2914 2143 2948 principium
2157 2914 2359 2948 hypotheticum,
2369 2915 2437 2941 istud
2450 2920 2492 2941 est

1427 2949 1563 2974 dicendum
1581 2949 1699 2975 absolute
1718 2949 1826 2980 falsum;
1845 2954 1872 2975 et
1889 2949 1948 2975 ideo
1966 2950 2083 2983 ineptum
2097 2951 2130 2975 ad
2144 2950 2260 2983 ipsorum
2274 2950 2400 2976 factorum
2413 2951 2489 2976 ratio-

1426 2993 1487 3010 nern
1506 2985 1730 3017 assignandam;-
1741 2984 1763 3010 5.
1783 2985 1853 3010 Idem
1868 2985 2090 3018 pronunciandum
2110 2991 2150 3011 est
2163 2986 2265 3019 quoties
2284 2986 2370 3019 aliqua
2383 2994 2414 3011 ex
2428 2994 2489 3012 con-

1426 3020 1584 3045 clusionibus
1599 3020 1680 3052 logice
1699 3021 1807 3046 deducta
1821 3021 1970 3046 contradicit
1983 3021 2058 3046 alicui
2069 3021 2195 3054 principio
2209 3021 2340 3052 absoluto;
2354 3034 2373 3042 —-
2387 3020 2412 3047 6.
2426 3021 2490 3053 Qui-

1426 3056 1475 3080 bus
1500 3055 1622 3080 omnibus
1646 3055 1790 3080 observatis
1815 3063 1867 3080 non
1892 3056 2000 3081 habetur
2024 3056 2072 3081 nisi
2102 3056 2208 3082 scientia
2231 3057 2488 3090 consequentiarum,

1419 3091 1472 3115 sed
1495 3099 1546 3116 non
1565 3090 1670 3116 scientia
1693 3091 1921 3123 consequentium;
1939 3105 1958 3110 —
1976 3099 2000 3124 7.
2020 3091 2094 3122 Quae
2112 3096 2172 3116 tunc
2190 3092 2358 3117 solummodo
2376 3092 2489 3125 exurgit,

1426 3127 1531 3159 quando
1548 3125 1692 3151 verificatur
1709 3125 1861 3159 hypothesis
1880 3126 1995 3160 principii
2017 3127 2157 3160 assumpti;
2173 3141 2192 3146 —
2209 3126 2234 3152 8.
2253 3127 2320 3152 Hinc
2338 3134 2370 3152 ex
2388 3128 2489 3153 certitu-

1426 3162 1497 3192 dine,
1521 3161 1698 3194 probabilitate
1715 3162 1757 3187 vel
1776 3161 1990 3194 improbabilitate
2013 3161 2090 3187 huius
2114 3162 2265 3196 hypothesis
2284 3163 2413 3195 dependet
2434 3170 2490 3188 cer-

1426 3197 1507 3222 titudo
1525 3197 1566 3222 vel
1580 3196 1746 3230 probabilitas
1765 3197 1955 3229 cognitionum,
1975 3205 2043 3231 quae
2057 3197 2099 3222 tali
2115 3197 2281 3231 hypothetico
2300 3197 2488 3232 principien—

1426 3236 1614 3266 perstruuntur.

1478 3267 1506 3300 η)
1527 3266 1606 3298 Quod
1624 3267 1720 3293 nullius
1739 3267 1779 3292 rei
1792 3271 1831 3292 est
1844 3268 1963 3293 scientia.
1982 3269 2018 3294 Ita
2032 3268 2092 3293 edit.
2105 3268 2183 3293 Piana
2197 3273 2223 3293 et
2240 3269 2297 3294 cod.
2307 3268 2440 3294 K.·-Cod.
2449 3268 2485 3293 B:

1424 3303 1479 3328 sive
1493 3303 1520 3328 in
1533 3303 1572 3328 eis
1585 3303 1751 3335 procedatur
1769 3303 1796 3328 i'n
1811 3303 1952 3336 infinitum,
1967 3303 2066 3329 nullius
2079 3304 2120 3329 rei
2131 3310 2186 3329 esse
2199 3303 2352 3333 scientiam3
2365 3303 2389 3329 1:
2407 3303 2487 3329 sive...

1426 3339 1452 3363 in
1476 3338 1626 3372 infinitum,
1654 3338 1791 3364 scientiam
1815 3346 1866 3364 non
1894 3346 1957 3364 esse.
1974 3353 1993 3359 —
2008 3339 2342 3370 ACDEGHLMNOQRST
2365 3338 2488 3363 omittunt

1425 3374 1515 3405 verba,
1534 3374 1606 3406 quod
1624 3374 1722 3399 nullius
1739 3374 1780 3399 rei
1797 3378 1837 3399 est
1849 3374 1968 3400 scientia.
1982 3375 2034 3399 Sed
2052 3375 2206 3407 supplentur
2223 3374 2251 3399 in
2269 3373 2384 3406 margine
2397 3373 2453 3398 cod.
2464 3373 2487 3397 A

1425 3409 1474 3434 hoc
1493 3410 1587 3434 modo:
1606 3409 1678 3441 quod
1695 3409 1761 3434 nihil
1782 3409 1914 3442 contingit
1937 3409 2016 3438 scire,
2035 3410 2076 3435 vel
2093 3409 2230 3435 scientiam
2253 3417 2305 3435 non
2323 3415 2392 3436 εωες
2416 3412 2443 3433 et
2460 3407 2487 3432 in

1425 3452 1506 3476 marg.
1521 3445 1578 3469 cod.
1594 3444 1630 3469 N:
1650 3444 1722 3477 quod
1739 3451 1791 3470 non
1810 3448 1850 3470 est
1867 3444 1993 3474 scientim·
2010 3444 2072 3470 item
2090 3445 2115 3470 in
2134 3452 2215 3477 marg.
2229 3445 2262 3470 S:
2279 3443 2416 3470 seientiam
2434 3450 2486 3469 »ιοιι

1424 3486 1494 3508 esse,·
1512 3487 1593 3511 marg.
1607 3479 1643 3504 R:
1662 3479 1734 3512 quod
1752 3480 1849 3505 nullius
1866 3483 1906 3506 est
1922 3480 1980 3508 scit,
1995 3485 2115 3513 corrupte
2132 3487 2181 3513 pro
2197 3482 2238 3505 est
2249 3478 2367 3505 scientia.
2384 3478 2451 3503 Cum
2465 3478 2486 3502 P

1425 3522 1486 3547 ergo
1507 3514 1639 3540 retinenda
1653 3522 1791 3540 censemus
1810 3515 1888 3540 verba
1907 3515 1988 3546 citata,
2007 3522 2075 3547 quae
2088 3515 2204 3548 explicite
2223 3518 2323 3547 potum
2341 3513 2486 3538 conclusio·

1425 3557 1485 3574 nem
1504 3549 1635 3580 intentam,
1655 3555 1732 3583 atque
1750 3550 1857 3583 insuper
1874 3549 2046 3583 perspicuitati
2065 3549 2205 3575 sententiae
2223 3548 2365 3574 conserunt.

2538 359 2678 381 ·.Codd-1=:1‹
2681 361 2753 388 prin-

2537 386 2607 413 cipia.

2537 570 2544 578 ¹
2555 574 2587 590 ci:
2597 569 2747 597 prt‘ndpr'un.

2534 653 2568 673 ι.
2579 652 2654 674 omitt.
2669 653 2748 681 sequi-
