2548 4192
257 284 339 310 XLVI

260 352 446 406 denique
478 347 812 402 Philosophicas.
853 345 966 384 Turn
999 339 1288 381 adhibendum
1328 336 1515 377 studium
1550 333 1819 402 censebatur,
1854 335 1901 369 ut
1939 327 2194 368 sanctissimi
2235 327 2440 396 Doctoris

258 420 417 461 textus,
453 410 596 466 quoad
630 408 718 449 fieri
751 411 914 461 posset,
951 401 1208 443 emaculatus
1242 398 1450 453 prodiret,
1485 409 1534 436 ac
1567 400 1732 448 mteger
1764 403 2101 446 germanusque:
2137 402 2248 443 quae
2282 402 2440 429 summi

260 474 464 516 momenti
498 486 564 512 res
597 477 643 511 ut
675 465 1012 522 auspicatissimo
1033 462 1314 516 perficeretur,
1338 458 1504 512 insigne
1529 454 1769 496 subsidium
1798 457 2013 506 praestare
2035 457 2234 520 poterant
2258 450 2439 520 diligen-

259 536 445 577 tissimae
470 546 604 579 curae,
627 543 732 584 quas
765 527 928 582 pridem
962 525 1003 564 in
1037 523 1144 563 hanc
1177 519 1471 561 adornandam
1506 522 1691 571 spartam
1717 526 1944 567 suscepere
1967 513 2222 553 Franclscus
2248 513 2441 561 Garzias,

263 598 444 638 Cosmas
477 593 687 639 Morelles,
723 587 956 642 Gregorius
990 586 1201 630 Donatus,
1236 581 1533 622 Lovanienses
1568 584 1609 618 et
1642 578 1894 616 Duacenses
1916 575 2145 630 Theologi,
2167 575 2321 615 Petrus
2341 575 2439 615 Pel-

261 659 431 704 licanus,
465 652 727 708 Reginaldus
761 647 1006 693 Lucarinus,
1041 646 1223 685 Ioannes
1256 641 1488 688 Nicolaius‚
1515 639 1715 680 Editores
1740 637 1948 684 Patavini,
1971 637 2166 677 Thomas
2191 636 2438 679 Madalena:

260 733 308 759 ac
341 731 455 758 nova
478 727 642 756 rursum
667 709 979 765 impenderetur
1002 719 1143 760 opera,
1168 717 1278 758 quae
1303 703 1515 743 variantes
1537 700 1742 740 lectiones
1765 712 1818 739 ex
1840 699 2028 752 optimae
2051 705 2179 739 notae
2202 698 2436 748 codicibus,

260 780 294 820 si
328 779 398 832 qui
432 781 599 831 praesto
624 774 770 819 forent,
797 767 1260 825 praestantioribusque
1293 764 1472 804 vetustis
1498 761 1758 803 editionibus
1792 760 2015 815 decerptas
2037 761 2220 810 offerret,
2245 761 2438 815 Scriptu-

259 853 396 880 rarum
429 843 556 890 atque
588 836 760 875 Patrum
794 838 835 872 et
868 830 1131 884 Scriptorum
1165 826 1395 867 sententias
1429 824 1698 864 detruncatas
1733 828 1806 863 aut
1830 822 2090 877 compendio
2115 823 2293 878 scriptas
2315 823 2437 864 resti-

258 906 391 941 tueret
423 899 628 952 integras,
663 893 1029 945 accuratioresque
1062 890 1255 930 locorum
1290 887 1450 927 indices
1483 891 1727 940 praestaret.
1773 884 1977 940 Singulas
2011 885 2222 939 praemitti
2256 885 2438 940 singulis

257 960 543 1002 voluminibus
564 956 894 999 Admonitiones
916 951 1261 997 constituebatur,
1284 949 1375 989 sive
1398 948 1587 995 CriticaS,
1610 947 1703 988 sive
1725 947 2052 1003 Apologeticas,
2074 947 2233 1001 quibus
2262 947 2438 1002 genuini

257 1021 481 1076 Aquinatis
515 1020 652 1060 foetus
687 1024 803 1058 extra
836 1015 1011 1056 dubium
1038 1026 1177 1060 omne,
1209 1023 1469 1064 omnemque
1494 1009 1784 1063 suspicionem
1815 1009 2145 1050 collocarentur:
2182 1015 2224 1050 et
2243 1009 2278 1050 si
2301 1009 2374 1063 qui
2396 1009 2438 1050 in

257 1082 588 1124 controversiam
614 1077 982 1132 intemperantiore
1012 1074 1105 1115 crisi
1134 1072 1332 1114 advocati
1361 1078 1470 1120 sunt,
1495 1071 1841 1112 cumulatissimis
1862 1071 2180 1112 vindicarentur
2207 1084 2439 1126 argumen-

255 1146 328 1193 tis;
363 1144 571 1196 simulque
604 1155 681 1196 pro
706 1139 832 1180 animi
867 1137 1062 1184 candore,
1088 1149 1137 1176 ac
1167 1134 1414 1175 dominante
1444 1147 1547 1189 erga
1571 1133 1764 1189 reginam
1786 1134 2010 1174 veritatem
2031 1133 2198 1182 affectu,
2221 1133 2328 1174 aliae
2351 1147 2439 1174 non

255 1219 426 1261 paucae,
444 1217 553 1258 quae
574 1203 654 1243 sub
681 1202 769 1242 eius
792 1200 963 1240 nomine
985 1199 1121 1239 lucem
1146 1196 1354 1243 viderunt,
1372 1209 1548 1250 prorsus
1569 1195 1842 1237 reiicerentur
1863 1195 2219 1244 elucubrationes,
2242 1195 2438 1250 aliaeque

255 1281 333 1322 pro
367 1266 505 1307 dubiis
539 1265 801 1305 haberentur.
838 1261 1112 1315 Scriptorum,
1148 1258 1219 1312 qui
1254 1258 1387 1298 hocce
1416 1257 1470 1298 de
1500 1264 1757 1313 argumento
1783 1257 1973 1298 criticum
1995 1258 2206 1299 calamum
2227 1257 2438 1299 adhibue-

255 1335 360 1376 runt,
395 1327 565 1368 minime
598 1322 966 1380 praetermittenda
999 1321 1253 1361 videbantur
1274 1325 1420 1367 errata,
1447 1319 1691 1361 levissimae
1719 1320 2000 1368 coniecturae,
2024 1320 2259 1368 oscitantia,
2296 1320 2438 1360 minus

255 1403 392 1444 aequa
425 1388 593 1436 iudicia;
628 1393 674 1427 ut
706 1385 803 1426 inde
836 1384 995 1425 addisci
1029 1382 1148 1423 facile
1173 1388 1332 1437 posset,
1356 1395 1486 1436 quam
1511 1382 1627 1423 lento
1650 1381 1788 1438 gradu
1810 1382 1883 1436 qui
1909 1382 2095 1423 criticam
2117 1388 2252 1423 artem
2278 1382 2436 1431 colunt,

254 1450 484 1506 procedere
518 1449 711 1496 debeant,
738 1461 789 1487 ne
823 1446 1042 1487 veritatem
1068 1444 1238 1485 exulare
1263 1443 1555 1498 imprudentes
1580 1444 1765 1492 iubeant,
1792 1444 2046 1498 fabulasque
2069 1444 2232 1485 donent
2253 1444 2436 1493 civitate,

255 1526 387 1567 seque
421 1510 676 1552 deridendos
709 1508 944 1564 propinent.
980 1508 1191 1547 Feruntur
1224 1519 1428 1547 censurae
1461 1506 1622 1560 plures,
1658 1506 1760 1547 olim
1795 1520 1844 1547 ac
1869 1506 2058 1561 sequiori
2092 1513 2287 1562 ternpore
2312 1506 2435 1555 latae,

256 1588 365 1629 quae
398 1574 591 1614 Thomae
625 1570 850 1625 Aquinatis
884 1575 956 1609 aut
989 1568 1205 1609 doctrinae
1235 1574 1393 1622 partes,
1429 1574 1502 1608 aut
1535 1568 1749 1623 integrum
1784 1568 2003 1609 doctrinae
2029 1582 2185 1623 corpus
2214 1568 2436 1618 invadunt,

256 1637 430 1690 eiusque
464 1633 710 1675 methodum
743 1632 904 1672 feriunt.
939 1631 1040 1671 Non
1073 1643 1146 1671 eas
1180 1630 1371 1686 intelligo
1405 1630 1511 1679 lites,
1537 1644 1647 1685 quas
1680 1636 1816 1686 agunt
1835 1631 1877 1671 in
1899 1631 2059 1671 scholis
2080 1631 2310 1679 Doctores,
2332 1643 2435 1686 pro-

253 1698 352 1753 priis
386 1696 542 1750 quique
576 1694 848 1749 opinionibus
881 1693 1163 1748 indulgentes,
1197 1706 1247 1733 ac
1281 1692 1542 1733 documenta
1565 1699 1778 1735 sectantes
1803 1693 2010 1747 Aquinati
2044 1692 2241 1734 adversa.
2274 1691 2438 1734 Iudicia

252 1760 320 1800 illa
352 1757 622 1813 intelligenda
654 1762 770 1804 sunt,
806 1768 916 1810 quae
949 1755 1133 1795 tulerunt
1164 1755 1319 1795 aemuli
1354 1755 1568 1804 homines,
1604 1755 1823 1796 Robertus
1857 1755 1912 1796 de
1946 1755 2226 1804 Kildwardbi,
2251 1755 2449 1797 Ioannes.

251 1820 473 1868 Pekamus,
509 1819 758 1860 Guillelmus
791 1818 859 1858 De
893 1817 932 1857 la
965 1818 1095 1865 Mare,
1130 1817 1282 1858 Petrus
1315 1817 1591 1866 Alliacensis‚
1626 1817 1783 1872 aliique
1818 1824 2012 1859 veterum
2048 1831 2135 1858 non
2169 1817 2312 1873 pauci,
2340 1817 2437 1872 plu-

253 1896 404 1937 resque
438 1887 625 1922 recentes
659 1880 730 1935 qui
765 1880 978 1920 Censores
1011 1878 1190 1920 audiunt
1222 1879 1263 1920 in
1298 1879 1516 1934 republica
1548 1880 1764 1929 litteraria,
1795 1881 2020 1929 Erasmus,
2046 1879 2258 1920 Ricardus
2289 1879 2436 1922 Simo-

252 1945 358 1993 nius,
393 1943 622 1985 Casimirus
656 1942 869 1990 Oudinus,
904 1942 1087 1982 Iacobus
1121 1941 1382 1990 Bruckerus,
1417 1942 1569 1983 Petrus
1609 1942 1663 1983 de
1698 1943 1813 1983 Alva
1846 1948 1889 1983 et
1921 1943 2132 1998 Astorga,
2167 1941 2437 1997 Theophilus

252 2005 524 2060 Raynaudus,
559 2006 617 2045 Io.
635 2004 824 2059 Baptista
855 2005 981 2052 Poza,
1016 2004 1075 2044 Io.
1094 2003 1311 2059 Georgius
1345 2004 1634 2053 Dorschaeus,
1660 2005 1813 2046 Petrus
1846 2005 2042 2053 Zornius,
2078 2004 2277 2045 Adamus
2307 2003 2437 2046 Trib-

252 2068 497 2115 bechovius,
532 2068 590 2108 Io.
609 2066 857 2107 Franciscus
891 2066 1109 2114 Buddeus,
1132 2066 1288 2121 aliique
1322 2066 1415 2107 sive
1449 2067 1622 2122 proprio
1652 2067 1826 2108 nomine
1857 2067 2059 2123 insigniti,
2091 2067 2184 2107 sive
2215 2066 2435 2121 anonymi,

251 2136 323 2171 aut
355 2129 558 2178 catholici,
593 2134 664 2169 aut
696 2128 958 2169 heterodoxi.
994 2128 1150 2169 Mirum
1184 2142 1299 2177 sane,
1334 2142 1465 2183 quam
1500 2129 1673 2170 diverso
1707 2129 1949 2170 animorum
1984 2129 2165 2170 consilio
2197 2134 2239 2169 et
2269 2128 2436 2179 affectu,

250 2198 323 2232 aut
354 2191 522 2239 invidia,
556 2197 628 2231 aut
660 2190 954 2238 aemulatione,
981 2196 1054 2231 aut
1078 2191 1205 2231 etiarn
1229 2191 1307 2231 zeli
1331 2191 1486 2245 specie,
1512 2197 1585 2232 aut
1609 2191 1892 2247 ignoratione,
1915 2198 1989 2232 aut
2009 2197 2152 2232 sectae
2173 2190 2439 2246 praeiudicio

251 2259 496 2294 attentatum
530 2252 661 2301 fuerit,
695 2253 928 2293 vanissimo
963 2259 1105 2294 tamen
1130 2266 1300 2308 semper
1324 2259 1493 2301 conatu,
1518 2259 1566 2294 ut
1593 2254 1953 2295 celebratissimae
1981 2254 2180 2295 Thomae
2206 2252 2439 2308 Aquinatis

252 2315 465 2356 doctrinae
490 2320 562 2355 aut
584 2314 848 2363 adimeretur,
870 2321 943 2355 aut
975 2315 1235 2356 minueretur
1257 2315 1452 2370 pretium,
1478 2322 1607 2370 atque
1631 2316 1838 2371 splendor
1857 2316 2151 2357 infuscareturl
2188 2315 2438 2371 Apologiae

251 2377 457 2418 texendae
490 2377 668 2425 fuerant,
709 2377 864 2431 quibus
898 2377 1118 2432 ingenium
1151 2377 1243 2418 eius
1276 2377 1460 2418 sublime
1494 2378 1799 2427 innotesceret,
1835 2385 1877 2419 et
1910 2378 2130 2433 multiplex
2164 2378 2256 2419 eius
2290 2390 2437 2419 coram

251 2440 475 2494 palamque
508 2439 627 2479 fieret
658 2445 849 2480 veterum
884 2435 1149 2494 Scriptorum
1182 2439 1320 2488 lectio,
1355 2439 1428 2494 qui
1451 2453 1572 2481 sacra
1599 2446 1641 2481 et
1660 2440 1884 2495 prophana
1910 2446 2165 2496 argumenta
2191 2445 2434 2481 versarunt:

252 2501 389 2550 latina,
425 2507 465 2542 et
496 2514 660 2556 graeca,
696 2507 738 2542 et
767 2501 975 2549 hebraica,
1011 2507 1052 2542 et
1084 2501 1255 2543 arabica
1288 2501 1470 2543 eruditio
1504 2508 1731 2551 constaret,
1766 2509 1974 2557 quantum
2009 2516 2088 2558 pro
2111 2515 2162 2543 ea
2182 2507 2438 2557 tempestate

253 2562 341 2604 dari
374 2569 549 2618 poterat,
574 2563 615 2603 in
648 2563 907 2604 variantibus
932 2563 1191 2605 Divinorum
1220 2564 1492 2618 eloquiorum
1521 2565 1788 2613 lectionibus,
1813 2564 2027 2619 novisque
2048 2563 2341 2619 procurandis,
2364 2570 2440 2605 aut

253 2625 581 2666 accuratioribus
613 2625 845 2680 seligendis⁴
875 2626 1148 2667 versionibus
1179 2632 1374 2667 veterum
1407 2627 1582 2667 Patrum
1621 2640 1671 2668 ac
1703 2627 2093 2681 Philosophorum:
2132 2626 2326 2667 soliditas
2360 2625 2438 2668 de·

254 2700 370 2728 mum
403 2700 451 2727 ac
485 2686 654 2727 solertia
685 2693 846 2741 pateret
879 2687 919 2728 in
954 2687 1266 2742 Scripturarum
1301 2688 1645 2737 Commentariis,
1672 2695 1715 2729 et
1746 2688 2065 2730 accuratissima
2097 2688 2139 2729 in
2170 2688 2327 2743 duplici
2351 2694 2437 2729 tra-

255 2748 394 2789 denda
426 2748 667 2804 Theologia
700 2749 906 2790 Revelata
943 2763 992 2790 ac
1025 2750 1216 2791 Naturali
1251 2750 1481 2791 methodus
1515 2751 1775 2801 observata..
1806 2751 2044 2805 ceterisque
2085 2750 2126 2791 in
2161 2749 2439 2806 Ontologicis

254 2816 295 2851 et
326 2810 635 2864 Philosophicis
669 2811 1041 2865 Disputationibus
1074 2826 1266 2853 acumen.
1308 2812 1421 2853 Hinc
1454 2826 1561 2853 vero
1593 2813 1866 2868 aperiebatur
1887 2812 2218 2867 quodammodo
2244 2825 2434 2867 campuS,

253 2872 295 2912 in
329 2885 415 2926 quo
450 2872 572 2912 latius
606 2873 828 2926 exspatiari
863 2873 1015 2922 liceret,
1046 2880 1135 2915 tum
1170 2888 1265 2915 eam
1287 2874 1537 2916 illustrando
1560 2875 1778 2916 Historiae
1802 2881 1979 2930 partem,
2002 2887 2114 2929 quae
2139 2874 2193 2915 de
2217 2874 2438 2916 veteribus

254 2934 464 2974 nonnullis
498 2947 546 2974 ac
578 2934 677 2974 aevi.
707 2934 834 2975 medii
868 2949 953 2976 non
988 2936 1134 2990 paucis
1168 2936 1459 2991 Scriptoribus
1492 2937 1605 2993 agit:
1641 2943 1731 2978 tum
1766 2950 1861 2978 eam
1896 2937 2141 2992 diligentius
2176 2935 2437 2986 enarrando,

255 3008 363 3048 quae
396 2995 450 3036 ad
484 2996 696 3036 Censuras
730 2997 924 3050 pertinet,
964 2998 1135 3039 Parisiis
1169 3005 1211 3039 et
1243 2999 1403 3040 Oxonii
1437 2999 1492 3040 ab
1528 2999 1756 3054 Episcopis
1793 3013 1843 3040 ac
1876 2999 2108 3040 Facultatis
2141 2998 2438 3054 Theologicae

255 3056 468 3111 Magistris
502 3057 617 3104 latas,
652 3057 902 3099 instauratas
932 3066 1263 3115 revocatasque:
1301 3067 1391 3102 tum
1417 3061 1499 3102 alia
1522 3061 1884 3102 Academicorum
1910 3061 2213 3102 parisiensium
2247 3066 2288 3102 et
2314 3061 2440 3102 Oxo-

257 3117 464 3158 niensium
503 3118 692 3167 dissidia,
726 3120 878 3161 fabulis
915 3122 1086 3169 amotis,
1121 3129 1318 3164 accurato
1359 3136 1558 3164 sermone
1598 3123 1906 3178 percensendo.
1951 3123 2063 3164 Hinc
2098 3123 2224 3164 etiam
2265 3122 2441 3164 occasio

258 3178 436 3219 dabatur
468 3179 638 3220 minime
671 3181 841 3236 longius
875 3183 1077 3235 quaesita,
1113 3191 1364 3239 argumenta
1397 3186 1529 3240 plura,
1556 3198 1668 3240 quae
1701 3185 1756 3226 ad
1779 3185 2133 3241 Chronologiam,
2156 3185 2211 3226 ad
2237 3185 2439 3226 Criticam

258 3245 389 3280 artem
411 3246 452 3280 et
475 3241 814 3295 Diplomaticam,
837 3243 891 3283 ad
912 3244 1224 3300 Philologicum
1249 3247 1414 3288 varium
1440 3247 1662 3303 negotium
1685 3253 1889 3302 spectant,
1925 3247 2195 3303 diligentiore
2220 3260 2321 3288 cura
2340 3260 2439 3302 per-

257 3301 482 3342 tractandi:
523 3309 649 3356 atque
684 3303 855 3344 demum
890 3305 1217 3348 clarissimorum
1252 3309 1496 3358 Editorum,
1532 3309 1605 3364 qui
1639 3316 1713 3350 aut
1745 3309 1891 3350 omnia
1924 3310 2067 3358 simul,
2108 3315 2182 3350 aut
2214 3309 2335 3364 plura
2366 3309 2440 3350 vel-

258 3362 398 3416 aliqua
430 3364 649 3404 seiunctim
690 3366 834 3419 Opera
871 3367 1002 3407 sancti
1036 3368 1232 3410 Thomae
1275 3371 1550 3426 evulgarunt,
1586 3372 1703 3412 bona
1736 3378 1778 3412 et
1811 3372 1976 3427 integra
2018 3371 2127 3413 fides
2159 3371 2215 3412 ad
2254 3383 2437 3412 examen

258 3424 452 3465 vocanda
484 3426 635 3485 suerat,
671 3432 712 3467 et
744 3441 769 3467 a
802 3428 914 3468 notis
947 3428 1138 3483 impactis
1171 3431 1305 3472 falsati
1339 3438 1501 3481 textus,
1537 3439 1579 3475 et
1611 3434 1806 3474 invectae
1845 3434 2131 3489 corruptionis
2163 3446 2242 3488 pro
2277 3432 2438 3474 meritis

259 3484 520 3527 vindicanda.
555 3488 611 3527 Et
642 3487 745 3529 haec
778 3489 935 3530 scilicet
966 3491 1021 3531 ad
1055 3505 1123 3532 me
1158 3492 1331 3546 quidem
1366 3495 1620 3536 attinebant:
1657 3509 1745 3550 quo
1781 3496 1822 3536 in
1857 3509 2034 3537 munere
2058 3494 2336 3550 adimplendo
2366 3494 2438 3550 egi

260 3545 350 3585 sine
383 3546 514 3588 dubio
548 3562 625 3602 pro
660 3549 787 3598 virili;
822 3564 922 3591 num
957 3552 1082 3593 etiarn
1115 3567 1193 3607 pro
1219 3555 1276 3595 rei
1302 3555 1519 3610 dignitate,
1542 3558 1669 3611 aequi
1693 3557 1879 3599 iudicent
1903 3558 2193 3612 benevolique
2217 3557 2438 3598 Lectores.
