2788 4204
53 2417 67 2429 ¹⁶
76 2423 104 2438 o:
117 2416 191 2439 imdta
199 2417 269 2439 deve-

0 2453 6 2473 g
54 2443 104 2465 alet
118 2443 178 2465 haec
190 2444 268 2466 scien-

55 2497 66 2508 ·
74 2486 184 2522 couno:
197 2496 268 2525 quod.

0 2562 3 2564 ⁴
57 2559 262 2608 :aeaeae

1057 305 1168 341 CAP.
1197 304 1380 351 XXXIII,

1410 304 1562 340 LECT.
1593 303 1718 340 XLIV
2405 305 2452 341 32
2463 316 2475 340 ι

342 396 379 432 7.
401 382 550 430 Tertio;
566 382 635 419 ibi:
650 382 787 419 Adhuc
799 386 925 418 autem
941 381 1064 418 nullus
1078 382 1254 430 opinatur
1261 394 1354 431 pro-
1405 386 1493 429 pter
1516 381 1616 430 quid,
1645 381 1831 430 significat
1849 387 1863 401 ⁰
1886 382 2058 420 mdeium
2076 384 2107 420 ²3.
2128 383 2238 420 Unde
2257 391 2360 432 patet
2378 384 2482 434 quod

289 438 381 474 bare
409 444 491 484 etc.,
511 436 648 486 probat
671 435 776 473 idem
793 446 863 484 per
883 434 1197 483 experimentum.
1218 436 1355 472 Nullus

290 490 393 527 enim
422 490 576 539 quando
598 488 776 538 opinatur
794 488 900 537 quod
918 487 1155 536 impossibile
1176 489 1222 525 sit
1250 489 1356 532 aliter

289 556 329 581 se
363 544 522 590 habere,
550 549 697 591 reputat
724 553 764 578 se
799 540 964 589 opinari;
991 541 1058 578 sed
1086 549 1176 578 tunc
1210 549 1357 591 reputat

290 609 330 634 se
359 596 471 634 scire:
493 595 648 645 quando
669 602 797 631 autem
826 593 1003 643 opinatur
1020 595 1127 643 quod
1154 594 1207 631 sic
1233 602 1298 643 est,
1321 602 1358 632 et

290 650 396 700 quod
424 649 517 686 nihil
544 647 747 697 prohibeat
765 652 778 667 ⁰
806 647 911 683 aliter
938 659 978 684 se
1006 647 1159 695 habere,
1181 655 1270 685 tunc
1299 661 1355 685 re-

289 709 397 753 putat
425 715 465 739 se
486 701 652 751 opinari:
674 713 718 738 ac
747 700 777 737 si
806 700 938 749 opinio
963 700 1009 737 sit
1027 701 1122 749 talis,
1147 701 1244 738 idest
1264 714 1357 738 con-

289 755 477 804 tingentis,
507 754 663 792 scientia
690 761 820 791 autern
848 753 1062 791 necessarii.

346 811 381 846 8.
402 809 552 846 Deinde
582 818 671 845 cum
699 807 806 845 dicit:
839 807 1007 850 Qualiter
1034 807 1151 857 igitur
1178 813 1233 844 est
1259 808 1356 844 idem

291 863 443 912 opinari
470 870 551 909 etc.,
582 868 716 899 movet
743 861 1022 898 dubitationem
1051 868 1182 898 contra
1204 862 1223 882 *²
1250 873 1358 910 prae-

291 916 419 953 missa.
450 916 498 952 Et
525 915 673 964 primo,
703 922 837 952 movet
866 913 1141 961 dubitationes;
1171 914 1356 961 secundo,

292 969 421 1016 solvit3
451 969 522 1005 ibi:
551 970 629 1005 Aut
660 969 694 1005 si
711 967 859 1016 quidem
877 968 931 1005 sic
951 974 1019 1004 etc.
1051 967 1161 1004 Circa
1186 967 1358 1016 primurn

291 1030 424 1059 movet
443 1023 539 1059 duas
559 1021 831 1059 dubitationes:
858 1032 1021 1070 quarum
1041 1032 1118 1056 una
1138 1028 1194 1057 est
1213 1020 1260 1058 de
1280 1020 1357 1068 opi-

293 1075 411 1112 nabili
429 1082 466 1112 et
482 1074 611 1112 scibili.
634 1075 674 1111 Si
696 1075 798 1111 enim
827 1073 959 1123 opinio
974 1078 993 1095 π
1013 1079 1068 1109 est
1096 1073 1357 1121 contingentis,

292 1127 448 1165 scientia
467 1140 561 1165 vero
581 1127 802 1174 necessarii3
832 1139 911 1164 non
931 1133 987 1163 est
1014 1133 1141 1162 autem
1169 1126 1274 1163 idem
1294 1138 1359 1162 ne-

293 1180 500 1217 cessarium
534 1188 570 1216 et
604 1179 845 1228 contingens;
880 1191 969 1227 ergo
998 1185 1170 1215 remanet
1197 1178 1359 1215 dubium

292 1233 452 1283 qualiter
477 1234 599 1282 possit
626 1234 746 1270 homo
781 1233 924 1282 aliquid
951 1233 971 1253 *
998 1231 1103 1268 idem
1138 1231 1287 1280 opinari
1325 1239 1360 1267 et

292 1287 400 1324 scire.
416 1308 440 1314 -
458 1287 636 1325 Secunda
664 1286 849 1324 dubitatio
879 1292 935 1322 est
962 1285 1009 1321 de
1039 1284 1194 1321 scientia
1223 1291 1259 1320 et
1277 1284 1359 1333 opi-

291 1340 426 1388 nione,
456 1353 574 1390 quare
608 1340 750 1377 scilicet
784 1338 916 1388 opinio
943 1349 1023 1374 non
1053 1338 1100 1374 sit
1127 1337 1298 1374 scientIa:
1328 1337 1360 1374 si

292 1400 422 1431 tamen
437 1394 573 1443 aliquis
591 1401 711 1442 ponat
724 1393 830 1442 quod
850 1393 898 1429 de
913 1390 1020 1428 omni
1036 1391 1187 1439 cognito
1202 1397 1218 1422 Ρ
1239 1391 1360 1440 possit

293 1459 375 1484 esse
391 1447 535 1496 opinio.
555 1447 616 1483 De
630 1446 801 1495 quolibet
817 1445 919 1482 enim
936 1443 1086 1492 cognito
1100 1452 1225 1494 potest
1239 1445 1359 1482 homo

293 1499 441 1550 opinari
466 1500 572 1550 quod
589 1502 711 1549 possit
739 1499 844 1536 aliter
870 1511 910 1535 se
930 1499 1084 1547 habere,
1105 1498 1176 1535 nisi
1196 1498 1289 1535 forte
1312 1499 1358 1535 de

291 1553 426 1603 primis
453 1553 648 1603 principiis
675 1565 745 1603 per
772 1565 812 1589 se
841 1552 952 1600 notis,
979 1563 1145 1601 quorum
1175 1551 1360 1589 contraria

249 1630 255 1642 ‚
293 1619 372 1644 non
402 1608 542 1644 cadunt
563 1607 600 1644 in
631 1605 908 1643 existimatione
929 1607 966 1642 *ε
989 1606 1036 1642 de
1065 1605 1203 1655 quibus
1232 1612 1361 1643 tamen

293 1673 374 1698 non
403 1668 458 1697 est
491 1660 648 1697 scientia
676 1666 702 1697 ⁶.
734 1661 811 1697 Sed
840 1659 939 1696 circa
976 1659 1108 1696 omnia
1145 1658 1312 1696 mediata
1331 1665 1358 1706 Τ,

293 1726 459 1764 quorum
495 1721 551 1750 est
579 1712 852 1752 demonstratio
882 1720 919 1749 et
946 1712 1112 1760 scientia,
1141 1719 1267 1761 potest
1294 1712 1360 1749 ali-

293 1767 380 1817 quis
400 1766 615 1804 existimare
634 1767 740 1816 quod
757 1765 939 1815 possibile
959 1766 1007 1803 sit
1024 1766 1129 1803 aliter
1147 1779 1187 1802 se
1206 1766 1358 1813 habere,

295 1828 332 1857 et
352 1820 403 1858 ita
420 1828 547 1869 potest
567 1833 612 1857 ea
640 1820 800 1869 opinari.
822 1820 914 1856 Non
944 1820 1046 1856 enim
1067 1820 1197 1868 opinio
1228 1826 1282 1855 est
1301 1831 1362 1856 so-

293 1875 375 1911 lum
404 1875 450 1911 de
478 1874 538 1911 his
557 1886 656 1922 quae
685 1881 772 1910 sunt
800 1872 1055 1920 contingentia
1074 1873 1113 1909 in
1133 1873 1190 1910 sui
1210 1880 1360 1919 natura3

294 1927 385 1977 quia
413 1927 625 1965 secundum
654 1928 740 1974 hoc,
762 1939 842 1964 non
865 1939 981 1963 omne
1010 1927 1115 1976 quod
1135 1927 1220 1975 quis
1239 1925 1358 1974 novit,

295 1980 529 2029 contingeret
543 1981 704 2030 opinari.
722 1980 799 2017 Sed
814 1980 945 2029 opinio
962 1987 1017 2017 est
1038 1980 1084 2016 de
1104 1980 1163 2016 his
1187 1992 1285 2029 quae
1301 1991 1361 2016 ac-

296 2034 485 2084 cipiuntur
503 2041 545 2071 ut
560 2034 816 2082 contingentia
836 2035 943 2071 aliter
956 2046 996 2070 se
1015 2033 1168 2081 habere,
1185 2034 1266 2071 sive
1288 2033 1363 2069 sint

294 2088 383 2125 talia
410 2088 491 2126 sive
520 2100 611 2126 non.
641 2089 728 2125 Hoc
749 2100 837 2135 ergo
857 2086 1068 2136 supposito,
1088 2086 1240 2124 videtur
1257 2086 1363 2137 quod

295 2141 343 2179 sit
361 2142 465 2179 idem
489 2141 647 2179 scientia
666 2149 702 2178 et
725 2141 874 2190 opinio;
895 2140 984 2190 quia
1003 2147 1082 2176 tam
1102 2141 1224 2177 sciens
1244 2152 1362 2189 quam

296 2194 458 2244 opinans
479 2201 765 2244 consequuntur
782 2194 980 2231 scientiam
1001 2200 1037 2229 et
1051 2194 1276 2242 opinionem
1295 2205 1364 2242 per

262 2264 268 2296 ξ
296 2249 423 2298 aiiqua
451 2248 595 2296 media,
625 2258 826 2298 quousque
853 2247 1080 2297 perveniant
1105 2248 1126 2269 *⁸
1159 2247 1206 2284 ad
1239 2247 1364 2295 aliqua

194 2301 213 2334 ·'
262 2300 267 2305 ”
297 2302 531 2349 immediata,
551 2301 648 2339 sicut
666 2314 712 2338 ex
741 2301 847 2339 dictis
861 2308 964 2350 patet
984 2301 1015 2338 ⁹⁵.
1042 2301 1152 2338 Unde
1173 2301 1203 2337 si
1227 2300 1363 2349 aliquis

296 2356 343 2393 sit
355 2355 570 2405 procedens
583 2367 654 2404 per
667 2354 795 2392 media
810 2355 859 2392 ad
873 2354 1106 2402 immediata,
1116 2354 1230 2391 habet
1245 2355 1363 2390 scien-

297 2409 389 2446 tiam
406 2409 438 2446 *ἰ
465 2409 582 2456 Quod
611 2416 739 2446 autem
768 2408 899 2458 opinio
927 2420 995 2457 per
1022 2407 1151 2445 media
1169 2407 1298 2444 veniat
1317 2407 1366 2443 ad

296 2462 530 2510 immediata,
552 2462 768 2499 manifestat
785 2474 854 2511 per
867 2462 952 2509 hoc,
969 2461 1059 2510 quia
1075 2462 1094 2483 ²²²
1110 2461 1205 2498 sicut
1220 2460 1366 2498 contin-

297 2516 349 2564 git
367 2515 515 2565 opinari
535 2515 626 2565 quia
643 2515 695 2552 ita
716 2523 791 2562 est,
820 2515 871 2552 ita
895 2515 1076 2563 contingit
1103 2513 1251 2563 opinari
1279 2526 1366 2563 pro-

296 2577 381 2618 pter
399 2569 492 2619 quid
511 2569 558 2606 sit
577 2570 598 2591 ²¹³
617 2569 668 2606 ita
688 2570 742 2606 **.
764 2570 851 2606 Hoc
879 2575 1007 2605 autem
1035 2569 1141 2617 quod
1169 2568 1254 2605 dico
1276 2579 1367 2616 pro-

353 2731 379 2764 ο)
399 2732 436 2756 Et
454 2730 526 2764 quod
544 2730 610 2756 nihil
623 2730 767 2762 prohibeat
785 2734 862 2755 etc.-
877 2730 963 2755 Verba
980 2731 1088 2764 quando
1106 2733 1210 2760 autem,
1229 2737 1315 2763 usque
1334 2730 1366 2755 ad

299 2770 408 2799 reputat
425 2774 453 2792 se
471 2766 602 2797 inclusive,
621 2766 760 2791 oscitanter
778 2773 832 2790 om.
848 2766 879 2791 E.
897 2767 935 2792 A:
954 2766 993 2791 sic
1009 2769 1050 2792 est
1069 2766 1132 2798 quia
1150 2766 1228 2796 nihil,
1248 2766 1295 2790 sed
1313 2773 1366 2790 non

299 2802 381 2832 bene;
395 2802 445 2832 BQ
461 2810 514 2826 orn.
528 2805 568 2831 εί,-
586 2802 610 2826 G
629 2809 682 2826 om.
695 2801 768 2834 quod
772 2809 781 2830 ‚·
795 2801 869 2826 codd.
884 2801 948 2834 (exc.
963 2802 993 2832 E,
1011 2806 1040 2826 ut
1054 2802 1150 2826 dictum
1168 2802 1234 2834 est):
1249 2804 1312 2826 tunc
1326 2809 1367 2826 re-

295 2840 378 2870 putat
383 2845 393 2867 ;
405 2837 425 2862 P
443 2845 498 2862 om.
512 2838 659 2862 tuna—A:
678 2837 747 2862 sicut
765 2837 789 2862 si
807 2837 936 2868 opinio...
951 2837 1019 2862 idest
1036 2837 1207 2870 contingens,-
1225 2842 1251 2861 et
1264 2837 1368 2862 contin—

298 2879 364 2906 gens
382 2872 479 2898 habent
497 2874 574 2898 etiam
592 2873 646 2898 DE.
665 2872 784 2905 Denique
803 2873 860 2897 loco
879 2874 927 2897 τοῦ
946 2873 1101 2902 necessarii,
1125 2873 1210 2904 codd„
1231 2880 1284 2897 exc.
1303 2872 1367 2902 ΗΟ,

300 2909 389 2941 legunt
407 2908 568 2938 necessaria,
589 2908 635 2932 sed
654 2916 707 2932 non
725 2913 794 2932 recte
813 2907 863 2941 (Cf.
878 2916 957 2933 num.v
970 2908 1047 2941 seq.).

353 2943 383 2976 π)
404 2943 436 2968 Si
453 2943 522 2968 enim
541 2943 632 2975 opinio
651 2948 698 2968 etc.
710 2943 865 2968 —Addimus
884 2944 954 2968 enim
971 2951 1001 2968 ex
1014 2943 1088 2968 codd.
1098 2943 1211 2973 -ADQz
1226 2943 1316 2975 opinio
1328 2946 1369 2968 est

300 2979 473 3012 contingens,·
486 2979 548 3009 AQ:
562 2979 673 3004 scientia
685 2981 783 3005 autem.
794 2992 813 2996 -
822 2979 905 3004 Codd.
920 2978 985 3011 (exc.
998 2978 1046 3010 C):
1061 2986 1112 3004 non
1127 2982 1167 3004 est
1180 2981 1268 3003 autem
1284 2979 1353 3003 idem
1358 2986 1368 3008 ‚-

300 3014 320 3038 P
334 3021 388 3038 om.
402 3016 490 3038 autem
497 3014 542 3044 ‚·‘E
556 3021 610 3038 om.
623 3014 702 3039 idem.
711 3027 730 3033 -
740 3013 831 3044 GMQ:
845 3021 910 3046 ergo
934 3014 979 3047 (M,
994 3014 1064 3047 ideo)
1079 3018 1196 3039 removet
1212 3014 1257 3047 (Q,
1271 3012 1366 3048 movet)

302 3049 419 3074 dubium.
438 3049 527 3074 Lectio
546 3056 662 3074 erronea.

354 3084 379 3118 ρ)
401 3084 480 3114 Quod
499 3084 531 3109 de
549 3084 623 3109 omni
639 3084 747 3117 cognito
767 3084 887 3108 etc.—lta
905 3084 925 3108 P
938 3088 964 3108 et
977 3084 1060 3114 codd„
1073 3092 1127 3109 exc.
1142 3084 1224 3114 EOQ.
1234 3099 1253 3103 -
1265 3084 1367 3108 Etenim

302 3119 341 3145 O:
357 3122 444 3152 ponat
462 3119 496 3144 de
513 3126 594 3144 causa
612 3120 729 3153 cognita,
744 3126 812 3151 quae
825 3119 913 3151 possit
930 3126 986 3144 esse
997 3120 1095 3151 opinio.
1115 3120 1158 3145 De
1171 3120 1286 3152 qualibet
1298 3119 1367 3144 enim

300 3162 382 3180 causa
400 3155 524 3188 cognita‚·
542 3155 576 3181 E:
597 3155 668 3187 quod
687 3155 719 3180 de
737 3154 811 3179 omni
823 3154 911 3186 possit
925 3159 981 3186 etc.;
997 3155 1035 3186 Q:
1054 3155 1126 3188 quod
1144 3155 1176 3180 de
1190 3155 1262 3180 omni
1275 3154 1368 3187 cogni-

302 3191 372 3216 tione
387 3190 474 3222 possit
492 3195 548 3221 etc.,
568 3195 594 3215 et
612 3198 665 3215 om.
681 3197 737 3223 seq.
751 3190 868 3223 cognito.

355 3225 382 3258 σ)
402 3225 444 3250 De
462 3225 555 3258 quibus
568 3229 656 3250 tamen
671 3233 723 3250 non
737 3228 777 3250 est
790 3225 1003 3250 scientim-Non
1016 3230 1057 3250 est
1069 3225 1166 3250 scilicet
1178 3224 1288 3250 scientia
1306 3232 1366 3256 pro-

301 3261 356 3294 prie
370 3261 443 3291 dicta,
454 3269 521 3293 quae
536 3266 576 3286 est
589 3260 715 3286 certitudo
729 3260 941 3286 conclusionum.-
952 3261 1057 3294 proprie
1070 3261 1139 3285 enim
1153 3260 1292 3292 loquendo,
1303 3260 1368 3284 circa

301 3297 425 3330 principia
443 3297 526 3329 prima
545 3304 592 3329 per
616 3304 645 3321 se
664 3301 724 3320 nota
747 3304 800 3321 non
824 3296 931 3321 scientia
951 3301 1082 3326 versatur,
1102 3296 1148 3320 sed
1171 3295 1324 3323 intellectus,
1339 3299 1369 3318 ut

302 3332 343 3357 hic
357 3339 436 3364 supra
451 3341 476 3357 n.
488 3331 502 3356 3
517 3332 614 3356 dictum
627 3336 675 3356 est.
690 3331 756 3356 Hinc
771 3331 954 3356 confirmantur
968 3339 1035 3364 quae
1049 3339 1128 3364 supra
1142 3330 1261 3360 diximus,
1274 3337 1368 3361 nempe

302 3368 373 3400 quod
392 3368 458 3393 sicut
482 3368 586 3392 scientia
605 3367 691 3392 stricte
709 3371 813 3399 accepta
831 3372 871 3391 est
888 3370 964 3392 actus
985 3367 1027 3391 vel
1046 3367 1150 3391 habitus
1173 3365 1385 3390 conclusionum*

302 3404 545 3433 demonstratarum,
564 3403 599 3427 ita
618 3403 771 3432 intellectus,
790 3407 869 3435 prout
887 3410 902 3427 a
920 3402 1024 3427 scientia
1043 3401 1216 3434 distinguitur,
1236 3405 1276 3425 est
1292 3403 1369 3425 actus

302 3439 343 3464 vel
354 3439 458 3464 habitus
469 3439 610 3471 primorum
622 3437 804 3471 principiorum
813 3437 863 3470 (Cf.
874 3438 930 3462 lect.
941 3445 1021 3467 xxxvi,
1034 3442 1087 3461 not.
1095 3445 1118 3467 ο,
1129 3441 1154 3461 et
1164 3436 1242 3466 1ib.11,
1253 3434 1367 3468 lect.xx).

301 3475 469 3499 -Caeterum
488 3474 509 3498 si
528 3473 638 3499 scientia
657 3481 709 3498 non
728 3473 826 3503 stricte,
841 3477 869 3496 ut
887 3472 936 3497 hoc
955 3473 1020 3503 loco,
1041 3473 1086 3496 sed
1106 3471 1187 3496 latiori
1205 3479 1285 3496 sensu
1304 3470 1369 3495 acci-

302 3510 398 3543 piatur,
417 3514 458 3534 est
476 3509 552 3534 etiam
572 3509 604 3533 de
622 3508 761 3542 principiis,
781 3513 810 3533 ut
827 3516 907 3541 supra
925 3508 982 3532 lect.
996 3515 1044 3538 vn,
1062 3515 1088 3532 n.
1103 3506 1127 3538 6,
1142 3506 1239 3531 notavit
1257 3506 1369 3539 ipsemet

303 3553 325 3570 s.
338 3545 464 3570 Thomas.
477 3559 496 3564 —
509 3544 625 3569 Praefata
643 3544 722 3568 verba
741 3543 919 3568 desiderantur
937 3543 963 3567 in
981 3543 1038 3567 cod.
1053 3542 1091 3573 Q;
1111 3542 1135 3567 O
1154 3550 1208 3567 om.
1223 3542 1265 3567 de.

357 3579 382 3615 τ)
406 3581 483 3606 Circa
501 3580 591 3605 omnia
610 3579 728 3604 mediata
747 3584 794 3604 etc.
809 3592 828 3599 —
842 3579 866 3604 0
886 3579 1011 3603 absurde:
1031 3578 1103 3603 circa
1116 3577 1278 3610 praedicata
1296 3584 1368 3602 com-

304 3616 403 3645 munia,
423 3624 535 3649 quorum
555 3620 617 3646 etc.;
637 3615 659 3640 D
679 3623 732 3639 non
751 3619 832 3640 recte:
851 3614 924 3641 circa
942 3614 1031 3638 omnia
1050 3613 1145 3643 media,
1161 3620 1273 3645 quorum
1293 3617 1369 3637 etc.-

304 3651 372 3677 Infra
390 3651 470 3684 (quae
487 3653 550 3676 sunt
569 3650 752 3684 contingentia
771 3650 830 3682 etc.)
845 3650 883 3676 O:
897 3649 1080 3683 contingentia
1097 3648 1241 3674 secundum
1259 3647 1302 3672 sui
1319 3654 1367 3671 na-

446 3705 515 3737 Opp.
535 3705 565 3729 D.
580 3704 694 3728 Tuomst.
708 3703 740 3728 Τ.
759 3703 777 3728 I.

1412 434 1544 482 opinio
1578 442 1706 482 potest
1732 435 1940 484 procedere
1968 449 2038 485 per
2063 436 2191 473 media
2221 437 2240 457 '⁵
2269 437 2318 473 ad
2346 437 2481 474 imme-

1413 488 1525 535 diata,
1547 487 1628 524 sive
1649 488 1782 537 opinio
1802 489 1849 525 sit
1874 501 2007 526 eorum
2036 501 2134 539 quae
2164 489 2202 526 in
2226 497 2359 526 natura
2378 503 2446 527 sua
2461 491 2481 511 ’ἃ

1413 547 1500 577 sunt
1530 540 1797 589 contingentia,
1819 541 1899 578 sive
1922 542 1973 579 'sit
2001 555 2135 579 eorum
2165 554 2263 591 quae
2292 543 2482 592 accipiun-

1412 601 1472 630 tur
1499 600 1540 630 ut
1570 594 1836 642 contingentia.

1467 659 1502 694 9.
1530 646 1679 684 Deinde
1710 660 1798 684 cum
1829 647 1934 685 dicit:
1963 649 2043 685 Aut
2067 649 2101 685 si
2126 648 2274 697 quidem
2301 649 2355 685 sic
2381 650 2481 686 arbi-

1411 705 1533 736 tratur
1548 707 1629 747 etc.,
1643 700 1783 737 solvit*
1792 701 2001 749 praedictas
2022 701 2288 738 dubitationes.
2297 702 2346 738 Et
2354 703 2479 751 primo
2508 709 2519 720 “

1413 754 1633 800 secundam,
1655 766 1753 802 quae
1774 761 1828 790 est
1857 755 1902 791 de
1922 754 2113 792 identitate
2134 754 2311 792 scientiae
2340 763 2376 792 et
2399 755 2480 804 opi-

1413 805 1556 852 nionis;
1578 807 1758 854 secundo,
1784 807 1967 855 primam,
1997 820 2094 857 quae
2125 815 2180 844 est
2213 808 2260 845 de
2289 808 2480 845 identitate

1413 858 1493 895 sciti
1510 866 1546 895 et
1560 859 1719 908 opinati3
1735 860 1806 896 ibi:
1825 860 2003 897 Eiusdem
2018 866 2142 897 autem
2156 861 2175 882 ’¹‘
2190 868 2258 898 etc.
2275 861 2377 898 Dicit
2391 871 2480 910 ergo

1413 911 1538 961 primo
1567 913 1672 961 quod
1698 912 1728 949 si
1748 913 1884 962 aliquis
1902 922 1971 961 per
1990 914 2117 950 media
2139 914 2320 963 procedat
2343 915 2391 952 ad
2410 915 2480 952 im-

1414 965 1591 1013 mediata,
1611 965 1663 1001 ita
1700 966 1808 1014 quod·
1834 965 1896 1002 illa
1923 967 2050 1002 media
2078 979 2156 1003 non
2184 968 2379 1005 arbitretur
2396 974 2411 998 5’
2439 976 2481 1005 ut

1415 1018 1670 1066 contingentia
1707 1018 1813 1054 aliter
1849 1030 1889 1054 se
1918 1019 2076 1066 habere,
2108 1020 2175 1056 sed
2212 1021 2408 1058 arbitretur
2436 1034 2481 1058 ea

1415 1070 1468 1107 sic
1488 1084 1528 1108 se
1549 1071 1689 1107 habere
1718 1071 1814 1108 sicut
1835 1071 2085 1119 definitiones,
2102 1085 2199 1122 quae
2219 1082 2305 1111 sunt
2322 1074 2480 1112 mediat

1414 1136 1483 1172 per
1510 1136 1608 1172 quae
1639 1124 1980 1161 demonstrationes
2007 1127 2229 1174 procedunt,
2260 1140 2338 1164 non
2365 1128 2385 1148 '¹‘
2413 1127 2482 1164 erit

1415 1176 1568 1224 opinio,
1599 1178 1667 1214 sed
1704 1177 1870 1214 scientia.
1903 1177 1942 1213 Si
1973 1186 2099 1215 autem
2132 1179 2266 1228 aliquis
2302 1182 2482 1229 procedat

1414 1241 1536 1278 usque
1556 1229 1605 1266 ad
1620 1229 1840 1267 immediata
1858 1243 1927 1279 per
1945 1231 2070 1279 aliqua
2088 1233 2216 1269 media
2231 1236 2249 1252 “··
2264 1246 2366 1280 vera,
2383 1246 2480 1282 quae
2510 1240 2518 1248 '

1414 1290 1544 1319 tamen
1562 1284 1624 1319 vel
1643 1295 1721 1320 non
1736 1284 1755 1304 '¹‘
1770 1283 1883 1320 insint
1899 1283 1979 1331 illis,
2001 1285 2047 1321 de
2063 1285 2200 1333 quibus
2215 1287 2399 1333 dicuntur,
2415 1299 2483 1336 per

1416 1348 1468 1383 se,
1490 1335 1585 1372 sicut
1614 1335 1854 1373 definitiones
1888 1349 1986 1386 quae
2013 1338 2278 1386 praedicantur
2312 1340 2482 1377 substan-

1415 1389 1550 1426 tialiter
1575 1397 1611 1426 et
1639 1389 1851 1438 significant
1870 1390 2038 1439 speciem
2059 1391 2124 1439 rei,
2143 1393 2206 1429 vel
2226 1405 2304 1430 non
2324 1393 2484 1442 accipiat

1417 1455 1462 1479 ea
1480 1451 1522 1480 ut
1540 1455 1638 1492 quae
1659 1445 1712 1480 sic
1727 1443 1855 1481 insunt
1873 1442 1905 1490 ψ;
1923 1451 2012 1481 tunc
2026 1445 2046 1466 '¹‘
2065 1445 2219 1482 habebit
2242 1446 2480 1495 opinionem,

1416 1504 1453 1533 et
1479 1508 1558 1533 non
1586 1496 1678 1534 sciet
1704 1510 1795 1534 vere
1824 1498 1912 1546 quia
1942 1505 1978 1534 et
1999 1505 2157 1547 propter
2184 1500 2274 1548 quid
2300 1499 2422 1547 simul,
2453 1501 2483 1537 si

1415 1557 1544 1587 tamen
1571 1550 1753 1599 procedat
1779 1563 1901 1600 usque
1930 1552 1978 1588 ad
2002 1552 2242 1599 immediata;
2262 1561 2351 1590 tunc
2379 1554 2482 1591 enim

1414 1616 1483 1652 per
1510 1603 1731 1641 immediata
1759 1604 1991 1653 opinabitur,
2023 1613 2059 1642 et
2085 1619 2164 1643 non
2193 1606 2294 1644 sciet.
2321 1606 2360 1643 Si
2387 1617 2481 1644 vero

1415 1669 1495 1694 non
1521 1658 1703 1706 procedat
1736 1670 1805 1706 per
1842 1658 2082 1705 immediata,
2112 1660 2180 1697 sed
2206 1672 2276 1708 per
2302 1660 2480 1708 mediata,

1415 1718 1505 1748 tunc
1523 1723 1603 1747 non
1623 1707 1841 1760 opinabitur
1853 1717 2010 1759 propter
2037 1713 2145 1760 quid,
2176 1714 2242 1750 sed
2267 1714 2483 1762 opinabitur

1416 1765 1542 1802 solum
1570 1765 1658 1813 quia
1690 1770 1719 1801 ω.
1741 1765 1844 1801 Nam
1865 1765 1979 1802 etiam
2008 1766 2173 1813 scientia,
2194 1779 2292 1815 quae
2321 1779 2399 1804 non
2428 1774 2483 1804 est

1415 1824 1568 1867 propter
1586 1818 1677 1866 quid
1694 1818 1713 1838 '¹‘
1734 1825 1770 1854 et
1788 1818 2021 1865 immediata,
2042 1831 2120 1856 non
2149 1827 2204 1856 est
2222 1820 2377 1857 scientia
2389 1833 2480 1869 pro-

1413 1878 1497 1920 pter
1524 1871 1624 1920 quid,
1646 1871 1713 1908 sed
1742 1872 1830 1920 quia
1861 1872 1891 1907 ²⁸.

1477 1937 1534 1961 10.
1555 1925 1704 1962 Deinde
1726 1937 1814 1961 cum
1835 1924 1941 1961 dicit:
1961 1925 2140 1962 Eiusdem
2159 1931 2284 1962 autem
2304 1926 2428 1974 opinio
2448 1933 2484 1963 et

1415 1979 1568 2015 scientia
1585 1986 1668 2025 etc.,
1685 1978 1798 2015 solvit
1816 1977 1980 2027 primam
2002 1978 2288 2026 dubitationem,
2309 1992 2406 2028 quae
2428 1988 2483 2017 est

1418 2032 1464 2068 de
1486 2031 1678 2069 identitate
1699 2031 1779 2068 sciti
1803 2038 1846 2068 *et
1864 2031 2020 2080 opinati.
2042 2032 2116 2069 Ubi
2134 2032 2260 2080 primo
2276 2033 2296 2053 '¹‘
2312 2033 2482 2070 conside-

1417 2085 1579 2122 randum
1595 2092 1651 2122 est
1669 2085 1774 2133 quod
1788 2097 1867 2122 non
1882 2093 1938 2122 est
1956 2085 2230 2122 inconveniens
2254 2086 2294 2123 id
2308 2087 2413 2135 quod
2428 2095 2483 2123 est

1418 2139 1553 2176 scitum
1574 2139 1621 2175 ab
1641 2151 1731 2186 uno,
1745 2150 1826 2175 esse
1843 2138 2039 2187 opinatum
2056 2139 2103 2175 ab
2123 2139 2196 2176 alio
2217 2141 2252 2185 ³³3
2269 2140 2358 2188 quia
2377 2141 2481 2189 quod

1418 2246 1566 2293 scitum,
1589 2247 1680 2282 alter
1700 2246 1719 2267 ’¹‘
1740 2245 1876 2294 accipit
1902 2253 1944 2282 ut
1972 2245 2192 2293 contingens
2217 2245 2322 2282 aliter
2349 2259 2389 2282 se
2417 2247 2482 2283 ha-

1418 2300 1506 2336 bere
1536 2299 1643 2348 quasi
1663 2300 1682 2320 *
1701 2299 1911 2348 opinatum.
1934 2299 2010 2335 Sed
2037 2299 2141 2347 quod
2164 2299 2267 2336 idem
2295 2299 2414 2336 homo
2435 2300 2481 2336 de
2509 2319 2516 2326 ·

1419 2353 1557 2390 eodem
1576 2352 1688 2390 simul
1708 2353 1846 2390 habeat
1869 2351 2091 2400 opinionem
2112 2359 2148 2388 et
2173 2352 2382 2399 scientiam,
2398 2365 2482 2390 -non

1420 2406 1578 2443 omnino
1595 2413 1654 2453 est
1680 2418 1828 2453 verum,
1850 2406 1916 2442 sed
1945 2405 2071 2454 atiquo
2096 2406 2226 2442 modo.
2249 2405 2353 2442 Sicut
2381 2406 2483 2442 enim

1421 2461 1513 2497 falsa
1532 2459 1664 2508 opinio
1685 2466 1721 2496 et
1738 2471 1831 2496 vera
1850 2458 1980 2508 opinio
2009 2466 2169 2508 possunt
2197 2471 2278 2495 esse
2297 2459 2483 2507 quodam-

1422 2513 1541 2550 modo
1562 2513 1608 2550 de
1629 2513 1779 2560 eodem,
1796 2513 1862 2549 sed
1881 2525 1959 2549 non
1979 2511 2196 2561 simpliciter
2213 2517 2266 2558 αα,
2287 2512 2341 2548 sic
2369 2512 2483 2549 etiam

1423 2574 1479 2604 est
1506 2567 1553 2604 de
1582 2566 1764 2615 opinione
1793 2573 1830 2603 et
1857 2565 2024 2603 scientia.
2046 2565 2086 2603 Si
2111 2565 2194 2614 quis
2224 2564 2326 2602 enim
2346 2565 2485 2602 diceret

1420 2732 1518 2759 turam,
1537 2729 1609 2761 quod
1626 2728 1733 2753 secund.
1739 2735 1748 2756 ,·
1767 2727 1804 2758 Q:
1825 2727 1851 2752 in
1870 2734 1920 2752 sua
1940 2727 2087 2752 necessaria
2107 2726 2236 2759 (corrupte
2254 2734 2302 2759 pro
2321 2727 2443 2761 natura„
2463 2727 2484 2752 C

1421 2772 1543 2790 erronee:
1562 2764 1609 2789 sed
1626 2764 1703 2796 quia;
1721 2763 1745 2788 T
1764 2763 1840 2788 etiam
1860 2770 1980 2788 erronee:
2001 2765 2027 2787 et
2045 2763 2102 2787 loco
2121 2762 2191 2794 quia.

1474 2800 1499 2832 υ)
1519 2799 1661 2833 Significat
1681 2799 1796 2823 medium
1815 2798 1947 2823 etc.—Est
1966 2798 2040 2822 lectio
2060 2798 2079 2822 P
2099 2802 2125 2822 et
2142 2797 2226 2826 codd„
2245 2805 2298 2821 uno
2316 2805 2370 2822 exc.
2384 2798 2420 2828 A,
2439 2798 2484 2830 qui

1421 2835 1514 2861 habet:
1538 2835 1674 2868 significat
1698 2834 1812 2859 medium
1843 2832 1941 2866 (marg.
1961 2834 2019 2858 add.
2042 2833 2080 2858 sic
2103 2833 2183 2857 etiam
2203 2835 2281 2863 patet
2304 2833 2374 2864 quod
2394 2833 2483 2864 opinio

1416 2874 1506 2903 potest
1520 2870 1667 2902 procedere
1681 2877 1733 2902 per
1752 2870 1868 2894 mediata
1886 2869 1923 2893 ad
1942 2868 2107 2897 immediata,
2127 2868 2182 2893 sive
2200 2866 2308 2901 opinio).
2327 2868 2401 2893 Unde
2416 2875 2484 2900 quae

1422 2907 1448 2931 in
1468 2913 1518 2931 sua
1537 2909 1636 2930 natura
1654 2908 1716 2930 sunt
1734 2905 1916 2937 contingentia
1934 2909 1982 2928 etc.
2001 2905 2105 2928 Lacuna
2123 2903 2190 2927 male
2209 2903 2335 2935 suppleta.

1476 2942 1503 2975 φ)
1523 2942 1583 2966 Non
1603 2941 1751 2966 arbitretur
1770 2940 1891 2965 etc.-O:
1911 2939 1982 2971 quod
2001 2939 2055 2963 iIIa‘
2066 2938 2184 2963 mediata
2202 2945 2254 2962 non
2274 2938 2439 2962 arbitrentur
2440 2955 2483 2963 .....

1421 2977 1469 3002 sed
1486 2977 1654 3002 arbitrentur
1672 2983 1704 3001 ea
1721 2974 1760 3001 sic
1778 2983 1806 3000 se
1823 2975 1927 3003 habere,
1942 2975 2010 2999 sicut
2028 2974 2193 3007 definitiones
2210 2976 2274 2997 sunt
2292 2974 2419 3002 mediata,
2431 2981 2483 3005 per

1422 3020 1489 3045 quae
1508 3017 1556 3037 etc.
1572 3011 1660 3036 Lectio
1674 3012 1823 3041 mendosa.;
1838 3011 1860 3034 D
1873 3010 1968 3035 omittit
1981 3010 2125 3039 oscitanter,
2139 3009 2188 3034 sed
2200 3009 2348 3033 arbitretur
2359 3016 2391 3033 ea
2404 3009 2443 3034 sic
2455 3015 2484 3033 se

1422 3048 1526 3073 habere.
1539 3062 1558 3066 -
1572 3047 1590 3071 P
1610 3055 1663 3071 om.
1679 3054 1713 3076 se,
1729 3047 1800 3079 quod
1819 3054 1850 3070 ex
1868 3046 1942 3070 codd.
1956 3045 2083 3069 addimus.

1474 3083 1503 3117 χ)
1525 3083 1600 3112 Quae
1611 3085 1674 3107 sunt
1692 3082 1894 3106 media.-·Haec
1908 3088 1969 3105 vera
1987 3080 2077 3113 procul
2092 3080 2170 3104 dubio
2189 3084 2228 3104 est
2241 3079 2329 3103 lectio:
2352 3079 2483 3111 definitio-

1422 3125 1468 3143 nes
1486 3118 1555 3142 enim
1574 3122 1635 3142 sunt
1659 3124 1748 3141 revera
1766 3116 1862 3147 media,
1886 3124 1933 3140 seu
1956 3115 2078 3148 principia
2097 3123 2143 3147 per
2165 3122 2232 3147 quae
2250 3114 2483 3139 demonstrationes

1422 3154 1572 3185 procedunt,
1587 3157 1616 3176 ut
1635 3160 1714 3185 supra
1733 3153 1791 3176 lect.
1804 3159 1862 3181 1111,
1876 3160 1902 3176 n.
1915 3151 1938 3182 3,
1952 3157 1977 3175 et
1990 3151 2047 3175 lect.
2056 3158 2107 3181 XVI,
2122 3159 2147 3175 n.
2157 3158 2174 3182 4
2189 3158 2211 3175 s.
2221 3149 2336 3174 Thomas
2351 3150 2444 3182 posuit,
2458 3155 2484 3174 et

1421 3190 1448 3212 in
1466 3188 1580 3213 secundo
1593 3188 1658 3212 libro
1677 3188 1778 3219 plenius
1797 3187 1912 3211 traditur.
1924 3186 2008 3210 Editio
2023 3186 2100 3210 Piana
2115 3193 2222 3210 erronee
2235 3185 2326 3209 habet:
2339 3192 2407 3217 quae
2419 3188 2483 3210 sunt

1416 3231 1469 3255 per
1487 3223 1589 3252 media,
1609 3230 1688 3255 quam
1708 3229 1842 3246 erroneam
1862 3221 1997 3246 lectionem
2017 3221 2112 3245 habent
2130 3221 2206 3245 etiam
2225 3221 2340 3250 codices,
2355 3228 2408 3245 exc.
2424 3220 2481 3245 OT.

1421 3260 1542 3283 Attamen
1556 3257 1713 3290 praepositio
1727 3264 1779 3288 per
1797 3257 1822 3281 in
1842 3257 1899 3281 cod.
1915 3257 1935 3281 C
1955 3257 2121 3289 expungitur:
2141 3261 2166 3280 et
2184 3260 2261 3280 recte.

1475 3292 1503 3326 ψ)
1527 3293 1562 3317 Ut
1579 3299 1646 3325 quae
1669 3293 1708 3317 sic
1732 3292 1905 3317 insane—O:
1926 3295 1953 3316 et
1976 3297 2096 3324 corrupte
2118 3299 2165 3323 pro
2190 3295 2228 3316 ut.
2252 3291 2379 3315 Addimus
2405 3294 2435 3315 ut
2453 3298 2484 3316 ex

1422 3329 1505 3360 codd.‚
1520 3336 1573 3353 exc.
1588 3327 1759 3358 Q.·-Etenim
1777 3335 1799 3352 s.
1814 3326 1930 3351 Thomas
1948 3326 1989 3351 hic
2007 3328 2122 3359 loquitur
2139 3334 2198 3351 cum
2217 3326 2355 3350 Aristotele
2373 3334 2483 3351 consen-

1421 3370 1496 3389 tanee
1515 3364 1546 3388 ad
1565 3371 1596 3388 ea
1615 3370 1682 3395 quae
1701 3370 1779 3394 supra
1797 3360 1884 3395 (num.
1901 3361 1931 3395 5)
1952 3363 2017 3386 dicta
2035 3367 2103 3392 sunt,
2118 3367 2144 3386 et
2162 3369 2229 3394 quae
2248 3362 2272 3385 in
2291 3366 2351 3385 nota
2365 3370 2373 3384 ι
2387 3361 2482 3386 ibidem

1422 3399 1617 3424 declaravimus.
1637 3399 1658 3422 B
1676 3405 1730 3422 om.
1748 3405 1780 3422 ea
1799 3402 1857 3421 ante
1873 3400 1909 3421 ut.
1922 3410 1941 3416 -·
1954 3397 2104 3421 Immediate
2122 3397 2186 3421 infra
2205 3397 2261 3421 cod.
2281 3397 2305 3421 O
2325 3396 2438 3422 intricate
2457 3401 2483 3422 et

1422 3442 1530 3459 erronee
1549 3434 1622 3465 legit:
1642 3436 1668 3458 et
1685 3433 1749 3458 sciet
1767 3439 1858 3457 verum
1877 3432 1940 3464 quia
1958 3435 1985 3457 et
1999 3439 2050 3464 per
2067 3432 2139 3464 quod
2156 3432 2248 3461 simul,
2268 3432 2291 3457 si
2309 3435 2406 3456 tamen.

1475 3469 1507 3501 ω)
1528 3469 1582 3494 Sed
1600 3468 1752 3500 opinabitur
1770 3469 1854 3492 solum
1873 3467 2057 3500 quia.-GI-1M
2072 3473 2097 3492 et
2115 3475 2139 3499 p.
2159 3475 2195 3492 m.
2208 3467 2230 3491 A
2249 3475 2302 3492 om.
2316 3467 2484 3498 opinabitur,-

1422 3505 1449 3535 Q
1465 3513 1517 3529 non
1535 3509 1619 3529 recte:
1642 3503 1689 3528 sed
1712 3503 1864 3535 opinabitur
1886 3502 1966 3527 etiam
1989 3503 2074 3527 solum
2098 3503 2160 3535 quia
2183 3507 2209 3527 et
2230 3510 2284 3528 om.
2307 3502 2377 3527 Nam
2401 3502 2482 3527 etiam

1421 3540 1546 3570 scientia‚·
1570 3539 1594 3564 O
1617 3547 1671 3564 om.
1694 3540 1788 3564 solum.
1803 3551 1823 3558 ·-
1837 3538 1928 3563 Etiam
1946 3538 2058 3563 scientia
2077 3538 2187 3571 legimus
2212 3545 2271 3563 curn
2296 3538 2380 3568 codd.;
2403 3538 2438 3562 P:
2457 3540 2484 3562 et

1420 3575 1539 3603 scientia.

1476 3609 1521 3644 αα)
1538 3610 1593 3635 Sed
1611 3617 1663 3635 non
1683 3609 1838 3642 simpliciter
1851 3614 1928 3634 etc.—-
1937 3608 2028 3639 Codd„
2042 3616 2097 3633 exc.
2110 3608 2188 3639 BEQ,
2202 3616 2256 3633 om.
2269 3608 2317 3634 sed
2335 3615 2403 3633 non:
2417 3615 2484 3641 quae

1421 3651 1509 3671 tamen
1528 3646 1694 3678 requiruntur
1712 3653 1758 3678 per
1776 3644 1966 3677 oppositionem
1985 3644 2016 3669 ad
2035 3645 2207 3677 praemissum
2226 3644 2420 3676 quodammodo
2426 3651 2435 3674 ;
2450 3645 2484 3669 si-

2281 3697 2341 3728 41*

2510 421 2521 432 ⁸
2532 422 2566 444 Cf.
2578 398 2658 448 tibin,
2669 423 2724 445 leet.

2509 448 2611 497 :go-dg·-
2620 455 2722 497 5⁶22.-

2508 501 2583 549 ff“gitta
2599 534 2627 549 ex
2642 528 2711 550 codd.

2538 715 2552 730 ο
2562 717 2567 731 :
2588 709 2657 731 docet
2673 710 2722 731 sol-

2508 741 2569 757 vere.

2506 868 2518 878 ⁸
2531 867 2602 890 Num.
2618 875 2667 897 seq.

2606 981 2622 1006 φ

2605 1082 2624 1108 Χ.

2508 1135 2517 1144 ·
2533 1135 2626 1156 Codd.-
2636 1142 2661 1157 P:
2681 1142 2722 1157 ne-

2508 1167 2560 1189 que.

2541 1239 2587 1260 Per
2609 1240 2642 1262 al.
2660 1241 2719 1261 med.

2509 1272 2557 1287 om.
2572 1273 2594 1288 T.
2605 1278 2615 1283 ·
2625 1273 2655 1288 ΘΚ
2672 1273 2721 1288 om.

2509 1298 2575 1314 vera.

2509 1319 2519 1329 ⁴*
2535 1325 2548 1339 ι.
2562 1326 2638 1341 erron.
2653 1326 2703 1341 om.

2509 1351 2564 1367 non.

2510 1483 2520 1493 ⁸
2535 1488 2564 1504 o:
2581 1448 2637 1507 relia-
2657 1482 2695 1503 alii

2511 1509 2596 1536 codd,
2617 1515 2666 1530 exc.
2692 1515 2721 1536 n,

2511 1542 2559 1556 om.

2607 1784 2629 1797 ω

2509 1836 2517 1843 ·
2535 1834 2571 1856 Cf.
2583 1834 2633 1855 lect.
2642 1840 2704 1856 xxiv.

2510 1888 2518 1896 ⁶
2540 1894 2567 1908 L:
2587 1887 2631 1908 sed
2648 1887 2723 1908 solum

2510 1914 2582 1941 quia;
2597 1920 2611 1934 o
2625 1920 2673 1935 om.

2507 2041 2515 2049 '
2522 2039 2600 2060 Primo
2609 2046 2635 2060 ex
2644 2039 2721 2066 codd-3

2511 2072 2542 2090 Q:
2558 2072 2623 2087 vero.

2507 2154 2518 2165 ¹*
2532 2160 2546 2174 Α
2553 2161 2558 2175 :
2574 2153 2658 2175 altero.

1417 2205 1515 2229 unus
1535 2192 1670 2241 accipit
1688 2200 1730 2229 ut
1743 2192 1979 2240 impossibile
1999 2193 2104 2228 aliter
2117 2204 2156 2228 se
2176 2192 2315 2229 habere
2335 2193 2442 2242 quasi
2462 2194 2482 2214 *
2510 2203 2519 2211 ·

2540 2207 2678 2223 OEcnxufflo
2700 2206 2723 2223 et

2511 2235 2533 2256 p.
2545 2235 2577 2249 m.
2592 2235 2620 2250 n:
2636 2234 2723 2256 quarn,-

2509 2261 2529 2291 p„
2543 2261 2591 2276 om.
2606 2261 2645 2282 qu.
2655 2261 2688 2276 sc.

2532 2288 2559 2302 A:
2571 2282 2642 2302 alius.

2549 2317 2624 2338 Codd.
2653 2317 2700 2338 citt.
2716 2324 2721 2338 :

2511 2349 2595 2370 quarm·
2609 2350 2635 2364 u:
2646 2345 2683 2369 ut,
2699 2343 2722 2364 in

2511 2376 2583 2397 marg.
2595 2370 2631 2391 vel
2644 2370 2722 2397 quasi.

2600 2530 2634 2546 αα
