2788 4204
55 418 68 427 ⁶
79 415 167 437 Codd.:
187 420 268 436 secun-

59 442 92 464 da
101 447 156 463 vero
164 441 272 471 competit

56 468 127 504 parti
134 469 259 497 orattonts.

77 501 92 516 Α
100 500 200 515 erronee:
207 493 270 524 affir-

57 520 130 541 matio
140 522 163 541 et
171 522 269 547 negatio

58 550 100 575 (Cf.
117 554 165 572 not.
182 554 209 577 ε).

157 687 167 702 Ε

60 740 69 748 ’
79 737 155 764 (Conf.
165 738 216 758 lect.
225 742 269 760 vin.

58 766 115 792 n.3).
126 763 213 785 Codd.:
229 769 270 783 su-

54 788 268 818 per-additaliquid.

59 896 67 904 '
79 894 153 916 Codd.
165 902 170 915 :
197 893 267 914 mutto

56 921 132 942 minus
147 919 270 947 significat

57 946 148 978 aliquid
157 948 183 967 ut
191 951 268 972 nega-

56 975 177 1027 ggpasius.

154 1048 169 1076 t

58 1264 207 1291 Porphyrius.

154 1300 172 1323 η

301 234 349 271 30

298 311 530 348 intellectum
549 311 778 360 simplicem;
798 311 921 360 prima
941 309 1161 357 significatio
1183 306 1364 355 competit

299 364 475 412 orationi,
499 365 666 401 secunda
690 376 767 400 non
788 363 968 411 competit
992 361 1167 407 orationi,
1185 360 1252 396 sed
1266 359 1362 408 parti

300 417 478 454 orationis
491 418 520 454 *.
544 417 655 454 Unde
671 416 814 453 subdit:
835 418 884 453 Ut
896 415 1017 460 dictio,
1038 426 1112 450 non
1133 419 1174 449 ut
1190 414 1361 461 affirma-

299 470 347 506 tio
364 471 395 506 *.
422 470 541 516 Quasi
561 470 673 506 dicat:
694 481 781 517 pars
810 467 989 504 orationis
1018 474 1073 503 est
1101 465 1360 513 significativa,

299 523 394 559 sicut
417 523 525 559 dictio
554 522 751 569 significat,
780 528 871 569 puta
895 527 936 556 ut
960 531 1094 556 nomen
1125 526 1161 555 et
1187 519 1360 563 verbum,

299 588 377 611 non
396 575 491 612 sicut
509 574 721 620 affirmatio,
743 585 841 622 quae
870 572 1112 620 componitur
1140 584 1186 608 ex
1205 571 1361 608 nomine

300 635 336 664 et
354 628 486 664 verbo.
513 627 617 663 Facit
635 633 763 663 autem
784 625 1019 662 mentionem
1048 625 1173 661 solum
1194 624 1242 661 de
1262 624 1360 660 affir-

299 680 465 716 matione
494 687 530 715 et
549 692 627 716 non
653 679 700 716 de
729 678 928 726 negatione
948 684 971 725 ‘,
1001 677 1089 726 quia
1125 676 1274 724 negatio
1304 688 1360 712 se-

300 732 467 769 cundum
494 744 634 768 vocem
663 731 883 780 superaddit
900 731 920 752 *
953 730 1213 775 affirmationi;
1258 728 1360 765 unde

298 785 327 821 si
364 797 451 833 pars
489 785 669 821 orationis
706 791 862 834 propter
890 784 947 820 sui
975 783 1252 832 simplicitatem
1281 793 1360 818 non

298 837 481 884 significat
513 837 674 886 aliquid,
703 845 745 874 ut
774 837 987 884 affirmatio,
1018 837 1137 873 multo
1166 835 1292 872 minus
1320 841 1362 871 ut

297 890 445 937 negatio
460 890 491 926 ²¹².

348 954 385 988 4.
417 942 494 979 Sed
514 950 644 980 contra
662 944 762 980 hanc
785 942 1046 980 definitionem
1065 940 1248 990 Aspasius
1267 939 1360 976 obii—

297 995 345 1031 cit
372 995 477 1044 quod
503 995 655 1033 videtur
679 1009 758 1033 non
784 996 963 1032 omnibus
990 995 1159 1044 partibus
1180 992 1360 1030 orationis

297 1048 513 1085 convenire.
545 1050 642 1086 Sunt
670 1049 772 1086 enim
802 1049 993 1098 quaedam
1013 1047 1203 1084 orationes
1218 1046 1243 1092 ζ,
1265 1058 1368 1094 ρων,

297 1112 382 1137 rum
415 1109 541 1149 partes
575 1102 785 1150 significant
819 1101 959 1150 aliquid
991 1108 1034 1137 ut
1067 1099 1287 1145 affirmati03
1322 1106 1362 1134 ut

295 1161 404 1243 Ruta,
436 1155 477 1243 ῗί.
495 1155 553 1192 sol
579 1155 676 1192 lucet
700 1167 812 1203 super
844 1161 1003 1199 terram,
1039 1153 1115 1191 dies
1142 1158 1216 1196 est;
1245 1159 1281 1188 et
1309 1151 1361 1187 sic

324 1218 345 1242 e
373 1218 440 1243 mu
455 1214 511 1244 tis.

351 1260 400 1295 Et
434 1259 483 1296 ad
516 1261 591 1297 hoc
625 1260 830 1309 respondet
866 1259 1100 1307 Porphyrius
1133 1263 1147 1281 '¹
1182 1257 1287 1306 quod
1323 1256 1361 1293 in

297 1323 542 1361 quocumque
574 1325 712 1361 genere
746 1313 935 1350 invenitur
956 1312 1066 1360 prius
1094 1318 1130 1347 et
1157 1310 1360 1358 posterius,

298 1364 412 1402 debet
439 1365 586 1403 definiri
605 1366 644 1404 id
664 1366 768 1415 quod
794 1365 899 1414 prius
925 1372 990 1401 est.
1013 1364 1117 1401 Sicut
1145 1375 1233 1399 curn
1254 1362 1363 1399 datur

298 1522 410 1554 iungens
429 1522 602 1554 praedicatum
627 1530 686 1547 cum
709 1522 834 1553 subiecto,
849 1522 875 1547 in
889 1521 999 1554 simplici
1017 1528 1080 1546 vero
1099 1518 1305 1552 apprehensione
1323 1522 1364 1543 est

299 1562 372 1582 actus
391 1557 499 1589 simplex
518 1562 573 1581 tum
592 1557 732 1582 subiective
749 1562 805 1582 tum
824 1557 957 1582 obiective.
1294 1553 1296 1560 ‘

352 1590 375 1625 ε)
395 1592 472 1617 Facit
489 1596 578 1617 autem
597 1593 753 1618 mentionem
773 1593 857 1617 solum
877 1592 909 1617 de
927 1591 1108 1625 affirmatione
1127 1597 1179 1615 non
1194 1593 1220 1615 et
1230 1589 1263 1614 de
1282 1595 1363 1622 nega-

299 1627 370 1652 tione
384 1632 431 1652 etc.
451 1627 528 1658 Quod
541 1627 582 1652 hic
596 1633 697 1652 notatur
715 1636 729 1652 a
747 1635 769 1652 s.
778 1627 882 1652 Thoma
896 1627 978 1660 prima
997 1627 1081 1651 fronte
1099 1625 1199 1650 videtur
1218 1625 1283 1649 falso
1302 1632 1363 1657 sup-

299 1662 384 1695 posito
403 1662 525 1692 innixum,
545 1670 603 1686 cum
623 1668 648 1687 et
666 1662 691 1687 in
710 1662 874 1687 translatione
892 1662 969 1687 latina
987 1670 1066 1694 quam
1086 1661 1176 1685 damus
1199 1665 1283 1684 textus
1306 1659 1362 1683 Ari-

299 1697 412 1727 stotelis,
442 1702 467 1721 et
489 1697 514 1721 in
538 1697 595 1729 ipso
620 1702 688 1722 textu
713 1706 806 1730 graeco
829 1705 860 1722 ex
887 1697 997 1722 editione
1019 1697 1096 1722 Didot
1119 1695 1244 1720 habeatur
1267 1694 1363 1719 mentio

299 1736 355 1756 tum
374 1732 406 1756 de
424 1731 591 1757 affirmatione
609 1737 664 1757 tum
684 1733 716 1758 de
734 1733 882 1766 negatione:
907 1733 953 1757 sed
977 1740 1028 1757 non
1049 1735 1078 1757 ut
1095 1731 1242 1765 affirmatio
1261 1731 1301 1755 vel
1319 1737 1363 1754 ne-

298 1767 388 1800 gatio5
407 1761 466 1791 ἀλλ’
481 1764 532 1802 οὔχ
552 1766 586 1797 ὡς
605 1764 763 1802 κατάφασις,
785 1766 800 1800 ἢ
821 1763 1094 1798 iubentute-Verum
1109 1766 1264 1791 Theodorus
1277 1765 1361 1790 Waitz

299 1801 364 1834 (Op.
379 1805 405 1827 et
423 1802 471 1827 loc.
485 1809 567 1834 supra
585 1803 642 1835 cit.)
661 1802 770 1828 affirmat
788 1802 888 1828 nonnisi
907 1802 933 1827 in
952 1802 1054 1827 duobus
1073 1801 1216 1831 codicibus,
1242 1800 1364 1826 Urbinate

300 1844 395 1870 nempe
413 1842 439 1861 et
456 1837 597 1869 Marciano,
617 1838 674 1862 addi
693 1833 867 1872 ἣᾶπόφασις,
888 1846 902 1862 a
921 1838 1026 1862 caeteris
1041 1843 1127 1862 autem
1141 1836 1232 1861 omitti.
1251 1836 1325 1861 Unde
1339 1840 1365 1860 et

300 1872 356 1905 ipse
375 1872 468 1897 omittit
486 1872 511 1897 in
530 1881 576 1897 sua
595 1873 705 1898 editione
719 1874 845 1906 legitque:
864 1872 898 1902 ὡς
917 1869 1002 1907 φάσις,
1014 1867 1075 1897 ἀλλ’
1088 1869 1139 1907 οὺχ
1156 1871 1190 1901 ὡς
1205 1867 1363 1905 κατάφασιςῖ

302 1911 332 1932 ut
342 1907 429 1935 dictio,
437 1907 485 1932 sed
497 1915 548 1932 non
561 1911 590 1933 ut
599 1908 755 1942 affirmatio,⁴
764 1909 885 1941 additque
896 1909 920 1933 in
935 1908 1044 1933 Scholiis
1054 1915 1132 1940 super
1142 1914 1232 1940 cap.1v,
1243 1905 1364 1940 pag.331:

302 1951 316 1964 ε
334 1942 416 1967 Verba
436 1940 451 1974 ἣ
473 1937 602 1976 ἀπόφασις
624 1943 706 1968 aliena
729 1952 808 1968 manu
831 1944 914 1969 addita
937 1943 1056 1968 videntur
1077 1951 1092 1967 e
1110 1950 1149 1967 vs.
1167 1942 1199 1967 30
1222 1940 1282 1975 (Cf.
1297 1947 1364 1966 vers.

302 1985 317 2000 ›
334 1978 402 2002 Dico
419 1981 508 2002 autem
523 1977 602 2013 etc.):
621 1986 701 2011 quare
719 1987 778 2003 cum
795 1979 935 2004 Ammonio
949 1984 974 2003 et
987 1984 1038 2003 vet.
1051 1978 1113 2011 intp.
1128 1978 1170 2002 lat.
1185 1985 1215 2002 ea
1228 1976 1364 2002 omisimus

303 2020 317 2035 »
333 2013 439 2037 eosdem
454 2013 554 2038 codices
570 2014 658 2044 secuti,
673 2022 832 2047 quamquam
851 2014 941 2039 retinet
954 2013 1039 2038 versio
1053 2012 1201 2038 Boethiana.
1222 2012 1290 2042 Quid
1304 2012 1365 2036 Ale-

303 2055 318 2071 ι
333 2048 428 2072 xander
446 2052 471 2072 et
489 2048 646 2081 Porphyrius
669 2049 817 2080 habuerint,
841 2057 871 2074 ex
890 2057 1001 2082 quorum
1025 2047 1214 2073 commentariis
1240 2046 1364 2072 Boethius

303 2091 318 2106 ι
334 2083 413 2108 multa
432 2083 516 2113 affert,
531 2083 656 2108 incertum
675 2089 723 2109 est.
735 2093 749 2107 ι
763 2084 888 2114 Quamvis
903 2092 966 2116 ergo
979 2084 1099 2109 versione
1112 2083 1252 2108 Boethium
1264 2087 1365 2107 veteres

303 2118 453 2150 interpretes
468 2119 638 2143 communiter
651 2119 691 2143 usi
710 2119 811 2150 fuerint,
826 2127 884 2144 eam
898 2125 984 2144 tamen
995 2119 1027 2144 ad
1036 2124 1133 2144 textum
1144 2126 1264 2150 graecum
1275 2125 1366 2149 exege-

302 2158 362 2177 runt
370 2158 448 2185 atque
462 2154 637 2179 emendarunt.
650 2154 726 2185 Quod
737 2155 769 2179 de
782 2154 913 2179 s.·rhoma
932 2162 963 2179 ex
981 2154 1116 2187 hucusque
1131 2153 1264 2178 declaratis
1284 2152 1365 2177 mani-

302 2188 398 2213 festum
414 2193 454 2213 est
472 2186 522 2221 (Cf.
532 2189 662 2220 Jourdain,
680 2190 843 2215 Recherches
860 2190 1013 2223 critiques...
1030 2189 1076 2214 des
1091 2189 1258 2214 traductions
1271 2188 1366 2213 latines

303 2222 459 2252 d'Aristote,
479 2231 534 2256 cap.
545 2231 578 2254 ιν,
593 2232 651 2257 pag.
663 2224 722 2250 252.
736 2224 816 2250 Paris.
831 2223 917 2260 1819).
928 2239 939 2243 -
950 2225 1036 2251 Codex
1050 2225 1085 2255 A,
1101 2224 1144 2257 qui
1163 2223 1309 2248 versionem
1329 2222 1366 2247 in-

301 2263 401 2290 tegram
419 2258 496 2283 habet
509 2259 564 2283 Peri
585 2259 754 2291 hermeneias,
771 2260 810 2285 cui
826 2260 966 2285 adnectitur
985 2267 1006 2284 s.
1016 2259 1135 2284 Thomae
1149 2258 1365 2289 Commentarius,

302 2293 396 2318 omittit
409 2293 488 2318 verba
509 2294 549 2318 uel
568 2295 684 2327 negatio,
699 2300 725 2319 et
744 2296 818 2328 legit:
837 2295 925 2320 oratio
939 2298 1028 2320 autem
1047 2298 1087 2320 est
1106 2301 1161 2319 vox
1178 2293 1366 2327 significativa,

302 2328 377 2353 cuius
390 2329 512 2360 partium
527 2329 629 2362 aliquid
642 2330 846 2363 significativum
862 2334 901 2356 est
914 2333 1076 2363 separatum,
1092 2332 1122 2355 ut
1134 2329 1223 2358 dictio.
1239 2336 1291 2354 non
1305 2335 1367 2354 uero

304 2366 334 2388 ut
351 2363 506 2396 affirmatio.
526 2364 594 2389 Dico
612 2368 700 2389 autem
720 2370 768 2391 etc.

355 2398 381 2432 ζ)
401 2398 471 2424 Sunt
488 2399 557 2423 enim
582 2400 712 2432 quaedam
737 2401 872 2427 orationes
890 2406 937 2426 etc.
953 2413 971 2419 -
986 2400 1068 2425 Codd.
1087 2407 1193 2424 omnes:
1211 2402 1274 2424 sunt
1297 2399 1366 2424 enim

304 2433 434 2466 quaedam
454 2434 587 2459 orationes
602 2435 769 2466 compositae.
789 2436 843 2461 Hae
863 2436 968 2469 quidem
982 2435 1078 2460 habent
1091 2435 1163 2468 quod
1178 2442 1266 2459 earum
1281 2439 1367 2467 partes

305 2467 450 2500 significent
468 2469 573 2501 aliquid,
585 2474 615 2494 ut
628 2469 776 2502 affirmarim
796 2471 867 2503 quod
882 2471 946 2496 infra
962 2471 1106 2495 declaratur
1120 2469 1189 2503 (lect.
1199 2468 1264 2504 vm).
1280 2469 1367 2502 impli-

305 2503 354 2528 cite
368 2508 453 2528 tamen
473 2504 548 2529 lectio
568 2504 645 2529 Plana
659 2506 781 2530 eumdem
800 2506 877 2530 habet
897 2513 1013 2536 sensum,
1033 2506 1141 2530 dicendo
1156 2505 1286 2538 quaedam
1306 2512 1368 2530 ora-

305 2538 403 2563 tiones.-
417 2546 475 2563 narn
491 2535 520 2563 τὸ
536 2540 665 2572 quaedam
681 2540 706 2564 in
720 2540 769 2565 hoc
785 2548 845 2565 casu
861 2541 977 2573 designat
991 2541 1120 2565 orationes
1135 2540 1302 2573 compositas.
1317 2540 1368 2565 Sed

303 2579 391 2598 utrum
414 2574 574 2605 compositae
593 2574 626 2600 sit
643 2575 759 2608 explicite
783 2577 965 2609 apponendum
988 2575 1065 2600 textui
1090 2583 1142 2600 non
1161 2576 1282 2600 auderem
1301 2574 1368 2599 affir-

306 2616 385 2633 mare.
410 2609 524 2634 Dicendo
542 2610 611 2634 enim
629 2611 786 2643 quaedam...
805 2611 982 2643 compositae,
1001 2610 1027 2634 vi
1045 2610 1182 2643 particulae
1201 2610 1367 2635 disiunctivae

305 2643 435 2676 quaedam
455 2644 524 2668 innui
543 2645 643 2670 videtur
666 2645 718 2670 dari
741 2646 868 2670 orationes
892 2645 1060 2678 compositas,
1084 2652 1193 2677 quarum
1212 2650 1297 2678 partes
1316 2653 1367 2669 non

305 2678 448 2710 significent
466 2679 561 2712 aliquid
580 2688 627 2712 per
645 2680 751 2705 modum
771 2680 958 2705 affirmationis:
978 2681 1047 2713 quod
1071 2684 1111 2704 est
1136 2680 1238 2704 falsum.
1258 2679 1368 2704 Aliunde

306 2721 327 2739 s.
338 2713 453 2738 Thomas
468 2714 532 2739 infra
546 2715 655 2740 adducto
669 2716 788 2748 exemplo
803 2715 984 2740 enunciationis
998 2714 1181 2744 conditionalis,
1196 2715 1276 2739 addit:
1292 2718 1318 2739 et
1331 2715 1369 2739 sic

306 2749 339 2774 de
362 2749 459 2774 multis.
481 2750 570 2774 Verius
589 2756 675 2775 autem
694 2750 823 2775 videretur
842 2751 991 2775 dicendum:
1010 2753 1037 2775 et
1050 2750 1088 2775 sic
1103 2750 1135 2774 de
1147 2750 1220 2778 aliis,
1241 2750 1262 2774 si
1281 2750 1367 2781 legen-

306 2784 368 2808 dum
382 2784 415 2808 sit
433 2785 599 2816 compositae,
620 2785 680 2818 quia
698 2786 818 2810 omnibus
834 2785 1051 2818 propositionibus
1066 2785 1215 2817 compositis
1229 2792 1368 2809 commune

306 2823 359 2850 est,
379 2819 449 2851 quod
469 2819 501 2844 de
520 2820 697 2845 enunciatione
713 2820 874 2845 conditionali
888 2828 918 2845 ex
928 2820 1039 2853 Aspasio
1053 2819 1182 2845 asseritur.
1198 2820 1268 2844 Haec
1282 2825 1368 2844 autem

306 2854 482 2886 aequivocatio
500 2860 648 2880 removetur
666 2863 680 2880 a
699 2855 806 2881 lectione
825 2856 913 2886 Piana,
934 2863 999 2888 quae
1014 2859 1054 2880 est
1077 2854 1153 2879 etiam
1172 2855 1288 2879 omnium
1308 2854 1366 2879 edd.

305 2889 396 2914 Venet.
416 2889 441 2914 Si
456 2889 532 2922 igitur
549 2890 683 2923 adoptetur
697 2890 772 2915 lectio
791 2891 865 2916 codd.
880 2890 980 2915 videtur
995 2889 1237 2922 subintelligendum
1252 2897 1310 2914 esse
1324 2889 1367 2914 ali-

306 2924 368 2957 quid
387 2929 412 2949 et
426 2925 576 2956 legendum:
595 2929 658 2951 sunt
671 2925 740 2950 enim
759 2926 889 2959 quaedam
909 2925 1050 2954 orationes,
1067 2931 1158 2957 nempe
1171 2924 1368 2957 compositae.—

305 2959 380 2984 Unus
393 2960 480 2984 cod.C
494 2959 599 2985 omittit:
619 2964 645 2985 et
662 2961 700 2986 sic
718 2961 751 2986 de
770 2961 868 2986 multis.

359 2994 385 3028 η)
405 2995 556 3027 Respondet
574 2995 777 3029 Porphyrius.-
796 2996 878 3021 Codd.
888 2995 1055 3020 unanimiter:
1073 2994 1237 3020 Alexander.
1260 2994 1369 3019 Videtur

306 3029 444 3061 legendum
460 3037 519 3055 esse
534 3030 708 3064 Porphyrius,
724 3039 783 3056 nam
799 3031 830 3056 de
845 3031 981 3056 Alexandri
995 3030 1117 3063 opinione
1131 3029 1196 3055 infra
1211 3029 1302 3062 agitur.
1317 3030 1368 3054 Re-

305 3071 366 3089 vera
390 3065 561 3098 Porphyrius,
581 3071 648 3091 texte
672 3066 798 3097 Boethio,
817 3066 861 3091 lib.
882 3066 911 3090 11.
931 3065 997 3090 Edit.
1018 3065 1124 3090 secund.
1144 3065 1186 3090 De
1210 3065 1368 3098 interpreta-

307 3099 390 3129 tione,
410 3107 468 3132 pag.
485 3100 548 3130 322,
567 3100 633 3126 hanc
651 3101 731 3126 tenuit
755 3101 922 3126 sententiam:
943 3110 955 3123 t
968 3100 1126 3134 Porphyrius
1145 3105 1231 3125 autem
1250 3100 1283 3125 ita
1302 3100 1369 3125 dicit.

307 3142 321 3158 ι
338 3135 443 3165 Volens,
463 3135 552 3168 inquit,
572 3136 722 3161 Aristoteles
741 3137 879 3161 ostendere
893 3144 944 3160 non
963 3143 1069 3160 omnem
1084 3135 1235 3166 orationem,
1250 3140 1293 3160 aut
1307 3135 1367 3160 sim-

308 3179 320 3192 »
337 3170 417 3202 plices
442 3169 540 3195 tant'um
565 3170 660 3196 habere
684 3177 769 3204 partes
789 3176 832 3196 aut
851 3171 1019 3204 compositas,
1039 3178 1054 3195 a
1072 3170 1233 3204 simplicibus
1258 3170 1370 3203 sumpsit

308 3214 321 3227 ι
338 3205 498 3237 exemplum,
518 3210 546 3230 ut
565 3206 659 3231 diceret
683 3205 825 3238 significare
850 3211 935 3239 partes
954 3206 1090 3236 orationis,
1110 3211 1138 3231 ut
1162 3205 1299 3230 dictionem
1317 3213 1369 3230 non

309 3249 321 3262 ›
338 3245 365 3264 ut
383 3239 592 3270 affirmationem,
612 3247 640 3266 ut
659 3249 718 3266 cum
738 3246 778 3266 est
793 3241 882 3266 oratio.
894 3249 907 3264 2
918 3255 929 3260 -
940 3241 1113 3266 Nihilominus
1129 3240 1190 3266 haec
1203 3241 1293 3266 eadem
1313 3240 1368 3274 ipsa

307 3275 480 3307 interpretatio
499 3276 645 3301 Alexandro
664 3276 783 3301 tribuitur
801 3284 815 3301 a
834 3276 942 3301 Boethio
957 3276 991 3301 ib.
1006 3283 1064 3309 pag.
1081 3275 1144 3309 319:
1165 3285 1177 3298 ‹
1191 3275 1264 3301 Prior
1282 3281 1367 3300 autem

309 3318 322 3333 »
339 3309 488 3342 simplicitas
507 3315 558 3342 est,
574 3311 702 3344 posterior
715 3319 777 3336 vero
796 3311 959 3344 compositio.
979 3311 1007 3336 ln
1023 3311 1118 3344 quibus
1137 3316 1178 3336 est
1196 3315 1282 3336 autem
1295 3311 1367 3343 prius

310 3355 322 3367 »
338 3346 378 3369 vel
394 3345 523 3377 posterius
533 3346 638 3379 aliquid,
649 3347 711 3371 illud
727 3347 782 3371 sine
797 3346 876 3371 dubio
890 3345 1064 3371 definiendum
1079 3351 1119 3371 est
1133 3346 1210 3379 priori
1225 3346 1284 3371 loco
1296 3347 1368 3379 quod

309 3389 323 3402 ι»
339 3384 429 3404 natura
447 3388 554 3414 quoque
572 3382 708 3414 praecedit.
727 3382 763 3406 lta
781 3389 843 3414 ergo
862 3382 986 3414 quoniam
1005 3381 1075 3414 prior
1093 3381 1202 3415 simplex
1220 3381 1302 3406 oratio
1321 3386 1368 3412 est,

310 3424 323 3437 ›
339 3415 465 3446 posterior
478 3423 541 3440 vero
560 3417 716 3449 composita,
736 3417 807 3450 prius
822 3417 966 3450 simplicem
985 3416 1127 3441 orationem
1143 3415 1290 3442 definitione
1307 3423 1367 3441 con-

310 3459 323 3471 »
339 3450 420 3474 stituit
438 3451 616 3483 (Aristoteles)
635 3452 730 3482 dicens,
749 3452 823 3477 cuius
837 3455 932 3484 partes
949 3451 1102 3485 significant
1120 3455 1150 3477 ut
1168 3451 1249 3477 dictio
1268 3458 1319 3478 non
1339 3455 1368 3477 ut

310 3493 324 3507 ι
340 3484 492 3517 affirmatio,
513 3486 649 3511 dictionem
664 3486 788 3519 simplicis
805 3487 917 3511 nominis
936 3491 980 3512 aut
993 3486 1063 3511 verbi
1084 3486 1302 3520 nuncupationem
1321 3495 1367 3520 po·

311 3527 326 3542 »
342 3527 414 3543 nens.
429 3530 441 3542 ι
453 3521 531 3545 -Sed
551 3526 680 3554 praeterea
699 3522 822 3546 Boethius
846 3523 951 3547 alteram
975 3521 1210 3554 interpretationem
1229 3529 1308 3554 quam
1327 3529 1367 3546 se-

309 3554 394 3578 cundo
413 3555 470 3579 loco
489 3553 541 3588 (vel
554 3559 643 3587 potest
653 3556 707 3581 dici
720 3555 779 3590 etc.)
790 3557 866 3581 refert
884 3557 1033 3587 s.Thomas,
1043 3556 1131 3581 tribuit
1144 3556 1193 3589 ipsi
1207 3556 1367 3588 Alexandro3

1050 232 1168 268 PERI
1195 229 1542 266 HERMENEIAS
1580 230 1675 267 LIB.
1706 232 1719 266 I

1418 307 1586 345 definitio
1616 308 1772 345 alicuius
1792 309 1944 357 speciei,
1965 317 2057 358 puta
2075 309 2252 356 hominis,
2274 309 2486 357 intelligitur

1417 360 1586 397 definitio
1607 361 1654 398 de
1675 374 1721 397 eo
1742 362 1848 410 quod
1868 370 1923 399 est
1951 363 1988 399 in
2009 369 2106 408 actu,
2136 375 2215 399 non
2237 362 2284 399 de
2313 374 2359 398 eo
2381 362 2486 410 quod

1417 420 1473 450 est
1501 414 1537 450 in
1561 415 1747 461 potentias
1776 423 1813 451 et
1841 415 1927 452 ideo
1957 415 2046 463 quia
2074 415 2112 452 in
2140 427 2279 463 genere
2305 414 2485 451 orationis

1415 465 1520 514 prius
1538 467 1558 487 *
1586 474 1642 503 est
1676 467 1796 504 oratio
1836 467 2013 516 simplex,
2054 468 2143 505 inde
2179 476 2235 504 est
2268 467 2374 516 quod
2401 467 2484 504 Ari-

1417 519 1568 555 stoteles
1587 519 1691 567 prius
1710 521 1731 540 ⁴*
1763 520 1935 558 definivit
1962 521 2175 558 orationem
2205 520 2429 569 simplicem.

1469 571 1539 608 Vel
1562 579 1688 620 potest
1709 572 1797 620 dici,
1824 573 2037 611 secundum
2056 573 2316 610 Alexandrum
2337 581 2373 610 et
2392 575 2484 609 Am-

1416 624 1591 660 monium
1606 625 1637 671 ³¹³,
1661 626 1766 673 quod
1785 626 1847 662 hic
1867 626 2045 663 definitur
2073 626 2192 663 oratio
2213 626 2251 663 in
2273 626 2480 663 communi.

1416 675 1527 713 Unde
1549 677 1663 714 debet
1690 678 1782 726 poni
1810 679 1848 715 in
1876 679 1949 715 hac
1977 679 2196 716 definitione
2225 679 2265 716 id
2293 679 2398 728 quod
2431 686 2486 715 est

1417 740 1626 766 commune
1642 731 1803 767 orationi
1823 731 1984 779 simplici
2000 740 2037 768 et
2051 732 2298 780 compositae.
2330 732 2484 768 Habere

1416 788 1546 817 autem
1573 790 1700 830 partes
1726 783 1979 830 significantes
1998 784 2140 833 aliquid
2169 792 2211 821 ut
2238 784 2440 822 affirmatio
2460 783 2483 831 ⁰,

1417 835 1598 882 competit
1635 835 1704 872 soli
1747 836 1909 873 orationi
1951 837 2208 885 compositae;
2239 837 2307 874 sed
2343 837 2486 874 habere

1415 894 1541 935 partes
1569 887 1821 935 significantes
1850 889 1991 938 aliquid
2018 901 2087 938 per
2109 889 2272 926 modum
2301 889 2484 936 dictionis,

1417 947 1453 976 et
1480 952 1559 976 non
1586 953 1656 989 per
1683 941 1846 978 modum
1879 942 2162 989 affirmationis,
2192 949 2248 979 est
2279 954 2486 979 commune

1418 992 1578 1029 orationi
1611 993 1771 1042 simplici
1801 1002 1838 1031 et
1874 995 2120 1043 compositae.
2143 996 2192 1032 Et
2211 995 2298 1032 ideo
2327 995 2403 1031 hoc
2421 995 2486 1032 de-

1416 1045 1496 1082 buit
1527 1046 1619 1094 poni
1647 1046 1686 1083 in
1720 1047 1941 1084 definitione
1975 1048 2166 1085 orationis.
2197 1049 2246 1084 Et
2273 1047 2486 1086 secundum

1415 1098 1491 1134 hoc
1518 1110 1597 1135 non
1635 1099 1748 1136 debet
1784 1100 1936 1148 intelligi
1974 1113 2057 1138 esse
2086 1101 2134 1138 de
2171 1101 2316 1138 ratione
2349 1100 2486 1137 oratio-

1416 1150 1474 1187 nis
1503 1151 1608 1199 quod
1635 1164 1722 1200 pars
1751 1152 1832 1190 eius
1860 1165 1939 1190 non
1966 1153 2013 1190 sit
2040 1154 2266 1191 affirmatio:
2295 1153 2364 1192 sed
2398 1153 2487 1202 quia

1417 1203 1465 1240 de
1493 1204 1637 1241 ratione
1671 1205 1850 1242 orationis
1884 1214 1940 1243 est
1974 1207 2079 1255 quod
2112 1212 2200 1256 pat-s
2237 1207 2319 1243 eius
2347 1207 2394 1243 sit
2421 1206 2485 1243 ali-

1416 1256 1509 1305 quid
1536 1257 1640 1305 quod
1660 1258 1843 1306 significat
1869 1271 1939 1307 per
1957 1260 2120 1297 modum
2149 1259 2333 1307 dictionis,
2354 1266 2390 1296 et
2407 1271 2487 1296 non

1415 1321 1485 1357 per
1499 1310 1661 1347 modurn
1677 1311 1938 1349 affirmationis
1950 1313 1980 1349 *.
1998 1314 2047 1350 Et
2060 1313 2099 1350 in
2112 1313 2216 1350 idem
2233 1312 2329 1349 redit
2349 1311 2485 1349 solutio

1417 1363 1617 1410 Porphyrii
1645 1372 1830 1412 quantum
1850 1365 1900 1402 ad
1928 1378 2096 1414 sensum,
2116 1366 2202 1402 licet
2230 1372 2417 1414 quantum
2436 1365 2486 1402 ad

1418 1527 1431 1540 ι
1447 1518 1526 1543 Addit
1539 1519 1720 1552 (Alexander)
1730 1527 1838 1553 quoque
1852 1521 1930 1546 illud:
1941 1529 2056 1552 omnem,
2072 1521 2164 1554 inquit,
2175 1520 2352 1552 definitionem
2366 1521 2408 1546 vel
2423 1528 2485 1550 con,-

1418 1563 1431 1576 »
1447 1554 1594 1579 unctiorem
1618 1562 1678 1579 esse
1697 1554 1801 1580 definita
1825 1556 1926 1588 specie,
1950 1557 1990 1581 vel
2010 1557 2132 1582 excedere
2155 1564 2209 1582 non
2227 1561 2338 1590 oportet.
2367 1556 2445 1586 Quod
2463 1556 2486 1581 si

1418 1598 1431 1611 n
1446 1589 1600 1614 Aristoteles
1618 1590 1653 1615 ita
1671 1591 1850 1616 constituisset
1865 1590 2055 1622 definitionem,
2074 1596 2104 1616 ut
2122 1590 2266 1624 significare
2283 1595 2371 1624 partes
2389 1591 2485 1616 oratio—

1418 1634 1432 1647 ›
1448 1624 1488 1649 nis
1503 1625 1598 1649 diceret
1617 1628 1647 1650 ut
1664 1625 1807 1656 orationes,
1827 1634 1856 1651 ac
1875 1634 1928 1651 nou
1948 1629 1978 1652 ut
1996 1626 2132 1656 dictiones,
2152 1626 2284 1659 simplices
2301 1626 2433 1651 orationes
2451 1625 2484 1658 ab

1419 1669 1431 1683 2
1447 1659 1494 1684 hac
1513 1659 1662 1685 definitione
1676 1661 1828 1686 secluderet.
1848 1661 2003 1686 orationum
2018 1669 2132 1694 namque
2146 1661 2303 1694 simplicium
2319 1665 2415 1694 partes,
2430 1668 2485 1686 non

1418 1704 1432 1725 ρ
1447 1700 1477 1719 ut
1494 1695 1639 1726 orationes,
1664 1697 1711 1720 sed
1729 1701 1758 1721 ut
1776 1696 1902 1729 simplicia
1925 1697 2004 1722 verba
2029 1697 2187 1729 nominaque
2210 1695 2354 1729 significant
2377 1694 2446 1729 (Op.
2459 1700 2487 1721 et

1419 1740 1432 1753 ›
1449 1738 1506 1763 pag.
1518 1729 1579 1764 cit.).
1592 1741 1604 1753 ι
1619 1745 1639 1749 -
1653 1731 1771 1764 Denique
1790 1740 1856 1765 quae
1875 1732 1940 1757 infra
1964 1737 2096 1765 ponuntur
2119 1737 2148 1756 ut
2167 1732 2232 1757 dicta
2255 1739 2270 1756 a
2289 1731 2433 1764 Porphyrio
2451 1731 2486 1756 de

1418 1765 1533 1791 dictione
1555 1771 1659 1799 sumpta
1677 1767 1708 1791 ab
1727 1767 1866 1792 Aristotele
1884 1767 1916 1792 ad
1932 1766 2129 1800 significandum
2143 1771 2199 1792 tum
2218 1767 2368 1800 simpliciter
2387 1766 2483 1795 dicere,

1417 1805 1472 1825 tum
1488 1801 1564 1826 etiam
1579 1801 1725 1834 affirmare,
1736 1802 1859 1827 Boethius
1875 1800 1925 1835 (ib.
1935 1810 1994 1835 pag.
2006 1801 2068 1836 320)
2083 1803 2230 1827 Alexandro
2243 1802 2339 1827 tribuit.
2353 1802 2424 1827 Haec
2437 1801 2485 1834 igi-

1417 1841 1459 1860 tur
1481 1843 1548 1868 quae
1572 1843 1603 1861 ex
1626 1835 1677 1861 fide
1695 1837 1795 1862 Boethii
1820 1837 1955 1862 retulimus
1979 1838 2098 1863 videntur
2121 1838 2230 1862 suadere
2254 1837 2391 1862 lectionem
2409 1837 2485 1862 codd.

1418 1870 1612 1903 praeferendam
1627 1879 1686 1896 esse
1699 1872 1801 1897 lectioni
1818 1873 1920 1898 Pianae.
1938 1873 1973 1897 At
1991 1873 2159 1906 Porphyrius
2177 1879 2287 1905 quoque,
2307 1872 2399 1897 iterum
2418 1872 2485 1896 Boe-

1418 1906 1486 1930 thius
1505 1906 1554 1936 ib.,
1574 1906 1600 1931 in
1619 1907 1711 1932 eadem
1730 1908 1860 1933 sententia
1880 1906 2046 1941 (Alexandri)
2062 1913 2115 1938 est,
2130 1908 2250 1940 quamvis
2264 1907 2291 1932 in
2310 1914 2363 1932 uno
2377 1907 2410 1932 ab
2424 1907 2486 1931 Ale-

1417 1942 1515 1966 xandro
1530 1941 1692 1974 discrepans
1707 1943 1778 1975 quod
1793 1950 1875 1968 unum
1890 1944 1939 1968 late
1953 1943 2076 1968 Boethius
2091 1943 2203 1976 exponit,
2217 1943 2322 1976 quodve
2335 1949 2386 1967 non
2401 1949 2485 1975 quan-

1419 1980 1474 2002 tum
1493 1977 1530 2002 ad
1547 1984 1666 2006 sensum,
1680 1978 1741 2003 licet
1759 1981 1887 2011 quantum
1902 1979 1939 2003 ad
1957 1978 2037 2003 verba
2051 1985 2201 2010 parumper·
2219 1977 2310 2012 differt
2329 1985 2344 2002 a
2358 1976 2485 2002 sententia

1418 2011 1563 2043 Alexandri,
1587 2017 1616 2037 ut
1634 2020 1655 2037 s.
1665 2012 1782 2038 Thomas
1800 2013 1864 2038 infra
1883 2013 1968 2038 habet.
1987 2013 2062 2043 Quae
2080 2021 2139 2038 cum
2158 2013 2192 2038 ita
2206 2013 2258 2038 sint
2274 2013 2326 2045 legi
2339 2013 2485 2037 secundum

1418 2047 1455 2072 rei
1473 2047 1607 2072 veritatem
1626 2052 1712 2079 potest
1735 2052 1790 2073 tum
1814 2048 1982 2081 Porphyrius
1999 2053 2056 2074 tum
2073 2048 2245 2078 Alexander-5
2263 2052 2379 2081 spectato
2396 2052 2484 2072 tamen

1418 2082 1509 2107 ordine
1525 2082 1622 2107 litterae
1641 2090 1662 2107 s.
1672 2082 1799 2114 Thomae,
1811 2088 1840 2108 ut
1854 2083 1903 2108 dixi
1918 2091 2004 2117 supra,
2019 2083 2089 2108 malo
2103 2083 2241 2108 lectionem
2254 2083 2365 2108 retinere
2378 2081 2485 2108 Pianam

1420 2125 1486 2150 quae
1505 2122 1546 2142 est
1559 2117 1635 2142 etiam
1649 2118 1767 2143 omnium
1781 2118 1871 2143 Venet.
1887 2119 1945 2143 edd.

1473 2153 1524 2178 Sed
1543 2152 1651 2177 dubium
1669 2159 1793 2184 remanet,
1806 2153 1925 2179 videlicet
1942 2161 1988 2179 cur
2006 2153 2132 2179 sententia
2150 2153 2285 2187 Porphyrii
2309 2160 2362 2178 nou
2386 2152 2486 2178 differat

1419 2191 1548 2220 quantum
1571 2188 1608 2212 ad
1630 2195 1735 2214 sensum
1759 2196 1774 2213 a
1793 2189 1918 2214 sententia
1936 2189 2086 2220 Alexandri,
2109 2194 2137 2214 ut
2159 2196 2181 2214 s.
2196 2188 2313 2214 Thomas
2336 2185 2486 2214 affirmati—-

1420 2222 1538 2248 Obiectio
1556 2223 1658 2255 Aspasii
1678 2228 1730 2248 est:
1750 2224 1902 2249 Aristoteles
1920 2224 2003 2249 voluit
2025 2224 2075 2249 hoc
2093 2225 2151 2249 loco
2170 2222 2276 2249 definire
2294 2223 2438 2248 orationem
2456 2222 2483 2248 in

1420 2265 1523 2290 genere,
1546 2265 1599 2282 non
1623 2263 1709 2283 autem
1728 2259 1811 2284 solam
1834 2259 1976 2284 orationem
1995 2259 2154 2292 simplicum
2173 2259 2244 2292 atqui
2262 2257 2376 2284 definitio
2394 2257 2486 2283 tradita

1421 2301 1474 2318 non
1492 2298 1532 2318 est
1551 2293 1599 2318 nisi
1614 2294 1646 2318 de
1664 2293 1781 2319 oratione
1800 2294 1923 2328 simplici3
1943 2302 2005 2327 ergo
2020 2291 2074 2319 nori
2087 2296 2214 2323 rectasst
2232 2292 2346 2319 definitio
2359 2293 2485 2318 Aristote—

1420 2328 1461 2353 lis.
1471 2342 1481 2347 -
1497 2328 1648 2360 Respondet
1665 2328 1832 2362 Porphyrius,
1849 2330 1968 2363 negando
1982 2330 2110 2355 maiorem
2125 2328 2354 2362 argumentationis
2372 2327 2485 2361 Aspanii,

1421 2368 1447 2388 et
1465 2364 1630 2389 concedendo
1649 2364 1786 2389 minorem.
1801 2365 1834 2390 Et
1846 2365 1906 2391 hinc
1920 2369 1968 2395 eet,
1983 2365 2052 2390 addit
2066 2364 2236 2398 Porphyrius,
2250 2364 2321 2397 quod
2330 2363 2485 2389 Aristotele·

1421 2398 1517 2423 addidit
1534 2403 1633 2432 partem
1652 2399 1799 2424 orationisa
1813 2407 1842 2425 se
1861 2398 1979 2424 definitae
1998 2398 2140 2433 significare
2159 2399 2264 2432 quidem
2283 2403 2312 2423 ut
2331 2398 2482 2428 dictionem,

1421 2438 1498 2466 prout
1512 2433 1593 2459 dictio
1603 2434 1767 2466 distinguitur
1780 2434 1812 2459 ab
1831 2435 2018 2469 affirmatione.
2037 2435 2119 2460 Porro
2133 2434 2159 2459 in
2173 2434 2288 2459 oratione
2298 2433 2408 2466 simplici
2417 2441 2486 2466 pm

1421 2467 1547 2501 significat
1563 2473 1594 2494 ut
1613 2469 1710 2494 dictio:
1723 2469 1866 2502 significare
1882 2478 1945 2495 vero
1960 2474 1990 2495 ut
2001 2469 2207 2504 affirmationem
2220 2469 2355 2503 proprium
2373 2473 2415 2494 est
2427 2476 2485 2503 par-

1420 2503 1453 2528 tis
1471 2504 1595 2529 orationis
1621 2505 1788 2537 compositae.
1809 2505 1871 2530 Ruit
1889 2513 1952 2538 ergo
1969 2505 2080 2530 obiectio
2098 2505 2209 2538 Aspasii,
2227 2509 2318 2538 utpote
2336 2503 2403 2529 falso
2422 2512 2486 2538 sup·

1439 2539 1507 2564 osito
1526 2539 1618 2565 innixa.

1421 2547 1438 2572 p
1475 2574 1626 2607 Respondet
1638 2575 1790 2606 Alexander,
1805 2575 1972 2600 concedendo
1985 2575 2113 2601 maiorem
2131 2574 2359 2608 argumentationis
2373 2574 2484 2608 Aspasii,

1422 2614 1447 2634 et
1465 2610 1583 2641 negando
1603 2610 1739 2635 minorem.
1758 2610 1786 2634 ln
1805 2609 1952 2635 definitione
1975 2610 2045 2635 enim
2067 2610 2173 2643 generis
2191 2617 2244 2635 non
2263 2609 2340 2634 debet
2357 2609 2419 2642 poni
2437 2607 2486 2634 dif-

1421 2643 1541 2675 ferentia,
1561 2645 1607 2669 sed
1631 2645 1655 2669 id
1675 2645 1760 2669 solum
1784 2645 1854 2677 quod
1873 2649 1914 2669 est
1935 2652 2075 2670 commune
2099 2645 2236 2677 speciebus
2259 2644 2308 2669 sub
2326 2644 2372 2668 illo
2390 2651 2485 2676 genere

1422 2679 1625 2712 comprehensis.
1645 2679 1711 2704 Hinc
1729 2678 1875 2705 definiendo
1893 2679 1995 2704 animal
2013 2685 2082 2704 recte
2099 2679 2199 2711 dicitur,
2213 2679 2284 2712 quod
2299 2683 2339 2703 est
2353 2678 2442 2704 vivens
2455 2681 2486 2704 ut

1421 2713 1573 2739 sensitivam
1593 2719 1618 2739 et
1637 2722 1689 2738 non
1709 2717 1739 2739 ut
1757 2714 1888 2739 rationale
1906 2715 1947 2739 vel
1967 2714 2138 2739 irrationale.-
2161 2714 2221 2747 quia
2238 2713 2360 2739 rationale
2378 2718 2404 2738 et
2422 2713 2484 2739 irra-

1422 2749 1516 2773 tionale
1535 2754 1596 2773 sunt
1615 2757 1667 2773 non
1686 2749 1848 2774 constitutiva
1866 2749 1972 2782 generis
1991 2749 2061 2782 quod
2080 2754 2121 2774 est
2139 2749 2241 2780 animal,
2261 2749 2308 2774 sed
2327 2749 2484 2774 differentiae

1422 2783 1606 2808 constituentes
1628 2784 1726 2816 species
1744 2784 1870 2808 animalis.
1893 2784 1974 2808 Porro
1997 2783 2140 2817 significare
2158 2789 2187 2809 ut
2205 2784 2345 2809 dictionem
2365 2788 2406 2808 est
2423 2791 2485 2816 pro-

1422 2818 1507 2851 prium
1517 2819 1607 2851 partis
1620 2818 1742 2844 orationis
1757 2819 1783 2844 in
1795 2825 1889 2851 genere
1903 2824 1932 2844 ut
1945 2819 2110 2851 distinguitur
2123 2827 2137 2844 a
2151 2819 2271 2849 nomine;
2290 2826 2352 2852 ergo
2367 2823 2409 2844 est
2421 2819 2485 2852 quid

1422 2861 1561 2878 commune
1579 2853 1686 2879 orationi
1698 2859 1755 2879 tum
1774 2854 1892 2886 simplici,
1907 2858 1963 2878 tum
1976 2854 2143 2887 compositae.
2158 2855 2192 2879 At
2206 2853 2351 2887 significare
2365 2857 2395 2879 ut
2407 2853 2484 2888 affin-

1422 2889 1564 2914 matt'onem
1583 2894 1624 2914 est
1641 2888 1782 2914 differentia
1801 2897 1852 2922 qua
1870 2889 1952 2914 oratio
1966 2889 2109 2922 composita
2128 2889 2212 2914 differt
2225 2897 2239 2914 a
2254 2889 2376 2922 simplici3
2390 2889 2485 2914 etideo

1422 2924 1498 2948 debet
1515 2924 1614 2949 excludi
1629 2931 1644 2948 a
1658 2923 1805 2949 definitione
1817 2924 1941 2949 orationis
1955 2924 1982 2949 in
1996 2932 2098 2956 genere.
2108 2938 2120 2943 —
2129 2925 2200 2949 Haec
2213 2929 2301 2949 autem
2319 2925 2408 2949 omnia
2421 2931 2484 2950 con-

1422 2959 1549 2984 ceduntur
1566 2967 1581 2983 a
1599 2959 1755 2992 Porphyrio:
1775 2959 1945 2992 discrepantia
1968 2963 2008 2984 est
2030 2967 2083 2984 non
2101 2960 2127 2984 in
2145 2959 2319 2990 conclusione,
2338 2960 2384 2984 sed
2403 2959 2430 2984 in
2451 2967 2485 2985 eo

1422 2994 1493 3026 quod
1508 2994 1666 3027 Porphyrius
1685 2999 1758 3027 putat
1770 2994 1914 3020 orationem
1927 2994 2071 3027 simplicem
2087 2993 2185 3020 definiri
2204 2994 2236 3019 ab
2254 2994 2406 3025 Aristotele}
2420 3001 2482 3019 con-

1421 3033 1459 3054 tra
1477 3029 1622 3054 Alexander
1638 3030 1696 3054 vult
1709 3028 1808 3054 definiri
1826 3030 1969 3054 orationem
1988 3029 2014 3054 in
2032 3037 2135 3062 genere,
2155 3034 2182 3054 et
2199 3030 2302 3054 nonnisi
2321 3035 2484 3062 consequen-

1422 3068 1461 3089 ter
1478 3064 1622 3089 orationem
1645 3064 1798 3097 simplicem.
1828 3065 1860 3089 Et
1887 3070 2024 3098 propterea
2048 3065 2075 3090 in
2103 3065 2173 3090 idem
2203 3065 2315 3090 redeunt
2340 3064 2486 3090 solutiones

1421 3103 1477 3124 tum
1496 3099 1631 3132 Porphyrii
1649 3104 1706 3124 tum
1724 3100 1873 3130 Alexandri,
1893 3100 1953 3125 licet
1970 3103 2098 3132 quantum
2117 3100 2155 3125 ad
2172 3100 2252 3125 uerba
2265 3106 2415 3132 pmcntper
2430 3099 2484 3134 dry-

1414 3134 1518 3168 serant.

1474 3167 1499 3204 0)
1519 3169 1625 3195 Habere
1634 3173 1722 3195 autem
1732 3173 1828 3202 partes
1841 3170 2021 3203 significantes
2034 3170 2138 3203 aliquid
2151 3173 2181 3195 ut
2315 3169 2341 3194 ἰο
2354 3173 2403 3194 etc.
2413 3169 2484 3195 Haec

1421 3204 1496 3229 lectio
1515 3205 1594 3229 Piana
1607 3205 1675 3230 bona
1689 3210 1737 3236 est,
1750 3209 1776 3230 et
1789 3205 1909 3230 cohaeret
1927 3213 1987 3230 cum
2004 3205 2087 3230 forma
2101 3205 2201 3230 dicendi
2216 3204 2281 3230 infra
2295 3213 2321 3230 n.
2333 3203 2348 3229 5
2363 3204 2483 3235 adhibita,

1421 3244 1447 3264 et
1461 3239 1646 3272 antiquioribus
1660 3240 1805 3265 Aristotelis
1819 3240 2008 3273 expositoribus
2021 3240 2121 3271 usitata,
2134 3245 2164 3265 ut
2176 3240 2264 3265 videre
2279 3244 2320 3264 est
2334 3239 2403 3272 apud
2416 3239 2484 3264 Boo-

1421 3274 1503 3300 thium
1518 3276 1565 3300 loc.
1574 3275 1614 3300 cit.
1625 3275 1650 3300 in
1661 3280 1720 3300 nota
1730 3275 1900 3308 praecedenti.
1916 3275 1971 3300 lmo
1980 3283 2011 3300 ea
2019 3275 2099 3300 utitur
2107 3275 2273 3300 Aristoteles:
2283 3273 2318 3304 ὥς
2327 3271 2479 3308 κατάφασις.

1422 3310 1503 3335 Codd.
1517 3310 1608 3335 ACDE
1623 3308 1657 3343 (Β
1669 3310 1747 3335 habet
1769 3307 1904 3345 lacunam)
1924 3311 2025 3342 legunt:
2039 3310 2136 3335 habere
2157 3313 2247 3335 autem
2266 3313 2362 3342 partes
2379 3308 2483 3342 sigulfi-

1421 3348 1511 3370 cantes
1526 3343 1567 3379 (A,
1581 3344 1698 3379 aliquid)
1707 3353 1757 3378 per
1770 3345 1877 3371 modum
1887 3345 2077 3379 affirmationis
2089 3345 2215 3378 competit
2223 3345 2274 3370 soli
2282 3343 2399 3370 orationi
2410 3350 2482 3368 mm-

1417 3381 1537 3413 positae:
1551 3381 1598 3406 sed
1611 3380 1707 3406 habere
1715 3383 1810 3412 partes
1822 3380 2003 3414 significantes
2011 3380 2054 3413 (A,
2064 3387 2132 3413 quae
2140 3378 2304 3414 significant)
2309 3385 2362 3412 per
2374 3377 2482 3403 modum

1422 3415 1545 3441 dictionis
1563 3421 1610 3440 etc.
1630 3416 1730 3440 Horum
1754 3421 1840 3441 autern
1863 3416 1938 3440 codd.
1959 3415 2043 3446 lectio,
2067 3415 2188 3440 eumdem
2211 3421 2320 3440 sensum
2337 3413 2440 3439 exhibet
2453 3420 2482 3437 ac

1422 3451 1511 3480 Piana;
1526 3450 1667 3484 expeditior
1677 3454 1763 3475 tamen
1774 3451 1836 3476 mihi
1846 3451 1947 3475 videtur
1959 3454 1985 3476 et
1994 3450 2077 3483 magis
2092 3450 2241 3483 perspicua:
2255 3449 2309 3474 imo
2322 3455 2385 3473 vero
2398 3447 2481 3479 mgis

1420 3486 1581 3519 respondens
1599 3485 1630 3510 iis
1649 3493 1715 3519 quae
1729 3486 1876 3511 immediate
1890 3490 2048 3519 sequuntur:
2062 3485 2110 3511 sed
2123 3485 2219 3510 habere
2227 3487 2322 3516 pam-t
2335 3482 2481 3508 etc-Cum

1420 3520 1539 3554 praefatis
1554 3525 1638 3546 autem
1657 3520 1786 3546 codicibus
1806 3521 1928 3552 legimus:
1943 3520 2067 3553 competit
2088 3519 2139 3545 ooli
2156 3518 2274 3545 orationi
2290 3517 2480 3550 compositae.-

1421 3556 1498 3581 Piana
1516 3555 1606 3581 habet:
1620 3555 1670 3581 hoc
1686 3557 1771 3581 solum
1789 3556 1914 3588 conipetit
1932 3555 2049 3581 orationi
2065 3554 2233 3587 compositae.

2514 464 2522 472 '
2532 463 2664 493 Azlpriom
2684 465 2724 486 sed

2513 495 2597 517 corrig.
2625 490 2648 510 in
2673 491 2726 518 pri-

2512 521 2589 540 mum,·
2612 522 2671 543 quae
2692 521 2726 539 est

2513 542 2564 563 leet.
2575 547 2611 563 ae.

2515 569 2523 577 '¹
2533 574 2576 589 nac
2617 569 2726 591 omittunt

2509 594 2588 621 prius.

2512 621 2652 642 Alexander.

2512 647 2663 669 Ammonius.

2513 674 2522 681 ·
2533 673 2580 700 Op.
2589 673 2628 695 eit.
2639 677 2695 695 sect.
2707 674 2724 697 l.

2513 700 2561 727 δικ,
2569 705 2621 727 pag.
2628 705 2651 727 o,
2658 701 2729 728 σοις,

2621 778 2634 803 θ

2513 1313 2610 1360 {gnon
2621 1339 2688 1361 bene.

2512 1365 2654 1393 Porphyriu-
