2548 4192
200 277 294 303 CCCII

204 347 393 378 verborum:
416 346 502 377 unde
518 351 594 387 post
610 351 723 386 potum
749 345 839 375 illum
869 354 932 374 non
958 344 1067 373 liceret
1091 342 1201 372 eadem
1225 342 1277 372 die

206 392 454 422 communicare.
478 391 529 421 Ad
553 390 703 421 trutinam
726 396 819 420 vocat
843 389 883 419 III
908 399 952 428 p.,
972 398 1003 428 q.
1024 396 1144 425 Lxxxu,
1165 393 1221 417 art.
1241 396 1275 424 11,

209 436 478 467 Consuetudinem
503 435 707 475 quarundam
731 434 970 469 Ecclesiarum,
996 432 1082 462 iuxta
1102 440 1201 471 quam
1224 440 1276 461 sa-

205 481 359 518 cerdotes,
385 490 456 511 cum
481 479 521 510 de
544 489 625 509 novo
649 478 854 514 ordinantur,
880 476 1103 507 concelebrant
1118 476 1276 515 Episcopo

205 525 381 562 ordinanti,
407 524 502 555 simul
526 533 600 554 cum
624 533 662 553 eo
686 523 780 552 verba
804 521 1047 552 consecrationis
1070 520 1276 560 proferentes.

205 570 299 601 Ritus
315 568 567 600 convenientiam
587 573 710 598 tuetur:
728 567 943 606 admonetque
964 566 1106 595 omnium
1131 565 1277 595 intentio-

207 624 278 645 nem
293 614 387 655 ferri
408 613 522 643 debere
544 612 588 642 ad
606 611 688 641 idem
713 612 838 641 instans
861 610 1121 640 consecrationis.
1147 610 1219 646 Qua
1239 610 1278 640 de

205 669 238 689 re
262 659 353 699 plura
377 657 497 696 egregie
521 656 643 686 disserit
659 655 792 685 Ioannes
815 654 960 685 Morinus
977 654 1025 684 De
1042 653 1135 684 sacris
1151 654 1278 685 ordina-

204 703 345 734 tionibus
364 708 450 742 parte
465 710 514 738 111,
534 699 656 730 exercit.
673 709 741 730 vm.

272 747 363 777 Ritus
387 745 489 775 varios
514 744 653 785 exponit,
677 744 733 785 qui
756 743 903 783 vigebant
927 742 959 773 in
979 743 1144 783 utriusque
1164 742 1278 783 speciei

207 790 442 831 dispensatione
457 789 496 819 111
514 799 558 829 p.,
578 795 698 829 quaest.
720 788 783 826 cit„
795 795 850 818 art.
866 797 914 818 111.
932 787 1077 827 Speciem
1094 787 1184 828 panis
1200 798 1278 818 non-

206 837 269 866 nisi
297 836 329 865 in
354 835 559 871 necessitate,
592 833 718 863 iubente
740 833 898 873 Episcopo
930 833 980 863 vel
996 832 1211 873 presbytero,
1239 833 1278 862 ab

204 879 345 910 diaconis
373 878 572 909 distributam
599 877 761 908 verissime
790 877 902 907 docet:
935 877 1047 907 adnuit
1074 886 1149 907 vero
1173 876 1278 907 diaco-

205 934 323 954 norum
346 922 489 964 officium
515 922 610 953 fuisse
634 929 671 953 ut
693 922 831 962 speciem
853 921 919 951 vini
935 921 1162 962 dispensarent.
1180 921 1279 959 Quod

205 969 244 999 ab
267 967 428 1008 Aquinate
451 967 619 997 discrimen
636 967 780 1007 positum
798 966 926 997 uberius
945 966 1112 1004 illustrant,
1131 966 1278 1007 antiquo-

204 1023 277 1043 rum
301 1018 589 1042 monumentorum
611 1010 690 1050 fide,
718 1011 776 1041 viri
800 1011 1001 1051 peritissimi,
1026 1011 1081 1051 qui
1106 1011 1144 1040 de
1168 1010 1278 1041 ritibus

205 1063 312 1097 agunt.
337 1056 400 1087 Sed
422 1056 529 1087 adhuc
550 1056 663 1094 hodie,
693 1055 856 1096 inquiebat
886 1063 1012 1086 sanctus
1035 1056 1157 1086 Doctor
1179 1062 1279 1086 aetate

204 1112 261 1132 sua
278 1102 320 1132 IV
337 1101 435 1139 Sent.‚
456 1100 526 1131 dist.
545 1110 612 1139 xm,
633 1111 664 1142 q.
679 1111 701 1139 1,
721 1107 777 1131 art.
795 1111 839 1139 m,
859 1106 980 1141 quaest.
999 1110 1022 1130 11
1041 1100 1080 1130 ad
1106 1110 1132 1137 1,
1152 1100 1192 1130 In
1209 1101 1279 1141 qui-

205 1146 339 1177 busdam
363 1145 518 1176 Ecclesiis
540 1145 685 1186 Sanguis
705 1155 767 1185 per
789 1144 960 1175 diaconum
985 1146 1141 1175 ministris
1163 1145 1279 1175 altaris

204 1191 420 1231 dispensatur.
446 1190 592 1230 Utroque
615 1190 689 1220 loco
712 1189 808 1219 verba
830 1189 923 1220 refert
947 1200 970 1219 s.
990 1189 1150 1219 Laurentii
1175 1189 1279 1220 diaco-

204 1235 237 1265 ni
262 1235 302 1265 ad
321 1235 445 1266 Sixtum
459 1234 645 1264 Romanum
661 1233 863 1264 Pontificem:
887 1234 1060 1274 Experire,
1079 1239 1187 1264 utrum
1213 1234 1279 1265 ido-

205 1289 299 1310 neum
325 1280 507 1310 ministrum
530 1279 677 1320 elegeris,
695 1279 748 1309 cui
762 1279 947 1310 commisisti
961 1279 1124 1309 Dominici
1138 1278 1280 1320 Sangui-

206 1325 256 1354 nis
279 1323 558 1364 dispensationem.
582 1323 724 1354 Nourius
745 1330 847 1354 asceta
866 1323 1111 1353 Sammauraeus
1135 1323 1278 1354 doctissi-

206 1379 278 1399 mus
302 1368 335 1398 in
359 1367 498 1398 editione
522 1378 658 1408 operum
682 1378 706 1398 s.
725 1367 898 1406 Ambrosii,
919 1367 953 1397 in
977 1367 1061 1398 notis
1080 1367 1120 1397 ad
1144 1377 1211 1407 cap.
1227 1378 1280 1398 xm

205 1412 276 1443 libri
301 1413 312 1442 1
343 1413 392 1443 De
416 1411 528 1442 officiis
548 1412 779 1450 ministrorum,
795 1412 965 1442 lectionem
982 1411 1063 1442 hanc
1079 1421 1116 1442 ex
1133 1421 1208 1442 mss.
1227 1422 1279 1442 co-

206 1457 328 1488 dicibus
352 1456 486 1497 praefert
501 1467 536 1487 ac
559 1457 711 1497 reposuit:
735 1457 898 1487 Dominici
916 1456 1097 1496 Sanguinis
1113 1465 1279 1487 consecra-

205 1503 333 1532 tionem.
358 1502 482 1532 Prostat
504 1501 598 1531 lectio
629 1501 668 1531 ab
691 1500 851 1541 Aquinate
883 1500 1021 1530 adhibita
1044 1500 1077 1530 in
1106 1501 1170 1531 vita
1193 1501 1279 1540 apud

204 1546 422 1586 Lipomanum
446 1553 476 1576 et
498 1545 531 1575 in
554 1545 617 1575 vita
641 1545 727 1585 apud
751 1545 903 1575 Iacobum
927 1545 966 1575 de
990 1544 1164 1584 Voragine:
1185 1545 1281 1582 Quod

204 1596 251 1621 est
274 1590 391 1621 indicio
415 1588 542 1632 (Nourii
574 1590 669 1619 verba
692 1588 779 1631 sunt)
803 1589 922 1620 alicubi
952 1595 1082 1620 exstare
1113 1590 1280 1630 exemplar

203 1634 336 1675 aliquod
358 1634 560 1665 Ambrosiani
584 1633 665 1671 libri,
690 1635 722 1664 in
747 1644 810 1674 quo
832 1635 880 1664 sic
895 1634 1036 1675 legatur.
1054 1634 1130 1671 Quo
1146 1634 1279 1665 demum

204 1689 298 1709 sensu
322 1689 383 1709 vox
408 1679 668 1715 consecrationis,
694 1678 719 1708 si
743 1678 906 1709 retinenda
930 1678 1062 1719 quidem
1081 1678 1130 1717 sit,
1147 1679 1278 1719 intelligi

206 1723 327 1761 debeat,
347 1723 454 1763 ipsum
474 1722 605 1753 consule
623 1722 728 1753 virum
748 1722 986 1763 peritissimum.

271 1767 330 1797 His
354 1767 437 1797 addo
461 1773 624 1797 vetustum
647 1767 806 1798 Ecclesiae
829 1767 994 1798 Romanae
1018 1777 1143 1798 morem
1159 1774 1195 1798 ut
1210 1768 1279 1798 Ho-

203 1812 280 1843 stiae
304 1818 502 1842 consecratae
525 1818 586 1842 tres
610 1811 721 1842 fierent
744 1818 862 1852 partes,
887 1812 990 1852 prima
1013 1812 1046 1842 in
1066 1812 1195 1843 calicem
1218 1812 1278 1843 im-

203 1856 367 1895 mittenda,
392 1856 487 1886 altera
510 1856 665 1886 sumenda
684 1856 723 1886 ab
738 1855 810 1896 ipso
826 1857 998 1895 sacerdote,
1015 1857 1104 1887 tertia
1125 1857 1164 1887 ad
1180 1856 1279 1888 finem

203 1901 317 1931 Missae
341 1911 400 1941 pro
424 1900 707 1931 communicaturis
731 1907 786 1932 aut
808 1900 942 1931 infirmis
965 1902 1160 1932 reservanda.
1187 1902 1279 1933 Hanc

204 1952 362 1976 memorat
381 1945 647 1976 consuetudinem
662 1945 858 1985 Micrologus
874 1946 922 1976 De
937 1946 1151 1976 ecclesiasticis
1171 1947 1277 1977 obser-

202 1990 383 2020 vationibus
412 1990 512 2030 capite
536 2000 617 2028 xvn,
647 1990 856 2031 eamdemque
885 1990 979 2021 refert
1001 1991 1144 2031 Aquinas
1169 1992 1209 2022 111
1234 2003 1278 2032 p.,

203 2045 235 2075 q.
255 2044 379 2072 Lxxxm,
399 2041 455 2065 art.
480 2045 501 2064 v
519 2034 559 2064 ad
579 2034 598 2064 8
618 2034 662 2065 sic
681 2035 810 2065 addens:
826 2035 894 2066 Hic
909 2040 1016 2066 tamen
1035 2037 1119 2066 ritus
1132 2046 1196 2067 non
1211 2046 1279 2067 ser-

203 2084 301 2111 vatur
323 2079 425 2109 modo.

581 2191 790 2230 CAPUT
819 2193 900 2229 III.

204 2291 317 2323 Variam,
337 2298 405 2324 quae
422 2290 547 2323 viguerat,
567 2291 675 2316 callebat
693 2291 771 2316 etiam
790 2291 906 2324 Aquinas
926 2291 1087 2325 disciplinam
1103 2292 1129 2318 in
1143 2293 1280 2318 Poeniten-

276 2326 326 2352 tiae
344 2326 575 2358 administratione,
595 2326 711 2359 itemque
725 2327 750 2352 in
766 2333 878 2352 extrema
897 2327 1037 2359 Unctione,
1057 2334 1083 2354 et
1101 2328 1126 2353 in
1146 2336 1218 2354 sacra
1232 2329 1279 2354 mi-

278 2362 418 2387 nistrorum
437 2362 618 2393 ordinatione,
638 2370 667 2387 ac
687 2362 794 2387 demum
813 2362 985 2388 Mau-imonio.

347 2522 555 2552 absolutionis
578 2522 611 2552 in
635 2522 837 2553 Sacramento
866 2523 1082 2554 Poenitentiae
1104 2525 1209 2555 valida
1232 2525 1279 2556 so-

205 2570 262 2601 ret,
280 2573 336 2594 ver
357 2567 384 2596 is
401 2566 632 2606 deprecatoriis
647 2574 807 2606 expressa:
828 2567 978 2608 idemque
1001 2569 1087 2608 apud
1110 2569 1279 2609 theologos

208 2607 374 2640 dissidium
403 2610 563 2651 hodieque
593 2610 700 2641 fervet.
725 2611 759 2640 In
794 2621 864 2641 eam
888 2621 946 2651 pro
978 2611 1080 2642 forma
1105 2614 1278 2644 indicativa

206 2661 281 2683 cum
305 2654 460 2694 magistris
484 2655 710 2685 Parisiensibus
734 2655 851 2686 abierat
874 2656 1062 2687 sententiam
1078 2657 1200 2688 Doctor
1214 2660 1279 2688 An-

205 2697 324 2737 geticus
353 2705 390 2729 ut
419 2699 554 2729 omnino
586 2699 725 2730 reiiceret
755 2699 1013 2740 deprecatoriam.
1046 2701 1149 2740 Digna
1172 2709 1278 2732 tamen

206 2748 281 2773 sunt
303 2743 576 2774 animadversione
600 2743 668 2774 eius
690 2744 801 2782 verba,
825 2754 906 2785 quae
930 2744 963 2775 in
987 2744 1155 2784 Opusculo
1178 2746 1277 2784 XXII,

204 2786 360 2818 habentur
383 2788 484 2828 capite
499 2795 533 2818 v:
558 2788 657 2819 Addit
679 2789 774 2818 etiam
799 2786 952 2830 (scriptor
974 2789 1121 2830 quidam,
1145 2790 1201 2830 qui
1225 2790 1278 2820 ad-

204 2841 328 2862 versam
351 2832 539 2872 opinionem
562 2831 713 2875 tenebat),
738 2833 929 2870 obiiciendo,
954 2833 1039 2874 quod
1062 2835 1118 2864 vix
1140 2835 1277 2875 triginta

205 2877 285 2906 anni
307 2882 393 2914 sunt,
418 2877 503 2917 quod
525 2887 635 2907 omnes
657 2877 719 2908 hac
737 2877 807 2908 sola
823 2877 940 2918 forma
964 2876 1188 2921 (deprecativa)
1211 2884 1277 2909 ute-

204 2920 342 2952 bantur:
369 2921 607 2952 Absolutionem
636 2926 667 2952 et
697 2923 913 2952 remissionem
945 2927 1002 2953 etc.
1028 2922 1092 2953 Sed
1120 2923 1277 2963 quomodo

203 2965 244 2996 de
266 2965 412 2996 omnibus
428 2971 536 3006 potest
559 2966 774 2996 testimonium
792 2967 979 3006 perhibere,
1003 2967 1058 3007 qui
1081 2977 1190 2998 omnes
1213 2978 1275 2998 non

205 3009 294 3040 vidit.
318 3010 406 3040 Haec
429 3010 503 3041 satis
535 3010 675 3041 indicant
699 3010 784 3049 duo,
818 3021 900 3052 quae
932 3011 1078 3051 peritiam
1109 3012 1276 3052 Aquinatis

205 3054 356 3094 produnt:
386 3065 412 3085 1.
428 3055 560 3085 Vetusta
583 3054 759 3085 innotuisse
775 3055 930 3094 Angelico
946 3056 1143 3096 Praeceptori
1159 3067 1275 3087 monu-

205 3105 312 3128 menta
328 3108 403 3128 cum
415 3098 569 3139 formula
584 3099 818 3139 deprecatoria,
830 3109 928 3140 quam
943 3100 1074 3131 minime
1093 3111 1276 3132 sacramen-

206 3142 302 3172 talem
327 3142 394 3183 ipse
418 3144 579 3174 censebat:
606 3153 635 3174 2.
661 3144 754 3174 Visos
779 3143 873 3174 etiam
897 3145 935 3175 ab
965 3144 1036 3184 ipso
1060 3145 1195 3183 codices,
1220 3146 1275 3187 qui

196 3186 382 3227 formulam
407 3188 612 3218 indicativam
637 3188 844 3227 praestabant.
869 3188 950 3219 Sane
970 3188 1057 3219 fateri
1075 3190 1198 3229 cogitur
1213 3191 1276 3221 Ed-

207 3231 348 3261 mundus
371 3232 511 3262 Martene
539 3232 587 3262 De
610 3232 748 3272 antiquis
771 3232 928 3263 Ecclesiae
953 3233 1063 3264 ritibus
1085 3234 1167 3265 libro
1185 3235 1208 3271 l,
1225 3245 1275 3266 ca-

207 3275 271 3315 pite
291 3285 332 3313 vr,
353 3282 409 3306 art.
429 3286 460 3314 v,
480 3286 569 3306 num.
596 3283 648 3306 12:
669 3277 708 3307 In
728 3277 894 3318 plerisque
909 3278 1000 3308 libris
1015 3279 1156 3319 antiquis
1175 3281 1275 3310 ritua-

206 3319 289 3350 libus
312 3329 386 3351 mss.
411 3330 477 3350 una
502 3330 573 3351 cum
598 3321 796 3352 orationibus
819 3323 1095 3359 reconciliatoriis,
1107 3323 1277 3364 formulas

205 3364 360 3404 quasdam
392 3364 600 3395 absolutionis
633 3365 824 3396 indicativus
854 3368 1000 3406 reperiri.
1019 3380 1033 3395 ι
1060 3368 1101 3398 Et
1124 3378 1163 3398 ne
1186 3368 1275 3409 quis,

209 3421 223 3435 »
244 3409 354 3448 inquit,
380 3409 477 3440 libros
500 3410 572 3440 illos
596 3416 749 3450 tanquam
772 3411 959 3442 recentiores
983 3412 1130 3443 novitatis
1144 3412 1276 3444 insimu-

209 3465 223 3479 »
242 3452 295 3490 let,
319 3454 544 3493 praetermissis
567 3454 628 3484 illis
652 3454 707 3495 qui
732 3462 893 3486 sexcentos
917 3466 1018 3487 annos
1035 3467 1101 3487 non
1116 3465 1276 3498 superant,

211 3509 226 3524 ›
244 3504 382 3536 quatuor
405 3498 454 3529 hic
478 3499 621 3538 produco
646 3506 798 3530 vetustate
820 3506 851 3530 et
872 3500 1056 3542 antiquitate
1073 3501 1166 3541 plane
1184 3511 1277 3532 vene-

209 3553 224 3567 ›
246 3541 374 3572 rabiles:
401 3542 542 3582 primum
572 3543 698 3582 Egberti
728 3544 934 3575 Eboracensis
967 3545 1118 3586 Episcopi
1145 3545 1275 3577 Pontifi-

211 3597 226 3611 »
248 3585 312 3614 cale
336 3586 443 3616 litteris
472 3587 626 3618 saxonicis
650 3588 863 3627 pereleganter
882 3589 1069 3629 scriptum...
1094 3590 1277 3621 Secundum

210 3641 226 3656 >
246 3630 457 3668 Anglicanum
467 3631 650 3662 monasterii
663 3631 934 3671 Gemmeticensis,
947 3633 1037 3664 cuius
1048 3641 1182 3665 caracter
1196 3644 1277 3665 non-

205 2473 230 2504 1.
253 2460 467 2596 Qbuaestio
491 2477 555 2507 divi
579 2477 726 2508 Thomae
750 2485 849 2509 aetate
873 2478 1058 2518 agitabatur,
1075 2490 1155 2510 num
1161 2479 1280 2520 forma

917 262 1378 301 DISSERTATIONES
1408 263 1657 300 CRITICAE

1335 354 1350 369 »
1369 350 1482 383 gentos
1507 344 1626 374 circiter
1650 354 1752 374 annos
1771 344 1883 375 refert:
1900 345 2029 376 tertium
2049 345 2241 376 Gellonense
2263 347 2409 378 vetustis-

1335 398 1349 412 »
1370 387 1506 418 simum:
1531 396 1682 429 quartum
1702 389 1881 419 Rhemense
1905 400 1929 419 s.
1955 390 2107 429 Remigii,
2132 390 2256 430 Tirpini
2281 392 2408 422 Archie-

1335 443 1350 459 2>
1370 432 1494 473 piscopi
1511 432 1695 463 Pontificale
1715 434 1886 473 vulgariter
1902 434 2033 472 dictum,
2050 435 2159 465 litteris
2175 435 2410 475 longobardicis

1335 488 1350 503 »
1370 477 1534 517 scriptum.
1553 490 1568 504 »
1587 477 1731 508 Consule
1748 488 1830 518 quae
1845 478 1903 508 hac
1923 479 1961 508 de
1978 489 2010 509 re
2026 479 2148 510 calamo
2164 479 2275 510 latiore
2291 487 2409 520 pertra-

1334 521 1488 552 ctavimus
1503 522 1652 552 adversus
1669 522 1852 552 Launoium
1872 522 2099 554 Dissertatione
2120 525 2234 562 XVIII,
2255 524 2356 564 capite
2377 535 2408 555 11.

1399 565 1617 596 Poenitentiae
1641 567 1797 606 publicae,
1821 567 1952 597 vetustis
1976 568 2174 607 temporibus
2194 568 2409 609 frequentissi-

1333 619 1415 647 mae,
1440 617 1540 641 aetate
1563 611 1731 651 Aquinatis
1755 621 1822 641 non
1847 611 1981 642 omnino
2006 613 2179 650 obsoletae,
2204 613 2340 653 effigiem
2356 614 2408 644 de-

1332 652 1430 684 lineat
1451 654 1519 694 ipse
1543 655 1586 685 1v
1606 655 1704 692 Sent.‚
1732 655 1803 686 dist.
1823 666 1885 693 Ην,
1911 666 1942 696 q.
1967 667 1989 694 1,
2010 663 2065 687 art.
2086 667 2116 694 v,
2136 667 2167 698 q.
2188 665 2235 687 111:
2260 671 2274 686 α
2293 658 2409 689 Omnis

1335 709 1350 724 ι
1369 698 1521 729 solemnis
1545 699 1750 739 poenitentia,
1775 701 1931 740 inquiens,
1957 707 2003 731 est
2026 701 2163 741 publica:
2180 702 2234 732 sed
2250 712 2317 732 non
2333 713 2408 733 con-

1335 753 1350 768 »
1369 743 1510 773 vertitur.
1535 743 1734 774 Poenitentia
1757 744 1844 774 enim
1868 745 2020 775 solemnis
2043 745 2105 776 hoc
2129 746 2229 776 modo
2246 746 2291 777 fit.
2308 747 2342 777 In
2358 757 2408 777 ca-

1335 797 1350 812 »
1370 787 1435 826 pite
1459 788 1727 827 Quadragesimae
1750 788 1827 818 tales
1850 789 2048 828 poenitentes
2072 798 2272 830 praesentant
2286 801 2319 821 se
2333 801 2408 822 cum

1336 842 1350 856 ²·
1370 831 1560 872 presbyteris
1584 832 1649 862 suis
1680 832 1843 872 Episcopo
1867 833 2000 864 civitatis
2028 841 2100 864 ante
2125 834 2208 865 fores
2231 835 2408 874 Ecclesiae,

1336 887 1351 902 ι»
1371 885 1463 906 sacco
1486 876 1601 913 induti,
1626 876 1720 906 nudis
1745 877 1890 916 pedibus,
1914 877 2055 908 vultibus
2072 879 2228 917 demissis,
2245 890 2339 910 coma
2355 880 2409 910 de-

1336 930 1350 945 »
1371 920 1489 960 posita:
1510 927 1541 951 et
1564 920 1609 951 eis
1632 920 1666 950 in
1690 921 1865 951 Ecclesiam
1887 921 2095 959 introductis,
2125 923 2306 963 Episcopus
2334 934 2410 955 cum

1337 976 1351 991 »
1372 964 1461 994 omni
1486 964 1581 996 Clero
1606 972 1728 1005 septem
1752 966 1893 1006 psalmos
1917 966 2157 1006 poenitentiales
2181 967 2256 998 dicit
2279 975 2310 999 et
2323 975 2410 1008 post-

1336 1020 1350 1035 »
1369 1010 1507 1039 modum
1531 1009 1574 1040 eis
1598 1020 1731 1040 manum
1760 1009 1909 1050 imponit,
1933 1021 2052 1051 aquam
2074 1011 2272 1042 benedictam
2294 1013 2411 1053 spargit

1337 1066 1351 1080 »
1371 1060 1402 1084 et
1419 1054 1557 1084 cinerem
1581 1054 1736 1095 capitibus
1759 1054 1915 1094 imponit,
1933 1055 2035 1085 cilicio
2060 1056 2142 1086 colla
2165 1066 2278 1087 eorum
2297 1057 2411 1097 operit,

1337 1110 1351 1124 ³·
1372 1105 1402 1129 et
1426 1099 1595 1129 denunciat
1619 1099 1662 1129 eis
1685 1099 1938 1139 lacrymabiliter:
1963 1100 2062 1136 Quod
2077 1100 2158 1131 sicut
2172 1101 2277 1131 Adam
2294 1102 2411 1132 eiectus

1337 1155 1352 1170 »
1371 1150 1417 1173 est
1440 1154 1458 1173 a
1481 1143 1641 1181 Paradiso,
1666 1143 1708 1174 ita
1731 1143 1791 1183 ipsi
1823 1144 1861 1174 de
1885 1144 2025 1174 Ecclesia
2055 1144 2233 1176 eiiciuntur.
2259 1146 2300 1177 Et
2322 1146 2411 1177 iubet

1337 1199 1352 1214 »
1371 1187 1522 1218 ministris
1538 1195 1575 1219 ut
1590 1198 1645 1218 eos
1658 1189 1696 1219 ab
1713 1188 1853 1218 Ecclesia
1869 1188 1998 1228 pellant,
2016 1189 2100 1220 clero
2130 1199 2185 1220 eos
2202 1198 2410 1231 persequente

1338 1244 1352 1259 ³>
1372 1242 1447 1262 cum
1470 1233 1533 1263 hoc
1556 1233 1771 1273 responsorio:
1787 1233 1827 1263 In
1844 1233 1963 1263 sudore
1978 1234 2086 1264 vultus
2105 1235 2153 1264 tui
2171 1240 2229 1265 etc.
2247 1235 2282 1265 In
2299 1235 2411 1266 Coena

1337 1288 1351 1303 »
1372 1284 1479 1307 autem
1503 1277 1647 1315 Domini,
1671 1277 1816 1318 quolibet
1831 1287 1916 1307 anno
1933 1288 1951 1308 a
1966 1278 2031 1308 suis
2047 1279 2237 1319 presbyteris
2252 1279 2285 1310 in
2302 1280 2410 1310 Eccle-

1337 1333 1352 1348 »
1372 1321 1452 1351 siam
1468 1322 1664 1352 reducuntur
1675 1329 1705 1352 et
1715 1329 1807 1352 erunt
1821 1322 1863 1352 ibi
1875 1332 1976 1363 usque
1992 1323 2032 1352 ad
2047 1330 2193 1353 octavam
2203 1324 2351 1361 Paschae,
2368 1324 2412 1355 ita

1337 1377 1351 1392 »
1370 1372 1477 1396 tamen
1494 1366 1582 1407 quod
1594 1377 1660 1397 non
1680 1366 2041 1403 communicabunt,nec
2063 1378 2175 1407 pacem
2196 1368 2361 1409 recipient:
2380 1375 2411 1399 et

1337 1422 1352 1437 κ
1372 1410 1416 1440 sic
1432 1410 1486 1441 fiat
1501 1411 1645 1451 quolibet
1661 1421 1746 1441 anno
1764 1421 1935 1452 quousque
1951 1411 2054 1442 aditus
2069 1412 2228 1443 Ecclesiae
2243 1420 2290 1444 est
2304 1413 2348 1444 eis
2364 1413 2412 1444 in-

1337 1466 1352 1481 »
1372 1454 1531 1485 terdictus.
1549 1455 1669 1486 Ultima
1683 1462 1791 1486 autem
1808 1455 2022 1486 reconciliatio
2041 1456 2205 1497 Episcopo
2221 1465 2412 1497 reservatur,

1337 1510 1351 1525 »
1372 1499 1411 1528 ad
1428 1509 1526 1539 quem
1545 1499 1653 1530 solum
1672 1506 1792 1539 spectat
1810 1500 1963 1531 solemnis
1977 1501 2191 1540 poenitentiae
2207 1501 2382 1542 impositio·
2395 1515 2410 1530 ι

1402 1543 1614 1580 Quaestiones
1638 1550 1738 1583 agunt
1761 1544 1875 1575 eruditi
1898 1544 1957 1575 viri
1981 1544 2020 1575 de
2039 1546 2184 1585 personis
2200 1546 2415 1586 poenitentiae

1334 1587 1481 1627 publicae
1504 1587 1584 1618 olim
1608 1587 1767 1625 obnoxiis,
1792 1588 1897 1629 deque
1921 1588 2041 1619 unitate
2061 1589 2204 1620 eiusdem
2221 1591 2367 1631 publicae
2385 1598 2417 1622 et

1335 1631 1487 1662 solemnis
1511 1631 1736 1672 poenitentiae.
1761 1633 1858 1663 Haud
1883 1643 1935 1663 eas
1958 1633 2085 1674 reliquit
2108 1634 2239 1665 intactas
2258 1635 2413 1676 Aquinas.

1334 1677 1423 1707 Loco
1443 1676 1538 1707 citato
1549 1676 1592 1707 sic
1611 1676 1664 1707 ait:
1684 1677 1791 1707 Potest
1809 1682 1916 1708 autem
1937 1678 2058 1719 imponi
2069 1679 2148 1709 viris
2166 1684 2197 1710 et
2213 1679 2413 1718 mulieribus,

1332 1721 1390 1751 sed
1408 1731 1472 1751 non
1492 1722 1619 1752 clericis
1631 1727 1768 1762 propter
1785 1722 2011 1754 scandalum...
2028 1722 2160 1753 Publica
2176 1728 2283 1754 autem
2301 1729 2333 1755 et
2346 1733 2411 1755 non

1332 1766 1494 1803 solemnis,
1523 1776 1607 1807 quae
1635 1767 1667 1796 in
1687 1765 1783 1806 facie
1810 1766 1976 1797 Ecclesiae
1989 1767 2050 1808 fit,
2070 1767 2128 1798 sed
2152 1777 2216 1798 non
2237 1777 2308 1799 cum
2327 1769 2409 1800 sole-

1333 1811 1467 1841 mnitate
1478 1811 1660 1851 praedicta,
1679 1811 1763 1841 sicut
1776 1812 2002 1852 peregrinatio
2015 1821 2078 1852 per
2093 1812 2248 1843 mundum
2266 1822 2338 1844 cum
2355 1813 2409 1844 ba-

1333 1855 1406 1885 culo
1421 1855 1598 1892 cubitali,...
1608 1860 1716 1895 potest
1730 1856 1845 1885 iterari
1859 1860 1890 1886 et
1903 1865 1923 1886 a
1937 1857 2075 1897 simplici
2087 1857 2255 1888 sacerdote
2268 1858 2410 1899 iniungi:

1333 1904 1364 1930 et
1377 1905 1484 1940 potest
1502 1901 1597 1930 etiam
1617 1900 1734 1930 clerico
1755 1900 1884 1939 imponi.
1909 1900 1964 1931 Ait
1982 1901 2079 1931 etiam
2102 1909 2223 1941 quaest.
2239 1912 2262 1932 11
2281 1911 2407 1942 praece-

1334 1944 1438 1974 dente:
1462 1944 1622 1975 Solemnis
1635 1945 1835 1984 poenitentia
1855 1945 1971 1975 iterari
1989 1955 2053 1976 non
2072 1945 2163 1976 debet
2176 1951 2313 1986 propter
2328 1947 2411 1977 tria:

1328 1989 1449 2028 primo,
1471 1986 1512 2019 ne
1539 1998 1582 2019 ex
1600 1989 1770 2020 iteratione
1789 1989 1943 2020 vilescat:
1960 1989 2112 2027 secundo,
2129 1995 2266 2030 propter
2283 1991 2411 2032 signifi-

1334 2034 1504 2070 cationem,
1515 2034 1592 2074 quia
1612 2038 1659 2064 est
1666 2033 1788 2074 figura
1809 2034 2008 2074 expulsionis
2026 2035 2164 2065 hominis
2182 2035 2223 2065 de
2239 2035 2410 2072 Paradiso,

1334 2087 1417 2118 quae
1440 2083 1488 2108 est
1510 2078 1609 2108 semel
1631 2083 1756 2108 tantum
1769 2077 1887 2118 sacta:
1910 2080 2016 2116 tertio,
2036 2079 2112 2119 quia
2127 2079 2348 2121 solemnizatio
2364 2085 2412 2111 est

1334 2123 1428 2162 quasi
1457 2122 1616 2163 quaedam
1642 2121 1806 2163 professio
1830 2127 1989 2162 perpetuo
2016 2124 2249 2163 poenitentiam
2283 2133 2411 2156 conser-

1335 2166 1445 2204 vandi,
1462 2172 1492 2197 et
1511 2167 1581 2197 ideo
1605 2167 1733 2197 iteratio
1755 2167 1951 2197 solemnitati
1974 2168 2103 2198 resistit.
2137 2167 2174 2199 Si
2196 2173 2303 2199 tamen
2322 2173 2412 2209 post-

1334 2211 1463 2242 modum
1478 2212 1673 2251 peccaverit,
1691 2221 1755 2241 non
1772 2211 1938 2242 clauditur
1953 2213 1983 2242 ei
1999 2212 2088 2242 locus
2098 2213 2336 2252 poenitentiae:
2353 2213 2412 2245 sed

1328 2257 1529 2296 poenitentia
1552 2256 1704 2286 solemnis
1727 2257 1843 2286 iterum
1868 2257 1898 2286 ei
1920 2256 2122 2297 iniungenda
2147 2267 2211 2288 non
2235 2262 2292 2288 est.

1402 2300 1440 2331 11.
1465 2300 1513 2331 De
1527 2300 1646 2341 forma
1669 2300 1702 2330 in
1719 2300 1923 2331 Sacramento
1953 2308 2109 2332 extremae
2133 2301 2300 2332 Unctionis
2323 2301 2411 2333 adhi-

1334 2344 1438 2374 benda
1461 2344 1598 2375 dubium
1621 2351 1752 2375 movent
1776 2344 1929 2385 theologi,
1951 2345 2054 2386 qualis
2077 2345 2156 2376 olim
2180 2345 2291 2377 fuerit:
2316 2353 2348 2377 et
2369 2356 2411 2377 an

1335 2389 1491 2427 absoluta,
1515 2399 1555 2420 an
1580 2389 1806 2429 deprecatoria,
1829 2399 1869 2419 an
1894 2396 2028 2431 utraque
2047 2390 2143 2420 simul
2162 2390 2346 2431 usurpanda
2359 2390 2410 2423 sit.

1335 2432 1459 2464 Eruditi
1483 2443 1549 2464 non
1573 2433 1666 2474 pauci
1689 2433 1747 2464 viri
1773 2441 1912 2471 censent,
1937 2441 2059 2475 praeter
2076 2435 2353 2475 deprecatoriam,
2376 2434 2411 2466 in

1335 2488 1395 2509 usu
1420 2478 1594 2519 aliquando
1618 2477 1715 2509 fuisse
1734 2478 1913 2509 absolutam
1930 2489 1987 2510 seu
2011 2479 2217 2510 indicativam
2233 2486 2264 2510 et
2278 2479 2411 2510 mixtam

1335 2522 1467 2554 demum
1487 2533 1525 2553 ex
1548 2529 1686 2563 utroque
1710 2523 1821 2553 modo.
1842 2523 1904 2553 Pro
1922 2533 1986 2554 una
2001 2523 2216 2564 deprecatoria
2232 2523 2336 2555 forma
2350 2530 2412 2555 stat

1334 2567 1456 2598 Doctor
1474 2566 1646 2607 Angelicus
1663 2567 1705 2598 IV
1722 2567 1820 2604 Sent.‚
1832 2567 1902 2598 dist.
1914 2577 2002 2605 xxm,
2020 2578 2075 2609 qu.
2087 2577 2110 2606 1,
2126 2575 2183 2600 art.
2198 2578 2240 2605 rv,
2255 2575 2376 2609 quaest.
2388 2577 2412 2599 11

1335 2611 1499 2649 nimirum,
1515 2612 1579 2642 Per
1595 2612 1688 2642 istam
1703 2617 1849 2642 sanctam
1873 2611 2061 2643 Unctionem
2079 2618 2111 2643 et
2124 2622 2218 2643 suam
2229 2613 2410 2652 piissimam

1334 2656 1610 2693 misericordiam,
1645 2656 1815 2696 indulgeat
1846 2656 1903 2686 tibi
1928 2657 2090 2687 Dominus
2119 2656 2275 2697 quidquid
2302 2666 2411 2696 pecca—

1334 2699 1373 2730 sti
1397 2706 1455 2730 etc.
1478 2700 1591 2740 Neque
1614 2706 1721 2730 tamen
1746 2700 1884 2730 latebant
1907 2700 2025 2740 ipsum,
2040 2710 2123 2740 quae
2147 2700 2286 2731 diversae
2309 2710 2346 2731 ac
2361 2700 2410 2733 in-

1333 2743 1485 2774 dicativae
1508 2744 1710 2780 videbantur,
1728 2744 1760 2773 in
1780 2744 1855 2774 aliis
1870 2744 2024 2775 Ecclesiis
2042 2751 2211 2784 usurpatae
2235 2744 2410 2784 formulae,

1333 2798 1364 2819 v.
1381 2795 1428 2828 g.:
1457 2788 1553 2829 Ungo
1576 2788 1633 2818 hos
1656 2788 1766 2818 oculos
1782 2788 1852 2818 oleo
1867 2789 2078 2830 sanctificato,
2095 2789 2128 2819 in
2146 2790 2274 2820 nomine
2289 2789 2408 2827 Patris,

1334 2837 1364 2862 et
1394 2833 1471 2862 Filii
1494 2837 1524 2863 et
1548 2832 1688 2873 Spiritus
1710 2833 1834 2869 sancti,
1859 2840 1975 2870 amen;
1998 2838 2033 2863 ut
2057 2833 2212 2874 quidquid
2233 2833 2274 2864 de
2298 2833 2409 2867 illicito

1333 2877 1402 2908 visu
1426 2877 1598 2917 deliquisti,
1615 2877 1710 2907 huius
1733 2877 1796 2907 olei
1818 2878 1968 2908 unctione
1990 2879 2139 2918 expietur
2150 2887 2214 2918 per
2233 2877 2407 2909 Christum.

1332 2921 1464 2952 Mixtam
1497 2921 1604 2961 potius
1638 2921 1803 2951 dicendam
1835 2930 1902 2951 esse
1932 2921 2013 2952 hanc
2042 2921 2180 2953 formam
2214 2922 2283 2962 ipsa
2312 2922 2407 2954 verb·

1332 2966 1483 3006 produnt.
1509 2966 1554 2996 Ita
1576 2975 1652 2996 vero
1676 2965 1792 3005 exponi
1809 2965 1896 2996 illam
1912 2966 2024 2997 debere
2048 2973 2154 2997 censet
2169 2966 2313 3007 Aquinas
2331 2966 2406 2999 loco

1332 3010 1426 3041 citato
1451 3010 1490 3040 ad
1517 3010 1550 3040 3:
1579 3009 1674 3047 Quod
1693 3010 1788 3040 verba
1813 3010 1869 3040 illa
1894 3011 2059 3042 indicativi
2081 3011 2178 3048 modi,
2195 3020 2279 3052 quae
2293 3020 2406 3042 secun—

1331 3054 1407 3085 dum
1431 3064 1551 3085 morem
1575 3054 1788 3095 quorumdam
1803 3056 2061 3095 praemittuntur
2079 3057 2230 3092 orationi,
2251 3065 2314 3086 non
2330 3059 2406 3086 sunt

1321 3098 1439 3140 forma
1460 3099 1557 3130 huius
1575 3099 1795 3130 Sacramenti:
1816 3099 1873 3130 sed
1900 3105 1976 3130 sunt
1999 3100 2156 3141 quaedam
2181 3099 2344 3140 dispositio
2362 3098 2408 3131 ad

1322 3143 1483 3184 formam,
1496 3145 1686 3184 inquantum
1702 3144 1835 3174 intentio
1850 3145 1990 3175 ministri
1999 3145 2236 3175 determinatur
2243 3143 2288 3174 ad
2297 3148 2403 3175 actum

1331 3188 1422 3218 illum
1441 3197 1505 3228 per
1527 3189 1583 3219 illa
1609 3188 1715 3218 verba.
1740 3187 1952 3218 Posteriorem
1975 3188 2056 3220 hanc
2081 3188 2217 3219 formam
2242 3186 2405 3230 contendit

1330 3233 1428 3272 Hugo
1445 3233 1614 3263 Menardus
1634 3239 1710 3263 nota
1727 3241 1789 3272 9¹2
1807 3232 1840 3262 in
1854 3232 2140 3264 Sacramentarium
2161 3232 2403 3273 Gregorianum,

1330 3276 1508 3307 orationem
1531 3276 1683 3317 appellari
1702 3276 1890 3316 improprie:
1917 3277 1996 3308 Vere
2018 3279 2146 3315 etenim,
2168 3277 2282 3318 inquit,
2299 3277 2404 3308 oratio

1332 3330 1395 3351 non
1429 3326 1485 3352 est.
1515 3323 1558 3352 At
1580 3321 1633 3351 illa
1666 3320 1847 3362 similesque
1871 3328 2025 3353 vocantur
2047 3323 2210 3353 orationes
2232 3321 2265 3352 in
2289 3320 2404 3351 eodem

1331 3365 1579 3396 Sacramentario
1611 3372 1641 3396 et
1664 3365 1697 3395 in
1721 3365 1896 3396 Ordinibus
1927 3366 2058 3397 vetustis
2083 3366 2170 3406 apud
2193 3364 2403 3396 Edmundum

1330 3409 1482 3446 Martene,
1506 3410 1623 3450 primo,
1647 3409 1755 3446 tertio,
1779 3417 1910 3451 quarto,
1935 3410 2175 3451 quartodecimo
2199 3416 2229 3440 et
2251 3407 2402 3439 vicesimo

1331 3461 1429 3485 sexto.
1454 3454 1521 3485 Cur
1543 3464 1619 3485 vero
1644 3454 1789 3494 propriae
1813 3464 1878 3485 non
1902 3454 2018 3486 fuerint
2033 3453 2221 3486 orationes?
2242 3452 2403 3494 Equidem

1332 3498 1498 3529 Unctionis
1509 3499 1590 3530 actio
1606 3498 1776 3529 indicativo
1791 3499 1891 3529 modo
1909 3498 2106 3536 enunciatur;
2121 3505 2153 3529 at
2169 3504 2287 3528 caetera
2296 3497 2402 3535 verba,

1331 3553 1413 3583 quae
1436 3543 1628 3574 Sacramenti
1657 3542 1803 3573 effectum
1826 3553 1882 3583 per
1905 3553 2024 3574 sacram
2043 3542 2234 3574 Unctionem
2257 3541 2401 3572 obtinen-

1332 3587 1410 3618 dum
1435 3587 1625 3628 exprimunt,
1643 3588 1778 3618 modum
1801 3587 1919 3618 habent
1941 3585 2184 3627 deprecationis:
2214 3585 2255 3616 Ut
2271 3595 2334 3616 non
2355 3585 2401 3615 la-

1331 3636 1397 3662 teat
1421 3632 1453 3662 in
1477 3637 1508 3662 te
1534 3633 1668 3672 spiritus
1690 3631 1891 3662 immundus.-
1913 3636 1949 3662 ut
1971 3641 2060 3662 more
2083 3630 2192 3661 militis
2211 3630 2404 3670 praeparati
