2548 4192
944 289 998 325 IN
1030 289 1068 325 S.
1090 289 1331 325 THOMAM
1358 282 1682 336 AQUINATEM

201 372 377 412 privilegio
400 371 532 408 amoris,
552 379 614 410 quo
630 379 650 399 a
670 368 797 399 Christo
814 369 1021 410 diligebatur,
1033 373 1170 409 propter
1185 377 1276 398 suam

207 416 436 457 virginitatem.

275 459 378 491 Obvia
401 458 567 489 difficultas
587 464 648 488 est:
673 457 841 498 quomodo
865 464 931 487 tam
954 456 1098 487 sublimis
1117 456 1278 496 virginitas

207 503 360 544 componi
383 509 479 544 queat
502 512 577 533 cum
601 503 765 532 voluntate
789 501 939 539 nubendi,
965 511 1063 542 quam
1085 501 1212 541 vulgata
1231 501 1277 531 hi-

207 547 303 579 storia
326 547 442 588 prodit,
467 554 522 578 aut
546 546 642 577 etiam
665 556 739 576 curn
764 547 883 586 nuptiis
902 546 1000 583 initis,
1016 552 1052 575 ut
1067 545 1278 586 opinabantur

205 589 409 632 interpretes?
432 592 514 622 Eam
537 590 665 632 depellit
689 590 786 620 sancti
805 590 952 620 Thomae
972 589 1123 620 doctrina.
1150 589 1243 620 Initas
1260 600 1278 619 a

207 636 324 666 Ioanne
342 636 367 666 si
384 636 511 677 nuptias
526 635 615 673 velis,
631 634 844 665 animadverte
865 634 904 664 ad
921 645 972 665 eas
987 644 1053 664 non
1070 634 1185 675 requiri
1203 644 1276 665 con-

205 680 334 711 sensum
352 682 384 711 in
405 680 570 711 carnalem
595 679 754 720 copulam,
772 686 809 709 ut
823 679 890 719 ipse
907 679 999 709 docet
1012 679 1045 709 in
1062 679 1116 717 IV,
1128 678 1198 709 dist.
1207 689 1276 717 xxx,

206 735 261 766 qu.
277 735 310 763 11,
327 731 382 756 art.
398 735 420 762 1,
438 731 559 765 quaest.
576 734 598 754 11
617 724 656 754 ad
674 724 703 761 3,
721 730 752 753 et
770 723 840 754 dist.
857 734 951 753 xxvm
965 723 1169 764 praecedente
1185 733 1277 763 supe-

206 769 271 799 rius
288 769 389 800 citata.
406 769 567 799 Nimirum
584 769 762 809 requiritur
778 778 951 799 consensus
961 766 1076 811 (verbis
1092 774 1166 798 utor
1182 768 1277 798 Fran-

208 813 279 844 cisci
304 813 401 855 Sylvii
426 813 466 844 III
491 823 556 854 par.
582 813 613 843 in
632 812 750 853 suppL,
768 819 888 853 quaest.
906 823 1010 850 XLvm,
1026 819 1082 843 art.
1098 810 1124 854 1)
1140 813 1172 842 in
1187 817 1276 852 pote-

205 862 318 888 statem
343 858 432 888 illam
457 859 509 889 sui
532 858 692 898 corporis,
717 857 814 888 alteri
836 857 988 887 traditam
1014 858 1047 887 in
1077 866 1275 887 communem

205 903 448 933 associationem
474 903 568 940 vitae,
594 903 625 932 in
649 911 713 942 qua
737 902 812 932 talis
834 902 949 941 copula
973 902 1157 932 continetur
1175 902 1276 942 impli-

206 947 286 977 cite:
307 947 364 978 sed
387 957 450 978 non
475 947 653 988 requiritur
670 947 892 986 propositum,
919 955 977 976 nec
1006 947 1101 976 etiam
1127 946 1275 983 virtuale,

206 991 346 1022 eiusdem
371 992 513 1032 copulae.
539 990 735 1021 Huiusmodi
759 989 819 1021 fuit
842 990 967 1030 Iosephi
992 989 1178 1030 coniugium
1203 1000 1277 1020 cum

205 1035 305 1066 Maria
328 1035 456 1076 Virgine
480 1041 511 1066 et
532 1037 579 1067 sic
608 1035 705 1076 Virgo
728 1035 840 1065 Maria
865 1040 929 1065 tam
954 1035 1065 1071 animi,
1090 1044 1186 1074 quam
1207 1044 1276 1064 cor-

198 1081 292 1120 poris
316 1081 534 1121 virginitatem
558 1089 684 1119 semper
708 1080 849 1109 retinuit.
874 1079 954 1109 Vide
977 1078 1138 1108 laudatam
1157 1078 1276 1108 Rubini

205 1123 467 1154 dissertationem.
498 1124 593 1154 Tales
617 1121 712 1153 etiam
736 1122 832 1153 fuisse
856 1122 983 1153 Ioannis
1007 1122 1152 1162 nuptias,
1176 1122 1274 1162 inspi-

203 1174 291 1198 rante
314 1168 384 1198 Deo
409 1178 445 1198 ac
468 1169 620 1198 suadente
644 1167 782 1203 Christo,
808 1167 978 1197 dicendum
1003 1173 1057 1196 est.

227 1213 233 1220 ⁵
270 1212 392 1243 Verum
415 1219 541 1242 sanctus
564 1211 709 1242 Thomas
725 1211 758 1241 in
772 1211 905 1241 Summa
922 1211 1100 1251 theologica
1125 1220 1223 1240 unam
1242 1210 1274 1240 in

204 1255 322 1287 Ioanne
345 1255 463 1287 indicat
482 1257 675 1287 voluntatem
701 1255 850 1292 nubendi,
867 1262 922 1285 aut
937 1254 1069 1295 simplex
1086 1254 1183 1284 animi
1199 1264 1274 1285 con-

203 1299 321 1339 siltum,
346 1301 436 1342 quod
453 1300 622 1341 virginitati
645 1310 712 1330 non
736 1300 854 1330 obstat:
879 1300 918 1329 ab
938 1309 1041 1340 eoque
1056 1298 1143 1329 iuxta
1165 1299 1272 1339 vulga—

165 1374 175 1375 e
190 1342 452 1387 tmhistorsam
471 1345 567 1383 addit,
584 1349 766 1375 revocatum
782 1343 893 1384 fuisse
909 1354 926 1373 a
943 1343 1012 1374 Iesu
1033 1342 1170 1374 Christo.
1191 1343 1274 1374 Hinc

203 1388 298 1420 etiarn
321 1396 465 1420 auctores
477 1389 724 1430 praefationum
743 1389 774 1418 in
791 1388 1008 1429 Evangelium
1026 1388 1160 1418 Ioannis
1175 1394 1206 1418 et
1221 1398 1273 1418 ve-

202 1433 467 1476 nerabilisbsseda,
488 1434 543 1475 qui
563 1443 634 1464 eam
657 1432 790 1464 afferunt
813 1432 988 1470 historiam,
1004 1432 1100 1462 simul
1114 1439 1272 1463 enarrant:

202 1476 358 1509 Ioannem
383 1479 542 1519 virginem
567 1488 587 1508 a
610 1478 680 1508 Deo
704 1478 847 1508 electum.
874 1477 940 1507 Iam
959 1487 1034 1507 vero
1054 1476 1127 1507 satis
1150 1476 1273 1508 innote-

202 1529 295 1553 scunt
308 1522 476 1564 Aquinatis
492 1522 590 1553 nostri
609 1522 729 1563 peritia,
741 1521 911 1559 criterium,
927 1521 1105 1562 theologica
1121 1521 1272 1552 doctrina.

589 1641 786 1679 CAPUT
821 1641 888 1678 IV.

187 1741 189 1743 ’
204 1739 345 1765 Historiam
360 1739 392 1764 de
406 1738 509 1763 Traiani
528 1739 691 1772 Imperatoris
710 1739 796 1764 anima
819 1737 940 1771 precibus
959 1737 1037 1762 sancti
1052 1737 1170 1770 Gregorii
1189 1737 1274 1769 Magni

275 1774 382 1800 liberata
399 1774 431 1800 ab
445 1774 543 1804 inferis,
555 1774 634 1799 refert
647 1779 751 1799 sanctus
765 1773 895 1798 Thomas:
911 1773 996 1806 deque
1010 1774 1098 1805 modo,
1113 1780 1167 1806 quo
1181 1773 1207 1797 id
1219 1771 1274 1797 fieri

293 1810 393 1841 otuerit,
412 1809 556 1842 theologice
574 1809 685 1835 disserit.
703 1809 786 1834 Latini
805 1814 831 1834 et
848 1808 932 1841 graeci
951 1809 1098 1842 scriptores,
1114 1808 1158 1842 qui
1177 1808 1273 1833 factum

274 1843 337 1871 illud
355 1845 444 1870 litteris
463 1846 623 1870 mandarunt.
635 1845 722 1870 Veluti
737 1844 852 1870 fabulam
867 1844 1007 1877 explodunt
1021 1843 1068 1868 viri
1083 1844 1158 1869 docti.
1178 1843 1274 1868 Natalis

273 1880 410 1906 Alexandri
429 1880 553 1906 vindiciae
571 1888 619 1914 pro
638 1885 726 1905 sancto
744 1879 847 1904 Thoma
865 1879 1002 1912 Aquinate.
1022 1879 1088 1905 Satis
1106 1880 1201 1904 indicat
1218 1879 1274 1913 ipse

272 1916 390 1941 Thomas
409 1915 530 1941 historiae
549 1916 686 1941 falsitatem
704 1923 734 1940 se
753 1914 964 1948 deprehendisse.

202 2009 227 2040 1.
282 2007 285 2013 '
331 2010 437 2050 ulgata
459 2010 513 2041 illa
535 2009 671 2040 narratio
696 2009 838 2050 sequitur
860 2009 900 2040 de
922 2010 1032 2040 anima
1056 2011 1191 2041 Traiani
1209 2009 1274 2039 Im-

325 2056 491 2097 peratoris
507 2054 660 2096 precibus
677 2055 781 2085 sancti
798 2054 952 2095 Gregorii
966 2055 1086 2096 Magni
1099 2055 1139 2085 ab
1158 2053 1275 2095 inferis

191 2098 359 2137 liberata,
384 2109 483 2140 quarn
505 2098 604 2129 nimia
628 2098 809 2129 credulitate
834 2098 990 2138 excepisse
1014 2106 1159 2130 sanctum
1184 2098 1272 2129 Tho-

186 2147 291 2174 ‘mam
313 2143 507 2185 Aquinatem
535 2143 694 2184 inquiunt.
721 2144 806 2173 Loca
836 2142 982 2182 profero,
1013 2143 1068 2174 ubi
1096 2143 1155 2174 hac
1179 2144 1217 2174 de
1241 2153 1273 2173 re

202 2188 418 2219 sanctissimus
429 2188 550 2218 Doctor
558 2188 653 2218 verba
669 2187 751 2218 facit.
764 2187 798 2217 In
810 2186 914 2227 primo
930 2187 1164 2218 Sententiarum
1179 2187 1271 2225 libro,

202 2231 273 2264 dist.
283 2243 368 2270 xtm,
379 2239 499 2274 quaesta
511 2242 543 2270 rr,
555 2239 611 2262 art.
622 2242 645 2262 n
660 2231 741 2262 inter
757 2238 942 2272 argumenta
956 2232 1135 2271 prolusoria
1152 2242 1242 2263 num.
1254 2242 1271 2262 2

201 2276 279 2309 haec
294 2277 465 2308 habentur:
482 2277 620 2318 Legitur
642 2276 730 2317 quod
745 2277 788 2307 ad
806 2285 922 2316 preces
937 2276 1020 2307 beati
1040 2276 1193 2318 Gregorii
1207 2277 1272 2307 Do-

202 2323 310 2353 minus
333 2322 509 2352 Traianum
534 2321 765 2362 Imperatorem
781 2320 952 2351 idolatram
978 2326 1008 2351 et
1030 2321 1068 2351 ob
1090 2322 1150 2352 hoc
1173 2323 1205 2352 in
1226 2322 1271 2351 in-

193 2365 296 2408 ferno
319 2366 520 2404 damnatum,
544 2365 584 2396 ab
603 2365 719 2406 inseris
737 2366 898 2396 revocavit
913 2371 944 2396 et
960 2366 1044 2396 vitae
1067 2367 1214 2396 restituit.
1236 2366 1271 2395 In

202 2409 362 2441 solutione
391 2410 431 2440 ad
457 2411 472 2441 5
508 2410 551 2441 ait
581 2410 653 2440 ille:
689 2423 703 2438 ι
715 2409 896 2440 Dicendum
927 2409 1016 2451 quod
1046 2409 1131 2440 idern
1160 2417 1206 2441 est
1233 2410 1271 2440 de

204 2467 219 2482 »
243 2456 396 2492 Traiano,
415 2454 470 2495 qui
481 2454 575 2496 sorte
593 2461 666 2495 post
679 2461 834 2484 trecentos
858 2463 959 2484 annos
979 2454 1145 2485 suscitatus
1162 2461 1218 2492 est,
1235 2464 1271 2485 ac

204 2512 219 2527 »
239 2499 278 2530 de
301 2498 369 2530 aliis
392 2499 447 2540 qui
471 2505 543 2539 post
566 2509 669 2530 unum
688 2498 774 2529 diem
793 2497 931 2529 suscitati
951 2504 1034 2529 sunt.
1058 2498 1106 2528 De
1121 2499 1271 2529 omnibus

204 2556 219 2571 »
239 2543 326 2575 enim
348 2543 519 2574 dicendum
548 2550 594 2574 est
624 2543 712 2584 quod
742 2553 804 2573 non
826 2542 978 2584 finaliter
1006 2543 1145 2573 damnati
1173 2549 1270 2573 erant.

204 2600 219 2616 ο
238 2588 433 2619 Praesciebat
456 2587 541 2618 enim
564 2589 651 2619 Deus
681 2597 735 2617 eos
755 2587 944 2618 Sanctorum
963 2586 1107 2628 precibus
1123 2598 1141 2617 a
1159 2587 1271 2627 poenis

202 2645 218 2660 ιν
237 2632 416 2663 liberandos
441 2639 472 2663 et
494 2633 575 2663 vitae
598 2631 824 2662 restituendos:
849 2638 880 2662 et
903 2631 947 2662 sic
966 2642 1002 2662 ex
1016 2631 1198 2662 liberalitate
1215 2632 1271 2662 bo-

203 2689 220 2705 »
238 2676 344 2708 nitatis
367 2686 442 2707 suae
457 2677 501 2707 eis
515 2676 613 2707 vitam
633 2676 777 2714 contulit,
794 2676 939 2717 quamvis
959 2684 1117 2707 aeternam
1133 2686 1271 2716 poenam

203 2733 220 2750 x
238 2721 436 2753 meruissent.
450 2733 465 2748 ›>
492 2723 647 2752 Auctores
663 2720 744 2750 infra
759 2720 957 2751 memorandi
973 2727 1056 2758 sunt,
1075 2730 1172 2760 penes
1188 2730 1270 2761 quos

201 2765 279 2798 haec
302 2765 503 2807 legebantur.
941 2775 943 2777 ·

269 2810 306 2840 In
324 2817 437 2851 quarto
456 2809 549 2848 libro,
569 2810 639 2840 dist.
655 2819 725 2847 va,
741 2816 861 2850 quaest.
878 2819 912 2847 11,
928 2815 982 2840 art.
999 2819 1032 2847 11,
1048 2819 1137 2840 num.
1153 2810 1167 2839 5
1185 2809 1271 2840 obie-

204 2854 267 2885 ctio
292 2861 354 2884 est:
382 2867 397 2882 <z
412 2854 636 2885 Damascenus
658 2854 691 2884 in
725 2853 837 2884 eodem
862 2863 1008 2884 sermone
1042 2852 1097 2895 (de
1120 2854 1271 2896 mortuis)

203 2910 219 2925 >
242 2904 346 2928 narrat
368 2898 457 2939 quod
481 2898 651 2938 Gregorius
675 2908 733 2938 pro
757 2897 896 2928 Traiano
921 2898 1099 2928 orationem
1123 2897 1271 2935 fundens,

206 2954 221 2970 »
241 2941 360 2972 audivit
382 2952 495 2972 vocem
514 2943 572 2973 sibi
592 2942 741 2973 divinitus
760 2942 894 2972 illatam:
918 2943 1028 2973 Vocem
1045 2947 1132 2972 tuam
1151 2943 1271 2980 audivi,

206 2999 221 3014 »
240 2991 271 3016 et
294 2987 418 3017 veniam
452 2987 593 3017 Traiano
616 2987 666 3017 do.
693 2986 794 3017 Cuius
823 2986 878 3024 rei,
901 2993 937 3016 ut
952 2986 1167 3017 Damascenus
1199 2987 1273 3017 dicit

206 3043 221 3058 a»
240 3031 272 3060 in
296 3030 379 3060 dicto
403 3040 559 3067 sermone,
583 3032 671 3061 testis
694 3036 741 3061 est
767 3027 884 3062 Oriens
902 3032 1005 3061 omnis
1028 3036 1059 3061 et
1078 3030 1269 3062 Occidens.»

205 3074 344 3114 Reponit
359 3074 502 3114 Aquinas
517 3075 556 3104 ad
579 3075 613 3105 5:
637 3089 651 3103 a<
665 3075 763 3111 Quod
778 3075 818 3105 de
827 3076 923 3116 facto
947 3075 1081 3105 Traiani
1096 3075 1157 3105 hoc
1173 3076 1272 3105 modo

207 3131 222 3146 >›
241 3125 346 3159 potest
362 3119 574 3158 probabiliter
605 3118 777 3149 aestimari:
810 3120 899 3160 quod
922 3119 1067 3160 precibus
1091 3119 1172 3150 beati
1197 3119 1273 3150 Gre-

208 3176 222 3190 »
243 3162 322 3202 gorii
342 3163 382 3192 ad
399 3162 498 3192 vitam
516 3162 609 3193 fuerit
627 3170 805 3193 revocatus:
827 3170 857 3194 et
875 3164 918 3194 ibi
937 3163 1069 3204 gratiam
1085 3170 1273 3194 consecutus

209 3221 222 3235 >)
243 3207 292 3245 sit,
309 3217 365 3246 per
383 3217 482 3247 quam
500 3206 719 3236 remissionem
738 3215 942 3247 peccatorum
958 3207 1068 3238 habuit
1083 3214 1115 3238 et
1128 3218 1184 3247 per
1198 3218 1272 3238 con-

208 3265 222 3279 »
243 3261 378 3292 sequens
409 3250 645 3280 immunitatem
668 3261 686 3280 a
708 3261 823 3291 poena.
855 3252 942 3282 Sicut
972 3251 1067 3282 etiam
1090 3259 1218 3291 apparet
1241 3252 1273 3282 in

209 3310 223 3324 >›
244 3295 394 3326 omnibus
413 3295 485 3333 illis,
505 3294 561 3335 qui
580 3294 708 3325 fuerunt
723 3294 911 3326 miraculose
930 3306 948 3325 a
963 3295 1098 3326 mortuis
1118 3295 1271 3326 suscitati:

207 3353 222 3367 ι»
241 3350 380 3381 quorum
397 3339 502 3379 plures
519 3345 642 3369 constat
657 3338 754 3369 fuisse
772 3339 918 3370 idolatras
939 3347 969 3370 et
983 3339 1149 3369 damnatos
1165 3339 1271 3370 fuisse.

207 3398 222 3412 »
244 3385 291 3415 De
304 3383 453 3414 omnibus
467 3382 552 3413 enim
565 3382 706 3412 similiter
720 3382 780 3412 dici
797 3390 932 3423 oportet,
950 3383 1039 3424 quod
1058 3393 1124 3412 non
1141 3390 1228 3413 erant
1240 3383 1272 3413 in

209 3442 224 3457 »
243 3428 367 3459 inferno
374 3428 527 3469 finaliter
542 3426 698 3466 deputati,
715 3427 770 3456 sed
785 3428 961 3457 secundum
975 3432 1171 3466 praesentem
1185 3427 1271 3457 iusti-

209 3487 223 3501 »
242 3473 319 3504 tiam
335 3472 538 3512 propriorum
557 3470 758 3501 meritorum:
779 3471 955 3501 secundum
970 3477 1076 3500 autem
1096 3470 1272 3510 superiores

208 3531 223 3545 »
243 3527 362 3554 causaS,
380 3516 495 3557 quibus
515 3514 774 3555 praevidebantur
793 3515 833 3544 ad
847 3515 945 3544 vitam
960 3514 1139 3551 revocandi,
1155 3521 1219 3544 erat
1234 3515 1271 3544 de

208 3574 223 3589 υ
242 3561 287 3592 eis
298 3561 387 3591 aliter
399 3560 646 3600 disponendum.
658 3558 717 3589 Vel
731 3558 900 3589 dicendum
918 3558 1092 3589 secundum
1105 3558 1270 3598 quosdam,

207 3617 222 3632 >³
241 3605 331 3646 quod
354 3605 459 3635 anima
473 3603 600 3634 Traiani
625 3612 686 3633 non
702 3602 774 3643 fuit
796 3603 981 3643 simpliciter
995 3613 1015 3633 a
1036 3607 1128 3632 reatu
1145 3611 1272 3642 poenae

187 3668 190 3670 -
208 3661 224 3676 »
243 3655 397 3680 aeternae
408 3649 554 3679 absoluta
559 3656 572 3686 ;
587 3647 639 3678 sed
655 3647 721 3677 eius
733 3657 837 3686 poena
850 3647 909 3677 fuit
922 3656 1073 3687 suspensa
1085 3646 1124 3676 ad
1134 3653 1270 3686 tempus,

351 3710 421 3742 Opp.
441 3710 472 3734 D.
492 3709 605 3734 Tamum
625 3709 656 3733 T.
676 3709 694 3733 I.

2270 305 2396 330 CCCXLI

1335 380 1350 395 »
1371 368 1487 399 scilicet
1509 378 1612 409 usque
1636 368 1675 410 ad
1700 368 1783 399 diem
1802 368 1920 399 iudicii.
1945 370 2011 400 Nec
2034 376 2140 400 tamen
2160 377 2285 410 oportet
2311 373 2399 412 quod

1335 424 1349 438 »
1367 412 1429 442 hoc
1452 412 1507 443 fiat
1530 412 1742 443 communiter
1758 423 1822 454 per
1843 413 2028 455 suffragia:
2051 414 2126 454 quia
2149 414 2208 444 alia
2227 422 2300 445 sunt
2318 426 2400 456 quae

1335 468 1349 482 ν
1369 456 1437 496 lege
1461 457 1626 487 communi
1648 457 1794 488 accidunt
1818 464 1848 488 et
1871 458 1931 488 alia
1954 468 2036 499 quae
2059 458 2256 498 singulariter
2274 469 2315 496 ‚ex
2338 460 2399 499 pri-

1335 513 1350 527 »
1369 501 1483 541 vilegio
1508 501 1665 542 aliquibus
1685 503 1912 533 conceduntur.
1926 515 1940 529 »
1969 502 2143 533 Historiam
2161 513 2180 533 a
2197 503 2399 534 Damascene

1332 551 1489 575 narratam
1505 552 1624 586 spectat
1646 546 1764 576 solutio
1784 546 1899 586 prima:
1925 547 2021 578 altera
2037 547 2139 577 eidem
2159 554 2283 587 aptatur
2301 548 2399 578 histo-

1332 589 1405 627 riae,
1426 599 1523 630 quam
1547 589 1599 620 alii
1622 590 1751 631 quidam
1767 590 1915 622 referunt.
1936 591 1989 622 Isti
2004 601 2079 622 vero
2095 591 2176 622 infra
2191 591 2397 623 innotescent.

1397 634 1502 664 Pauca
1521 634 1662 673 demum,
1687 644 1768 675 quae
1792 636 1831 665 ad
1855 645 1922 666 rem
1945 636 2026 666 hanc
2049 636 2190 674 attinent,
2214 636 2308 666 verba
2327 643 2401 667 sunt

1332 677 1429 708 sancti
1444 678 1590 708 Doctoris
1607 686 1727 719 quaest.
1747 690 1778 709 v1
1797 680 1844 710 De
1864 680 2001 718 veritate,
2021 686 2077 711 art.
2091 691 2122 710 vr
2141 681 2180 710 ad
2197 680 2216 710 8
2234 679 2306 722 (seu
2321 681 2364 711 ad
2374 686 2398 718 4

1333 722 1365 752 in
1390 721 1567 763 contrar.):
1586 723 1741 759 Quamvis
1761 724 1922 754 Traianus
1940 730 2020 755 esset
2037 726 2068 755 in
2084 725 2152 755 loco
2176 725 2397 765 reproborum,

1333 776 1396 796 non
1425 771 1531 797 tamen
1563 772 1633 797 erat
1665 768 1851 808 simpliciter
1885 769 2094 809 reprobatus:
2120 769 2396 809 praedestinatum

1332 811 1415 841 enim
1440 815 1526 848 erat,
1550 811 1634 851 quod
1658 812 1808 851 precibus
1839 812 1992 853 Gregorii
2020 814 2213 854 salvaretur.
2239 814 2274 843 In
2297 823 2398 855 argu-

1332 859 1437 885 mento
1455 854 1566 885 citatur
1584 856 1808 886 Damascenus
1824 857 1855 886 in
1871 858 2008 897 quodam
2023 867 2171 888 sermone
2193 858 2232 888 de
2252 859 2397 889 mortuis.

1399 898 1436 929 11.
1461 899 1637 929 Praefatam
1665 901 1799 930 Traiani
1821 900 1984 931 historiam
2002 902 2146 942 Aquinas
2164 902 2312 939 referens,
2336 901 2398 932 fide

1331 942 1488 973 nitebatur
1517 943 1650 974 Ioannis
1676 944 1892 982 Damasceni,
1925 946 1981 985 qui
2004 953 2101 976 aetate
2131 946 2185 976 illa
2216 947 2399 977 credebatur

1331 993 1442 1016 auctor
1465 988 1621 1018 orationis
1643 987 1683 1018 de
1706 989 1761 1025 iis,
1786 990 1840 1029 qui
1863 990 1895 1019 in
1916 990 1988 1030 fide
2011 990 2221 1021 dormierunt.
2246 991 2339 1021 Extat
2362 1000 2399 1021 ea

1331 1040 1440 1070 graece
1464 1037 1494 1060 et
1512 1031 1606 1061 latine
1630 1032 1716 1071 apud
1738 1032 1924 1063 Michaelem
1948 1034 2148 1074 Lequienum
2171 1041 2262 1065 tomo
2286 1035 2297 1064 I
2323 1045 2397 1075 ope-

1331 1084 1404 1104 rum
1418 1075 1615 1105 Damasceni.
1636 1076 1724 1106 Haec
1739 1076 1894 1107 habentur
1913 1088 2002 1108 num.
2024 1080 2072 1109 16:
2096 1091 2110 1106 «
2126 1079 2303 1119 Gregorius
2317 1079 2397 1110 Dia-

1333 1130 1348 1145 »
1376 1119 1482 1159 tagus,
1497 1118 1627 1149 senioris
1642 1120 1764 1150 Romae
1779 1121 2002 1161 Episcopus...
2015 1133 2088 1153 cum
2103 1133 2158 1162 per
2173 1130 2300 1154 stratam
2313 1123 2398 1153 viam

1332 1173 1346 1188 »
1370 1162 1542 1202 aliquando
1566 1164 1766 1203 graderetur,
1792 1165 1895 1196 dedita
1919 1176 2015 1206 opera
2039 1167 2230 1205 consistens,
2255 1167 2397 1198 intensis-

1332 1217 1346 1231 »
1370 1206 1465 1236 simas
1494 1217 1600 1246 preces
1627 1218 1690 1247 pro
1719 1209 1853 1239 Traiani
1882 1210 2069 1241 delictorum
2102 1212 2331 1242 condonatione
2358 1213 2397 1242 ad

1332 1261 1347 1277 ι
1370 1250 1548 1281 animarum
1567 1259 1726 1283 amantem
1741 1253 1919 1284 Dominum
1942 1255 2033 1285 fudit.
2058 1256 2197 1296 Moxque
2213 1256 2398 1286 huiusmodi

1331 1307 1347 1322 »
1368 1305 1481 1325 vocem
1505 1295 1653 1326 divinitus
1677 1297 1826 1328 emissam
1850 1299 1984 1330 audivit:
2014 1300 2128 1330 Preces
2150 1305 2223 1331 tuas
2246 1301 2398 1331 exaudivi

1331 1351 1345 1365 ν
1368 1349 1408 1370 ac
1435 1340 1576 1370 Traiano
1600 1341 1753 1381 ignosco:
1780 1347 1814 1372 tu
1839 1353 1914 1373 vero
1936 1345 2073 1384 posthac
2095 1354 2171 1375 cave
2181 1365 2191 1382 ,
2222 1354 2262 1374 ne
2284 1354 2398 1384 preces

1331 1395 1346 1410 n
1370 1384 1449 1414 milti
1465 1394 1529 1424 pro
1553 1386 1659 1425 impiis
1681 1386 1812 1426 offeras.
1837 1387 1999 1428 Quodque
2023 1388 2084 1419 hoc
2103 1399 2214 1419 verum
2238 1389 2287 1426 sit,
2304 1395 2397 1429 atque

1317 1438 1346 1454 ¹»
1369 1429 1407 1458 ab
1432 1428 1520 1458 omni
1541 1429 1756 1461 criminatione
1775 1431 1926 1470 alienum,
1941 1439 2028 1463 totus
2043 1432 2156 1464 Oriens
2180 1432 2398 1474 Occidensque

1331 1484 1346 1499 »
1368 1478 1508 1503 testatur.
1523 1485 1538 1500 ›>
1565 1473 1687 1504 Octavo
1712 1475 1838 1506 saeculo
1862 1475 1993 1507 florebat
2015 1478 2248 1508 Damascenus.

1400 1516 1585 1548 Orationem
1609 1518 1690 1549 hanc
1706 1520 1744 1549 ad
1762 1530 1907 1551 severum
1928 1531 2058 1552 examen
2074 1529 2166 1552 vocat
2182 1522 2248 1552 Leo
2265 1521 2399 1552 Allatius

1329 1561 1362 1591 in
1385 1561 1526 1592 Diatriba
1548 1562 1588 1593 de
1610 1563 1735 1594 Ioanne
1756 1565 1971 1604 Damascene,
1995 1576 2077 1606 quae
2097 1567 2183 1606 apud
2200 1566 2400 1606 Lequienum

1329 1605 1410 1636 inter
1433 1606 1659 1647 prolegomena
1682 1608 1823 1648 primum
1845 1609 1955 1640 locum
1970 1617 2064 1641 tenet.
2093 1611 2192 1641 Hanc
2215 1609 2333 1652 (inquit
2347 1611 2399 1641 ille

1331 1659 1419 1680 num.
1454 1649 1508 1692 27)
1536 1660 1646 1682 omnes
1673 1658 1824 1693 quotquot
1851 1651 1926 1694 post
1953 1655 2191 1686 Damascenum
2220 1655 2398 1696 scripsere,

1329 1694 1502 1725 dummodo
1526 1696 1613 1726 illius
1639 1698 1861 1736 meminerint,
1890 1699 2094 1730 Damasceno
2123 1699 2295 1730 vindicant.
2320 1699 2399 1731 Scri-

1329 1745 1460 1778 ptorum
1483 1739 1599 1770 iudicia
1615 1747 1646 1770 et
1661 1741 1855 1781 suspiciones
1879 1743 1984 1774 affert:
2009 1754 2044 1774 ac
2060 1743 2182 1784 primus
2197 1743 2249 1774 ille
2266 1743 2398 1774 demum

1329 1782 1425 1813 libere
1461 1784 1645 1823 pronuntiat
1676 1787 1851 1816 orationem
1881 1787 1968 1817 illam
1999 1788 2187 1819 Damasceni
2214 1797 2280 1818 non
2318 1798 2395 1819 esse.

1329 1827 1447 1857 Allatio
1471 1827 1656 1868 suffragatus
1680 1836 1727 1860 est
1748 1831 1941 1862 Franciscus
1967 1832 2172 1874 Combefisius
2194 1832 2228 1862 in
2247 1832 2396 1863 Auctario

1330 1881 1415 1901 novo
1440 1878 1530 1902 torno
1555 1873 1598 1911 II,
1629 1874 1832 1906 annotatione
1855 1882 2014 1916 postrema
2037 1877 2076 1907 ad
2100 1878 2275 1907 orationem
2300 1877 2396 1907 histo-

1330 1916 1431 1946 ricam
1456 1917 1488 1946 in
1504 1916 1628 1957 festum
1654 1920 1863 1950 restitutionis
1885 1921 2086 1962 imaginum,·
2109 1922 2164 1962 qui
2183 1928 2290 1951 tamen
2309 1931 2396 1951 men-

1330 1966 1395 1990 tem
1419 1961 1553 1991 mutavit
1580 1959 1760 2004 (Lequieno
1781 1964 1951 1995 adnotante
1974 1965 2007 1995 in
2034 1966 2248 1997 admonitione
2271 1966 2303 1996 in
2327 1966 2396 1996 Da—

1330 2006 1542 2035 mascenicam
1566 2008 1755 2045 orationem,
1780 2009 1906 2049 de·qua
1920 2008 2057 2053 agimus)
2081 2010 2210 2051 quando
2229 2009 2262 2039 in
2280 2009 2397 2040 Biblio-

1329 2048 1419 2079 theca
1442 2050 1572 2080 Patrum
1595 2051 1829 2083 concionatoria
1859 2055 2034 2084 orationem
2065 2054 2154 2084 illam
2176 2054 2270 2084 latine
2301 2054 2398 2085 edidit

1330 2103 1365 2123 ac
1379 2093 1572 2133 praefatione
1587 2096 1718 2127 ornavit.
1735 2097 1840 2128 Allatii
1856 2098 2041 2129 sententiam
2056 2105 2237 2139 propugnat
2251 2098 2397 2129 laudatus

1329 2138 1471 2168 Michael
1489 2139 1669 2179 Lequienus
1692 2147 1761 2171 tum
1776 2141 1808 2171 in
1826 2142 2042 2173 admonitione
2067 2143 2168 2182 citata,
2192 2142 2309 2173 tum'in
2326 2142 2396 2173 Dis-

1330 2182 1496 2213 sertatione
1522 2184 1737 2215 damascenica
1760 2186 1879 2226 quinta.

1395 2226 1475 2257 Satis
1499 2227 1576 2258 mihi
1593 2228 1688 2259 fuerit
1710 2229 1859 2260 hocloco
1875 2231 2120 2262 animadvertere
2146 2231 2186 2261 ad
2205 2230 2396 2270 imperitiam

1328 2270 1475 2301 Thomae
1498 2272 1664 2312 Aquinatis
1687 2273 1794 2304 referri
1817 2284 1883 2305 non
1906 2285 2010 2315 posse,
2035 2275 2060 2306 si
2083 2285 2142 2315 pro
2166 2274 2304 2315 genuino
2328 2276 2394 2305 Da-

1328 2316 1468 2345 masceni
1491 2315 1579 2347 foetu
1603 2317 1747 2348 habuerit
1769 2317 1820 2349 ille
1844 2319 1906 2349 hoc
1930 2327 2031 2360 opus:
2055 2320 2144 2360 quod
2164 2318 2312 2349 omnium
2330 2319 2394 2350 fere

1327 2359 1367 2389 ad
1383 2366 1517 2390 aetatem
1540 2371 1642 2401 usque
1666 2369 1807 2392 nostram
1826 2362 1979 2394 iudicium
2003 2363 2071 2394 fuit.
2102 2364 2244 2394 Veterem
2261 2363 2394 2394 latinam

1327 2403 1478 2434 orationis
1502 2406 1764 2444 translationem,
1796 2417 1894 2448 quam
1918 2415 2043 2438 sanctus
2066 2408 2210 2438 Thomas
2234 2407 2395 2447 adhibuit,

1325 2447 1461 2487 reperire
1480 2459 1513 2479 se
1528 2459 1688 2491 nusquam
1702 2451 1843 2490 potuisse
1859 2452 1988 2483 adnotat
2004 2452 2195 2492 Lequienus.
2221 2454 2263 2483 At
2277 2452 2311 2482 in
2327 2452 2394 2482 aliis

1328 2491 1606 2524 Dissertationibus
1621 2495 1735 2525 nostris
1755 2496 1894 2526 Tkomae
1909 2496 2101 2536 diligentiam
2117 2497 2179 2526 iam
2200 2496 2396 2527 ostendimus

1327 2543 1363 2566 ut
1381 2546 1479 2576 opera
1492 2547 1687 2578 graecorum
1710 2540 1857 2578 Patrum,
1882 2551 1963 2581 quae
1982 2541 2075 2571 latine
2094 2540 2243 2571 translata
2262 2540 2395 2578 fuerant,

1327 2580 1521 2621 perquireret
1543 2589 1575 2612 et
1593 2583 1792 2614 consuleret:
1817 2591 1872 2619 aut
1895 2585 2004 2615 eadem
2029 2591 2064 2616 ut
2087 2595 2170 2615 nova
2192 2584 2395 2616 translatione

1327 2635 1346 2655 a
1369 2626 1592 2657 consodalibus
1615 2627 1691 2658 latio
1715 2628 1908 2659 donarentur
1931 2636 2062 2660 curaret.

1396 2669 1529 2701 Saeculo
1554 2681 1641 2701 nono
1666 2673 1763 2703 vitam
1779 2674 1883 2704 sancti
1902 2673 2053 2714 Gregorii
2066 2674 2184 2714 Magni
2203 2673 2396 2703 elucubravit

1327 2714 1477 2751 Ioannes,
1498 2725 1535 2745 ex
1553 2716 1713 2747 Monacho
1730 2717 1908 2748 Cassinensi
1927 2718 2092 2748 Diaconus
2111 2718 2272 2748 Romanae
2289 2717 2394 2747 Eccle-

1327 2758 1400 2788 siae.
1427 2758 1623 2790 Historicum
1652 2761 1784 2791 Traiani
1807 2761 1925 2792 factum
1948 2762 2041 2792 refert
2064 2762 2143 2792 libro
2161 2762 2203 2799 11,
2223 2771 2290 2801 cap.
2310 2771 2393 2799 xmv,

1327 2802 1416 2843 quod
1440 2804 1567 2844 legerat
1589 2802 1640 2847 (ut
1662 2803 1718 2848 ait)
1737 2816 1837 2846 penes
1858 2807 2040 2846 Anglorum
2057 2806 2235 2842 Ecclesias,
2259 2805 2338 2834 idest
2360 2805 2393 2834 in

1327 2848 1544 2878 monumentis
1564 2859 1646 2889 quae
1665 2849 1697 2879 in
1713 2850 1858 2881 Ecclesiis
1877 2851 2055 2890 Anglorum
2071 2850 2280 2880 servabantur.
2302 2849 2392 2886 Quae

1326 2891 1391 2922 lato
1406 2901 1552 2922 sermone
1567 2901 1680 2932 narrat,
1696 2895 1804 2934 paucis
1819 2894 1919 2924 verbis
1935 2901 2075 2934 excerpta
2091 2893 2167 2923 haec
2183 2899 2269 2923 sunt:
2290 2905 2304 2920 «
2316 2892 2391 2923 Gre-

1331 2948 1345 2963 »
1367 2936 1475 2976 gorius
1498 2947 1555 2976 per
1576 2937 1693 2979 forum
1723 2939 1856 2969 Traiani
1878 2939 2067 2978 procedens,
2091 2937 2197 2967 iudicii
2222 2937 2302 2974 eius,
2327 2947 2393 2977 quo

1330 2992 1344 3006 »
1367 2980 1497 3010 viduam
1513 2982 1694 3012 consolatus
1710 2983 1821 3021 fuerat,
1845 2983 2025 3012 recordatus
2049 2988 2143 3022 atque
2167 2981 2296 3011 miratus
2313 2987 2391 3011 est...

1331 3037 1344 3051 »
1367 3025 1418 3054 Ad
1442 3025 1539 3055 sancti
1563 3026 1645 3056 Petri
1665 3027 1823 3057 basilicam
1840 3036 1914 3057 cum
1938 3026 2137 3066 pervenisset,
2162 3024 2282 3055 tamdiu
2297 3034 2395 3065 super

1331 3081 1345 3096 »
1369 3079 1480 3099 errore
1496 3071 1731 3101 clementissimi
1746 3072 1903 3110 Principis
1917 3071 2055 3110 deflevit,
2076 3079 2245 3110 quousque
2261 3078 2393 3108 respon-

1331 3125 1344 3139 »
1368 3123 1441 3143 sum
1465 3114 1607 3154 sequenti
1630 3122 1722 3145 nocte
1747 3115 1872 3155 ceperit,
1895 3124 1930 3145 se
1951 3124 2014 3154 pro
2043 3114 2183 3144 Traiano
2201 3113 2312 3154 fuisse
2335 3123 2392 3143 au-

1330 3169 1344 3183 »
1367 3158 1486 3188 ditum:
1508 3164 1633 3188 tantum
1652 3170 1716 3199 pro
1740 3160 1828 3190 nullo
1852 3160 1987 3189 ulterius
2003 3167 2138 3199 pagano
2156 3167 2271 3196 preces
2289 3156 2393 3196 effun—

1331 3214 1345 3229 »
1367 3202 1466 3232 deret.
1479 3215 1493 3229 »
1521 3203 1654 3233 Factum
1672 3203 1756 3233 istud
1772 3203 1805 3233 in
1821 3203 1955 3233 dubium
1969 3209 2061 3232 vocat
2076 3202 2206 3231 loannes
2222 3201 2391 3231 Diaconus.

1328 3245 1360 3275 Si
1384 3246 1461 3285 quid
1485 3253 1592 3277 autem
1615 3247 1679 3277 veri
1702 3247 1793 3285 insit,
1822 3247 1901 3277 illud
1929 3247 1971 3276 ita
1999 3246 2216 3285 accipiendum
2244 3245 2394 3274 adnotat:

1328 3296 1364 3319 ut
1380 3290 1531 3330 Gregorii
1547 3290 1698 3330 precibus
1715 3301 1778 3321 non
1794 3291 1903 3332 fuerit
1930 3291 2062 3320 Traiani
2084 3291 2193 3319 anima
2209 3289 2249 3318 ab
2265 3288 2393 3329 inferno

1328 3334 1461 3363 liberata
1478 3339 1507 3363 et
1523 3335 1556 3363 in
1574 3335 1730 3374 paradiso
1754 3336 1902 3374 reposita,
1922 3335 1978 3364 sed
1993 3335 2031 3364 ab
2056 3333 2178 3374 inferni
2194 3332 2392 3363 solummodo

1328 3378 1522 3407 cruciatibus
1545 3379 1701 3415 liberata;
1730 3379 1814 3418 quod
1837 3378 1981 3409 videlicet
2002 3382 2106 3417 potest
2135 3376 2235 3407 videri
2262 3376 2392 3407 credibi-

1327 3422 1357 3451 le
1372 3428 1429 3451 etc.
1447 3422 1543 3451 Hunc
1559 3421 1624 3451 sine
1644 3422 1741 3452 dubio
1758 3423 1866 3452 locum
1882 3422 2034 3461 Aquinati
2050 3427 2163 3451 notum
2189 3419 2284 3450 fuisse
2307 3426 2392 3460 pate-

1327 3465 1399 3495 facit
1412 3465 1576 3504 responsio
1600 3466 1747 3503 secunda,
1773 3475 1870 3506 quam
1886 3466 1979 3495 habet
1996 3465 2028 3495 in
2049 3465 2101 3502 IV,
2122 3464 2192 3494 dist.
2209 3474 2279 3502 x1.v‚
2295 3474 2392 3504 qu.11,

1327 3516 1382 3539 art.
1400 3520 1422 3539 11
1442 3509 1481 3539 ad
1501 3510 1529 3539 5:
1560 3509 1615 3539 Vel
1629 3510 1796 3540 dicendum
1813 3509 1986 3539 secundum
2004 3509 2167 3549 quosdam,
2185 3508 2269 3548 quod
2283 3509 2392 3538 anima

1332 3554 1466 3583 Traiani
1489 3553 1633 3594 nonfuit
1646 3555 1833 3593 simpliciter
1850 3563 1870 3583 a
1887 3559 1978 3583 reatu
1997 3562 2122 3593 poenae
2137 3558 2289 3583 aeternae
2304 3553 2392 3583 abso-

1328 3598 1413 3627 luta:
1434 3597 1490 3627 sed
1522 3598 1590 3627 eius
1607 3607 1714 3637 poena
1730 3597 1800 3639 suit
1831 3607 1985 3638 suspensa
2016 3597 2058 3628 ad
2089 3602 2223 3636 tempus.
2247 3596 2394 3627 Peritiam

1327 3641 1473 3671 Thomae
1489 3640 1552 3670 iam
1575 3641 1671 3672 vides.

2186 3702 2249 3734 43*
