2548 4192
941 266 996 303 IN
1027 267 1065 303 S.
1087 267 1329 304 THOMAM
1357 269 1681 316 AQUINATEM

207 346 348 386 potiatur
376 344 470 375 titulo
501 344 566 374 sive
599 344 787 375 hereditario
817 345 882 375 sive
910 356 966 386 per
995 347 1222 378 conventiones
1254 354 1283 378 et

205 389 410 430 Reipublicae
443 398 636 419 consensum
666 389 845 430 adquisito,
872 391 1034 431 tyrannice
1067 398 1173 421 tamen
1207 392 1284 431 regit

205 434 368 472 subditos;
393 433 590 464 verissimam
628 440 762 474 uterque
795 435 984 465 sententiam
1014 442 1116 473 tenet,
1143 436 1283 467 illicitam

205 479 284 517 fore,
301 488 359 509 nec
381 478 449 509 ullo
474 477 575 508 modo
598 477 732 518 impune
756 479 938 517 ferendam,
962 479 987 510 si
1011 490 1094 520 quae
1117 481 1284 511 intentare-

204 530 266 562 tur,
283 522 478 554 occisionem
501 521 568 552 eius
592 523 819 564 bonorumque
849 524 1083 564 spoliationem.
1102 525 1284 556 Clarissima

205 574 281 599 sunt
303 566 476 607 Triumphi
499 567 593 597 verba
617 567 764 607 superius
787 568 890 599 allata.
906 570 1019 609 Aeque
1052 570 1216 609 splendida
1249 581 1284 600 ac

207 622 282 643 sane
305 608 517 643 luculentiora
540 611 633 642 docet
656 612 800 652 Aquinas
824 613 956 643 articulo
979 624 1002 643 11
1026 614 1140 644 citato:
1162 625 1197 645 ac
1223 615 1284 655 pri-

204 667 297 687 mum
320 656 353 687 in
376 663 565 696 argumento
589 657 789 696 prolusorio,
809 657 941 697 allegata
957 658 1040 688 Petri
1064 659 1212 698 Apostoli
1230 670 1284 690 au-

206 701 348 732 ctoritate
371 701 472 741 Epist.
490 701 521 739 I,
548 711 616 741 cap.
633 711 666 739 11,
687 711 766 732 vers.
791 701 844 732 18:
867 702 976 740 Servi,
997 703 1115 734 subditi
1130 709 1228 734 estote
1251 705 1283 734 in

206 747 294 776 omni
317 747 432 776 timore
454 745 612 783 dominis,
632 756 695 776 non
716 751 841 777 tantum
867 747 957 778 bonis
980 753 1011 778 et
1034 748 1202 786 modestis,
1229 749 1285 779 sed

206 791 301 821 etiam
313 790 455 831 dyscolis
460 797 474 828 ,¹
488 797 519 821 et
533 791 683 830 Apostoli
698 791 787 821 Pauli
802 792 842 822 ad
857 792 952 822 Rom.
965 792 1066 832 capite
1080 803 1145 831 xm,
1156 803 1235 824 vers.
1254 801 1282 823 2:

209 835 275 872 Qui
298 836 418 866 resistit
436 836 608 875 potestati,
638 836 702 866 Dei
725 836 923 866 ordinationi
946 838 1086 867 resistit:
1105 845 1135 868 et
1158 838 1190 868 in
1215 848 1283 868 cor-

206 889 296 920 pore,
322 879 412 920 quod
436 886 552 910 vocant
581 879 702 910 articuli
736 880 790 911 ubi
814 881 977 921 aptissima
1007 882 1199 912 documenta
1223 889 1283 913 tra-

205 924 335 962 duntur,
353 935 389 955 ac
413 924 508 954 etiam
532 924 615 954 tituli
639 925 821 955 accedentes
845 933 1068 964 numerantur,
1095 927 1212 967 quibus
1235 927 1281 957 iu-

205 975 291 1000 stum
315 968 396 999 effici
413 969 596 999 dominium
612 976 728 1009 potest,
746 970 835 1010 quod
850 980 906 1010 per
924 970 1074 1001 iniustam
1098 971 1283 1001 violentiam

203 1013 399 1054 adquisitum
416 1020 472 1051 est,
491 1014 541 1044 vel
558 1023 622 1053 per
637 1023 831 1044 consensum
852 1015 1052 1045 subditorum
1080 1016 1131 1046 vel
1144 1025 1209 1055 per
1223 1025 1282 1045 au-

203 1059 382 1089 ctoritatem
407 1058 594 1098 superioris.

269 1103 344 1134 Pars
364 1103 462 1135 altera
486 1111 636 1132 censurae
659 1102 801 1132 acerbior
820 1109 876 1139 est,
893 1113 957 1144 qua
973 1103 1121 1133 Thomae
1138 1103 1282 1134 doctrina

202 1153 331 1178 notatur
346 1169 354 1185 ,
391 1146 490 1176 veluti
527 1146 656 1176 adversa
694 1146 819 1177 decreto
857 1147 978 1188 Synodi
1017 1147 1280 1178 Constantiensis.

200 1192 338 1222 Putasne
381 1190 518 1221 Concilii
558 1189 810 1221 Constantiensis
844 1191 1006 1222 decretum
1039 1191 1281 1232 doctrinamque

200 1236 349 1267 Thomae
373 1235 554 1275 expenderit
578 1235 818 1272 Summontius,
843 1235 1031 1276 ipsumque,
1057 1243 1092 1266 ut
1116 1246 1173 1276 par
1195 1243 1280 1275 erat,

200 1280 335 1321 attigerit
367 1277 512 1310 fontem?
535 1279 623 1310 Nihil
652 1279 769 1310 minus.
795 1279 1009 1310 Francischini
1039 1280 1157 1318 Curtii,
1181 1291 1280 1321 quem

198 1326 328 1364 laudat,
348 1324 445 1358 latina
467 1324 563 1355 ‘verba
585 1323 687 1355 italice
711 1324 952 1355 transcribebat:
984 1325 1117 1355 minime
1141 1335 1215 1356 sane
1239 1326 1278 1356 ad

199 1368 407 1401 iudicandum
429 1369 577 1407 idoneus,
601 1378 682 1399 num
704 1378 788 1406 vera,
814 1379 893 1399 num
917 1369 995 1400 falsa
1011 1369 1142 1400 Curtius
1158 1370 1278 1410 profer-

198 1421 255 1446 ret.
286 1415 338 1445 En
362 1413 476 1454 egregii
500 1413 706 1445 iureconsulti
729 1414 824 1444 verba
851 1413 884 1444 in
914 1421 998 1445 sexta
1022 1421 1109 1455 parte
1133 1415 1172 1445 de
1196 1415 1278 1445 Feu-

191 1459 264 1499 dis,
288 1459 369 1490 inter
391 1459 558 1490 Tractatus
582 1457 720 1489 universi
743 1457 821 1488 iuris
850 1465 941 1489 tomo
966 1459 1020 1497 XI,
1040 1466 1127 1499 parte
1151 1460 1190 1490 11:
1207 1460 1277 1491 Imo

186 1504 319 1547 fortius
341 1509 372 1534 et
395 1503 576 1534 mirabilius
598 1503 682 1534 dixit
703 1512 730 1533 s.
760 1503 898 1534 Thomas
921 1504 954 1534 in
977 1504 1118 1534 secundo
1143 1504 1276 1535 Senten-

197 1550 323 1580 tiarum·
342 1549 436 1579 artic.
455 1558 533 1588 pen.
557 1547 643 1589 quod
663 1547 788 1578 ‘licitum
818 1553 848 1578 et
871 1549 1072 1579 meritorium
1097 1554 1144 1580 est
1171 1550 1274 1589 ipsum

197 1592 378 1635 (dominum
413 1593 659 1623 intolerabiliter
687 1593 916 1632 opprimentem
949 1593 1121 1635 vassallos)
1153 1594 1275 1635 interfi-

197 1649 280 1671 cere.
305 1638 370 1671 Sed
392 1639 592 1668 contrarium
617 1637 650 1667 in
674 1636 734 1667 hoc
756 1642 841 1668 tenet
863 1638 1068 1678 Augustinus
1087 1638 1127 1669 de
1140 1639 1275 1669 Ancona

197 1685 230 1715 in
246 1688 388 1715 tractatu
402 1682 443 1712 de
455 1682 615 1713 Potestate
629 1681 844 1712 ecclesiastica
858 1691 888 1722 q.
904 1692 955 1712 Lrv
969 1688 1032 1713 art.
1048 1693 1092 1713 111.
1108 1688 1138 1713 v.
1157 1682 1275 1713 Omnia

196 1734 304 1760 autem
321 1729 394 1764 ista,
420 1731 451 1757 et
474 1731 587 1757 contra
611 1726 639 1757 b.
661 1725 813 1756 Thomam
825 1726 900 1767 fuit
918 1726 1060 1757 decisum
1077 1727 1109 1757 in
1131 1727 1274 1758 Concilio

199 1771 449 1805 Constantiensi.
473 1772 586 1812 Neque
614 1771 648 1801 id
679 1769 810 1800 Curtius
834 1770 957 1801 dicebat
988 1771 1120 1811 proprio
1149 1781 1274 1802 accura-

195 1825 296 1859 toque
319 1817 451 1848 edoctus
482 1815 605 1853 studio;
637 1823 750 1845 verum
776 1815 952 1845 secundum
983 1816 1208 1854 Brixiensem,
1239 1823 1275 1847 ut

195 1862 292 1901 addit,
317 1863 349 1892 in
370 1860 570 1900 Repertorio.
595 1860 698 1890 Pudet
713 1859 896 1890 litterariam
915 1860 1114 1891 committere
1130 1871 1273 1900 pugnam

194 1917 270 1938 cum
292 1904 446 1946 imperitis
469 1904 555 1934 hisce
578 1903 775 1936 hominibus.
799 1904 971 1944 Augustini
995 1905 1167 1945 Triumphi
1185 1915 1273 1936 men-

193 1958 260 1983 tem
282 1950 370 1982 haud
399 1951 472 1982 illos
495 1948 634 1989 attigisse
662 1948 834 1982 certissime
864 1956 1002 1980 constat:
1027 1949 1273 1981 Constantiense

194 1996 358 2027 decretum
380 1993 609 2036 proferendum
633 2002 694 2032 est,
719 2003 786 2034 quo
811 1993 907 2024 etiam
930 1994 1111 2034 turpissime
1135 1995 1271 2025 abutun-

193 2047 255 2072 tur.
280 2040 428 2071 Sessione
450 2049 502 2077 xv,
526 2048 608 2080 quae
631 2039 738 2070 habita
755 2037 817 2068 fuit
831 2039 963 2069 sabbato
981 2039 1034 2069 die
1047 2044 1140 2070 sexta
1156 2041 1273 2070 mensis

194 2085 268 2116 iulii
297 2095 382 2116 anno
418 2084 516 2125 1415,
541 2090 615 2124 post
644 2083 812 2115 anathema
840 2083 942 2114 latum
965 2083 998 2114 in
1023 2084 1150 2114 Ioannis
1174 2084 1272 2115 Hussi

156 2161 160 2164 ,
193 2129 313 2168 theses,
331 2130 494 2161 decretum
509 2128 654 2169 sequitur
675 2129 708 2159 in
723 2127 804 2158 hanc
823 2128 1046 2158 adsertionem:
1066 2128 1206 2166 Quilibet
1222 2134 1272 2170 ζγ-

195 2184 322 2206 rannus
338 2179 445 2215 potest
469 2179 500 2204 et
521 2173 612 2204 debet
635 2174 722 2204 licite
745 2177 776 2202 et
799 2174 963 2203 meritorie
976 2173 1078 2204 occidi
1087 2183 1152 2214 per
1164 2183 1271 2214 quem-

195 2229 331 2260 cumque
354 2219 529 2250 vassallum
553 2227 647 2249 suum
673 2219 724 2249 vel
745 2217 922 2255 subditum,
948 2219 1043 2248 etiam
1064 2228 1128 2258 per
1143 2219 1272 2249 clancu-

194 2264 283 2295 lares
305 2263 441 2294 insidias
463 2268 495 2294 et
516 2262 649 2294 subtiles
677 2261 850 2293 blanditias
881 2262 932 2293 vel
954 2262 1174 2301 adulationes,
1208 2273 1271 2294 non

193 2308 339 2339 obstante
361 2317 561 2349 quocumque
582 2309 742 2348 praestito
773 2307 955 2337 iuramento
977 2317 1034 2338 seu
1063 2307 1273 2349 confoedera-

193 2353 280 2384 tione
292 2352 399 2393 factis
422 2362 494 2384 cum
519 2362 567 2390 eo,
584 2362 648 2383 non
673 2356 840 2392 expectata
863 2353 1022 2382 sententia
1043 2353 1094 2383 vel
1119 2353 1272 2383 mandato

193 2397 308 2428 iudicis
331 2398 570 2438 cuiuscumque.
595 2396 683 2428 Cum
706 2396 773 2427 dira
789 2403 820 2427 et
841 2397 1014 2427 execranda
1033 2397 1182 2438 iustoque
1204 2407 1273 2437 per-

193 2451 285 2473 cussa
307 2441 508 2473 anathemate
531 2441 709 2472 adsertione
728 2451 952 2481 comparemus
972 2441 1140 2481 Aquinatis
1156 2441 1271 2471 doctri-

192 2496 278 2517 nam.
299 2486 478 2523 Quemlibet
500 2491 680 2526 trrannum
705 2485 878 2516 universim
900 2484 986 2516 effert
1000 2485 1095 2516 thesis
1112 2486 1272 2524 damnata,

192 2530 258 2561 sive
281 2530 322 2561 sit
343 2530 438 2561 titulo
462 2536 493 2561 et
514 2530 582 2560 iure
605 2530 740 2560 dominii
763 2536 916 2570 tyrannus
947 2529 1012 2560 sive
1042 2530 1110 2560 sola
1138 2530 1272 2560 admini-

194 2574 344 2606 stratione
368 2584 403 2605 ac
427 2575 527 2605 modo
560 2574 705 2614 regendi:
739 2584 843 2615 unum
875 2581 1047 2614 tyrannum
1079 2574 1192 2612 titulo,
1217 2575 1272 2615 qui

193 2619 262 2650 iure
285 2619 377 2650 nullo
400 2619 577 2650 dominium
601 2618 662 2650 sibi
677 2628 742 2659 per
765 2619 948 2649 violentiam
970 2625 1024 2649 aut
1045 2618 1164 2649 iniusto
1180 2626 1272 2650 moto

194 2663 278 2695 bello
301 2665 455 2704 surripit,
490 2670 610 2704 spectat
632 2663 775 2694 doctrina
798 2663 956 2693 Thomae.
981 2663 1029 2694 De
1057 2663 1196 2704 quolibet
1219 2669 1272 2704 tr-

193 2718 299 2739 ranno
329 2708 441 2748 agebat
469 2715 580 2739 auctor
610 2707 736 2738 theseos
767 2707 952 2746 damnatae,
985 2708 1109 2738 tametsi
1138 2708 1273 2748 proinde

192 2752 355 2784 accesserit
385 2753 596 2793 postmodum
625 2752 827 2783 subditorum
856 2762 1030 2783 consensus
1062 2752 1113 2783 vel
1137 2752 1272 2783 auctori-

191 2804 239 2828 tas
262 2797 451 2838 superioris:
475 2797 509 2828 id
531 2797 564 2828 in
587 2797 660 2837 ipso
684 2797 781 2828 etiam
804 2796 860 2838 qui
883 2796 951 2827 iure
966 2797 1101 2827 dominii
1118 2803 1272 2838 tyrannus

192 2848 239 2873 est
262 2842 486 2882 excipiendum
509 2842 602 2873 docet
624 2841 779 2882 Aquinas,
800 2842 863 2872 nisi
874 2841 981 2882 forte,
1008 2841 1166 2882 inquiens,
1182 2847 1271 2882 post-

191 2886 321 2917 modum
345 2886 496 2917 dominus
519 2896 616 2918 verus
639 2886 773 2927 effectus
794 2887 837 2917 sit
856 2886 907 2917 vel
915 2896 980 2926 per
993 2896 1182 2917 consensum
1197 2887 1270 2917 sub-

191 2930 332 2961 ditorum
357 2931 408 2962 vel
425 2941 488 2971 per
508 2932 732 2962 auctoritatem
754 2932 941 2971 superioris.
958 2930 1091 2961 Minime
1108 2932 1273 2971 expectari

192 2974 306 3004 debere
341 2976 550 3013 sententiam,
591 2976 641 3006 vel
671 2975 859 3006 mandatum
896 2975 1011 3006 iudicis
1044 2977 1272 3016 cuiuscumque

194 3017 261 3048 dira
283 3017 380 3049 thesis
408 3020 571 3050 enunciat:
603 3020 636 3050 id
659 3030 699 3050 eo
723 3026 849 3050 tantum
872 3030 964 3058 casu,
990 3020 1015 3050 si
1039 3020 1171 3061 quidem
1196 3030 1271 3051 con-

193 3062 337 3102 tingeret,
361 3062 485 3093 licitum
507 3064 652 3094 Thomas
677 3064 729 3102 ait,
753 3064 883 3105 quando
907 3074 970 3094 non
996 3069 1043 3095 est
1061 3074 1215 3095 recursus
1228 3065 1272 3095 ad

193 3107 414 3147 superiorem,
441 3117 506 3147 per
527 3118 620 3148 quem
645 3108 798 3139 iudicium
822 3109 863 3139 de
893 3110 1043 3139 invasore
1060 3110 1164 3149 possit
1176 3109 1269 3150 fieri.

194 3151 361 3191 Adprobat
383 3150 508 3181 theseos
532 3159 643 3182 auctor
658 3153 862 3183 clanculares
877 3153 1021 3190 insidias,
1037 3154 1168 3184 subtiles
1182 3154 1271 3184 blan-

113 3192 115 3194 *
158 3205 161 3208 ⁴
195 3195 308 3233 ditias,
333 3195 556 3234 adulationes‚·
583 3196 762 3238 factamque
795 3197 1107 3239 confoederationem
1130 3199 1271 3238 praesti-

195 3245 325 3280 tumque
348 3240 564 3270 iuramentum
589 3240 679 3270 nihili
701 3241 885 3272 habendum
908 3242 1027 3272 indicit.
1052 3242 1148 3272 Hisce
1163 3242 1270 3282 impiis

194 3284 234 3315 de
257 3284 450 3315 facinoribus
472 3285 607 3315 verbum
629 3284 756 3315 nullum
779 3286 866 3325 apud
888 3286 1094 3327 Aquinatem,
1115 3287 1170 3327 qui
1189 3287 1268 3317 locis

194 3328 439 3370 quampluribus
468 3328 535 3359 aliis
565 3335 635 3359 toto
659 3339 694 3359 ea
722 3336 851 3369 pectore
882 3337 1050 3360 execratur.
1080 3330 1165 3360 Hinc
1194 3341 1270 3360 vero

195 3373 379 3403 damnatam
400 3372 434 3403 in
458 3372 606 3403 Concilio
630 3372 866 3404 Constantiensi
881 3374 996 3404 thesim
1011 3374 1110 3405 reiicit
1124 3374 1270 3404 universa

194 3417 422 3457 theologorum
445 3417 552 3456 natio,
586 3427 668 3458 quae
691 3417 788 3448 simul
811 3424 949 3448 attamen
973 3418 1120 3448 Thomae
1146 3425 1269 3448 senten-

194 3461 272 3492 tiam
305 3462 505 3502 amplectitur
537 3472 572 3492 ac
603 3468 719 3492 tuetur.
745 3461 878 3492 Summa
908 3462 1136 3501 theologorum
1168 3462 1270 3502 capita

195 3506 268 3537 satis
292 3513 338 3537 est
361 3513 536 3537 recensere:
557 3505 747 3537 Caietanum
771 3506 814 3536 11³
832 3506 898 3543 11⁸2,
914 3512 1034 3546 quaest.
1054 3516 1136 3544 urv,
1154 3512 1210 3536 art.
1225 3513 1270 3544 1113

195 3550 404 3581 Dominicum
428 3551 506 3582 Soto
531 3550 569 3581 de
594 3550 714 3581 Iustitia
738 3557 768 3581 et
791 3550 860 3580 Iure
875 3550 955 3580 libro
970 3550 1010 3580 V.
1026 3560 1080 3590 qu.
1095 3561 1117 3587 1,
1133 3556 1189 3580 art.
1205 3560 1270 3589 vm,

194 3594 401 3635 Alphonsum
424 3606 442 3625 a
466 3595 578 3626 Castro
602 3595 751 3625 adversus
775 3595 928 3625 Haereses
944 3594 982 3625 V.
1008 3594 1198 3634 Tyrannus
1212 3594 1271 3624 Pe-

194 3644 280 3669 trum
304 3639 342 3670 de
365 3642 494 3680 Aragon
523 3646 554 3670 et
575 3639 765 3670 Michaelem
793 3639 1076 3671 Bartholomaeum
1105 3638 1271 3670 Salonium

339 3700 408 3734 Opp.
428 3701 459 3726 D.
475 3701 590 3726 Tnosffl:
610 3701 641 3725 T.
661 3701 679 3725 1.

2310 287 2415 313 CLXIX

1339 348 1411 379 loco
1430 349 1525 379 citato
1543 350 1584 379 11⁸
1603 350 1669 388 11⁸2,
1685 357 1805 390 quaest.
1821 361 1903 389 wa,
1920 358 1975 381 art.
1994 362 2037 389 m,
2057 351 2197 392 itemque
2214 353 2237 383 F
2241 355 2417 386 ranciscum

1339 393 1495 433 Sylvium;
1513 394 1704 434 Gregorium
1719 395 1897 426 Valentiam
1913 402 2003 426 tomo
2020 396 2072 433 ΙΙΙ,
2090 396 2168 436 disp.
2181 407 2211 434 v,
2227 406 2345 438 quaest.
2362 410 2417 430 vm

1340 437 1378 467 de
1402 438 1588 468 Homicidio
1609 446 1730 479 puncto
1746 447 1798 477 111;
1818 447 1956 470 caeteros
1981 450 2104 478 omnes,
2128 441 2255 472 nemine
2270 451 2415 483 excepto:

1340 481 1457 522 quibus
1481 483 1561 513 adde
1586 484 1761 523 Hugonem
1785 484 1945 522 Grotium,
1966 485 2141 515 Henricum
2158 486 2353 526 Henninges,
2370 489 2415 519 lo.

1340 526 1439 557 Gottl.
1472 527 1691 559 Heineccium.
1722 526 1831 566 Quid?
1862 529 1951 569 quod
1976 530 2109 559 Ioannes
2141 529 2335 569 Gersonius‚
2360 533 2415 573 qui

1340 571 1513 601 maximam
1538 573 1672 603 contulit
1696 583 1839 613 operam,
1864 581 1900 604 ut
1923 584 1994 604 eam
2018 574 2229 605 adsertionem
2253 576 2417 607 damnaret

1340 614 1524 646 Concilium
1547 617 1802 656 Constantiense‚
1825 618 1879 649 lati
1903 618 2109 649 anathematis
2133 619 2325 660 aequitatem
2347 621 2415 651 vin-

1339 659 1422 690 dicat
1445 660 1542 691 sancti
1566 662 1712 692 Thomae
1737 662 1896 701 doctrina,
1921 663 2065 703 pluribus
2088 663 2231 694 indicatis
2259 664 2353 702 locis,
2378 675 2414 696 ac

1338 704 1394 734 illo
1419 705 1514 735 etiam
1538 705 1577 736 de
1600 716 1667 747 quo
1691 706 1825 746 agimus.
1850 707 1953 738 Verba
1977 708 2044 738 eius
2068 708 2184 748 accipe,
2200 718 2281 749 quae
2295 709 2413 740 haben-

1338 755 1390 779 tur
1412 749 1445 779 in
1462 749 1615 780 Sermone
1633 751 1658 781 11
1684 758 1793 781 contra
1816 752 2003 782 assertiones
2026 752 2166 792 magistri
2191 753 2317 783 Ioannis
2339 754 2413 784 Par-

1338 793 1380 831 vi,
1396 801 1483 833 parte
1508 794 1533 824 ΙΙ
1559 793 1766 836 (Antuerpiae
1796 797 1889 837 1706,
1906 797 1980 827 Vol.
1998 797 2036 834 ΙΙ,
2054 797 2114 827 col.
2139 796 2232 839 344):
2257 811 2272 826 ιι
2289 798 2412 828 Promi—

1341 849 1354 863 »
1378 847 1519 868 seramus
1535 839 1684 869 inducere
1700 840 1836 870 rationes
1852 851 1926 871 cum
1941 841 2178 872 auctoritatibus
2193 849 2224 872 et
2238 842 2410 874 historiis...

1341 894 1355 908 »
1379 882 1631 914 Continentur...
1647 884 1680 913 in
1697 884 1831 914 Summa
1851 885 2070 915 confessorum
2087 896 2182 926 super
2201 886 2250 916 his
2273 888 2411 918 vocabu-

1341 939 1354 953 »
1377 926 1434 964 lis,
1458 927 1596 964 bellum,
1621 928 1846 965 homicidium,
1873 929 2027 966 insidiae,
2051 931 2245 970 periurium.
2278 931 2410 963 Sanctus

1340 982 1353 996 »
1377 971 1522 1001 Thomas
1546 971 1586 1001 ad
1609 971 1694 1002 idem
1717 972 1758 1002 11³
1779 973 1834 1002 llae
1849 980 1969 1013 quaest.
1986 984 2056 1003 Lxrv
2076 975 2184 1004 multis
2209 975 2363 1006 articulis:
2381 983 2412 1007 et

1340 1027 1353 1040 »
1376 1021 1498 1055 quaest.
1510 1015 1550 1045 de
1566 1015 1698 1046 Insidiis
1714 1014 1766 1058 (x1.
1778 1023 1833 1047 art.
1846 1016 1893 1059 m)
1909 1024 1939 1047 et
1949 1028 2000 1058 qu.
2013 1018 2052 1048 de
2071 1018 2410 1063 Iuramento(1.xxx1x)

1339 1070 1353 1085 »
1376 1058 1453 1089 item
1476 1069 1529 1099 qu.
1540 1061 1667 1099 penult.
1682 1061 1825 1091 secundi.
1845 1073 1859 1088 »
1881 1062 2036 1092 Mendum
2054 1063 2173 1102 corrige
2190 1070 2220 1094 et
2240 1064 2325 1104 lege:
2352 1066 2409 1096 ult.

1335 1113 1388 1143 qu.
1407 1104 1534 1143 penult.
1559 1109 1622 1134 art.
1647 1104 1718 1134 libri
1741 1105 1876 1135 secundi
1891 1106 2144 1144 Sententiarum,
2169 1108 2223 1137 ubi
2252 1109 2410 1149 quaestio-

1335 1156 1411 1176 nem
1435 1154 1620 1187 pertractat,
1645 1154 1754 1179 utrum
1782 1149 1960 1180 Christiani
1983 1156 2155 1181 teneantur
2176 1152 2303 1183 obedire
2319 1159 2410 1193 pote-

1334 1191 1470 1222 statibus
1492 1193 1715 1223 saecularibus
1747 1199 1777 1223 et
1800 1195 1941 1224 maxime
1964 1197 2127 1235 tyrannis.
2153 1196 2300 1227 Truncus
2329 1205 2408 1237 esto,

1334 1235 1390 1276 qui
1413 1236 1491 1266 haec
1515 1243 1580 1266 tam
1605 1237 1696 1275 clara,
1721 1244 1787 1268 tam
1811 1238 1924 1268 diserta
1949 1249 2015 1269 non
2038 1239 2210 1279 intelligat;
2234 1247 2289 1271 aut
2312 1242 2410 1273 nimia

1335 1287 1416 1310 certe
1446 1279 1637 1312 confidentia
1660 1282 1797 1322 percitus
1827 1282 1938 1321 fuerit,
1963 1283 2018 1324 qui
2052 1284 2199 1315 Thomae
2232 1286 2409 1317 doctrinam

1334 1324 1588 1356 Constantiensis
1612 1325 1750 1357 Concilii
1766 1326 1891 1357 decreto
1912 1327 2094 1358 damnatam
2114 1329 2299 1368 suspicetur.

1402 1370 1439 1400 ΙΙ.
1464 1370 1632 1411 Aquinatis
1655 1371 1807 1401 vindicias
1831 1379 1935 1411 egerat
1958 1373 2099 1412 Raphael
2123 1373 2221 1403 Maria
2248 1374 2409 1405 Filamon-

1333 1414 1392 1444 dus
1415 1414 1449 1444 in
1473 1425 1569 1455 opere
1593 1416 1682 1456 quod
1705 1415 1894 1456 inscriptum
1917 1417 2042 1456 legitur,
2058 1418 2082 1447 il
2100 1417 2200 1448 Genio
2215 1418 2362 1450 bellicoso
2376 1420 2410 1450 di

1331 1459 1466 1499 Napoli,
1492 1459 1525 1490 in
1549 1460 1632 1490 calce
1656 1461 1812 1490 secundae
1841 1461 1937 1501 partis
1961 1471 2046 1492 anno
2076 1463 2159 1502 1694
2191 1463 2274 1503 typis
2298 1463 2408 1494 editae.

1336 1517 1349 1531 ‹
1371 1503 1628 1535 Primieramente
1652 1507 1669 1535 ὲ
1689 1505 1825 1535 dannata
1846 1506 1866 1535 l'
1879 1506 2026 1536 assertiva
2047 1504 2160 1548 (quam
2176 1507 2303 1538 adhibet
2317 1508 2409 1538 Sum-

1334 1559 1347 1574 »
1371 1547 1540 1591 montius),
1565 1559 1625 1580 con
1651 1549 1701 1580 cui
1725 1549 1786 1589 egli
1811 1548 1911 1592 (idem
1934 1549 2116 1593 historicus)
2141 1561 2232 1582 seusa
2258 1551 2280 1582 il
2305 1552 2409 1583 Conte

1334 1604 1347 1618 »
1371 1593 1403 1623 di
1420 1593 1558 1624 Caserta.
1584 1594 1711 1624 Volerla
1730 1594 1785 1635 poi
1803 1595 2007 1626 corroborare
2032 1605 2093 1626 con
2109 1595 2138 1626 la
2154 1603 2304 1636 presunta
2318 1603 2408 1627 auto-

1333 1648 1346 1662 »
1370 1638 1428 1668 rita
1452 1638 1687 1678 dell'Angelico
1709 1641 1726 1669 e
1741 1638 1988 1679 sfrontataggine
2009 1640 2048 1670 de
2067 1650 2317 1680 vergognarsene
2332 1641 2409 1681 ogni

1332 1693 1346 1707 »
1370 1682 1425 1722 piu
1449 1682 1634 1722 grossolana
1658 1683 1838 1723 ignoranza.
1864 1684 1939 1714 Non
1963 1684 2162 1724 bisognando
2194 1695 2250 1725 per
2274 1685 2407 1716 confon-

1332 1737 1345 1751 >
1369 1726 1465 1764 derla,
1490 1726 1547 1757 che
1571 1727 1694 1767 leggere
1718 1727 1740 1758 il
1763 1735 1844 1759 testo
1869 1729 1899 1758 di
1924 1739 1948 1759 s,
1966 1730 2146 1759 Tommaso
2162 1730 2194 1759 in
2215 1730 2241 1759 II
2262 1730 2405 1761 Sentent.

1331 1780 1345 1795 »
1368 1771 1441 1802 dist.
1465 1781 1548 1809 κων,
1572 1777 1694 1812 quaest.
1719 1782 1752 1809 11,
1776 1778 1838 1803 art.
1864 1783 1896 1810 11,
1921 1783 1981 1804 ove
2005 1773 2171 1811 dimanda,
2187 1779 2295 1804 utrum
2315 1774 2407 1805 Chri-

1331 1825 1345 1839 »
1367 1816 1466 1846 stiani
1490 1821 1663 1846 teneantur
1686 1816 1813 1847 obedire
1831 1818 2044 1857 potestatibus
2057 1819 2280 1849 saecularibus
2295 1825 2325 1850 et
2339 1829 2406 1850 ma-

1330 1869 1344 1884 »
1366 1861 1455 1890 xime
1478 1861 1640 1901 tyrannis.
1678 1860 1842 1901 Risponde
1871 1862 1928 1892 che
1953 1866 1978 1892 s'i
2009 1863 2058 1893 ne’
2079 1862 2208 1903 precetti
2239 1873 2306 1894 non
2330 1874 2406 1894 con-

1331 1915 1345 1928 »
1368 1904 1453 1935 trarii
1484 1904 1545 1935 alla
1567 1905 1667 1943 virtu,
1692 1906 1880 1936 adducendo
1911 1907 1983 1937 nell’
1997 1914 2184 1947 argomento
2209 1907 2266 1938 che
2290 1908 2315 1938 si
2340 1908 2408 1939 dice

1331 1959 1344 1973 ν
1366 1950 1424 1980 sed
1446 1954 1572 1986 contra,
1597 1950 1618 1979 l’
1634 1949 1770 1981 autorita
1794 1951 1826 1981 di
1849 1961 1904 1981 san
1928 1951 2051 1982 Pietro:
2068 1951 2161 1982 Servi
2174 1952 2294 1982 subditi
2310 1958 2408 1983 estote

1330 2003 1343 2017 ³·
1368 1995 1400 2024 in
1425 1995 1513 2024 omni
1537 1995 1652 2025 timore
1674 1994 1822 2032 dominis,
1850 2006 1913 2026 non
1938 2001 2063 2026 tantum
2083 1996 2174 2026 bonis
2197 2002 2228 2027 et
2246 1997 2406 2035 modestis,

1330 2047 1343 2062 ¹·
1366 2039 1423 2070 sed
1438 2040 1534 2069 etiam
1559 2039 1706 2070 discolis:
1730 2039 1937 2080 spiegandolo
1958 2050 2019 2071 con
2040 2040 2205 2071 riflessioni
2227 2041 2407 2080 bellissime,

1330 2092 1343 2106 ³·
1367 2084 1426 2114 alle
1451 2083 1538 2124 quali
1562 2083 1689 2114 rimetto
1713 2084 1735 2114 il
1759 2084 1880 2116 lettore.
1906 2084 1975 2115 Che
2000 2095 2032 2115 se
2052 2085 2125 2115 dara
2145 2085 2353 2116 un'occhiata
2368 2086 2408 2116 ad

1330 2137 1343 2151 ³·
1366 2138 1411 2159 un
1434 2128 1513 2158 altro
1535 2135 1617 2159 testo
1642 2129 1752 2158 11²³112¹e
1771 2139 1802 2170 q.
1819 2140 1901 2167 Lxrv,
1926 2136 1981 2160 art.
2000 2140 2042 2167 1v,
2059 2128 2121 2171 (m)
2137 2136 2245 2160 utrum
2263 2131 2408 2161 occidere

1329 2181 1343 2195 »
1366 2173 1525 2203 hominem
1550 2173 1793 2214 malefactorem
1814 2172 2041 2216 (peccatorem)
2059 2175 2154 2205 liceat
2166 2176 2404 2214 privataeper-

1329 2225 1343 2240 ³·
1363 2227 1482 2255 sonae,
1509 2224 1539 2248 et
1562 2217 1605 2248 ivi
1629 2217 1650 2247 il
1675 2217 1823 2248 Cardinal
1841 2218 1983 2248 Gaetano
2007 2218 2024 2259 ξ
2047 2219 2100 2249 Ad
2121 2219 2181 2249 hoc
2198 2219 2337 2257 dicitur;
2353 2229 2405 2249 co—

1329 2270 1342 2284 »
1366 2266 1497 2293 noscera
1512 2272 1578 2292 non
1593 2272 1676 2292 esser
1691 2262 1799 2302 parola
1822 2262 1895 2292 nell'
1909 2263 2020 2293 eretica
2039 2263 2266 2303 proposizione
2281 2263 2312 2293 di
2328 2263 2404 2294 Gio-

1329 2314 1343 2328 »
1366 2306 1461 2337 vanni
1486 2307 1557 2337 Hus
1582 2307 1717 2336 dannata
1741 2306 1792 2337 nel
1808 2306 1955 2337 Concilio
1971 2307 2002 2337 di
2018 2307 2177 2338 Costanza
2191 2308 2298 2338 l'anno
2321 2317 2404 2348 1414

1329 2359 1343 2372 ²
1367 2351 1425 2382 che
1448 2361 1515 2381 non
1539 2350 1564 2380 si
1590 2350 1712 2381 confuti
1737 2361 1797 2381 con
1820 2351 1851 2381 la
1871 2351 2008 2382 dottrina
2026 2351 2188 2392 insegnata
2203 2352 2235 2382 in
2252 2352 2402 2393 que’luo—

1330 2403 1343 2417 »
1366 2396 1419 2435 ghi
1445 2395 1484 2425 da
1508 2406 1564 2425 san
1588 2396 1813 2426 Tommaso....
1839 2395 2037 2426 Falsamente
2061 2406 2176 2427 ancora
2196 2396 2255 2427 cita
2269 2397 2289 2426 l'
2302 2397 2403 2427 erudi-

1330 2447 1344 2462 ¹⁹
1367 2440 1490 2470 tissimo
1515 2439 1706 2479 Monsignor
1733 2440 1866 2471 Sacrista
1891 2439 1926 2470 fr.
1951 2440 2109 2480 Agostino
2138 2441 2276 2471 Tn'onfo
2301 2441 2406 2471 d’An—

1330 2492 1344 2507 »
1368 2494 1467 2522 cona,
1493 2484 1550 2514 che
1574 2484 1627 2514 nel
1651 2490 1778 2514 trattato
1802 2485 1842 2515 de
1864 2485 2024 2516 Potestate
2038 2486 2252 2516 ecclesiastica
2268 2485 2301 2515 in
2323 2492 2406 2516 tutto

1330 2536 1343 2550 »
1367 2529 1392 2559 si
1417 2528 1525 2568 regola
1548 2539 1609 2559 con
1633 2528 1664 2558 la
1687 2528 1826 2559 dottrina
1849 2529 1880 2559 di
1904 2539 1960 2559 san
1989 2530 2234 2560 Tommaso....
2261 2530 2407 2561 Guardisi

1330 2585 1344 2600 1³
1367 2573 1595 2604 d’incontrarsi
1619 2573 1651 2603 in
1671 2573 1776 2614 quelle
1800 2574 1935 2604 autorita
1955 2574 1986 2604 di
2010 2574 2162 2612 scrittori,
2187 2575 2243 2605 che
2268 2574 2406 2605 Giovan-

1330 2630 1344 2645 »
1367 2618 1499 2648 antonio
1529 2615 1760 2660 (Summonte)
1788 2618 1942 2657 riferisce,
1972 2629 1992 2649 o
2022 2619 2180 2649 maneanti
2209 2629 2229 2649 ο
2254 2619 2407 2649 contrarie

1330 2675 1344 2689 »
1368 2662 1428 2693 alle
1451 2662 1522 2700 loro
1547 2662 1678 2703 proprie
1701 2662 1819 2703 parole.
1840 2675 1855 2690 s
1882 2664 1933 2693 Ad
1957 2663 2000 2693 rei
2030 2674 2191 2694 summam
2218 2664 2308 2704 quod
2338 2664 2406 2694 atti-

1327 2713 1399 2745 net,
1433 2706 1549 2747 paucis·
1573 2717 1609 2737 ac
1631 2707 1891 2738 luculentissimis
1919 2707 2021 2738 verbis
2052 2708 2406 2748 apologiam—Thomae

1328 2751 1452 2782 ornavit
1475 2751 1694 2782 Filamondus.
1719 2752 1859 2782 Textum
1884 2752 1950 2782 eius
1973 2752 2149 2783 indicatum
2165 2762 2182 2782 a
2199 2752 2404 2782 Summontio

1327 2806 1394 2826 non
1418 2795 1580 2836 exprimit:
1606 2796 1679 2826 satis
1702 2806 1778 2827 vero
1803 2797 1932 2827 denotat
1961 2797 2063 2827 verbis
2086 2797 2164 2835 illis,
2194 2807 2252 2827 con
2278 2797 2309 2826 la
2328 2806 2403 2836 pre-

1326 2846 1423 2871 sunta
1447 2842 1590 2871 autorita
1613 2840 1857 2882 dell'Angelico
1881 2848 1912 2871 et
1934 2841 1994 2871 illis
2026 2841 2136 2879 etiam,
2161 2842 2193 2871 in
2217 2841 2322 2881 quelle
2345 2851 2404 2871 au-

1327 2887 1435 2923 torita,
1462 2886 1518 2916 che
1541 2885 1703 2926 riferisce,
1721 2895 1740 2916 o
1764 2887 1930 2916 maneanti
1948 2896 1967 2916 ο
1988 2886 2231 2916 contrariealle
2247 2886 2316 2915 loro
2326 2895 2404 2925 pro-

1321 2931 1397 2970 prie
1414 2930 1532 2970 parole
1539 2937 1552 2967 ;
1576 2937 1670 2970 atque
1694 2930 1827 2960 demum
1851 2940 1927 2960 cum
1946 2930 2096 2960 lectorem
2113 2930 2242 2960 remittit
2258 2930 2296 2959 ad
2312 2929 2403 2960 Caie-

1327 2974 1391 3005 tani
1416 2974 1703 3013 commentarium,
1734 2974 1789 3005 ubi
1821 2974 1893 3004 data
1921 2974 2023 3014 agitur
2046 2984 2142 3014 opera
2173 2974 2211 3004 de
2243 2973 2403 3014 praedicto

1326 3018 1495 3059 Aquinatis
1519 3025 1626 3057 textu,
1651 3029 1749 3059 quem
1774 3029 1792 3049 a
1816 3018 2022 3049 Summontio
2051 3019 2225 3049 indicatum
2248 3017 2402 3058 legimus,

1326 3063 1375 3093 his
1389 3063 1506 3093 verbis:
1520 3064 1661 3094 Dubium
1674 3064 1828 3094 occurrit:
1838 3073 1912 3093 nam
1927 3064 2050 3093 Auctor
2063 3064 2095 3093 in
2107 3063 2133 3093 ΙΙ
2144 3068 2236 3100 sent„
2249 3063 2320 3093 dist.
2331 3073 2404 3092 xmv

1326 3113 1389 3138 art.
1407 3108 1536 3148 penult.
1561 3108 1605 3138 ad
1628 3108 1775 3138 ultimum
1800 3106 1869 3150 (seu
1894 3108 1934 3137 ad
1954 3106 1985 3150 5)
2002 3107 2079 3138 dicit
2094 3114 2151 3138 etc.
2169 3107 2293 3138 Minuta
2307 3117 2403 3148 quae-

1327 3152 1401 3182 dam
1424 3152 1606 3182 Filamondi
1630 3153 1746 3182 menda
1761 3152 1962 3192 expurganda
1978 3158 2060 3182 sunt.
2077 3151 2221 3182 Theseos
2236 3162 2254 3181 a
2270 3152 2402 3192 Synodo

1327 3196 1565 3227 Constantiensi
1590 3197 1756 3227 damnatae
1780 3203 1890 3226 auctor
1913 3196 2014 3226 fuerat
2037 3197 2170 3226 Ioannes
2189 3197 2318 3234 Parvus,
2335 3206 2401 3226 non

1326 3241 1467 3271 Ioannes
1489 3241 1579 3271 Hus.
1602 3242 1719 3271 Latum
1743 3241 1910 3270 anathema
1934 3247 1979 3271 est
1996 3241 2142 3271 Sessione
2157 3251 2208 3279 xv,
2222 3251 2318 3281 quam
2335 3250 2401 3270 non

1325 3295 1412 3315 anno
1435 3290 1529 3322 1414,
1546 3285 1601 3315 sed
1624 3285 1809 3325 insequente
1839 3286 1918 3324 1415
1946 3285 2179 3315 celebraverunt
2201 3285 2306 3314 Patres
2323 3284 2400 3314 Sab-

1325 3329 1408 3366 bato,
1426 3329 1478 3359 die
1494 3334 1587 3359 sexta
1611 3331 1729 3360 mensis
1752 3330 1832 3359 iulii.
1853 3329 1929 3366 Quo
1953 3330 2085 3359 demum
2099 3329 2166 3359 iure
2182 3339 2299 3358 munus
2315 3329 2397 3358 Pon-

1325 3373 1415 3414 tificii
1437 3373 1636 3403 Sacristatus
1659 3373 1813 3403 tribuatur
1836 3373 2028 3413 Augustino‘
2042 3373 2235 3413 Triumpho,
2251 3372 2400 3412 ignotum

1325 3417 1414 3447 mihi.
1438 3417 1580 3456 Angelus
1604 3418 1710 3447 Rocca
1734 3416 1876 3447 officium
1899 3417 1978 3447 illud
2001 3418 2039 3447 ab
2063 3427 2147 3447 anno
2170 3418 2251 3447 1300
2269 3416 2399 3447 adhaec

1326 3471 1428 3501 usque
1457 3467 1603 3500 tempora
1635 3461 1742 3490 fratres
1775 3461 1903 3491 Ordinis
1936 3461 2136 3491 eremitarum
2166 3471 2190 3491 s.
2215 3461 2398 3500 Augustini,

1325 3505 1415 3535 nullo
1430 3515 1575 3545 unquam
1589 3511 1732 3544 tempore
1747 3505 1934 3545 interrupto,
1946 3505 2118 3535 exercuisse
2129 3512 2232 3535 narrat
2246 3505 2279 3535 in
2296 3505 2398 3536 Chro-

1326 3549 1455 3579 nistoria
1479 3549 1518 3578 de
1541 3549 1731 3588 Apostolico
1746 3549 1904 3579 Sacrario:
1922 3549 2089 3579 elenchum
2105 3549 2311 3580 Sacristarum
2325 3549 2400 3580 texit

1326 3604 1344 3623 a
1367 3599 1511 3633 tempore
1530 3593 1699 3623 Alexandri
1718 3593 1760 3624 VI
1785 3600 1815 3624 et
1835 3594 1873 3623 ab
1893 3604 1977 3624 anno
1993 3594 2123 3624 Domini
2146 3595 2239 3632 1501,
2257 3594 2398 3635 aliosque

1326 3637 1504 3668 remotioris
1528 3637 1647 3676 aetatis,
1663 3647 1745 3678 quos
1768 3637 1907 3668 invenire
1926 3638 2042 3679 potuit,
2058 3645 2210 3669 recenset:
2226 3638 2397 3679 Augustini

2222 3707 2252 3724 22
