2548 4192
897 259 950 295 IN
982 259 1021 295 S.
1043 257 1287 295 THOMAM
1315 258 1641 305 AQUINATEM

160 341 203 374 ris
226 351 292 373 non
317 339 474 371 resiliendi
498 338 702 379 obligationis
727 345 851 379 partem
872 337 939 368 sine
959 337 1058 368 dubio
1078 337 1239 367 sublatum

161 386 418 426 obsoletumque.
453 384 562 414 Fuerit
585 393 726 424 namque
749 382 782 412 in
811 382 1006 413 Monasterio
1031 381 1197 412 Casinensi
1222 392 1240 411 a

161 430 345 473 parentibus
376 429 502 460 oblatus
525 428 672 458 Thomas
695 426 913 468 quinquennis
936 436 996 467 pro
1027 426 1127 466 patria
1150 433 1239 466 pote-

161 482 256 507 state:
276 481 308 506 at
322 474 400 505 ritus
414 473 478 511 ine,
494 482 570 503 curn
584 482 663 502 aevo
683 471 767 502 illius
787 471 946 512 praedicta
960 471 1124 501 exsolutus
1144 470 1238 501 fuerit

161 530 228 551 non
252 517 409 550 resiliendi
433 516 638 557 obligatione,
659 515 785 546 adsumi
804 515 932 546 nonnisi
952 515 1170 555 imprudenter
1188 525 1240 545 ve-

160 564 219 596 luti
243 563 438 605 principium
467 567 591 602 potest,
616 570 653 591 ex
676 570 743 602 quo
768 559 944 591 monastica
974 559 1131 600 professio
1162 566 1239 590 voto

161 608 298 640 solemni
322 608 470 638 roborata
493 605 669 646 colligatur.
695 605 771 636 Abit
794 614 870 645 ergo
894 604 927 635 in
951 614 1042 635 auras
1073 603 1241 644 magnifica

142 653 215 691 ⁴illa
234 651 453 694 Disquisitoris
473 651 714 688 demonstratio,
738 659 821 691 quae
841 649 896 680 uni
915 649 1076 689 praedicto
1102 649 1174 680 ritui
1194 649 1240 679 in-

162 697 289 736 nititur,
314 703 350 728 ut
373 696 446 727 inde
471 695 611 733 evincat,
636 694 781 725 oblatum
807 694 973 724 Thomam
997 693 1097 724 redire
1116 694 1156 724 ad
1175 704 1240 724 sae-

163 742 274 774 culum
297 751 365 772 non
388 740 541 781 potuisse.
567 739 777 770 Probandum
798 738 842 769 illi
862 738 975 777 fuerat,
999 738 1165 769 Thomam
1180 738 1240 769 Ca-

164 787 224 818 sini
248 786 334 828 apud
358 784 580 816 Benedictinos
611 783 764 814 mansisse
795 783 835 814 ad
858 793 960 814 annos
987 793 1093 824 xusque
1126 783 1240 823 puber-

163 831 253 870 tatis,
277 831 450 872 ipsumque
474 830 507 860 in
531 828 639 860 adulta
663 835 780 866 aetate,
806 838 881 858 cum
905 838 941 858 ex
965 827 1059 858 sacris
1083 827 1242 858 Ecclesiae

163 875 284 917 legibus
304 885 383 906 aevo
403 885 463 905 suo
487 873 666 914 vigentibus
689 873 843 914 potiretur
863 872 1010 903 facultate
1030 872 1186 903 resiliendi
1206 882 1241 903 ac

162 920 315 952 redeundi
330 920 370 950 ad
389 919 564 956 saeculum,
580 925 681 949 ratam
700 917 911 948 nihilominus
931 917 1129 948 oblationem
1148 917 1187 947 de
1207 926 1240 947 se

164 965 281 996 factam
300 964 448 995 habuisse
471 963 677 1004 emisisseque
701 962 856 992 solemnia
876 968 960 992 vota.
985 962 1145 992 Neutrum
1168 971 1241 1002 pro-

163 1010 216 1041 bat
239 1009 302 1040 ille.

231 1054 284 1085 111.
309 1054 384 1084 Non
408 1053 489 1083 adeo
514 1062 589 1082 vero
613 1051 646 1082 in
670 1051 800 1082 historia
824 1050 999 1081 monastica
1025 1050 1141 1090 hospes
1166 1057 1241 1087 erat,

163 1098 243 1141 quin
261 1103 446 1139 agnosceret
464 1097 605 1134 tandem,
626 1095 749 1126 nullam
769 1095 866 1125 fuisse
885 1105 944 1135 pro
965 1094 1033 1124 aevi
1049 1104 1150 1132 more,
1173 1104 1241 1135 quo

165 1143 298 1184 degebat
320 1142 483 1179 Thomas,
509 1140 757 1180 obligationem,
788 1150 852 1180 qua
875 1139 946 1177 ille,
970 1138 995 1169 si
1020 1138 1147 1169 oblatus
1171 1148 1241 1169 um-

186 1196 264 1218 nam
296 1185 479 1224 exstitisset,
513 1185 622 1216 redire
654 1194 829 1225 numquam
858 1188 968 1224 posset
997 1183 1042 1214 ad
1063 1183 1240 1214 saeculum.

197 1230 249 1262 inc
273 1239 382 1262 secum
412 1230 480 1271 ipse
510 1235 633 1270 pugnat
663 1228 839 1259 manifeste.
869 1241 882 1256 α
901 1228 976 1258 Duo
1001 1227 1034 1257 in
1058 1227 1162 1267 prisco
1186 1227 1242 1257 illo

166 1287 182 1304 »
204 1275 266 1308 ritu
285 1273 406 1318 (inquit
424 1273 526 1315 capite
545 1284 590 1315 Ψ,
610 1283 700 1303 num.
720 1271 764 1315 3.)
786 1272 977 1303 secernenda
996 1272 1138 1309 veniunt,
1155 1271 1242 1302 obla-

166 1319 189 1349 ι’
203 1319 251 1352 tio
274 1314 693 1360 scilicetipsa‘puerorum
716 1317 786 1348 Deo
811 1327 847 1348 ex
872 1323 949 1347 voto
974 1323 1143 1357 parentum
1176 1315 1242 1347 fieri

155 1371 182 1393 ἰ
196 1357 315 1403 ffilffss
339 1371 410 1395 tum
433 1363 586 1404 obligatio
610 1361 717 1403 pueris
741 1360 818 1403 ipsis
838 1361 1000 1402 imposita,
1021 1361 1053 1391 in
1078 1367 1242 1402 susceptae

166 1421 183 1439 s
203 1408 398 1441 monasticae
419 1408 502 1439 vitae
520 1407 666 1438 instituto
691 1406 874 1437 remanendi
905 1412 1044 1447 votaque
1070 1405 1242 1445 solemnia,

166 1453 284 1486 »dum
314 1453 355 1484 ad
378 1459 515 1484 aetatem
538 1451 680 1483 adultam
711 1451 873 1489 venirent,
905 1461 1049 1491 expresse
1080 1457 1175 1491 atque
1206 1460 1243 1481 ex

166 1510 183 1528 υ
196 1498 332 1541 'publica
353 1497 492 1529 formula
512 1495 730 1537 nuncupandi.
756 1495 942 1527 Secundum
960 1495 1023 1526 hoc
1042 1495 1170 1536 penitus
1189 1505 1242 1526 su-

166 1542 293 1575 s'stulit
322 1541 473 1589 Qiemens
498 1542 558 1580 111,
582 1551 651 1582 cap.
679 1540 761 1571 Cum
790 1542 909 1578 simus,
938 1540 979 1571 de
1001 1540 1243 1582 Regularibus:

165 1598 183 1618 a
203 1587 376 1633 puerisque
394 1586 555 1618 licentiam
574 1585 658 1623 fecit,
674 1592 710 1616 ut
728 1595 804 1616 cum
823 1585 1023 1626 pubertatem
1043 1585 1242 1625 attingerent,

165 1645 182 1662 »
203 1632 326 1667 abiecto
346 1631 485 1669 cucullo,
501 1631 600 1662 redire
615 1630 655 1661 ad
670 1630 834 1660 saeculum
853 1637 995 1671 possent,
1011 1629 1243 1670 patrimonium

166 1680 181 1706 ὸ
202 1683 343 1721 repetere
372 1686 408 1707 ac
438 1675 534 1707 etiam
564 1674 772 1706 matrimonio
802 1674 901 1715 iungi.
929 1687 943 1702 »
970 1674 1052 1712 Quis
1084 1684 1241 1716 umquam

163 1720 344 1755 credidisset
369 1720 430 1752 dici
455 1720 599 1762 potuisse
617 1730 636 1750 a
655 1719 882 1760 Disquisitore:
907 1729 987 1750 aevo
1011 1719 1075 1749 divi
1094 1719 1243 1750 Thomae

163 1777 282 1812 pueros
305 1766 430 1799 oblatos
454 1765 562 1797 redire
585 1764 629 1796 ad
650 1765 816 1796 saeculum
841 1765 1005 1804 potuisse,·
1027 1763 1083 1804 qui
1107 1763 1165 1794 sibi
1190 1763 1242 1794 de-

163 1811 410 1845 monstrandum
440 1815 669 1851 proposuerat,
695 1809 861 1839 Thomam
892 1807 1058 1839 monachis
1090 1807 1242 1839 traditum

162 1855 228 1889 ἴασι
250 1851 328 1887 tunc
351 1855 500 1896 religioso
523 1853 670 1885 instituto
701 1853 904 1892 adstrictum,
934 1863 1109 1894 numquam
1134 1853 1243 1884 redire

155 1896 304 1944 potuisse
325 1899 370 1932 ad
391 1898 586 1931 saeculum?
609 1898 790 1939 Utrumque
810 1904 916 1929 tamen
941 1897 1047 1929 scribit
1070 1898 1122 1928 ille
1146 1897 1241 1928 diser-

161 1944 293 1978 tissime.
309 1944 535 1976 Animadverte
549 1953 669 1981 rursuS,
690 1949 786 1983 caput
804 1942 895 1980 illud,
917 1942 999 1973 Cum
1018 1944 1131 1980 simus,
1151 1943 1241 1983 quod

162 1988 297 2023 hahetur
318 1989 352 2020 in
378 1989 472 2021 titulo
491 1988 532 2020 de
549 1988 782 2030 Regularibus‚
801 1987 937 2018 adtribui
957 1987 1116 2019 Clementi
1136 1987 1240 2024 tertio,

162 2033 340 2084 sphalmate
373 2034 507 2071 scilicet,
538 2033 628 2075 quod
658 2042 675 2063 e
699 2032 823 2063 calamo
853 2032 1029 2063 doctissimi
1062 2032 1240 2063 Mabillonii

108 2071 111 2074 ‚
162 2079 329 2119 exciderat,
353 2085 390 2111 ut
413 2077 649 2116 adnotavimus,
674 2087 740 2108 non
765 2083 918 2115 correcto,
943 2078 997 2108 sed
1021 2077 1185 2118 adoptato.

230 2123 316 2156 Hinc
334 2124 443 2156 relicto
463 2122 559 2154 stricti
579 2122 655 2153 iuris
674 2128 876 2162 argumento,
895 2122 984 2163 quod
999 2122 1032 2152 in
1047 2122 1240 2162 praesidium

162 2176 239 2202 suae
258 2179 370 2200 causae
390 2167 531 2200 adhiberi
545 2177 613 2198 non
628 2173 767 2208 poterat,
788 2166 848 2197 alia
866 2166 990 2208 quaerit
1015 2167 1117 2208 capite
1132 2177 1174 2205 iv,
1190 2177 1241 2197 so-

161 2214 224 2247 lius
232 2214 511 2256 praesumptionis
528 2218 702 2243 momenta.
726 2211 997 2242 Verisimillimum
1012 2221 1080 2243 esse
1099 2212 1152 2250 ait,
1168 2211 1241 2252 piis-

162 2259 283 2292 simum
305 2258 488 2297 Thomam,
513 2257 642 2299 qualem
666 2256 761 2287 etiarn
785 2267 803 2287 a
826 2256 929 2297 prima
951 2263 1051 2287 aetate
1075 2256 1107 2287 in
1130 2267 1241 2287 mona-

161 2303 258 2337 sterio
277 2313 345 2334 sese
363 2303 551 2344 praebuerat
569 2301 673 2332 adhuc
698 2301 856 2342 impubes,
881 2300 1020 2332 voluisse
1045 2301 1242 2332 oblationem

163 2346 207 2382 de*
225 2357 260 2380 se
283 2346 399 2379 factam
422 2347 572 2388 implere,
597 2356 663 2377 non
695 2346 814 2377 irritam
846 2345 962 2377 facere:
987 2346 1032 2377 ad
1060 2346 1146 2387 quod
1168 2356 1241 2377 eum

162 2393 346 2426 sin'minus
369 2394 420 2424 ius
441 2393 602 2429 strictum,
627 2396 662 2422 at
685 2396 772 2422 certe
790 2392 907 2431 pietas,
929 2391 1047 2432 religio
1073 2391 1243 2431 cultusque

162 2439 234 2470 Deo
265 2437 390 2470 debitus
421 2437 618 2478 obligabant.
643 2449 658 2463 α
675 2435 827 2466 Clemens
859 2442 968 2466 autem
1001 2433 1241 2477 (Caelestinus)

165 2495 181 2512 »
202 2481 300 2514 huius
330 2481 471 2512 nominis
501 2481 611 2512 tertius
642 2478 732 2522 (eius
755 2480 850 2510 verba
873 2486 963 2517 sunt,
988 2490 1056 2520 cap.
1080 2491 1110 2510 tv
1130 2480 1241 2517 citato,

166 2540 181 2556 2
203 2536 294 2558 num.
321 2524 363 2569 r.)
387 2525 618 2566 obligationem
642 2525 806 2555 dumtaxat
825 2524 994 2555 sustulerat
1019 2525 1124 2555 stricti
1147 2525 1240 2561 iuris,

166 2585 182 2600 ι
203 2577 237 2604 et
248 2570 335 2613 sori,
361 2577 398 2602 ut
420 2570 463 2601 ita
486 2570 602 2608 dicam,
627 2570 755 2600 externi
762 2577 775 2607 ‚·
798 2579 838 2599 ne
857 2566 962 2611 (quod
982 2569 1075 2609 prisci
1100 2568 1243 2600 ferebant

165 2620 182 2646 ι’
203 2613 357 2658 canones)
381 2614 479 2646 oblati
501 2615 571 2645 Deo
598 2613 770 2655 devotique
794 2624 812 2644 a
831 2613 1013 2654 parentibus
1037 2613 1144 2654 pueri,
1169 2623 1242 2654 pro-

164 2674 181 2690 »
202 2659 283 2692 fiteri
302 2660 436 2691 demum
455 2659 640 2690 solemniter
654 2665 859 2699 cogerentur:
885 2658 1116 2698 obligationem
1135 2665 1242 2689 tamen

165 2719 182 2735 ι
203 2715 247 2738 ex
269 2705 430 2746 religione
451 2714 492 2735 ac
508 2705 632 2745 pietate
655 2710 763 2734 natam
787 2703 921 2734 minime
943 2703 1121 2734 sustulerat.
1155 2703 1243 2741 Quid

165 2763 187 2790 ιΙ
204 2749 291 2782 enim
304 2749 408 2780 filium
422 2759 495 2780 vere
509 2748 601 2790 pium
620 2758 656 2779 ac
676 2748 861 2788 religiosum
880 2749 987 2790 magis
1006 2748 1128 2785 deceat,
1144 2758 1243 2789 quam

166 2804 187 2824 s·
205 2801 399 2836 conceptum
422 2794 462 2824 de
486 2803 520 2824 se
543 2799 713 2834 parentum
736 2799 851 2824 votum
870 2793 1013 2834 implere,
1033 2803 1100 2823 non
1120 2792 1244 2823 irritum

168 2842 188 2882 »ᾗ
205 2837 331 2871 facere?
354 2838 414 2869 nisi
446 2848 541 2879 grave
571 2838 656 2868 obsit
685 2837 971 2878 impedimentum,
996 2838 1086 2879 quod
1117 2837 1244 2868 nullum

168 2897 183 2914 ι
206 2883 240 2915 in
259 2884 390 2915 Thoma
409 2883 608 2914 adolescente
627 2882 827 2913 sanctissimo
854 2889 885 2914 et
904 2883 1054 2914 asceticae
1073 2882 1155 2912 vitae
1171 2892 1243 2913 can-

170 2941 186 2958 »
208 2928 316 2960 didato
340 2927 578 2968 religiosissimo
598 2925 883 2968 deprehendimus:
908 2937 1007 2969 quern
1026 2927 1134 2968 potius
1153 2927 1194 2957 ad
1213 2926 1246 2956 id

171 2985 187 3002 ι
209 2983 247 3004 ex
269 2972 415 3013 religiosa
442 2972 642 3003 institutione
674 2972 963 3012 propensissimum
991 2972 1178 3012 egregieque
1201 2971 1245 3002 fa-

171 3029 187 3046 »
209 3023 298 3048 ctum
321 3017 486 3048 habemus.
511 3017 597 3047 Eum
620 3016 738 3058 itaque,
763 3026 800 3047 ex
819 3026 886 3058 quo
906 3018 1105 3058 pubertatem
1129 3016 1246 3056 ingres-

172 3074 187 3090 »
210 3071 266 3093 sus
288 3067 350 3099 est,
373 3067 543 3102 parentum
566 3067 681 3092 votum
704 3061 884 3102 implevisse
911 3072 1008 3103 seque
1032 3061 1115 3092 votis
1135 3071 1246 3091 mona-

173 3119 188 3135 »
211 3105 295 3137 sticis
319 3105 503 3136 solemniter
532 3105 753 3143 obstrinxisse,
777 3106 858 3136 iuste
889 3116 948 3147 pro
980 3106 1048 3137 eius
1071 3105 1187 3146 pietate
1210 3115 1247 3136 ac

173 3164 188 3179 »
211 3149 363 3190 religione
381 3151 616 3190 praesumitur.
631 3162 646 3177 »
664 3148 772 3188 Quid?
795 3151 896 3191 quod,
920 3150 1050 3181 Thoma
1074 3150 1145 3191 ipso
1165 3149 1246 3180 iudi-

171 3206 223 3234 ce,
248 3193 374 3235 probari
406 3203 500 3234 posse
531 3193 712 3233 contendit,
736 3194 841 3225 adhuc
874 3195 970 3226 etiam
993 3201 1067 3236 post
1098 3194 1247 3225 Clemen-

169 3240 210 3272 tis
230 3239 287 3277 111,
314 3238 364 3269 vel
388 3238 496 3278 potius
520 3237 689 3269 Caelestini
714 3239 755 3269 111
782 3239 994 3280 Rescriptum,
1018 3239 1246 3280 obligationem

171 3284 377 3316 nihilosecius
400 3283 557 3313 mansisse
579 3292 622 3313 ex
643 3283 800 3321 decentia,
817 3289 852 3314 ut
871 3285 975 3322 aiunt,
996 3294 1041 3319 ex
1050 3285 1184 3324 pietate,
1205 3293 1248 3314 ex

171 3330 331 3370 religione
362 3332 482 3358 natam.
520 3339 535 3354 «ε
551 3327 636 3357 Nam
662 3327 815 3365 Quodlib.
837 3329 899 3367 lv,
925 3335 980 3359 art.
1007 3338 1102 3366 xxm,
1127 3327 1166 3358 de
1190 3327 1248 3358 hac

173 3387 189 3402 ι
211 3374 281 3415 ipsa
299 3381 476 3414 puerorum
495 3371 657 3401 oblatione
677 3382 714 3402 ac
732 3372 902 3403 traditione
926 3382 963 3403 ex
982 3379 1151 3412 parentum
1170 3378 1247 3402 voto

175 3431 190 3447 ι
213 3418 278 3449 suis
302 3417 406 3448 adhuc
440 3415 639 3456 temporibus
672 3415 869 3457 frequentata
902 3426 1084 3447 sermonem
1117 3416 1247 3455 habens,

175 3475 190 3491 s
213 3463 317 3494 teneri
339 3471 457 3502 pueros
481 3460 592 3497 docet,
616 3459 727 3500 utique
751 3470 793 3490 ex
809 3462 934 3500 pietate
965 3466 1062 3501 atque
1090 3459 1246 3498 decentia,

175 3520 190 3535 ι
212 3506 328 3538 factam
351 3506 439 3536 illam
463 3505 502 3535 de
525 3504 636 3544 seipsis
659 3504 876 3543 oblationem,
902 3514 977 3535 cum
1001 3505 1041 3534 ad
1063 3514 1165 3534 annos
1189 3514 1248 3544 pu-

174 3564 190 3580 »
212 3551 339 3582 bei-tatis
363 3549 582 3591 pervenerint,
607 3554 707 3578 ratam
730 3548 856 3586 habere,
879 3555 975 3590 atque
999 3548 1042 3578 ita
1065 3548 1249 3578 solemniter

175 3608 190 3624 ι
213 3595 372 3636 profiteri:
397 3594 542 3635 illudque
568 3593 712 3632 Gregorii
738 3593 764 3623 11
789 3593 927 3623 Romani
951 3591 1113 3623 Pontificis
1137 3602 1248 3623 oracu-

175 3652 190 3668 ι
213 3640 284 3671 lum
306 3639 339 3670 in
360 3639 433 3670 dicti
453 3638 502 3669 sui
522 3637 745 3679 probationem
765 3636 862 3676 affert,
881 3647 1007 3678 suoque
1026 3637 1249 3668 accommodat

2312 274 2371 299 LIX

1301 351 1315 365 »
1338 337 1551 370 instituto....
1572 339 1687 370 Utrum
1713 339 1808 370 liceat
1832 339 1938 380 pueris
1962 341 2049 370 intra
2072 346 2162 380 septa
2186 343 2372 372 monasterii

1300 394 1314 409 >⁹
1338 383 1458 414 traditis
1478 385 1510 414 in
1531 383 1693 424 infantiae
1713 385 1820 421 annis,
1836 389 2007 424 postquam
2021 384 2203 424 pubertatis
2226 386 2371 425 impleve-

1300 439 1315 454 »
1338 428 1405 458 rint
1428 438 1543 466 annos,
1569 428 1682 469 egredi
1700 434 1732 459 et
1750 429 1956 459 matrimonio
1975 429 2138 469 copulari,
2164 429 2223 459 hoc
2241 431 2371 460 omnino

1301 484 1314 498 »
1337 472 1562 503 devitamus...
1587 473 1708 510 Quidni
1733 483 1808 513 ergo
1833 473 1998 503 Thomam
2020 473 2226 514 Aquinatem,
2246 474 2284 503 ab
2304 474 2373 514 ipsa

1301 528 1314 543 »
1338 515 1470 547 infantia
1493 517 1674 557 piissimum
1707 517 2062 559 religiosissimumque,
2094 527 2169 548 cum
2193 517 2257 548 iam
2280 518 2371 558 quin-

1301 573 1315 587 »
1339 561 1474 601 quennis
1498 562 1568 592 Deo
1593 562 1703 593 fuisset
1726 562 1863 601 oblatus,
1886 562 1919 592 id
1938 563 2070 592 demum
2090 561 2199 592 fecisse
2218 562 2372 602 puberem

1301 618 1315 632 1>
1339 605 1566 645 existimemus,
1590 607 1680 648 quod
1703 606 1755 637 ille
1779 606 1826 637 sin
1851 606 1958 637 minus
1981 606 2088 637 stricto
2113 606 2191 644 iure,
2212 613 2243 637 at
2261 607 2372 638 saltem

1301 662 1315 677 x>
1339 660 1375 680 ex
1400 650 1514 691 pietate
1538 661 1573 682 ac
1598 651 1748 691 religione
1773 651 1960 682 faciundum
1984 648 2201 682 existimabat?
2215 663 2229 679 »

1366 698 1549 736 Antequam
1573 706 1696 727 novum
1715 696 1800 727 istud
1813 697 2099 737 praesumptionis,
2121 695 2371 726 verisimilitudi-

1299 741 1350 770 nis
1375 750 1415 771 ac
1437 740 1602 771 decentiae
1625 747 1850 781 argumentum
1874 741 2009 771 discutio
2033 750 2069 771 ac
2093 740 2194 779 elido,
2217 740 2373 770 nonnulla

1298 784 1376 814 mihi
1401 792 1475 815 sunt
1499 785 1709 826 proponenda
1733 785 2006 816 animadversione
2026 784 2219 825 dignissima.
2244 787 2291 815 Ac
2310 784 2372 825 pri-

1299 839 1366 866 mo,
1378 829 1455 870 quid
1471 829 1549 860 illud
1565 836 1622 868 est,
1637 830 1803 860 Romanos
1822 829 2002 868 Pontifices,
2018 829 2247 869 obligationem
2267 829 2373 870 pueris

1298 873 1423 913 pridem
1446 873 1631 914 impositam
1655 884 1721 904 non
1746 874 1897 904 redeundi
1917 875 1956 904 ad
1972 874 2146 912 saeculum,
2169 874 2248 904 dum
2267 884 2370 904 annos

1298 918 1471 958 pubertatis
1494 917 1692 958 attingerent,
1718 928 1755 948 ex
1778 928 1891 948 eorum
1915 919 2076 949 oblatione
2100 925 2214 957 ortam,
2234 918 2372 949 relaxan-

1298 969 1344 993 tes
1368 969 1399 992 et
1421 961 1610 1000 auferentes,
1635 962 1800 993 abstulisse
1831 963 1917 993 illam
1941 964 1973 993 in
1989 963 2092 1003 foro,
2118 970 2153 993 ut
2183 963 2225 994 ita
2248 963 2372 1001 dicam,

1298 1007 1461 1037 externo?
1484 1006 1553 1037 Imo
1577 1016 1649 1037 vere
1673 1006 1788 1037 factam
1812 1007 1871 1037 illis
1895 1007 1927 1037 in
1948 1007 2019 1037 foro
2043 1007 2252 1038 conscientiae
2276 1007 2373 1038 facul-

1298 1057 1395 1081 tatem
1428 1050 1644 1081 monasticum
1674 1051 1818 1082 habitum
1850 1052 1983 1082 exuendi
2012 1061 2047 1082 ac
2076 1052 2227 1082 redeundi
2247 1052 2287 1082 ad
2306 1063 2371 1083 sae—

1298 1095 1429 1132 culum,
1464 1095 1653 1126 eorumdem
1676 1095 1870 1126 Pontificum
1900 1096 1963 1126 iam
1997 1096 2087 1126 citata
2120 1097 2214 1126 verba
2238 1097 2372 1127 omnino

1298 1139 1466 1170 declarant.
1492 1139 1580 1177 Quid
1598 1139 1699 1170 -etiam
1723 1140 1803 1171 illud
1826 1147 1883 1177 est,
1908 1140 2136 1180 obligationem
2155 1150 2197 1171 ex
2216 1141 2374 1182 religione

1298 1189 1329 1214 et
1346 1185 1470 1224 pietate
1493 1189 1603 1215 natam
1628 1184 1760 1215 minime
1784 1185 1941 1215 sublatam
1962 1185 2068 1222 fuisse,
2091 1191 2258 1225 propterea
2283 1186 2372 1226 quod

1298 1227 1402 1258 filium
1425 1238 1497 1258 vere
1520 1228 1613 1269 pium
1636 1239 1672 1259 ac
1698 1229 1882 1269 religiosum
1910 1229 1987 1259 nihil
2007 1231 2113 1270 magis
2131 1229 2257 1260 deceret
2276 1240 2374 1271 quam

1299 1279 1492 1313 conceptum
1525 1273 1564 1304 de
1588 1284 1621 1304 se
1645 1280 1813 1314 parentum
1846 1281 1961 1304 votum
1984 1271 2138 1314 implere?
2161 1275 2286 1314 Nempe
2319 1285 2372 1305 sus

1298 1318 1402 1359 deque
1426 1317 1599 1349 miscentur
1628 1318 1748 1349 omnia.
1783 1319 1900 1349 Veram
1933 1318 2162 1358 obligationem
2195 1319 2311 1360 religio
2335 1329 2374 1350 ac

1292 1363 1400 1402 pietas
1423 1362 1537 1393 inferre
1561 1369 1714 1403 possunt;
1739 1370 1770 1393 at
1793 1363 1857 1393 veri
1880 1362 2020 1393 nominis
2040 1363 2267 1403 obligationem
2287 1363 2374 1394 affert

1298 1407 1422 1438 nullam
1445 1406 1514 1438 sola
1536 1407 1693 1438 decentia.
1727 1407 1843 1442 Oblati,
1866 1407 1955 1448 pueri
1989 1417 2106 1448 porr0,
2140 1417 2215 1438 curn
2247 1408 2279 1438 in
2303 1408 2373 1448 ipso

1298 1451 1370 1482 foro
1396 1451 1606 1483 conscientiae
1626 1452 1761 1483 exsoluti
1786 1451 1902 1483 fuerint
1921 1451 2115 1492 obligatione
2137 1462 2203 1482 non
2223 1452 2374 1483 redeundi

1298 1496 1338 1526 ad
1362 1497 1526 1528 saeculum
1549 1496 1582 1527 in
1606 1497 1714 1528 adulta
1737 1503 1856 1534 aetate;
1888 1507 1978 1527 verae
2003 1496 2095 1527 alicui
2120 1496 2305 1537 obligationi
2334 1507 2376 1527 ex

1298 1541 1458 1582 religione
1479 1551 1521 1572 ac
1536 1542 1660 1582 pietate
1679 1547 1776 1572 natae
1795 1541 1898 1572 adhuc
1920 1541 1991 1572 illos
2011 1541 2180 1579 obnoxios,
2205 1551 2301 1571 nemo
2326 1551 2372 1571 sa-

1298 1585 1388 1626 piens
1412 1586 1503 1617 dicat.
1530 1586 1564 1616 ld
1583 1596 1658 1616 vero
1678 1587 1823 1617 decuisse
1842 1586 1867 1616 si
1893 1586 2076 1623 contendas,
2101 1585 2277 1616 decentiam
2292 1586 2373 1616 hanc

1298 1640 1431 1661 omnem
1454 1641 1610 1671 reponam
1633 1641 1705 1671 ego,
1730 1631 1919 1662 eorumdem
1943 1641 2018 1662 curn
2037 1630 2243 1668 adoleverint,
2268 1630 2373 1661 subdi-

1298 1682 1364 1706 tam
1387 1685 1455 1706 esse
1479 1675 1578 1706 libero
1603 1676 1773 1706 consensui
1789 1682 1819 1706 et
1838 1675 1986 1712 arbitrio;
2011 1675 2131 1715 integra
2155 1675 2274 1705 eisdem
2294 1675 2373 1706 facta

1298 1730 1316 1750 a
1339 1719 1565 1758 Pontificibus,
1591 1731 1677 1751 novo
1701 1720 1768 1751 iure
1793 1720 1936 1759 inducto,
1966 1720 2113 1751 facultate
2137 1719 2294 1750 resiliendi
2324 1719 2373 1750 vel

1298 1773 1364 1795 non
1388 1764 1561 1802 resiliendi,
1586 1772 1684 1805 prout
1707 1765 1766 1796 sibi
1790 1765 1968 1806 expediens,
1994 1775 2026 1795 re
2050 1764 2205 1796 maturius
2230 1764 2372 1795 conside-

1298 1816 1374 1847 rata,
1398 1809 1503 1840 visum
1527 1809 1629 1840 fuerit.

1365 1853 1437 1884 Divi
1460 1853 1609 1885 Thomae
1632 1862 1791 1895 praeterea
1810 1855 1953 1885 doctrina
1973 1854 2137 1885 manifeste
2156 1854 2296 1885 abutitur
2319 1853 2372 1884 Di-

1297 1898 1459 1939 squisitor,
1483 1899 1563 1930 dum
1587 1909 1623 1929 ea
1647 1898 1749 1929 fulciri
1775 1899 1937 1930 contendit
1956 1898 2192 1930 distinctionem
2208 1898 2295 1929 illam
2315 1898 2372 1929 du-

1296 1943 1386 1983 plicIs
1410 1943 1506 1974 debiti
1537 1954 1573 1974 ac
1598 1943 1733 1984 duplicis
1757 1943 1961 1984 obligationis
1970 1966 1979 1982 ,
2012 1951 2082 1974 tum
2105 1944 2210 1974 stricti
2234 1944 2315 1974 iuris
2339 1948 2370 1973 et

1285 1987 1363 2029 sori
1385 1989 1523 2026 externi,
1549 1995 1620 2020 turn
1638 1988 1814 2026 decentIae‚
1830 1989 1963 2029 pietatis
1987 1998 2028 2019 ac
2058 1989 2249 2029 religionis;
2272 1987 2372 2018 illam-

1295 2043 1359 2074 que
1383 2033 1522 2074 priorem
1542 2033 1699 2064 sublatam
1718 2033 1824 2064 scribit
1843 2043 1921 2064 aevo
1941 2032 2004 2063 divi
2023 2033 2187 2071 Thomae,
2209 2042 2243 2063 ac
2267 2039 2372 2072 poste-

1296 2077 1370 2108 riori
1394 2078 1553 2108 obnoxios
1577 2078 1681 2108 adhuc
1705 2078 1801 2108 fuisse
1826 2088 1943 2118 pueros
1965 2077 2052 2115 illos,
2077 2077 2133 2118 qui
2153 2088 2170 2107 a
2190 2077 2371 2118 parentibus

1296 2123 1366 2153 Deo
1390 2122 1611 2154 offerebantur.
1638 2123 1799 2163 integrum
1819 2130 1935 2154 attente
1954 2122 2022 2162 lege
2046 2122 2177 2153 citatum
2203 2121 2372 2152 articulum

1297 2167 1360 2198 divi
1384 2167 1548 2205 Thomae;
1575 2167 1608 2198 in
1629 2178 1733 2209 eoque
1757 2178 1796 2198 nc
1820 2167 1989 2198 verbulum
2008 2166 2139 2208 quidem
2160 2166 2262 2197 ullum
2286 2166 2370 2196 inve-

1297 2212 1376 2250 nias,
1400 2212 1490 2253 quod
1513 2212 1593 2243 illud
1611 2214 1753 2253 pietatis,
1775 2213 1955 2253 religionis,
1975 2212 2140 2242 decentiae
2163 2210 2305 2241 debitum
2325 2210 2370 2241 in-

1297 2257 1388 2288 dicet.
1423 2257 1629 2293 Probandum
1660 2258 1880 2297 adsumpserat
1903 2267 1926 2287 s.
1952 2257 2092 2286 Doctor:
2119 2265 2243 2296 pueros
2275 2256 2370 2286 etiam

1298 2301 1389 2343 infra
1413 2312 1517 2332 annos
1535 2301 1718 2342 pubertatis
1741 2303 1773 2332 in
1799 2302 1988 2342 reIIgionem
2013 2301 2124 2341 recipi,
2150 2310 2213 2331 non
2238 2309 2306 2330 esse
2323 2309 2370 2330 se-

1297 2347 1438 2377 cundum
1458 2356 1494 2377 se
1512 2347 1646 2383 malum,
1668 2347 1730 2376 imo
1750 2346 1923 2386 expediens
1942 2351 1972 2376 et
1981 2345 2205 2386 fructuosum.
2230 2344 2372 2375 Positam

1298 2390 1466 2422 confirmat
1497 2390 1753 2431 propositionem
1777 2390 1888 2422 veteris
1912 2400 1947 2421 ac
1971 2390 2047 2420 novi
2078 2389 2275 2420 Testamenti
2300 2389 2371 2419 scri-

1298 2435 1408 2476 pturis.
1433 2435 1522 2466 Tum
1546 2435 1754 2466 differentiam
1768 2435 1943 2476 quamdam
1962 2435 2020 2465 hac
2039 2435 2071 2464 in
2092 2444 2124 2464 re
2143 2434 2373 2465 observandam

1298 2490 1364 2510 esse
1389 2487 1520 2518 monet,
1545 2480 1658 2521 hisque
1681 2480 1783 2511 verbis
1807 2479 1942 2510 declarat
1971 2490 2054 2520 quae
2084 2479 2276 2520 Disquisitor
2305 2488 2372 2519 spe-

1298 2532 1397 2555 ctasse
1420 2525 1563 2555 videtur:
1597 2525 1683 2556 Nam
1703 2526 1802 2565 pueri
1824 2530 1901 2555 ante
1923 2534 2028 2555 annos
2045 2524 2227 2564 pubertatis
2250 2533 2292 2554 ex
2315 2533 2372 2553 na-

1298 2570 1401 2600 turali
1433 2570 1505 2600 iure
1535 2575 1612 2600 sunt
1634 2569 1694 2600 sub
1717 2579 1797 2600 cura
1823 2574 2020 2610 parentum,
2050 2574 2186 2609 propter
2208 2568 2268 2598 hoc
2290 2567 2375 2608 quod

1292 2615 1468 2654 patiuntur
1499 2614 1703 2645 discretionis
1725 2613 1907 2655 defectum,
1936 2613 2112 2644 secundum
2136 2623 2229 2654 quem
2247 2613 2374 2653 possint

1298 2659 1377 2690 bene
1400 2668 1518 2700 regere
1539 2660 1678 2700 seipsos;
1699 2654 1730 2690 et
1752 2659 1822 2689 ideo
1842 2660 1874 2689 in
1895 2659 1956 2689 hac
1973 2663 2079 2688 aetate
2091 2663 2229 2698 possunt
2247 2657 2373 2698 quidem

1299 2704 1453 2744 religioni
1485 2704 1592 2741 tradi,
1617 2704 1647 2734 si
1669 2714 1690 2734 a
1708 2703 1901 2744 parentibus
1933 2702 2138 2743 offerantur:
2162 2707 2192 2732 et
2215 2703 2277 2732 erit
2300 2707 2374 2731 rata

1299 2748 1450 2786 traditio,
1470 2749 1649 2789 praecipue
1671 2749 1717 2786 si,
1743 2758 1814 2779 cum
1834 2747 1878 2778 ad
1895 2757 2000 2778 annos
2018 2747 2199 2787 pubertatis
2217 2755 2373 2786 pervene-

1300 2795 1377 2831 rint,
1403 2798 1510 2824 ratam
1530 2793 1702 2823 habuerint
1715 2799 1889 2833 paternam
1907 2792 2109 2823 oblationem.
2136 2791 2261 2828 Quibus
2281 2791 2374 2820 docet

1299 2838 1363 2876 ille,
1388 2848 1506 2878 pueros
1530 2837 1661 2879 quidem
1686 2848 1703 2868 a
1727 2837 1909 2878 parentibus
1933 2836 2036 2867 offerri
2060 2846 2165 2876 posse,
2190 2845 2225 2865 ac
2249 2834 2374 2865 firmam

1300 2889 1372 2913 tum
1395 2883 1528 2913 demum
1553 2892 1666 2913 eorum
1690 2882 1758 2913 fore
1782 2881 1996 2919 traditionem,
2017 2891 2091 2911 curn
2115 2880 2204 2920 pueri
2229 2880 2373 2920 puberta-

1301 2934 1366 2958 tem
1390 2927 1495 2967 adepti
1520 2934 1620 2958 ratam
1644 2927 1773 2958 fecerint
1797 2933 1965 2967 parentum
1996 2925 2207 2955 oblationem:
2233 2924 2287 2954 sed
2305 2925 2374 2964 pie-

1301 2973 1388 3010 tatis,
1405 2972 1585 3012 religionis,
1597 2971 1761 3003 decentiae
1775 2971 1929 3008 debitum,
1944 2980 2010 3011 quo
2030 2969 2074 2999 illi
2094 2976 2273 2999 tenerentur
2287 2968 2374 2998 obla-

1301 3017 1424 3047 tionem
1448 3017 1487 3048 de
1511 3026 1544 3047 se
1568 3016 1684 3047 factam
1716 3026 1783 3046 non
1816 3015 1935 3045 irritam
1969 3014 2087 3052 facere,
2112 3014 2206 3044 video
2237 3013 2373 3043 nullum.

1301 3061 1370 3092 Cur
1388 3071 1464 3101 ergo
1483 3060 1628 3101 Gregorii
1649 3061 1674 3091 Il
1695 3060 1833 3091 Romani
1851 3058 2013 3090 pontificis
2036 3058 2212 3098 Rescripto,
2232 3057 2375 3088 debitum

1302 3113 1332 3136 et
1356 3106 1586 3145 obligationem
1619 3112 1772 3142 sonante,
1798 3104 1896 3135 utitur
1926 3110 2052 3134 sanctus
2086 3100 2228 3133 Doctor?
2251 3102 2375 3142 Nempe

1302 3161 1378 3181 cum
1401 3150 1486 3181 istud
1510 3150 1576 3180 duo
1610 3150 1858 3190 complectatur,
1889 3155 1919 3179 et
1943 3147 2138 3178 oblationem
2171 3147 2375 3187 impuberum

1302 3205 1362 3235 pro
1386 3194 1453 3225 iure
1473 3194 1591 3235 patriae
1611 3193 1774 3235 potestatis
1797 3200 1827 3224 et
1851 3202 2026 3233 puerorum
2046 3192 2189 3222 debitum
2213 3202 2279 3222 non
2304 3190 2375 3221 resi-

1302 3239 1419 3277 liendi;
1444 3246 1475 3269 et
1497 3239 1559 3270 hoc
1583 3238 1646 3269 iam
1671 3239 1795 3278 pridem
1818 3237 1991 3268 relaxatum
2015 3237 2240 3277 sublatumque
2264 3235 2375 3271 fuerat,

1302 3284 1356 3314 illa
1380 3294 1454 3314 vero
1478 3283 1511 3313 in
1536 3294 1596 3314 usu
1621 3283 1724 3313 adhuc
1757 3289 1841 3320 erat;
1865 3282 1944 3312 illud
1967 3288 2135 3321 propterea
2164 3281 2196 3310 in
2230 3280 2278 3310 sui
2303 3279 2375 3309 dicti

1303 3328 1528 3368 probationem
1552 3328 1718 3358 adsumere
1742 3333 1866 3367 poterat
1893 3326 2064 3366 Angelicus
2090 3326 2278 3364 Praeceptor
2301 3333 2375 3354 suo-

1303 3382 1367 3413 que
1390 3372 1536 3402 instituto
1560 3371 1812 3405 accommodare.
1846 3371 1938 3402 Unde
1962 3377 1993 3400 et
2015 3370 2076 3400 alia
2099 3369 2223 3400 subiicit
2246 3369 2377 3409 Patrum

1303 3416 1505 3453 testimonia,
1530 3416 1647 3456 quibus
1670 3416 1703 3445 id
1727 3426 1830 3446 unum
1854 3415 2022 3455 probatur:
2047 3413 2232 3453 Expediens
2255 3422 2323 3443 esse
2346 3417 2377 3450 et

1296 3461 1507 3501 fructuosum
1529 3465 1565 3490 ut
1577 3461 1676 3500 pueri
1695 3459 1785 3499 infra
1804 3469 1909 3489 annos
1922 3459 2102 3499 pubertatis
2127 3459 2159 3487 in
2185 3457 2375 3498 religionem

1304 3505 1513 3544 recipiantur.

1373 3549 1439 3578 Iam
1463 3557 1538 3578 vero
1562 3547 1663 3578 fateor
1686 3557 1757 3587 ego,
1777 3547 1867 3588 quod
1889 3554 2007 3577 norunt
2026 3556 2150 3584 ornnes,
2170 3546 2268 3576 ritum
2286 3545 2378 3576 illum

1305 3592 1476 3623 oblationis
1496 3602 1682 3632 puerorum,
1699 3602 1735 3623 ea
1754 3599 1860 3622 tamen
1880 3591 2074 3631 obligatione
2093 3591 2294 3628 mulctatum,
2314 3600 2379 3631 qua

1304 3638 1337 3667 in
1361 3636 1452 3667 annis
1475 3636 1571 3667 etiam
1590 3636 1762 3677 pubertatis
1781 3635 2057 3676 obstringebantur
2075 3645 2141 3666 non
2157 3635 2284 3674 resilire,
2298 3645 2377 3665 aevo
