2788 4204
57 530 66 537 ·
81 535 151 550 Anco:
165 530 207 551 sub
222 536 267 551 uno

57 556 194 577 universali.

58 583 77 592 ··
86 582 175 609 Nempe
186 582 267 604 univo—

57 614 84 629 ca
94 609 157 630 ratio
165 612 169 633 l
178 609 266 630 Cizflcct.

56 636 267 683 {ll-ngfflsstlect-Vssh

58 689 66 697 ·
76 669 167 715 Neiirpe
175 689 268 709 nomine

55 715 184 763 aequivoco
191 715 266 741 (cons.

55 768 157 789 “Primo
164 774 190 789 ex
197 767 265 789 codd.

47 958 105 979 'Ace
117 959 174 979 :aut
185 958 265 978 etiam.

51 991 96 1005 -n:
114 986 156 1005 aut
171 986 199 1005 et.
214 995 223 999 -
238 990 263 1004 n:

47 1013 96 1032 aul.
105 1011 222 1037 -Sequens
231 1012 266 1031 et-

46 1038 94 1058 iam
110 1038 185 1058 omitt.
197 1043 211 1058 a
221 1043 234 1058 c

54 1175 63 1183 ·
78 1180 113 1195 nc:
121 1180 166 1195 non
177 1175 213 1195 est
223 1173 263 1194 Ιιο-

54 1207 91 1222 mo
113 1201 196 1225 album
224 1200 264 1221 sed

54 1233 99 1248 non
112 1227 265 1254 hmo-mqui-

54 1254 107 1275 dam
128 1254 195 1274 homo
219 1259 264 1274 non

56 1282 93 1301 est
109 1280 184 1301 albus.

55 1709 63 1718 ·
74 1707 161 1730 Codd.·
170 1713 199 1728 a:
210 1707 263 1728 sub-

53 1734 140 1756 divisa.

54 1767 62 1775 ·
74 1765 148 1787 Codd.
157 1777 167 1781 -
176 1771 196 1786 Ρ.
207 1772 211 1786 :
222 1764 264 1786 sub

54 1798 99 1813 uno
115 1791 235 1813 communi.

52 2135 61 2143 '
71 2133 108 2155 Ex
117 2133 186 2154 dictis
199 2140 226 2154 ex
237 2139 265 2155 nc

51 2167 74 2182 n.
87 2172 97 2176 -
109 2167 135 2181 A:
151 2166 181 2181 ex
195 2160 265 2181 dictis

50 2187 208 2215 manifestum.
216 2198 225 2202 -
239 2193 264 2208 E:

51 2219 81 2234 ex
97 2213 237 2241 praedictis.

51 2409 60 2418 ·
77 2408 152 2429 Codd.
161 2419 169 2424 -
178 2414 207 2429 tu:
224 2407 266 2429 sub

54 2435 192 2456 universali.

55 2568 64 2576 '
75 2566 149 2588 Codd.
157 2577 166 2581 —
176 2572 204 2586 r·.:
215 2565 270 2586 mul-

53 2595 79 2614 la
95 2592 237 2621 differentia.

57 2677 66 2686 ·
80 2682 116 2697 nc:
141 2676 203 2697 sicut
223 2682 268 2703 ge-

55 2708 99 2723 nui·
106 2705 129 2724 et
133 2702 267 2731 differentia

56 2731 200 2757 cuntpartes
211 2733 254 2750 etc.

303 233 348 269 58

298 313 367 348 sub
388 323 427 347 se
449 310 633 357 continet,
654 309 811 346 intendit
836 309 1036 346 ostendere
1067 308 1172 356 quod
1196 320 1265 356 per
1289 308 1364 344 hoc

297 378 375 402 non
404 364 608 412 impeditur
630 363 753 399 unitas
779 362 1063 399 enunciationis.
1091 362 1139 397 Et
1168 361 1266 397 circa
1289 362 1364 397 hoc

298 419 374 455 duo
387 418 486 454 facit:
503 417 644 465 primo,
658 416 820 452 ostendit
839 416 944 464 quod
955 415 1077 451 unitas
1090 414 1363 451 enunciationis

297 484 375 508 non
396 470 600 518 impeditur
618 482 686 517 per
706 469 999 515 multitudinem,
1023 479 1121 516 quae
1151 467 1364 504 continetur

297 526 366 561 sub
391 523 593 560 universali
608 523 644 569 ²¹³,
676 521 781 558 cuius
802 522 894 557 ratio
919 534 996 557 una
1021 525 1077 557 e'st
1090 521 1148 567 '³⁶³2
1179 521 1362 568 secundo,

297 577 458 614 ostendit
486 576 590 625 quod
618 575 822 623 impeditur
849 574 973 611 unitas
994 574 1267 611 enunciationis
1294 587 1364 622 per

296 630 587 675 multitudinem,
597 640 694 677 quae
707 628 918 664 continetur
930 628 1001 664 sub
1013 629 1094 664 sola
1105 627 1270 664 nominis
1281 628 1362 664 uni-

296 692 368 721 tate
379 685 415 727 *ς
435 683 503 719 ibi:
525 682 568 718 Si
580 694 669 718 vero
687 682 831 718 duobus
848 689 915 718 etc.
929 680 1061 717 -Dicit
1076 693 1166 728 ergo
1181 681 1307 729 primo
1323 682 1364 702 ³¹³*

297 737 399 786 quod
419 748 495 772 una
517 742 571 771 est
590 734 791 771 affirmatio
812 736 873 771 vel
895 734 1043 782 negatio
1061 747 1149 771 cum
1173 747 1295 770 unum
1317 734 1363 771 si-

295 790 492 838 gnificatur
512 789 557 824 de
577 800 669 834 un0,
691 788 770 824 sive
786 787 878 824 illud
902 800 1023 824 unum
1045 788 1150 836 quod
1170 788 1364 824 subiicitur

295 844 340 880 sit
358 842 572 879 universale
600 841 863 878 universaliter
892 848 1088 889 sumptum
1109 841 1190 878 sive
1219 854 1298 878 non
1319 842 1364 878 sit

295 895 435 945 aliquid
454 896 547 942 tale,
578 895 646 932 sed
666 894 711 931 sit
733 894 947 932 universale
968 894 1240 943 particulariter
1260 907 1362 931 sum-

293 958 402 998 ptum
430 949 526 985 vel*
554 948 770 994 indefinite,
801 956 865 985 aut
890 948 1003 984 etiam
1024 949 1054 985 si
1074 948 1287 986 subiectum
1317 949 1363 985 sit

294 1003 491 1051 singulare.
522 1003 572 1038 Et
600 1001 853 1050 exemplificat
882 1002 929 1038 de
959 1001 1136 1039 diversis:
1167 1002 1262 1039 sicut
1280 1003 1362 1039 uni-

293 1056 448 1093 versalis
474 1056 543 1093 ista
563 1055 791 1101 affirmativa
820 1063 875 1093 est
899 1067 993 1101 una,
1025 1056 1146 1092 omnis
1173 1057 1286 1093 homo
1312 1062 1367 1093 est

293 1111 418 1154 albus,·
447 1117 483 1146 et
511 1109 680 1146 similiter
713 1109 947 1156 particularis
976 1109 1152 1156 negativa
1181 1122 1279 1158 quae
1309 1119 1365 1147 est

295 1164 373 1200 eius
393 1163 541 1211 negatio
555 1192 563 1208 ,
592 1162 731 1199 scilicet
755 1174 828 1199 non
859 1168 913 1199 est
939 1163 1060 1199 omnis
1079 1164 1191 1200 homo
1211 1164 1318 1201 albus
1332 1166 1361 1201 ³³.

294 1219 342 1254 Et
371 1217 497 1254 subdit
525 1216 596 1253 alia
626 1217 810 1263 exempla,
842 1229 940 1265 quae
970 1224 1056 1253 sunt
1080 1216 1290 1255 manifesta.
1322 1219 1363 1254 In

293 1272 369 1308 fine
400 1278 527 1307 autem
557 1269 714 1318 apponit
742 1270 951 1318 quamdam
973 1270 1243 1317 conditionem,
1266 1284 1364 1320 quae

294 1325 493 1373 requiritur
517 1324 566 1361 ad
584 1325 659 1360 hoc
688 1323 793 1371 quod
822 1324 1012 1372 quaelibet
1039 1324 1177 1360 harum
1206 1324 1252 1361 sit
1274 1337 1363 1371 una,

293 1379 326 1414 si
344 1378 483 1415 scilicet
506 1379 646 1423 album,
676 1377 780 1425 quod
801 1384 857 1413 est
875 1376 1148 1425 praedicatum,
1177 1378 1369 1427 significat

296 1444 431 1468 unum.-
461 1444 551 1468 nam
587 1432 668 1467 sola
696 1429 899 1466 multitudo
928 1430 1135 1478 praedicati
1164 1431 1367 1479 impediret

293 1485 476 1521 unitatem
494 1484 778 1521 enunciationis.
792 1484 883 1519 Ideo
899 1491 1028 1520 autern
1043 1483 1267 1521 universalis
1278 1497 1365 1533 pro-

293 1538 431 1586 positio
451 1550 528 1574 una
549 1545 615 1583 est,
637 1537 813 1586 quamvis
834 1537 904 1573 sub
927 1550 967 1574 se
988 1537 1270 1574 multitudinem
1291 1538 1365 1576 sin-

293 1592 480 1639 gularium
515 1590 834 1639 comprehendat,
871 1590 959 1638 quia
991 1592 1253 1640 praedicatum
1287 1605 1366 1629 non

294 1644 506 1682 attribuitur
539 1643 666 1680 multis
700 1643 972 1691 singularibus,
1013 1646 1226 1682 secundum
1261 1646 1366 1694 quod

293 1705 380 1735 sunt
399 1697 437 1734 in
457 1711 496 1735 se
518 1697 639 1734 divisa
659 1698 689 1741 ³³,
720 1698 788 1735 sed
817 1698 1030 1735 secundum
1051 1699 1157 1748 quod
1184 1699 1367 1736 uniuntur

291 1752 330 1788 in
357 1763 436 1787 uno
466 1751 663 1788 communi
682 1751 712 1787 ³¹⁶.

348 1806 382 1842 8.
413 1805 561 1842 Deinde
578 1816 666 1841 cum
683 1804 786 1842 dicit:
809 1805 851 1841 Si
864 1817 955 1842 vero
976 1806 1120 1843 duobus
1136 1813 1218 1852 etc.,
1241 1813 1365 1843 osten-

294 1858 346 1895 dit
366 1858 471 1907 quod
500 1859 581 1895 sola
608 1857 732 1895 unitas
761 1859 927 1896 nominis
951 1871 1029 1896 non
1049 1859 1187 1896 sufficit
1215 1859 1264 1896 ad
1282 1860 1365 1896 uni-

293 1919 409 1949 tatem
439 1911 724 1949 enunciationis.
762 1913 811 1950 Et
840 1912 938 1949 circa
966 1914 1041 1950 hoc
1070 1920 1234 1961 quatuor
1262 1913 1364 1950 facit:

292 1965 437 2015 primo,
457 1965 638 2014 proponit
657 1965 762 2014 quod
781 1966 957 2013 intendit3
978 1966 1162 2013 secundo,
1184 1966 1364 2015 exempli-

293 2020 397 2066 ficat3
419 2019 485 2056 ibi:
513 2021 562 2057 Ut
573 2019 607 2056 εἰ
624 2019 706 2067 quis
718 2026 842 2067 ponat
859 2027 947 2065 etc.;
973 2020 1094 2066 terti0‚
1115 2020 1269 2068 probat3
1291 2020 1363 2058 ibi:

292 2073 402 2110 Nihil
415 2073 514 2109 enim
530 2073 656 2122 differt
670 2080 752 2118 etc.;
765 2080 912 2121 quarto,
930 2073 1040 2110 infert
1060 2073 1303 2110 corollarium
1320 2086 1365 2111 ex

294 2126 400 2164 dictis
415 2126 446 2171 *ς
463 2126 532 2162 ibi:
554 2127 682 2168 Quare
701 2138 769 2163 nec
789 2127 826 2163 in
841 2127 898 2163 his
915 2134 1006 2164 etc.-
1017 2126 1118 2163 Dicit
1133 2139 1222 2175 ergo
1238 2127 1364 2176 primo

293 2180 398 2228 quod
413 2179 443 2216 si
462 2192 584 2216 unum
605 2191 747 2216 nomen
767 2179 988 2229 imponatur
1012 2180 1161 2217 duabus
1177 2181 1303 2227 rebus,
1320 2193 1366 2218 ex

293 2234 431 2283 quibus
448 2246 525 2270 non
541 2234 583 2270 fit
597 2245 732 2279 unum,
753 2246 831 2270 non
852 2241 907 2270 est
922 2233 1125 2271 affirmatio
1141 2246 1229 2270 una.
1248 2234 1366 2281 Quod

293 2296 421 2324 autem
438 2287 536 2331 dicit,
549 2299 599 2324 ex
617 2287 750 2335 quibus
765 2299 839 2324 non
849 2289 904 2336 fit
921 2300 1051 2333 unum,
1068 2294 1193 2335 potest
1213 2287 1365 2336 intelligi

294 2340 500 2389 dupliciter.
521 2342 609 2378 Uno
639 2339 770 2388 mod0,
797 2341 846 2378 ad
867 2340 1147 2378 excludendum
1167 2341 1242 2377 hoc
1262 2341 1367 2390 quod

294 2395 413 2431 multa
434 2394 672 2431 continentur
687 2393 758 2430 sub
778 2407 857 2431 uno
870 2393 1076 2431 universali
1086 2394 1118 2440 ²¹²,
1139 2393 1235 2431 sicut
1253 2395 1366 2432 homo

296 2456 331 2484 et
358 2459 474 2495 equus
502 2448 573 2484 sub
602 2447 778 2484 animali:
813 2448 888 2484 hoc
917 2448 1021 2484 enim
1050 2459 1194 2484 nomen
1222 2448 1369 2485 animal

295 2500 480 2548 significat
513 2508 741 2549 utrumque,
780 2513 858 2537 non
894 2500 1107 2537 secundum
1143 2501 1248 2550 quod
1281 2509 1369 2538 sunt

295 2555 415 2591 multa
444 2562 480 2590 et
509 2553 720 2590 differentia
742 2553 762 2574 ³⁸
782 2553 831 2590 ad
850 2553 1034 2600 invicem,
1065 2553 1133 2590 sed
1153 2554 1367 2591 secundum

297 2608 402 2656 quod
429 2607 610 2644 uniuntur
639 2607 676 2644 in
697 2613 830 2643 natura
850 2607 1009 2654 generis.
1027 2627 1051 2634 -
1067 2606 1153 2643 Alio
1175 2607 1308 2654 modo,
1330 2615 1368 2644 et

296 2661 444 2707 melius,
465 2660 514 2697 ad
536 2659 816 2697 excludendum
841 2661 916 2696 hoc
936 2659 1042 2708 quod
1063 2671 1107 2696 ex
1128 2660 1255 2696 multis
1282 2672 1368 2709 par-

296 2714 395 2751 tibus
418 2715 460 2751 fit
478 2726 612 2761 unum,
626 2713 705 2751 sive
727 2713 799 2750 sint
813 2721 940 2762 partes
961 2712 1127 2759 rationis,
1140 2713 1235 2749 sicut
1250 2713 1368 2750 sunt*

297 2810 424 2835 unitatem
439 2809 472 2834 de
481 2807 716 2833 enunciationibus.
730 2807 762 2832 Et
772 2807 804 2832 de
814 2807 1043 2832 enuntiationibus
1058 2813 1127 2832 certe
1141 2807 1254 2832 scribere
1263 2807 1367 2832 volebat

296 2845 462 2871 amanuensis
478 2844 535 2869 cod.
546 2844 601 2868 (Ξ.-
610 2843 699 2868 Lectio
709 2843 783 2868 codd.
795 2842 885 2867 ACDE
899 2843 986 2875 quoad
1001 2850 1074 2867 suam
1090 2842 1200 2875 primam
1214 2848 1313 2875 partem
1328 2842 1366 2867 vi-

296 2882 370 2906 detur
379 2881 487 2905 indicata
496 2888 511 2904 a
521 2879 603 2912 prima
617 2878 692 2909 thesi,
707 2885 775 2911 quae
790 2886 837 2911 pro
850 2878 1020 2911 responsione
1034 2878 1067 2902 ad
1081 2878 1188 2902 dubium
1202 2878 1365 2911 propositum

296 2916 443 2941 immediate
462 2914 628 2943 subnectitur,
648 2921 743 2946 nempe
762 2913 832 2946 quod
851 2914 935 2938 unitas
954 2913 1138 2938 enunciationis
1157 2921 1210 2938 non
1228 2913 1367 2946 impeditur

296 2959 343 2984 per
357 2951 547 2976 multitudinem
562 2957 629 2982 quae
644 2949 788 2974 continetur
801 2949 849 2974 sub
861 2957 914 2974 uno
925 2949 1076 2977 universali,
1091 2949 1132 2973 vel
1148 2949 1198 2973 sub
1213 2949 1365 2978 universali,

296 2994 324 3012 ut
338 2987 447 3020 ipsamet
457 2986 535 3011 Pinna
550 2985 618 3017 legit.
630 2985 695 3010 Hinc
705 2985 730 3009 in
745 2985 853 3009 lectione
864 2985 956 3009 Pinna:
968 2984 1147 3016 praedicatur
1159 2984 1192 3009 de
1205 2984 1296 3016 aliquo
1308 2984 1366 3009 uni-

297 3022 435 3047 versaliter
453 3022 493 3047 vel
513 3029 563 3046 non
580 3020 766 3045 universaliter
784 3025 832 3045 etc.
853 3020 1061 3052 subintelligitur,
1082 3020 1233 3048 universali,
1254 3027 1366 3053 nempe,

292 3058 470 3090 praedicatur
484 3057 516 3082 de
530 3056 619 3089 aliquo
635 3055 779 3080 universali
793 3055 981 3081 universaliter
996 3060 1053 3085 etc.,
1069 3060 1097 3079 ut
1111 3063 1190 3088 supra
1204 3063 1230 3080 n.
1240 3054 1253 3079 3
1269 3055 1365 3080 dictum

298 3099 344 3123 est,
356 3098 380 3118 et
390 3093 415 3117 in
426 3093 474 3117 hoc
483 3092 541 3125 ipso
551 3100 576 3116 n.
587 3092 679 3116 iterum
690 3091 794 3124 ponitur
803 3091 854 3123 (Cf.
861 3092 918 3116 lect.
925 3098 980 3120 vni,
995 3099 1020 3116 n.
1031 3089 1085 3124 16):
1094 3091 1142 3115 nisi
1157 3090 1226 3116 enim
1242 3090 1366 3116 subintel-

298 3129 396 3159 ligatur,
404 3128 546 3160 propositio
555 3133 645 3159 posset
659 3126 754 3151 habere
764 3126 831 3151 hunc
846 3134 955 3152 sensum
969 3126 995 3151 in
1009 3126 1121 3151 secunda
1136 3131 1207 3159 parte
1218 3126 1366 3151 disiunctio-

299 3164 350 3189 nis:
366 3164 399 3189 de
412 3163 527 3195 atiquo...
541 3163 580 3187 vel
595 3170 646 3187 non
663 3162 849 3187 uniuersaliter
863 3161 905 3195 (et
918 3162 978 3186 ideo
991 3161 1066 3186 etiam
1080 3160 1270 3195 singulariter)
1283 3162 1367 3187 multa

298 3200 344 3224 sub
356 3206 383 3224 se
397 3199 522 3224 continet.
538 3198 616 3228 Qiod
631 3202 671 3222 est
686 3197 810 3222 falsum.-
822 3197 915 3228 Quoad
929 3205 992 3234 vero
1003 3198 1108 3222 alteram
1119 3203 1219 3230 partem
1235 3196 1367 3231 (intendit

297 3235 435 3260 ostendere
450 3234 509 3266 etc.)
521 3233 596 3258 lectio
611 3233 684 3258 codd.
696 3238 781 3265 potest
791 3233 913 3266 adoptari,
928 3233 974 3257 sed
985 3237 1071 3266 potest
1081 3233 1157 3257 etiam
1167 3232 1270 3258 retineri
1281 3233 1366 3258 Pinna.

351 3270 377 3303 η)
402 3269 501 3295 Tunica
519 3272 559 3294 est
576 3269 645 3294 alba.
666 3268 748 3293 Codd.
766 3268 834 3293 ACE
853 3268 951 3293 addunt
970 3268 1131 3293 immediate:
1151 3269 1192 3293 uel
1211 3268 1301 3294 tunica
1314 3275 1366 3293 non

298 3309 337 3331 est
355 3306 423 3334 alba,
443 3313 510 3338 quae
528 3305 607 3329 verba
626 3312 677 3329 non
697 3304 823 3328 habentur
842 3311 926 3336 neque
946 3304 971 3328 in
991 3304 1031 3329 ed.
1048 3303 1138 3334 Pinna,
1154 3311 1239 3336 neque
1252 3303 1277 3328 in
1292 3303 1366 3328 codd.

298 3341 351 3365 BD.
362 3341 442 3365 Porro
462 3340 545 3370 lectio,
564 3348 643 3373 quam
663 3347 722 3364 cum
745 3339 817 3364 hisce
836 3340 919 3371 codd„
935 3340 964 3365 Ρ.
979 3344 1005 3364 et
1023 3339 1088 3364 Ven.
1103 3339 1162 3364 edd.
1173 3347 1366 3370 conservamus,

300 3381 338 3401 est
356 3376 464 3401 omnino
483 3375 624 3400 conformis
643 3375 722 3400 textui
741 3375 901 3405 Aristotelis;
921 3375 968 3400 sed
981 3382 1011 3400 ea
1024 3382 1092 3408 quae
1109 3375 1238 3400 adduntur
1255 3374 1287 3399 ab
1299 3374 1367 3400 ACE

300 3412 429 3436 continent
448 3412 595 3444 exemplum
615 3411 646 3436 de
666 3416 756 3442 negata
775 3410 870 3436 unitate
890 3410 1071 3443 propositionis
1091 3410 1168 3435 etiam
1192 3410 1324 3442 negativae
1342 3415 1368 3435 et

300 3447 525 3478 subintelliguntur
538 3455 567 3471 ex
580 3446 620 3471 his
631 3454 697 3479 quae
711 3446 859 3471 immediate
874 3452 1025 3478 sequuntur,
1037 3453 1087 3471 non
1098 3449 1138 3471 est
1147 3445 1294 3480 affirmatio
1305 3452 1366 3474 una,

301 3489 382 3513 neque
402 3482 509 3515 negatio
523 3489 583 3507 una.
592 3482 709 3506 ——Codex
724 3482 744 3506 E
758 3481 846 3506 habet:
867 3489 949 3514 neque
969 3481 1076 3514 negatio
1096 3488 1163 3510 una5
1177 3486 1203 3506 et
1217 3486 1257 3506 est
1270 3481 1368 3514 optima

301 3517 382 3546 lectio,
398 3525 475 3549 quam
491 3525 586 3549 sequor
601 3518 657 3542 loco
672 3517 765 3542 Pinnae
779 3522 804 3542 et
818 3517 927 3542 aliorum
943 3517 1031 3542 codd.:
1047 3524 1129 3549 neque
1143 3516 1267 3550 negatio:
1281 3523 1368 3542 sermo

301 3551 369 3576 enim
389 3552 625 3584 impraesentiarum
640 3558 679 3577 est
693 3560 744 3576 non
759 3553 791 3577 de
805 3552 982 3577 enunciatione
996 3552 1147 3585 simpliciter
1160 3550 1311 3576 affirmativa
1325 3552 1367 3577 vel

302 3587 429 3618 negativa,
449 3588 495 3612 sed
510 3587 542 3612 de
556 3588 657 3612 unitate
671 3586 845 3612 affirmationis
863 3593 888 3612 et
901 3587 1044 3620 negationis
1064 3585 1118 3621 (cf.
1127 3591 1188 3612 text.
1200 3586 1331 3621 Ariston).

1045 231 1163 266 PERI
1195 230 1542 267 HERMENEIAS
1579 231 1673 269 LIB.
1706 234 1718 268 I

1417 322 1537 358 genus
1558 318 1593 347 et
1613 310 1836 359 differentia,
1858 325 1955 361 quae
1984 320 2071 350 sunt
2094 321 2220 362 partes
2241 313 2488 351 definitionis:

1418 363 1498 400 sive
1510 364 1582 401 sint
1598 373 1722 413 partes
1738 366 1937 413 integrales
1957 366 2114 403 alicuius
2135 367 2336 416 compositi
2347 368 2378 414 ²¹⁸,
2396 367 2491 404 sicut
2515 370 2734 423 gfissggffifm-

1419 429 1464 453 ex
1489 418 1677 466 lapidibus
1705 426 1740 455 et
1760 419 1867 467 lignis
1887 420 1930 456 fit
1950 420 2100 457 domus.
2133 420 2172 457 Si
2193 433 2282 468 ergo
2298 421 2318 441 '³‘
2344 421 2389 457 sit
2417 421 2489 457 tale
2520 423 2686 471 ,effi-⁶⁶¹0*
2710 424 2734 446 ‘¹'

1417 471 1679 518 praedicatum
1715 473 1821 520 quod
1850 472 2072 510 attribuatur
2101 474 2175 520 rei,
2213 474 2413 523 requiritur
2442 473 2491 510 ad

1416 523 1601 561 unitatem
1623 525 1896 562 enunciationis
1917 526 2022 575 quod
2041 527 2103 563 illa
2122 528 2241 564 multa
2261 540 2359 576 quae
2380 527 2490 575 signi-

1417 577 1590 624 ficantur,
1613 586 1840 615 concurrant
1853 580 1873 600 '¹‘
1887 579 1925 615 in
1944 592 2066 616 unum
2086 580 2299 617 secundum
2324 580 2490 629 aliquem
2519 587 2733 635 {222322'351‘22‘2‘5

1419 630 1607 667 dictorum
1628 632 1854 677 modorum;
1874 632 1978 669 unde
1999 645 2077 669 non
2098 634 2288 670 sufficeret
2308 635 2389 670 sola
2408 633 2490 670 uni·
2519 620 2733 688 ggssssl'enfntbgsszffi

1417 691 1474 720 tas
1493 684 1612 721 vocis.
1640 685 1679 721 Si
1703 697 1797 721 vero
1819 685 1864 721 sit
1888 687 1960 722 tale
1979 686 2241 734 praedicatum
2271 687 2377 735 quod
2397 687 2490 723 refe-
2518 693 2565 713 rfa-
2601 682 2606 687 ’

1418 744 1522 773 ratur
1537 737 1586 774 ad
1605 750 1758 784 vocem,
1780 738 1942 775 sufficiet
1956 739 2080 775 unitas
2099 740 2224 785 vocis;
2241 748 2283 777 ut
2298 740 2328 776 si
2350 740 2488 788 dicam,

1418 790 1522 827 canis
1550 796 1615 827 estx
1631 803 1779 827 nomen.

1473 856 1507 891 9.
1530 843 1679 880 Deinde
1696 857 1784 880 cum
1799 844 1905 881 dicit:
1927 846 1976 881 Ut
1987 845 2021 880 si
2034 845 2113 893 quis
2124 851 2247 893 ponat
2259 853 2343 892 etc.,
2362 858 2489 882 exem—

1416 897 1559 946 plificat
1579 897 1684 945 quod
1709 897 1851 934 dictum
1874 905 1940 944 est,
1969 905 2011 934 ut
2039 898 2069 934 si
2099 898 2232 946 aliquis
2252 899 2327 934 hoc
2346 911 2490 936 nomen

1418 952 1543 988 tunica
1581 951 1754 999 imponat
1796 950 1845 987 ad
1883 951 2175 998 significandum
2217 951 2417 988 hominem
2455 959 2492 989 et

1419 1016 1580 1053 equum:
1612 1011 1648 1040 et
1676 1004 1745 1050 sic,
1768 1004 1798 1040 si
1825 1004 1950 1040 dicam
1965 1005 1995 1051 ³¹²,
2022 1005 2147 1041 tunica
2173 1010 2227 1041 est
2253 1005 2340 1041 alba
2359 1010 2390 1051 '¹‚
2411 1017 2491 1042 non
2518 1010 2643 1058 23ng²³1
2651 1010 2733 1033 ⁸1⁶⁶-

1420 1066 1475 1094 est
1495 1057 1698 1094 affirmatio
1723 1070 1811 1103 una,
1842 1070 1967 1106 neque
1997 1058 2146 1106 negatio
2175 1071 2263 1095 una.
2589 1052 2595 1058 ⁶
2618 1073 2633 1097 η

1472 1111 1621 1148 Deinde
1643 1123 1730 1148 cum
1748 1111 1850 1147 dicit:
1872 1111 1982 1148 Nihil
1999 1112 2098 1148 enim
2119 1111 2247 1161 differt
2260 1111 2492 1160 etc.,probat

1420 1165 1525 1213 quod
1541 1165 1683 1202 dixerat
1699 1164 1762 1200 tali
1778 1164 1934 1201 ratione.
1958 1164 1997 1201 Si
2017 1165 2142 1201 tunica
2162 1165 2347 1212 significat
2366 1164 2488 1201 homi-

1419 1231 1509 1255 nem
1531 1226 1567 1255 et
1587 1230 1748 1266 equum,
1778 1217 1868 1254 nihil
1899 1217 2024 1254 differt
2043 1218 2072 1254 si
2094 1218 2255 1266 dicatur,
2285 1218 2411 1255 tunica
2439 1224 2495 1255 est

1419 1272 1518 1318 alba,
1540 1279 1604 1308 aut
1625 1271 1655 1308 si
1677 1271 1834 1317 dicatur,
1854 1272 1967 1307 homo
1987 1277 2042 1308 est
2064 1271 2183 1317 albus,
2206 1278 2242 1308 et
2257 1273 2288 1319 ἦ,
2305 1283 2421 1320 equus
2440 1277 2495 1308 est
2518 1280 2530 1291 ⁵
2543 1286 2569 1301 A:
2584 1279 2632 1302 ⁹01-

1419 1326 1544 1370 albus;
1564 1325 1631 1362 sed
1648 1325 1739 1361 istae
1749 1325 1780 1372 ³¹³,
1797 1326 1909 1361 homo
1925 1330 1980 1361 θεῖ
1991 1325 2110 1371 albus,
2124 1332 2159 1361 et
2174 1336 2290 1373 equus
2305 1330 2359 1361 est
2371 1325 2490 1371 albus,
2519 1330 2589 1377 {1525
2611 1328 2656 1351 ’ὦ
2670 1329 2734 1351 ‘⁸¹⁴‘

1420 1378 1765 1426 significant-multa
1786 1386 1821 1414 et
1836 1385 1923 1414 sunt
1937 1379 2064 1426 plures
2081 1378 2382 1424 enunciationes;
2401 1391 2490 1426 ergo

1421 1432 1535 1468 etiarn
1555 1431 1641 1478 ista,
1662 1431 1788 1468 tunica
1809 1437 1863 1468 est
1879 1431 1979 1477 alba,
1997 1433 2116 1468 multa
2131 1431 2326 1479 significat.
2349 1432 2398 1468 Et
2416 1432 2491 1469 hoc

1421 1484 1451 1520 si
1466 1484 1650 1532 significet
1665 1485 1685 1503 ⁴*
1700 1484 1899 1521 hominem
1916 1491 1953 1520 et
1968 1497 2110 1533 equum
2125 1493 2168 1521 ut
2183 1497 2242 1521 res
2258 1484 2444 1522 diversas:
2461 1485 2492 1522 si

1420 1550 1515 1574 vero
1542 1537 1727 1585 significet
1755 1537 1953 1573 hominem
1975 1545 2012 1574 et
2030 1550 2175 1586 equum
2195 1545 2237 1574 ut
2257 1550 2492 1586 componen-

1420 1591 1471 1627 tia
1493 1603 1612 1627 unam
1639 1602 1721 1627 rem
1739 1587 1773 1637 ⁰,
1798 1590 1889 1627 nihil
1914 1590 2119 1638 significat,
2140 1591 2229 1640 quia
2249 1603 2327 1627 non
2353 1598 2409 1627 est
2429 1591 2493 1628 ali·
2619 1594 2633 1620 ⁰

1421 1656 1497 1693 qua
1522 1657 1580 1681 res
1605 1656 1702 1692 quae
1729 1651 1984 1692 componatur
2008 1656 2053 1680 ex
2077 1644 2233 1681 homine
2259 1651 2296 1680 et
2320 1656 2432 1693 eqUO.

1475 1697 1594 1744 Quod
1614 1704 1743 1734 autem
1766 1696 1981 1746 dicitquod
2010 1710 2089 1734 non
2118 1697 2243 1735 differt
2271 1697 2408 1744 dicere,
2438 1702 2492 1734 tu-

1421 1751 1506 1788 nica
1526 1756 1581 1787 est
1598 1751 1697 1796 alba,
1709 1756 1754 1795 et,
1769 1751 1882 1787 homo
1902 1756 1956 1787 est
1972 1751 2091 1797 albus,
2104 1757 2148 1797 et,
2160 1762 2278 1799 equus
2297 1756 2353 1787 est
2372 1751 2492 1798 albus,

1420 1817 1499 1841 non
1529 1811 1584 1841 est
1616 1803 1899 1851 intelligendum
1933 1811 2118 1853 quantum
2152 1804 2201 1841 ad
2228 1803 2427 1840 veritatem
2457 1811 2495 1842 et

1421 1858 1630 1894 falsitatem.
1661 1858 1766 1894 Nam
1791 1858 1886 1893 haec
1915 1857 2142 1906 copulativa,
2172 1858 2285 1894 homo
2309 1863 2362 1894 est
2385 1858 2492 1895 albus

1420 1917 1457 1948 et
1468 1923 1585 1960 equus
1599 1916 1654 1948 est
1666 1911 1785 1956 albus,
1801 1922 1881 1947 non
1895 1918 2021 1960 potest
2036 1923 2118 1948 esse
2132 1922 2225 1947 vera
2245 1910 2315 1947 nisi
2330 1918 2490 1960 utraque

1418 1977 1507 2014 pars
1529 1964 1575 2001 sit
1593 1976 1703 2001 vera:
1734 1963 1802 2000 sed
1822 1964 1929 2010 haec,
1959 1964 2084 2001 tunica
2105 1970 2160 2001 est
2177 1964 2277 2010 alba,
2298 1964 2492 2013 praedicta

1419 2018 1607 2067 positione
1635 2018 1731 2054 facta
1745 2018 1776 2062 *,
1797 2024 1922 2066 potest
1942 2029 2024 2054 esse
2038 2030 2131 2054 vera
2151 2017 2264 2054 etiam
2285 2018 2401 2055 altera
2416 2017 2490 2054 exi-

1419 2079 1539 2108 stente
1568 2071 1711 2117 falsa*;
1734 2069 1909 2119 alioquin
1937 2082 2015 2107 non
2045 2078 2238 2120 oporteret
2263 2070 2490 2119 distinguere

1420 2124 1644 2174 multiplices
1676 2123 1958 2173 propositiones
1991 2124 2040 2161 ad
2069 2124 2298 2161 solvendum
2327 2124 2492 2162 rationes

1421 2178 1655 2228 sophisticas,
1691 2177 1767 2214 Sed
1799 2177 1875 2213 hoc
1905 2183 1961 2214 est
1993 2177 2277 2226 intelligendum
2306 2186 2492 2227 quantum

1421 2232 1469 2269 ad
1497 2231 1681 2269 unitatem
1702 2238 1738 2267 et
1757 2229 2069 2279 multiplicitatem
2084 2232 2115 2268 *.
2146 2231 2250 2268 Nam
2279 2231 2375 2269 sicut
2403 2243 2492 2269 cum

1422 2285 1577 2331 dicitur,
1605 2286 1718 2322 homo
1748 2289 1801 2321 est
1828 2284 1935 2321 albus
1963 2289 2000 2320 et
2025 2296 2142 2333 equus
2170 2290 2223 2321 est
2249 2285 2377 2332 albus,
2412 2297 2492 2323 non

1421 2338 1611 2376 invenitur
1631 2338 1754 2387 aliqua
1777 2349 1856 2374 una
1881 2349 1940 2374 res
1970 2337 2030 2374 cui
2055 2337 2278 2375 attribuatur
2297 2338 2492 2388 praedica—

1422 2401 1522 2439 tum;
1543 2393 1593 2430 ita
1613 2392 1727 2429 etiam
1747 2403 1818 2428 nec
1837 2403 1926 2428 cum
1948 2390 2092 2438 dicitur,
2113 2392 2239 2429 tunica
2258 2397 2313 2429 est
2328 2392 2428 2430 alba.

1482 2459 1539 2483 10.
1570 2445 1719 2483 Deinde
1749 2457 1837 2481 cum
1868 2444 1972 2481 dicit:
2007 2445 2135 2487 Quare
2163 2457 2232 2482 nec
2259 2446 2296 2482 in
2322 2446 2379 2482 his
2408 2453 2491 2493 etc.,

1423 2499 1613 2537 concludit
1635 2511 1679 2536 ex
1699 2497 1918 2548 praemissis
1947 2497 2052 2547 quod
2076 2510 2148 2535 nec
2175 2498 2213 2535 in
2240 2498 2298 2536 his
2326 2499 2492 2536 affirma-

1421 2553 1588 2590 tionibus
1617 2559 1653 2589 et
1681 2551 1965 2599 negationibus,
2001 2563 2099 2600 quae
2131 2559 2289 2588 utuntur
2321 2552 2491 2589 subiecto

1422 2606 1647 2654 aequivoco,
1678 2617 1831 2653 semper
1858 2611 2008 2653 oportet
2035 2617 2154 2641 unam
2183 2617 2265 2641 esse
2293 2616 2427 2641 veram
2457 2611 2494 2642 et

1422 2659 1534 2696 aliam
1557 2659 1702 2704 falsam,
1723 2657 1813 2706 quia
1833 2657 1972 2694 scilicet
1992 2657 2141 2705 negatio
2162 2665 2287 2707 potest
2306 2657 2408 2695 aliud
2426 2670 2491 2695 ne-

1422 2724 1510 2760 gare
1540 2723 1658 2760 quam
1686 2717 1694 2731 ⁸
1722 2710 1925 2747 affirmatio
1954 2710 2128 2748 affirmet.
2618 2728 2626 2744 ι

2519 1494 2528 1503 ·
2540 1492 2614 1515 Codd.
2633 1504 2643 1509 -
2660 1499 2695 1514 in:
2711 1494 2734 1514 et

2520 1519 2564 1541 hoc
2578 1519 2710 1548 stgnfflcat.

2516 2030 2581 2052 Ἀρι.
2598 2041 2609 2046 -
2623 2035 2673 2052 ιιι
2691 2034 2733 2050 ra-

2517 2057 2588 2078 tione.
2596 2068 2607 2073 -
2618 2056 2644 2079 Si
2653 2056 2733 2078 tunlca

2517 2089 2571 2104 nem
2589 2090 2602 2105 e
2618 2083 2733 2115 signifiea-

2517 2113 2551 2132 ret
2587 2116 2690 2132 ominem
2711 2113 2735 2132 et

2519 2141 2734 2190 εετεεὲεεεεετ

2519 2190 2528 2199 ·
2537 2195 2604 2212 Anco:
2615 2196 2685 2216 vem,-
2692 2189 2732 2212 sed

2518 2215 2587 2238 falso.

2519 2243 2528 2253 ⁶
2543 2243 2619 2266 Codd.
2630 2250 2639 2266 t
2655 2243 2734 2266 multt-

2519 2270 2630 2292 tuddnen.

1474 2804 1499 2840 0)
1523 2806 1558 2831 Ut
1575 2806 1760 2838 componentia
1779 2813 1859 2830 unam
1879 2813 1935 2831 rem
1955 2810 2003 2830 etc.
2023 2805 2059 2830 lta
2078 2806 2166 2839 legunt
2184 2807 2273 2838 eodd.;
2293 2811 2318 2833 et
2336 2812 2377 2833 est
2392 2807 2493 2841 praese-

1421 2842 1500 2867 tenda
1523 2841 1585 2866 haec
1610 2841 1685 2866 lectio
1704 2841 1813 2872 Pinnae,
1833 2844 1924 2873 utpote
1943 2848 2023 2866 unam
2043 2849 2107 2867 rem.
2133 2841 2239 2874 Optime
2262 2843 2331 2868 enim
2355 2844 2494 2870 concordat

1421 2877 1497 2902 lectio
1515 2877 1591 2902 codd.
1611 2884 1671 2902 cum
1690 2877 1720 2901 iis
1739 2884 1806 2909 quae
1825 2882 1985 2909 sequuntur:
2005 2883 2057 2902 non
2076 2880 2117 2902 est
2133 2877 2225 2910 aliqua
2243 2885 2286 2904 res
2304 2886 2372 2911 quae
2386 2886 2492 2912 compo-

1422 2916 1504 2938 natur
1521 2920 1559 2938 ex
1577 2912 1682 2938 homine
1700 2915 1727 2937 et
1744 2919 1845 2944 equa-
1859 2913 1942 2944 Supra
1961 2912 2018 2937 cod.
2031 2913 2054 2938 Α
2073 2912 2163 2938 habet:
2182 2920 2248 2946 ergo
2265 2914 2346 2940 etiam
2366 2914 2430 2945 ista,
2450 2918 2492 2941 tu·

1422 2949 1481 2974 nica
1500 2951 1540 2974 est
1557 2949 1632 2977 alba,
1650 2947 1675 2972 si
1692 2948 1781 2972 album
1801 2948 1885 2973 multa
1902 2947 2046 2981 significat.
2066 2948 2103 2973 Et
2120 2948 2170 2974 hoc
2187 2954 2236 2974 etc.

1475 2982 1494 3017 ι)
1516 2983 1586 3014 Quia
1604 2983 1703 3008 scilicet
1717 2983 1824 3016 negatio
1838 2986 1954 3015 potest...
1970 2991 2050 3016 quam
2065 2987 2113 3009 etc.
2123 2997 2143 3003 —
2153 2984 2228 3010 Unus
2240 2985 2298 3010 cod.
2308 2985 2342 3011 B:
2360 2985 2424 3018 quia
2441 2985 2493 3013 sei-

1421 3019 1483 3045 licet
1501 3019 1608 3052 negatio
1632 3026 1684 3044 non
1703 3022 1820 3051 potest...
1836 3026 1916 3052 quam
1936 3024 1984 3044 etc.
2007 3019 2058 3044 Sed
2077 3024 2118 3044 est
2141 3019 2216 3045 lectio
2239 3020 2318 3046 falsa:
2341 3026 2403 3046 tune
2421 3021 2492 3047 enin

1421 3054 1628 3088 propositionum
1642 3062 1720 3079 unam
1736 3059 1839 3087 oportet
1851 3062 1911 3079 esse
1922 3062 2020 3086 veram,
2030 3055 2137 3080 alteram
2150 3055 2251 3086 falsam,
2261 3056 2368 3089 quando
2381 3055 2492 3083 affirm-

1421 3091 1458 3115 tio
1470 3095 1496 3115 et
1509 3089 1611 3122 negatio
1625 3094 1686 3115 sunt
1699 3090 1766 3115 circa
1780 3090 1848 3115 idern
1865 3087 1914 3121 (Cf.
1922 3091 1980 3115 lect.
1988 3098 2021 3121 rx,
2033 3089 2082 3116 n.8
2092 3089 2169 3125 eeq.);
2183 3095 2210 3116 at
2223 3091 2268 3116 ubi
2282 3091 2492 3124 propositionum

1421 3125 1566 3151 subiectum
1581 3126 1615 3150 sit
1629 3133 1725 3150 nomen
1740 3125 1920 3158 aequivocum,
1933 3130 1962 3150 ut
1975 3126 2018 3151 hic
2032 3133 2063 3151 su
2083 3126 2195 3159 ponitur,
2205 3125 2341 3152 affirmatio
2350 3132 2376 3152 et
2389 3127 2492 3160 negatio

1418 3164 1532 3194 possunt
1545 3161 1636 3186 cadere
1650 3168 1728 3194 supra
1741 3161 1856 3186 diversas
1870 3160 1976 3186 subiecti
1991 3161 2057 3193 signi
2077 3161 2204 3192 cationesg
2223 3162 2332 3195 proinde
2347 3171 2399 3188 non
2413 3170 2492 3196 opot-

1422 3202 1458 3222 tet
1471 3202 1500 3221 ut
1514 3204 1565 3221 una
1578 3196 1721 3230 propositio
1740 3196 1774 3221 sit
1786 3204 1848 3221 vera
1861 3201 1887 3221 et
1905 3197 1984 3222 altera
2003 3197 2106 3222 salsm—
2119 3197 2207 3223 Codex
2225 3197 2246 3222 E
2265 3197 2414 3224 immediate
2432 3201 2493 3231 post

1421 3233 1465 3257 illa
1484 3232 1562 3257 verba
1580 3231 1729 3265 affirmatio
1747 3232 1879 3266 affirmet,
1898 3232 1982 3258 addit:
2002 3232 2124 3264 Explicit
2142 3233 2208 3258 liber
2221 3233 2328 3265 primus
2342 3233 2491 3266 per-iame—

1422 3268 1490 3293 nias.
1501 3280 1520 3287 -
1531 3267 1627 3300 Incipit
1640 3267 1706 3292 liber
1718 3267 1850 3293 secundus
1864 3267 2068 3299 periermenias.
2091 3268 2186 3293 Utrum
2201 3268 2231 3294 id
2243 3269 2316 3301 quod
2333 3269 2433 3295 dictum
2451 3271 2492 3294 est

1421 3310 1504 3335 supra
1523 3303 1556 3328 de
1574 3303 1738 3335 oppositione
1756 3302 1971 3328 enuntiationum
1990 3307 2017 3329 et
2035 3303 2069 3329 de
2087 3310 2179 3329 earum
2199 3304 2312 3330 veritate
2329 3307 2357 3330 et
2367 3303 2491 3338 salsitate

1422 3339 1574 3364 inveniatur
1587 3338 1613 3363 in
1629 3338 1750 3364 omnibus
1763 3338 1991 3364 enunciationibus
2001 3338 2058 3372 (fol.
2075 3339 2125 3364 223
2135 3347 2220 3370 verso,
2236 3340 2285 3365 col.
2300 3338 2357 3374 ι).-
2366 3339 2420 3364 Cur
2428 3339 2491 3364 baec

1422 3373 1709 3442 ξξρὲἒὲἳὶἒὶἳοῖἒέ
1714 3373 2016 3443 ,ἓῖὲξξῗὲωῗξζῗίᾌξὲ
2020 3374 2414 3436 ἑῖἰῗξίῗὲοὲ-’ἳξὲᾟὲἓέἰῖ
2423 3374 2491 3434 ἔῖἓῗέ

1636 3427 1643 3439 9
2404 3426 2410 3439 t

1422 3445 1533 3478 positam
1552 3453 1567 3470 a
1586 3444 1748 3470 Scholasticis
1767 3444 1843 3470 huius
1862 3445 1956 3478 Operis
1975 3445 2140 3475 divisionem,
2160 3445 2265 3475 iterum,
2284 3444 2324 3470 sui
2343 3444 2490 3475 immemor,

1422 3480 1586 3506 amanuensis
1606 3480 1848 3512 scribit:-Bxp1icit
1870 3481 2005 3513 expositio
2024 3477 2110 3513 primi
2131 3480 2193 3506 libri
2210 3479 2420 3513 periamenias,
2446 3480 2491 3505 ubi

1421 3516 1515 3549 agitur
1533 3516 1566 3542 de
1583 3516 1768 3542 enunciatione
1785 3516 1941 3548 simpliciter
1958 3516 2136 3542 considerata.
2146 3528 2165 3535 -
2181 3515 2278 3548 Incipit
2299 3515 2432 3547 expositio
2449 3522 2490 3540 se-

1421 3552 1503 3577 cundi
1520 3551 1589 3576 libri.
1608 3551 1658 3576 Ubi
1675 3551 1769 3584 agitur
1787 3552 1820 3576 de
1837 3552 2022 3577 enunciatione
2038 3551 2183 3577 secundum
2205 3550 2278 3584 quod
2294 3550 2491 3584 diversificatur

1416 3594 1470 3620 per
1487 3587 1590 3619 aliquid
1611 3586 1662 3612 sibi
1683 3587 1806 3612 additum
1826 3585 1883 3620 (fol.
1895 3594 1945 3620 2²9
1959 3594 2036 3617 vers„
2049 3587 2098 3612 col.
2109 3585 2146 3621 a).
