2548 4192
231 275 361 301 CCXXIV

235 354 250 369 »
274 349 374 373 ctatus
398 342 436 372 de
460 342 522 372 fide
551 348 582 373 et
604 352 659 382 spe
684 340 750 383 (al.
767 342 985 382 compendium
1013 341 1226 381 theologiae,
1251 340 1307 380 qui

233 398 249 412 >
273 386 316 416 sic
339 386 467 426 incipit.
491 388 625 417 Aeterni
642 387 750 416 Patris
768 387 881 423 Filius,
900 385 939 415 al.
966 385 1109 415 Verbum.
1135 340 1226 426 (ιὸξ
1228 384 1307 414 Item

235 441 249 456 2·
273 437 421 461 tractatus
446 438 555 461 contra
569 431 792 470 impugnantes
816 429 1027 469 Religionem,
1044 428 1100 468 qui
1117 427 1160 458 sic
1177 427 1305 467 incipit:

234 485 249 500 ²»
272 475 357 505 Ecce
381 476 501 505 inimici
525 476 572 504 tui
594 479 781 505 sonuerunt.
807 471 879 515 (19)
904 473 983 503 Item
1001 478 1149 502 tractatus
1169 472 1208 502 de
1226 471 1306 511 regi-

235 529 249 544 »
273 519 359 548 mine
382 519 585 558 Principum,
615 518 671 558 qui
702 518 745 548 sic
773 517 899 556 incipit:
929 516 1095 556 Cogitanti
1122 517 1200 546 mihi
1230 516 1308 556 quid

235 573 250 588 ›
260 558 261 561 ¹
273 562 443 603 offerrem:
458 572 555 602 quem
570 562 687 591 librum
702 561 824 601 scripsit
838 560 877 590 ad
891 560 1012 599 Regem
1023 560 1131 600 Cypri.
1144 558 1216 602 (20)
1227 560 1307 590 Item

236 617 251 632 ³·
274 613 421 637 tractatus
445 606 484 636 de
507 612 598 636 motu
623 605 743 642 cordis,
775 604 830 645 qui
854 604 897 634 sic
921 604 1048 644 incipit:
1082 604 1167 641 Quia
1191 613 1304 641 omne,

236 661 251 676 ›
273 651 358 691 quod
381 655 534 680 movetur.
561 647 632 690 (21)
658 649 736 679 Item
760 654 907 678 tractatus
931 648 969 677 de
994 647 1078 685 fato,
1103 658 1143 677 an
1168 648 1225 686 sit,
1250 647 1305 687 qui

236 705 251 720 ›
273 694 317 724 sic
335 693 461 734 incipit:
486 693 665 730 Quaeritur
682 693 723 723 de
734 692 825 733 fato,
845 702 888 722 an
905 693 956 722 sit.
974 690 1042 742 (22)
1060 692 1139 722 Item
1157 698 1306 722 tractatus

236 749 250 763 »
274 744 382 768 contra
406 737 594 767 retrahentes
614 747 631 766 a
647 736 833 776 Religione,
858 736 913 776 qui
937 735 980 766 sic
999 736 1125 776 incipit:
1149 735 1304 777 Christia-

235 793 250 808 »
274 791 335 812 nae
349 782 539 822 Religionis.
557 779 629 823 (23)
646 781 725 812 Item
741 787 889 811 tractatus
905 781 944 810 de
960 779 1145 810 elementis'
1136 790 1170 810 ιη
1194 774 1304 818 mixto,

234 837 249 852 ›
272 826 440 866 quomodo
460 825 598 863 fuerunt,
619 825 675 866 qui
699 825 743 855 sic
766 824 892 865 incipit:
916 824 1058 855 Dubium
1082 824 1170 865 apud
1188 825 1306 854 multos

235 881 249 896 »
273 879 340 900 esse
359 869 495 900 videtur.
519 867 591 911 (24)
618 870 696 900 Item
712 875 861 900 tractatus
881 869 919 899 de
935 868 1136 899 absolutione
1155 875 1186 899 et
1204 869 1304 898 modo

234 924 249 939 »
272 913 467 951 absolvendi,
491 914 531 943 ad
550 913 737 953 Magistrum
757 913 885 944 Ordinis
905 913 1093 953 praefatum,
1117 913 1172 954 qui
1195 913 1238 943 sic
1257 912 1304 942 in—

234 968 249 983 »
272 958 363 997 cipit:
388 958 532 988 Perlecto
556 958 670 988 libello.
696 956 769 1008 (25)
794 958 872 988 Item
889 964 1036 988 tractatus
1057 957 1096 987 de
1112 956 1304 997 perfectione

234 1012 248 1027 ²
270 1002 352 1032 vitae
376 1002 556 1042 spiritualis,
576 1002 631 1042 qui
651 1002 694 1032 sic
709 1001 836 1042 incipit.
865 1002 1025 1039 Quoniam
1045 1002 1174 1051 quidam
1192 1000 1304 1041 perfe-

234 1057 248 1071 ›
272 1047 384 1076 ctionis
400 1047 520 1096 ignari.
545 1044 618 1088 (26)
636 1047 715 1076 Item
731 1053 879 1077 tractatus
895 1046 984 1086 quod
1000 1046 1050 1076 Iex
1069 1046 1185 1076 amoris
1211 1045 1304 1076 fuerit

234 1100 248 1115 ι·
271 1090 444 1120 necessaria
467 1090 591 1120 homini
621 1089 686 1131 (al.
705 1090 745 1120 de
763 1091 886 1121 duobus
902 1091 1086 1130 praeceptis
1109 1091 1255 1120 caritatis
1274 1095 1304 1120 et

234 1145 249 1160 ›
271 1133 378 1165 decem
403 1135 485 1175 legis
507 1134 721 1176 praeceptis).
752 1134 878 1175 Incipit:
909 1135 985 1164 Tria
1010 1140 1087 1165 sunt
1106 1134 1226 1164 homini
1249 1144 1303 1164 ne-

233 1190 249 1205 »
272 1179 414 1209 cessaria
437 1179 481 1209 ad
502 1179 650 1209 salutem.

302 1235 316 1250 2·
336 1222 443 1263 Caput
470 1232 533 1253 xlv.
566 1221 638 1265 (27)
663 1223 742 1253 Item
772 1229 939 1260 tractatus,
973 1222 1062 1263 quod
1092 1222 1182 1253 beata
1205 1222 1302 1262 Virgo

234 1278 250 1293 ι
273 1267 393 1297 excedit
411 1267 552 1306 Angelos
575 1267 608 1297 in
632 1267 829 1307 plenitudine
848 1266 963 1307 gratiae
983 1273 1013 1297 et
1031 1266 1160 1306 gloriae,
1184 1267 1240 1307 qui
1260 1267 1303 1297 sic

234 1322 249 1337 »
272 1311 399 1361 incipit:
423 1312 492 1342 Ave
513 1312 625 1352 gratia
643 1312 754 1351 plena.
780 1308 852 1353 (38)
876 1311 956 1341 Item
979 1317 1127 1341 tractatus
1148 1311 1187 1341 de
1206 1320 1303 1350 expo-

234 1366 249 1381 2
273 1355 386 1386 sitione
410 1355 566 1396 Symboli,
590 1355 646 1396 qui
670 1355 713 1385 sic
735 1354 861 1395 incipit:
888 1354 993 1385 Credo
1012 1356 1045 1385 in
1066 1365 1165 1385 unum
1185 1355 1301 1385 Deum.

234 1410 256 1425 »—
272 1398 344 1442 (29)
369 1400 448 1430 Item
467 1406 614 1430 tractatus
638 1399 678 1430 de
696 1399 904 1436 instantibus,
930 1399 986 1439 qui
1005 1398 1049 1429 sic
1067 1398 1194 1438 incipit:
1219 1397 1303 1439 (Lo-

234 1453 248 1469 ›
272 1453 329 1474 cus
352 1444 484 1474 mutilus
503 1449 559 1474 est.
584 1444 721 1494 Supple:
744 1441 819 1494 (39)
840 1443 920 1473 Item
945 1448 1104 1473 tractatus
1121 1443 1161 1473 de
1180 1448 1300 1473 natura

233 1497 249 1513 ²
272 1488 360 1519 verbi
379 1488 577 1529 intellectus)
593 1488 648 1528 qui
666 1488 709 1518 sic
725 1487 850 1527 incipit:
869 1487 1030 1537 Quoniam
1046 1488 1132 1517 circa
1149 1492 1302 1517 naturam

234 1541 249 1556 2
272 1530 471 1582 verbi.(}1)
495 1533 574 1563 Item
597 1539 744 1562 tractatus
769 1532 807 1562 de
830 1531 986 1571 principio
1010 1531 1216 1568 individuali,
1247 1531 1303 1572 qui

233 1585 249 1600 ²
272 1576 316 1607 sic
336 1576 461 1616 incipit:
495 1576 654 1613 Quoniam
678 1576 764 1606 duae
785 1581 861 1606 sunt
878 1576 1045 1615 potentiae
1067 1576 1304 1626 cognoscitivae

234 1629 248 1644 ›
273 1622 304 1651 in
331 1621 466 1651 homine.
499 1619 571 1662 (32)
596 1620 675 1650 Item
698 1627 846 1650 tractatus
870 1620 909 1650 de
932 1629 1056 1659 genere,
1079 1620 1135 1660 qui
1159 1620 1204 1650 sic
1227 1619 1302 1650 inci-

234 1673 249 1689 ²
273 1665 336 1705 pit:
369 1664 528 1701 Quoniam
560 1665 663 1695 omnis
693 1669 855 1695 creatura.
887 1662 960 1706 (33)
990 1664 1069 1695 Item
1092 1671 1240 1695 tractatus
1263 1665 1303 1694 de

233 1718 249 1733 ²
272 1715 384 1739 natura
403 1708 581 1746 accidentis,
602 1708 658 1749 qui
677 1708 721 1739 sic
745 1708 870 1749 incipit:
894 1708 1054 1745 Quoniam
1069 1710 1173 1740 omnis
1194 1710 1303 1750 cogni-

234 1761 249 1776 ¹·
273 1754 316 1783 tio
339 1754 490 1783 humana.
517 1750 588 1795 (34)
614 1753 692 1783 Item
711 1759 859 1784 tractatus
879 1753 918 1782 de
933 1759 1045 1783 natura
1065 1754 1224 1792 materiae,
1248 1753 1303 1793 qui

234 1805 249 1820 2
273 1797 317 1827 sic
340 1797 466 1837 incipit:
496 1798 667 1838 Postquam
696 1797 737 1828 de
761 1798 933 1838 principiis
961 1806 1067 1827 sermo
1092 1798 1219 1829 habitus
1246 1802 1302 1828 est.

235 1849 250 1864 ²
274 1839 346 1883 (35)
370 1842 450 1872 Item
473 1841 586 1872 dicitur
610 1841 718 1872 fecisse
741 1842 782 1872 de
807 1841 1038 1872 concordantia
1057 1841 1214 1873 dictorum
1230 1851 1303 1873 suo-

235 1893 250 1908 θ
273 1896 345 1916 rum
362 1884 603 1928 (Animadverte
613 1885 769 1916 incertum
785 1885 939 1927 loquendi
955 1884 1121 1929 modum).
1137 1885 1210 1929 (36)
1226 1887 1305 1917 Item

234 1939 250 1954 ²
273 1930 396 1970 scripsit
422 1940 517 1970 super
543 1930 661 1961 librum
688 1930 728 1961 de
750 1930 868 1961 divinis
889 1930 1090 1962 Nominibus.
1115 1929 1201 1973 (37)
1226 1931 1305 1962 Item

235 1983 251 1999 ›
273 1974 396 2014 scripsit
419 1984 514 2015 super
536 1974 654 2005 librum
670 1974 710 2005 de
731 1975 888 2006 Trinitate
909 1975 1044 2005 Boethii.
1069 1973 1142 2018 (38)
1166 1976 1246 2006 Item
1268 1975 1304 2006 li-

235 2028 250 2043 »
273 2019 368 2049 brum
390 2019 430 2049 de
453 2020 568 2050 causis.

302 2074 317 2090 ›
337 2062 444 2103 Caput
462 2074 511 2093 xv.
537 2061 608 2106 (39)
634 2063 712 2094 Item
727 2063 855 2094 tradidit
871 2063 1063 2104 quibusdam
1078 2063 1239 2094 nobilibus
1258 2073 1304 2093 ar-

234 2118 250 2134 »
273 2107 353 2138 tistis
377 2107 537 2148 Loycalia,
561 2107 637 2148 quia
652 2107 774 2148 scripsit
784 2107 946 2145 Medates,
972 2105 1044 2148 (seu
1063 2107 1103 2138 de
1113 2109 1304 2148 propositio-

233 2163 249 2178 »
273 2151 365 2182 nibus
388 2149 596 2193 modalibus):
621 2149 694 2194 (40)
709 2158 740 2182 et
754 2152 918 2182 Fallacias
942 2150 1015 2192 (seu
1038 2152 1078 2182 de
1091 2150 1267 2194 fallaciis).
1284 2164 1299 2179 ι

233 2195 293 2225 His
317 2195 397 2226 adde
424 2195 576 2236 Officium
600 2196 640 2226 de
666 2195 809 2236 Corpore
835 2196 974 2233 Christi,
1006 2196 1095 2237 quod
1124 2197 1162 2227 ab
1191 2197 1306 2227 eodem

233 2239 423 2270 Ptolomaeo
443 2246 621 2270 recensetur
639 2239 719 2270 libro
735 2240 833 2278 XXII,
851 2240 951 2280 capite
964 2249 1047 2271 xxxv.
1067 2240 1181 2271 Aiebat
1195 2241 1306 2271 Petrus

233 2283 272 2314 de
288 2284 368 2314 Alva
393 2283 556 2324 Opuscula
574 2294 683 2324 parva
699 2285 789 2315 initio
804 2290 927 2315 tantum
937 2284 1049 2326 fuisse
1063 2286 1144 2316 tria:
1158 2291 1189 2316 at
1203 2285 1304 2324 initio,

233 2338 308 2358 curn
324 2328 471 2359 Thomae
488 2328 653 2368 opuscula
669 2328 773 2368 colligi
790 2336 965 2369 coeperunt
979 2339 1015 2360 ac
1032 2329 1129 2369 redigi
1150 2329 1183 2360 in
1202 2339 1306 2360 unum

232 2372 398 2410 volumen,
423 2383 459 2403 ea
482 2372 660 2403 numeravit
682 2373 902 2414 quadraginta
926 2379 957 2404 et
980 2383 1080 2404 unum
1100 2373 1306 2405 Ptolomaeus

235 2416 398 2447 Lucensis.
423 2417 554 2447 Testem
573 2426 689 2457 nempe
712 2417 818 2455 affero,
843 2417 898 2459 qui
917 2417 1081 2448 Thomam
1099 2418 1257 2458 legentem
1276 2425 1307 2450 et

234 2460 403 2491 docentem
419 2461 549 2497 audivit,
567 2460 781 2491 confessiones
798 2461 865 2492 eius
882 2462 1013 2502 excepit,
1033 2472 1141 2493 comes
1156 2462 1306 2494 itinerum

234 2504 305 2542 fuit,
321 2505 453 2546 eiusque
468 2504 612 2535 familiari
629 2506 775 2536 utebatur
790 2506 1019 2537 consuetudine
1042 2517 1078 2537 ac
1097 2516 1198 2537 annos
1213 2507 1305 2548 quin-

234 2549 385 2589 quaginta
407 2549 506 2579 vitam
529 2549 618 2579 duxit
637 2556 711 2589 post
730 2549 873 2580 eiusdem
892 2550 1027 2581 obitum.

300 2593 397 2624 Haud
426 2603 485 2633 ego
510 2592 652 2631 inficior,
684 2593 764 2624 inter
791 2594 868 2624 haec
896 2605 914 2625 a
936 2595 1125 2625 Ptolomaeo
1155 2595 1305 2626 recensita

233 2637 409 2678 Opuscula,
433 2647 492 2678 pro
509 2637 612 2668 dubiis
629 2637 735 2678 aliqua
752 2638 790 2668 ab
807 2638 874 2668 aliis
892 2638 1010 2676 haberi,
1035 2645 1201 2679 propterea
1216 2640 1306 2680 quod

233 2682 423 2712 eorumdem
446 2682 699 2712 nomenclatores
719 2682 770 2712 alii
794 2692 860 2712 non
884 2682 1073 2713 meminere:
1098 2693 1210 2714 verum
1239 2683 1305 2713 ani-

233 2726 496 2757 madvertendum
519 2732 566 2756 est
595 2726 635 2756 ab
661 2726 710 2756 his
734 2726 830 2757 etiam
853 2726 1008 2757 nonnulla
1024 2726 1140 2765 referri,
1164 2737 1305 2767 quorum

232 2770 319 2810 apud
342 2770 566 2801 Ptolomaeum
589 2770 677 2801 nulla
700 2770 832 2801 mentio.
863 2771 932 2801 Hac
956 2771 994 2801 de
1018 2781 1050 2801 re
1073 2771 1303 2802 accuratissime

233 2814 312 2845 mihi
337 2815 496 2854 agendum
524 2814 557 2845 in
581 2814 783 2854 singulorum
806 2815 988 2845 recensione
1012 2825 1047 2845 ac
1070 2825 1210 2846 censura.
1242 2815 1304 2846 Te-

232 2866 314 2889 stem
329 2859 394 2889 iam
409 2859 544 2890 alterum
560 2859 682 2889 advoco
698 2858 908 2890 Guillelmum
927 2859 966 2889 de
980 2859 1102 2898 Tocco,
1126 2859 1182 2900 qui
1198 2859 1305 2890 Vitam

233 2903 402 2944 Aquinatis
427 2903 507 2934 circa
537 2913 658 2933 annum
681 2903 813 2934 Domini
844 2904 925 2934 1320
949 2903 1121 2943 scribebat,
1149 2903 1216 2934 imo
1240 2903 1305 2934 iarn

234 2947 407 2988 scripserat,
432 2954 468 2978 ut
486 2947 560 2978 alibi
579 2948 767 2978 adnotatum
791 2954 846 2978 est.
871 2947 922 2978 Sic
940 2947 1034 2978 habet
1047 2957 1122 2978 vero
1137 2948 1237 2988 capite
1251 2957 1303 2987 ιν,

234 3002 323 3023 num.
346 2992 383 3022 ι8
408 2992 494 3032 apud
519 2991 666 3022 Bollandi
687 2991 951 3023 Continuatores:
985 3005 999 3020 ‹
1016 2991 1146 3032 Scripsit
1168 2992 1303 3031 librum,

235 3048 251 3063 ›
275 3046 373 3076 quem
398 3036 576 3067 nominavit
603 3036 832 3077 Compendium
862 3036 1097 3077 theologiae...
1121 3037 1173 3067 De
1193 3036 1303 3078 perfe-

236 3092 251 3107 ›
274 3082 378 3111 ctione
400 3081 485 3111 vitae
507 3081 697 3121 spiritualis,
721 3080 761 3111 de
783 3080 970 3111 substantiis
991 3082 1183 3121 separatis...
1199 3081 1304 3122 Super

236 3136 251 3151 »
273 3125 468 3164 Dionysium
485 3125 525 3155 de
549 3125 667 3155 divinis
689 3125 890 3162 Nominibus,
906 3124 947 3156 de
975 3125 1142 3162 Trinitate,
1167 3126 1207 3156 de
1231 3125 1303 3156 heb-

236 3181 251 3196 »
273 3168 462 3199 domadibus
483 3169 620 3206 Boethii,
652 3175 682 3199 et
709 3169 769 3199 alia
792 3169 895 3199 multa
921 3169 1085 3210 Opuscula
1108 3169 1304 3210 theologicae

236 3225 251 3240 2
274 3212 412 3243 veritatis
430 3213 602 3253 plusquam
621 3214 746 3254 viginti,
772 3213 900 3243 diversis
920 3213 1058 3244 dominis
1077 3220 1108 3244 et
1125 3214 1302 3254 personis...

236 3269 252 3284 ι
275 3256 397 3297 scripsit
420 3256 572 3297 Officium
589 3258 628 3288 de
646 3257 790 3298 Corpore
815 3257 946 3295 Christi,
972 3265 1002 3288 et
1020 3258 1079 3288 alia
1095 3259 1196 3289 multa
1213 3258 1303 3299 Opu-

236 3313 252 3328 ι
275 3301 362 3332 scula
375 3301 416 3332 de
430 3301 633 3332 naturalibus
650 3302 888 3342 quaestionibus
907 3309 938 3333 et
952 3302 1057 3343 aliqua
1070 3302 1193 3343 scripsit
1206 3313 1305 3343 super

236 3357 251 3372 ›
275 3345 424 3386 logicam.
438 3357 453 3372 ι
484 3346 560 3383 Quo
577 3346 649 3376 loco
667 3353 788 3386 septem
803 3353 1009 3377 numerantur
1023 3346 1192 3387 singularia
1213 3347 1303 3388 Opu-

235 3389 320 3419 scula
345 3399 419 3420 cum
447 3389 511 3420 suis
534 3390 654 3428 titulis,
683 3400 718 3421 ac
742 3391 837 3422 etiam
864 3390 1036 3422 universim
1061 3391 1233 3432 plusquam
1257 3393 1303 3423 νὶ-

234 3434 319 3474 ginti
341 3434 512 3474 theologici
536 3434 733 3474 argumenti,
757 3434 898 3476 itemque
921 3435 1022 3466 multa
1047 3435 1086 3466 de
1108 3435 1303 3467 naturalibus

235 3478 473 3517 quaestionibus
493 3485 523 3509 et
537 3479 647 3520 aliqua
671 3489 767 3519 super
789 3479 936 3519 logicam.
960 3480 1049 3511 Num
1071 3490 1186 3511 sanum
1208 3487 1304 3521 caput

237 3520 330 3552 fuerit
352 3522 406 3559 iis,
429 3522 484 3563 qui
500 3523 648 3554 'rhomae
670 3523 836 3564 Opuscula
858 3524 996 3565 genuina
1017 3524 1069 3556 vel
1091 3525 1155 3555 tria
1179 3531 1304 3556 tantum

235 3564 287 3595 vel
310 3565 459 3604 pauciora
482 3565 647 3598 dixerunt?

303 3609 400 3639 Parva
416 3609 492 3640 haec
509 3611 664 3650 opuscula
679 3619 825 3643 numerat
839 3612 990 3643 Nicolaus
1004 3612 1174 3644 Trivetus'
1166 3623 1200 3643 m
1214 3612 1304 3644 chro-

968 259 1426 299 DISSERTATIONES
1457 263 1704 299 CRITICAE

1364 340 1437 371 nico
1453 343 1593 382 quinque
1606 351 1707 382 supra
1724 342 1856 383 viginti:
1871 341 1951 372 inter
1966 352 2048 383 quae
2064 342 2185 372 mentio
2201 342 2314 373 diserta
2327 343 2436 383 Expo-

1363 386 1488 416 sitionis
1503 385 1535 415 in
1553 386 1725 416 secundam
1741 386 1948 424 Decretalem‚
1971 387 2186 424 Damnamus,
2211 397 2228 416 a
2243 387 2433 418 Ptolomaeo

1364 430 1609 468 praetermissae.
1644 429 1830 460 Accuratius
1861 430 1925 469 agit
1953 430 2130 460 Bernardus
2162 430 2319 461 Guidonis
2350 432 2436 471 apud

1365 472 1558 504 Casimirum
1582 473 1768 504 Oudinum:
1797 487 1811 502 α
1825 473 1964 514 Scripsit,
1989 476 2145 515 inquiens,
2171 482 2296 505 sanctus
2315 475 2438 506 Doctor

1366 527 1380 543 ι·
1403 523 1551 548 tractatus
1562 524 1592 548 et
1602 517 1726 548 libellos
1741 518 1780 547 ad
1790 517 1972 548 instantiam
1982 518 2176 549 diversarum
2186 529 2435 559 personarum...

1365 571 1381 586 »
1403 561 1459 601 qui
1476 568 1623 592 tractatus
1640 561 1796 592 recollecti
1815 562 1848 591 in
1865 562 1960 592 unius
1975 562 2148 593 voluminis
2168 573 2312 603 corpore,
2328 563 2437 604 ipsum

1365 615 1380 630 »
1403 604 1543 636 efficiunt
1557 605 1631 636 satis
1646 613 1814 645 magnum:
1833 612 1863 636 et
1878 605 2078 636 intitulantur
2099 607 2321 646 communiter,
2348 607 2435 648 Opu-

1365 659 1379 674 »
1402 649 1493 679 scula
1507 651 1612 680 sancti
1626 650 1773 680 Thomae.
1798 650 1840 680 Et
1863 656 1999 689 possunt
2015 650 2192 681 coordinari
2207 651 2241 681 in
2258 662 2324 682 uno
2343 652 2435 682 volu-

1365 703 1379 717 »
1402 692 1489 722 mine
1507 693 1548 723 ad
1563 693 1798 733 beneplacitum
1821 694 1995 724 ordinantis
2006 716 2015 732 ,
2039 694 2115 735 quia
2130 705 2214 725 unus
2233 696 2272 726 ab
2288 695 2350 726 alio
2367 706 2435 726 non

1365 747 1379 762 »
1403 736 1569 776 dependet.
1588 737 1669 767 Sunt
1683 744 1791 767 autem
1805 747 1941 768 numero
1961 739 2090 768 circiter
2107 739 2340 780 quadraginta,
2361 740 2435 780 plus

1364 791 1379 806 ²
1402 780 1558 810 minusve.
1568 792 1583 807 ι
1602 781 1713 811 Unum
1724 787 1754 811 et
1764 781 1970 822 quadraginta
1983 781 2051 822 ipse
2061 789 2209 813 recenset.
2221 783 2339 824 Aliqua
2348 791 2434 823 sunt,

1362 833 1444 863 quae
1454 824 1670 855 aPtolomaeo
1686 825 1823 856 Lucensi
1839 825 2057 865 praetermissa
2073 826 2216 857 fuerunt:
2234 837 2350 868 nempe
2363 829 2434 859 «De

1364 878 1378 893 »
1401 874 1514 898 natura
1524 868 1619 899 Verbi
1631 868 1728 898 divini
1743 875 1774 899 et
1783 868 1927 907 humani,
1939 870 2028 909 quod
2037 869 2162 910 incipit:
2177 871 2229 902 Ad
2238 872 2432 903 intellectum

1363 923 1378 938 »
1401 912 1498 943 huius
1517 913 1666 950 nominis,
1683 913 1769 953 quod
1789 913 1909 943 dicitur
1931 913 2072 944 verbum.
2103 914 2270 945 Tractatus
2288 916 2340 947 De
2355 926 2434 956 qua-

1363 967 1378 982 »
1402 961 1477 987 tuor
1499 958 1658 996 oppositis.
1684 957 1850 987 Tractatus
1872 957 1925 986 De
1947 957 2227 988 demonstratione.
2254 959 2434 999 Tractatus,

1363 1012 1378 1027 »
1402 1000 1567 1031 continens
1582 1000 1815 1041 expositionem
1829 1001 1985 1031 secundae
1995 1001 2176 1040 Decretalis,
2191 1002 2404 1034 Damnamus.
2415 1016 2430 1031 »

1361 1045 1457 1075 Hunc
1475 1045 1624 1075 Bernardi
1642 1045 1801 1076 Guidonis
1825 1045 1994 1075 elenchum
2018 1045 2164 1085 exprimit
2186 1046 2346 1086 integrum
2364 1057 2435 1078 san-

1361 1095 1429 1119 ctus
1448 1089 1641 1120 Antoninus.
1666 1089 1800 1120 Advoco
1825 1089 1957 1119 demum
1975 1090 2104 1120 Petrum
2121 1090 2307 1130 Rogerium‚
2324 1098 2436 1131 postea

1362 1132 1562 1164 Clementem
1586 1133 1628 1164 VI
1652 1133 1708 1175 qui
1732 1133 1765 1163 in
1781 1143 1841 1164 suo
1864 1134 1905 1164 de
1921 1133 2070 1164 laudibus
2089 1136 2194 1165 sancti
2215 1135 2354 1166 Thomae
2372 1146 2434 1166 ser-

1361 1185 1473 1207 mone:
1491 1178 1571 1208 Item
1587 1183 1674 1216 sunt,
1695 1177 1810 1218 inquit,
1826 1187 1935 1218 parva
1954 1177 2118 1218 Opuscula
2143 1180 2272 1210 circiter
2291 1180 2434 1220 quadra-

1359 1222 1463 1262 ginta.

1428 1266 1479 1296 111.
1513 1279 1527 1294 α
1545 1265 1714 1306 Impressio
1743 1265 1845 1306 prima
1875 1263 2017 1307 (Oudini
2044 1266 2139 1296 verba
2167 1272 2241 1297 sunt
2271 1267 2372 1307 capite
2394 1279 2435 1299 xx

1362 1321 1377 1336 ›
1401 1307 1513 1351 citato)
1545 1309 1696 1340 Omnium
1720 1312 1825 1340 sancti
1853 1310 1992 1341 Thomae
2021 1309 2269 1350 Opusculorum,
2296 1312 2355 1342 sub
2378 1322 2434 1343 na-

1362 1365 1377 1380 »
1400 1353 1514 1384 scentis
1543 1354 1772 1394 typographiae
1799 1354 1947 1393 initium,
1977 1354 2058 1384 facta
2082 1361 2128 1385 est
2151 1355 2290 1386 Venetiis
2318 1355 2351 1386 in
2376 1355 2431 1387 fol.

1363 1408 1377 1424 ι
1400 1408 1485 1428 anno
1515 1398 1597 1437 1488
1622 1409 1697 1429 cura
1727 1405 1758 1429 et
1781 1398 1887 1429 studio
1910 1399 2000 1429 Pauli
2023 1398 2221 1437 Soncinatis‚
2251 1409 2288 1430 ex
2312 1399 2434 1432 Ordine

1362 1453 1377 1468 »
1400 1441 1533 1472 fratrum
1550 1442 1808 1473 Praedicatorum
1832 1442 1971 1473 doctoris
1994 1442 2147 1483 theologi,
2172 1443 2227 1474 ubi
2246 1450 2321 1475 sunt
2347 1444 2433 1485 Opu-

1362 1498 1376 1512 »
1398 1486 1490 1516 scula
1507 1496 1642 1516 numero
1658 1497 1699 1516 Lr.
1709 1501 1724 1515 »
1747 1487 1877 1525 Vereor,
1893 1486 1958 1517 falli
1973 1486 2152 1518 Oudinum.
2169 1488 2302 1518 Iacobus
2317 1489 2433 1519 Echar-

1359 1530 1419 1559 dus
1443 1529 1590 1560 adnotat:
1618 1530 1795 1570 Opuscula,
1821 1541 1883 1561 non
1908 1531 2034 1571 quidem
2058 1533 2177 1568 omnia,
2202 1532 2259 1562 sed
2276 1542 2360 1573 quae
2376 1543 2433 1575 ge-

1360 1575 1472 1611 nuina,
1491 1583 1563 1604 cum
1579 1574 1769 1615 quibusdam
1786 1574 1901 1612 dubiis,
1922 1576 2097 1606 universim
2114 1581 2239 1606 tantum
2254 1586 2328 1607 xux
2346 1579 2435 1618 typis

1353 1618 1526 1658 prodiisse,
1551 1623 1688 1649 curante
1700 1617 1755 1659 fr.
1773 1618 1878 1648 Paulo
1899 1618 2009 1649 Barbo
2032 1619 2216 1658 Soncinate,
2241 1621 2432 1660 Mediolani,

1358 1663 1474 1703 Bergii
1489 1667 1520 1693 et
1533 1663 1692 1694 Xantonii
1705 1662 1869 1703 fratrum,
1887 1661 2056 1703 1488f01.
2075 1663 2320 1695 Mediolanensis
2336 1665 2434 1697 editio

1360 1714 1390 1737 et
1404 1717 1507 1738 annus
1527 1714 1610 1738 recte
1629 1717 1647 1738 a
1661 1706 1903 1747 diligentissimo
1919 1706 2065 1738 Echardo
2079 1707 2238 1739 recensiti:
2254 1715 2286 1740 at
2301 1709 2435 1741 nomina

1358 1751 1635 1792 typographorum
1651 1750 1836 1782 deformata.
1862 1751 1977 1791 Ioseph
1999 1751 2161 1782 Antonius
2178 1751 2300 1792 Saxius,
2319 1753 2434 1785 biblio-

1359 1796 1468 1826 thecae
1490 1795 1719 1826 Ambrosianae
1743 1795 1934 1836 praefectus,
1957 1795 1991 1826 in
2014 1796 2159 1836 catalogo
2181 1796 2353 1836 librorum,
2377 1798 2434 1839 qui

1360 1839 1532 1870 Mediolani
1549 1839 1623 1870 editi
1639 1839 1778 1878 fuerunt,
1798 1839 1880 1870 hanc
1898 1846 2055 1871 memorat
2070 1840 2244 1871 editionem
2264 1841 2297 1872 in
2318 1841 2432 1873 biblio-

1361 1884 1452 1914 theca
1474 1884 1682 1915 Sacerdotum
1700 1884 1892 1915 Oblatorum
1915 1894 1939 1915 ε.
1952 1884 2116 1924 Sepulchri
2136 1885 2341 1917 adservatam.
2365 1887 2434 1918 No·

1360 1935 1427 1959 tam
1449 1938 1532 1969 quae
1543 1928 1664 1968 legitur
1682 1928 1715 1959 in
1734 1928 1808 1967 fine,
1832 1928 1934 1959 affert:
1958 1928 2149 1969 Expliciunt
2164 1930 2433 1969 praeclarissima

1364 1972 1528 2013 opuscula
1551 1973 1618 2004 divi
1641 1973 1780 2004 Thomae
1794 1973 1976 2014 Aquinatis,
2001 1974 2146 2004 maxima
2170 1983 2242 2004 cum
2262 1974 2434 2016 diligentia

1361 2018 1521 2058 castigata
1530 2027 1594 2058 per
1601 2017 1655 2058 fr.
1662 2018 1800 2048 Paulum
1811 2017 2014 2048 Soncinatem
2030 2017 2170 2048 eiusdem
2185 2017 2328 2057 Ordinis,
2349 2020 2436 2051 uitae

1361 2061 1527 2102 regularis
1544 2061 1781 2102 professorem,
1805 2061 1986 2092 Mediolani
2001 2062 2156 2102 impressa
2173 2072 2238 2103 per
2257 2064 2435 2104 magistros

1360 2105 1546 2146 Benignum
1561 2111 1591 2136 et
1604 2105 1760 2136 Ioannem
1775 2106 1949 2136 Antonium
1966 2106 2006 2136 de
2020 2106 2164 2144 Honate,
2182 2116 2270 2138 anno
2285 2108 2434 2149 salutis&

1361 2159 1420 2180 rae
1434 2150 1623 2181 Natiuitatis
1646 2150 1903 2180 MCCCLXXX
1907 2150 1990 2180 VIII
2004 2148 2143 2192 (omissa
2167 2157 2214 2181 est
2229 2150 2324 2182 altera
2343 2151 2435 2184 litera

1364 2194 1393 2225 C
1416 2204 1472 2235 per
1504 2204 1643 2225 errorem
1675 2194 1886 2235 typographi,
1920 2205 1994 2225 cum
2025 2194 2156 2235 exprimi
2190 2195 2350 2227 debuisset
2378 2205 2434 2228 an-

1361 2249 1422 2269 nus
1445 2237 1847 2282 MCCCCLXXXVIII).
1872 2239 1959 2270 Haec
1982 2248 2058 2270 vero
2072 2239 2319 2270 Mediolanensis
2334 2240 2434 2272 editio

1361 2289 1498 2324 praestat
1512 2283 1644 2324 quidem
1663 2282 1838 2323 Opuscula,
1859 2290 1914 2314 aut
1935 2293 2007 2314 x1.1x
2029 2290 2084 2315 aut
2097 2294 2129 2314 u
2157 2282 2233 2326 (nec
2257 2284 2343 2315 enim
2361 2294 2434 2316 eam

1361 2327 1463 2359 oculis
1481 2327 1612 2358 lustrare
1632 2326 1757 2370 licuit):
1783 2335 1814 2359 at
1829 2328 2011 2359 Echardum
2027 2329 2255 2359 admonentem
2273 2329 2433 2368 audivisti,

1361 2372 1506 2412 genuinis
1529 2371 1642 2402 libellis
1669 2372 1784 2403 dubios
1807 2372 1903 2403 etiam
1926 2372 2051 2414 aliquos
2074 2373 2208 2404 insertos
2234 2372 2341 2405 fuisse.

1428 2416 1594 2457 opuscula
1609 2426 1702 2447 Lxxm
1726 2423 1854 2448 curante
1875 2417 2016 2448 Antonio
2033 2417 2205 2448 Pizamano
2226 2417 2361 2449 Patricio
2379 2427 2433 2449 ve-

1361 2467 1448 2498 neto,
1472 2460 1527 2501 qui
1544 2467 1575 2492 et
1590 2461 1689 2492 vitam
1705 2460 1810 2492 Sancti
1836 2461 1988 2501 praefixit,
2009 2461 2196 2502 prodierunt
2214 2461 2354 2493 Venetiis
2377 2460 2435 2505 (ut

1361 2505 1404 2536 ait
1427 2503 1608 2548 Echardus)
1637 2505 1803 2536 Octaviani
1827 2505 1912 2537 Scoti
1936 2506 2087 2537 mandato
2118 2513 2149 2537 et
2177 2506 2321 2546 expensis
2349 2516 2433 2547 149⁰

1361 2556 1392 2581 et
1415 2549 1531 2580 iterum
1559 2549 1640 2590 1498
1665 2549 1721 2580 fol.
1748 2550 1808 2580 His
1831 2550 1912 2581 adde
1934 2551 2090 2582 Venetam
2113 2550 2305 2589 editionem,
2334 2560 2434 2592 quam

1361 2593 1475 2632 habeo,
1495 2594 1648 2625 mandato
1664 2599 1695 2625 et
1713 2595 1862 2634 expensis
1885 2595 1973 2625 Petri
1986 2595 2219 2626 Liechtenstein
2241 2595 2435 2627 coloniensis

1359 2639 1527 2678 germani,
1552 2648 1632 2669 cura
1657 2643 1688 2669 et
1710 2639 1842 2679 ingenio
1864 2638 1974 2669 Iacobi
1995 2639 2112 2669 Pencio
2135 2639 2175 2669 de
2197 2638 2320 2676 Leuco,
2344 2649 2434 2670 anno

1367 2682 1512 2723 Virginei
1520 2687 1641 2722 partus
1655 2681 1742 2712 1508
1753 2682 1806 2713 die
1819 2682 1859 2712 15
1877 2683 2031 2714 ianuarii.
2055 2682 2157 2718 Frons
2177 2682 2351 2713 voluminis
2365 2689 2429 2714 est:

1365 2725 1529 2765 Opuscula
1543 2727 1647 2757 sancti
1661 2726 1816 2757 Yhomae:
1829 2726 1944 2766 quibus
1957 2727 2041 2757 alias
2056 2727 2219 2766 impressis
2234 2735 2338 2766 nuper
2350 2727 2432 2758 haec

1361 2770 1563 2807 addidimus,
1593 2770 1738 2801 videlicet
1760 2770 1924 2800 Summam
1949 2771 2046 2801 totius
2069 2770 2214 2811 logicae,
2244 2770 2432 2803 Tractatum

1361 2814 1601 2844 celeberrimum
1618 2814 1658 2844 de
1674 2815 1783 2844 usuris
1799 2823 1956 2855 nusquam
1973 2815 2057 2845 alias
2073 2815 2272 2855 impressum.
2297 2815 2432 2846 Antonii

1360 2858 1521 2888 Pizamani
1544 2858 1613 2888 Vita
1628 2859 1800 2898 Aquinatis
1814 2864 1951 2898 prostat:
1976 2865 2046 2890 tum
2061 2858 2203 2889 eiusdem
2218 2859 2250 2889 in
2265 2858 2332 2890 divi
2350 2859 2431 2890 7710-

1361 2912 1434 2932 mae
1450 2902 1621 2942 Aquinatis
1647 2902 1811 2943 Opuscula
1826 2902 1994 2944 Praefatio
2011 2904 2158 2944 sequitur
2171 2903 2215 2934 ad
2230 2903 2429 2935 reverendis-

1360 2947 1475 2978 simum
1493 2947 1526 2976 in
1545 2946 1672 2978 Christo
1687 2947 1816 2978 Patrem
1832 2947 1874 2978 D.
1884 2947 2059 2978 Dominum
2075 2947 2246 2978 Nicolaum
2263 2947 2429 2980 Francum

1366 2991 1569 3022 Tarvisinum
1593 2991 1785 3032 Episcopum
1809 3001 1850 3022 ac
1867 2991 2026 3032 Legatum
2045 2992 2272 3032 Apostolicum.
2296 2991 2373 3023 Tria
2393 3002 2430 3024 ac

1361 3035 1558 3075 septuaginta
1581 3042 1788 3066 numerantur
1810 3035 1991 3076 Opuscula:
2015 3046 2097 3076 quae
2116 3043 2222 3067 tamen
2241 3035 2353 3067 omnia
2369 3046 2431 3077 pro

1360 3079 1499 3110 indubiis
1513 3090 1579 3110 non
1594 3080 1705 3111 habuit
1718 3080 1765 3110 vir
1779 3080 1979 3111 clarissimus.
1998 3080 2054 3111 Ait
2073 3080 2159 3111 enirn
2173 3080 2207 3111 in
2216 3080 2349 3112 Praefat.
2365 3080 2428 3112 cit-2

1359 3124 1477 3164 Aliqua
1493 3134 1537 3155 an
1552 3125 1617 3155 sint
1637 3125 1776 3155 Tkomae
1797 3125 1985 3166 ambigitur,
2010 3126 2136 3156 tametsi
2154 3126 2224 3156 eius
2238 3125 2331 3156 titulo
2344 3134 2430 3166 gau-

1360 3168 1475 3199 deant:
1492 3170 1588 3200 certis
1611 3174 1717 3200 tamen
1742 3178 1800 3200 nos
1820 3174 1980 3200 annotare
2003 3170 2160 3206 volumus,
2186 3174 2222 3200 ut
2238 3170 2268 3200 si
2290 3169 2430 3200 nomae

1359 3214 1424 3244 sint
1440 3214 1570 3254 ingenio
1585 3213 1694 3244 divino
1711 3213 1886 3251 elaborata,
1906 3214 1947 3244 ab
1963 3213 2110 3244 omnibus
2126 3214 2254 3254 possint
2272 3213 2432 3244 inveniri:

1359 3258 1410 3288 sin
1434 3258 1560 3295 minus,
1591 3258 1651 3289 hoc
1677 3259 1772 3288 etiam
1802 3259 1958 3288 neminem
1983 3258 2093 3295 lateat,
2119 3268 2159 3289 ne
2180 3258 2308 3299 salsam
2337 3258 2429 3298 igno·

1361 3302 1469 3332 rantia
1491 3303 1681 3333 sententiam
1700 3302 1760 3333 sibi
1775 3302 1918 3333 homines
1935 3302 2166 3343 persuadeant.
2190 3300 2355 3333 Sexdecim
2368 3310 2427 3332 nu-

1360 3353 1479 3385 merat,
1509 3355 1591 3387 quae
1614 3346 1647 3377 in
1671 3346 1769 3378 dubio
1793 3353 1876 3378 sunt.
1908 3347 2019 3387 Longe
2042 3347 2134 3387 plura
2162 3353 2216 3377 aut
2239 3344 2346 3386 spuria
2372 3351 2430 3376 aut

1360 3390 1456 3421 dubia
1483 3390 1621 3421 Romani
1650 3391 1784 3422 editores
1814 3397 1988 3430 noverunt,
2017 3401 2098 3432 quae
2121 3389 2298 3421 minoribus
2321 3388 2428 3420 chara-

1360 3434 1495 3466 cteribus
1517 3445 1603 3466 anno
1627 3436 1710 3477 ¹⁵7⁰
1733 3435 1783 3466 edi
1806 3442 1972 3467 curarunt·
1996 3442 2032 3466 ut
2050 3435 2114 3466 iam
2133 3440 2237 3475 pateat
2254 3440 2324 3464 tum
2342 3433 2428 3464 bona

1359 3479 1519 3510 editorum
1546 3479 1635 3519 fides,
1658 3479 1782 3511 tametsi
1805 3480 1897 3521 plura
1919 3490 2018 3521 quam
2047 3489 2104 3520 par
2127 3485 2191 3510 erat
2213 3477 2272 3508 sub
2295 3477 2428 3508 nomine

1359 3523 1458 3555 sancti
1481 3524 1628 3555 ‘rhomae
1650 3524 1819 3575 vulgarint
1830 3524 2012 3565 Opuscula.
2037 3530 2107 3555 tum
2129 3522 2212 3553 mala
2234 3520 2312 3552 fides
2335 3521 2427 3552 inno·

1360 3574 1457 3599 tescat
1478 3566 1741 3607 adversariorum,
1765 3569 1821 3610 qui
1839 3578 2011 3600 numerum
2034 3566 2222 3599 eorumdem
2245 3565 2317 3606 plus
2341 3565 2428 3597 iusto

1360 3612 1549 3643 imminuere
1573 3612 1676 3644 conati
1700 3619 1783 3644 sunt.
