2788 4204
64 435 73 444 '
84 433 160 455 Codd.
172 445 182 450 -
198 440 237 455 rs:
252 436 277 455 et

62 461 140 481 altera
153 461 272 488 praemis-

61 493 151 508 aarum.

62 539 70 548 ·
81 539 146 560 idest
155 545 183 561 ex
193 539 272 566 codd..

60 571 110 586 exc.
123 572 146 586 κ.

62 594 80 602 ··
92 592 142 613 Lib.
152 592 180 619 11,
190 598 240 620 cap.
250 579 272 614 vi

62 704 70 711 '
80 701 113 723 Et
124 702 200 724 omitt.
217 709 245 724 cx.

59 862 69 872 ⁸
78 861 109 882 Et
117 861 270 883 omitt..⁴u0n.

316 256 388 291 170

301 336 351 359 ex
378 323 585 370 alterutris,
619 324 716 362 idest
744 324 988 370 circulariter,
1019 325 1146 360 omnia
1182 327 1367 372 quaesita,

301 376 397 413 idest
416 377 701 414 conclusionem
717 390 762 414 ex
777 377 926 414 duabus
941 377 1159 425 praemissis
1178 385 1213 414 et
1228 386 1368 414 utram-

301 429 391 466 libet
427 431 723 479 praemissarum
759 443 804 467 ex
844 430 1088 467 conclusione
1128 438 1164 466 et
1202 432 1319 468 altera
1349 432 1369 452 '¹‘

303 495 506 530 conversa,
540 484 637 520 sicut
667 489 853 520 ostensum
882 489 935 519 est
969 484 1006 519 in
1039 483 1096 518 his
1106 511 1116 528 ‚
1154 495 1252 531 quae
1283 490 1371 520 sunt

301 537 347 572 de
377 537 620 586 syllogismo,
654 536 750 573 idest
772 537 792 556 '¹‘
819 536 858 572 in
891 536 986 572 libro
1019 536 1200 572 Priorum
1235 537 1298 582 **,
1328 537 1367 573 in

302 601 379 638 quo
412 590 532 637 agitur
564 589 610 626 de
645 589 864 637 syllogismo
898 588 1127 637 simpliciter.
1164 589 1281 635 Quod
1314 590 1367 626 sic

299 649 412 690 patet.
444 643 651 678 Sumantur
669 649 743 678 tres
762 641 912 678 termini
933 642 1210 689 convertibiles,
1228 642 1367 679 scilicet

300 695 456 740 risibile,
486 695 630 731 animal
656 695 840 731 rationale
868 694 1037 740 mortale,
1066 702 1102 730 et
1123 695 1143 716 *
1169 697 1299 741 homo,
1330 704 1367 732 et

300 748 537 796 syllogizetur
564 748 634 784 sic:
669 748 787 784 Omne
814 748 960 784 animal
990 748 1174 784 rationale
1208 749 1367 785 mortale

299 807 352 837 est
377 801 532 845 risibile‚·
551 801 671 837 omnis
690 802 802 837 homo
827 807 882 837 est
897 801 1043 837 animal
1060 802 1246 839 rationale
1265 814 1365 839 mor-

298 854 387 896 tale,·
415 866 508 902 ergo
528 854 649 890 omnis
666 855 779 890 homo
808 860 862 890 est
888 854 1047 891 risibilis.
1065 875 1088 881 -
1106 855 1155 890 Et
1176 855 1196 876 '¹‘
1224 868 1269 891 ex
1293 856 1366 892 hac

299 907 540 943 conclusione
574 914 700 955 potest
737 906 874 943 iterum
913 907 1088 943 concludi
1126 915 1204 944 tam
1242 909 1367 945 maior

297 972 413 1008 quam
442 960 577 997 minor.
591 981 615 988 -
629 961 765 997 Maior
784 960 854 997 sic:
890 961 1019 997 Omnis
1037 961 1150 997 homo
1171 967 1225 998 est
1246 962 1365 998 risibi-

297 1013 363 1058 lis‚·
400 1025 511 1050 omne
546 1014 692 1050 animal
727 1014 911 1050 rationale
947 1014 1106 1050 mortale
1142 1020 1197 1051 est
1230 1016 1366 1060 homo,-

296 1077 389 1115 ergo
418 1079 529 1103 omne
555 1067 700 1103 animal
718 1067 903 1103 rationale
922 1067 1080 1103 mortale
1107 1074 1162 1104 est
1178 1068 1363 1105 risibile.-

243 1128 247 1132 “
295 1119 430 1156 Minor
445 1119 512 1156 sic:
539 1121 658 1157 Omne
671 1121 810 1157 risibile
828 1126 883 1156 est
898 1121 1044 1157 animal
1062 1122 1247 1162 rationale
1266 1134 1365 1158 mor-

55 1294 65 1304 '
80 1294 131 1315 Lib.
142 1294 170 1320 ΙΙ,
181 1299 232 1321 cap.
244 1300 265 1315 vr

55 1324 150 1378 fthldd.
163 1358 173 1362 -
184 1353 197 1367 P
206 1346 264 1374 :fig.

54 1379 69 1394 α
80 1379 169 1400 prima.

54 1444 63 1454 ⁸*
74 1450 104 1465 ou
111 1452 116 1465 :
131 1444 245 1466 concludi.

296 1172 388 1216 tale‚·
416 1173 537 1209 omnis
563 1174 676 1210 homo
704 1179 758 1210 est
784 1173 952 1219 risibilis;
981 1186 1074 1223 ergo
1104 1176 1225 1211 omnis
1252 1176 1364 1211 homo

295 1231 350 1261 est
374 1226 518 1263 animal
545 1227 730 1264 rationale
756 1227 925 1263 mortale.

349 1291 384 1326 9.
407 1279 615 1316 Ostensum
632 1288 687 1317 est
701 1289 830 1317 autem
850 1280 889 1316 in
907 1280 1003 1316 libro
1022 1281 1202 1317 Priorum
1219 1281 1239 1301 *
1260 1281 1365 1328 quod

294 1331 332 1368 in
360 1332 441 1369 aliis
477 1333 607 1380 figuris
637 1335 675 1380 ⁹⁵,
715 1333 855 1370 scilicet
881 1333 919 1369 in
955 1334 1120 1370 secunda
1157 1340 1195 1369 et
1231 1334 1363 1380 tertia,

295 1392 359 1422 aut
395 1399 469 1422 non
496 1388 549 1434 fit
586 1386 775 1423 circularis
810 1386 1083 1435 syllogismus,
1124 1386 1264 1423 scilicet
1295 1399 1366 1435 per

294 1451 409 1487 quem
439 1452 484 1476 ex
514 1440 756 1476 conclusione
784 1439 904 1488 possit
929 1439 1175 1487 syllogizari*
1204 1447 1364 1487 utraque

292 1493 607 1540 praemissarum:
629 1501 693 1530 aut
721 1493 750 1530 si
779 1493 865 1540 fiat,
895 1506 969 1530 non
1000 1493 1071 1529 erit
1106 1505 1156 1529 ex
1183 1494 1359 1541 acceptis,

291 1712 466 1744 paratim—4²¹
485 1712 585 1736 Medius
605 1712 729 1736 terminus
747 1712 837 1736 saltem
858 1712 884 1736 in
903 1719 955 1736 una
973 1712 1174 1745 praemissarum
1201 1711 1234 1736 sit
1259 1713 1362 1737 univer-

291 1747 378 1772 saliter
396 1753 530 1781 sumptus,
549 1753 577 1772 ut
595 1747 719 1772 habeatur
737 1748 896 1780 comparatio
915 1753 1089 1772 extremorum
1105 1755 1164 1772 cum
1185 1755 1237 1772 uno
1252 1748 1362 1772 termino

290 1783 315 1807 in
330 1783 420 1807 eadem
441 1782 638 1813 significatione:
658 1782 784 1807 terminus
804 1783 872 1807 enim
891 1783 1076 1816 particulariter
1090 1788 1210 1815 acceptus
1223 1788 1310 1816 potest
1324 1783 1361 1808 di-

290 1826 367 1843 versa
386 1818 529 1849 significare
549 1818 599 1851 (Cf.
621 1819 629 1843 I
649 1818 803 1847 Per-iherm„
819 1819 875 1843 lect.
889 1826 919 1848 x,
935 1827 959 1843 n.
979 1818 1022 1850 13,
1038 1824 1063 1843 et
1081 1819 1138 1843 lect.
1153 1827 1190 1849 x1‚
1213 1827 1238 1843 n.
1255 1826 1282 1850 2,
1299 1818 1334 1852 7).
1345 1833 1363 1836 —

291 1853 407 1883 Quatuor
421 1855 497 1879 etiam
512 1859 571 1878 sunt
585 1854 664 1885 leges,
680 1862 746 1886 quae
761 1859 853 1886 regunt
867 1854 1023 1886 praemissas
1042 1854 1232 1887 propositiones
1242 1854 1267 1878 in
1282 1855 1362 1887 syllo-

290 1889 393 1921 gismis:
414 1893 441 1913 1a
458 1890 558 1920 Ambae
577 1890 735 1922 praemissae
754 1897 807 1914 non
835 1890 931 1914 debent
950 1897 1009 1914 esse
1028 1889 1176 1921 negativae:
1196 1897 1272 1914 secus
1291 1890 1361 1914 nulla

291 1930 329 1949 est
349 1926 451 1958 proprie
470 1925 635 1958 comparatio,
650 1926 720 1950 nulla
739 1925 885 1950 conclusio:
905 1933 935 1949 ex
950 1933 981 1949 eo
996 1925 1065 1949 enim
1081 1925 1152 1957 quod
1166 1925 1217 1949 duo
1233 1933 1285 1949 non
1301 1933 1361 1950 con-

289 1960 396 1984 veniunt
414 1969 473 1986 cum
492 1961 579 1991 tertio,
600 1969 652 1985 non
672 1960 788 1993 sequitur
809 1961 879 1993 quod
904 1961 1057 1985 conveniant
1076 1961 1117 1985 vel
1139 1961 1209 1992 quod
1229 1968 1280 1985 non
1300 1968 1362 1985 con-

289 1996 392 2020 veniant
407 1997 471 2021 inter
490 2004 558 2021 se.-
569 2000 597 2020 2²¹
612 1996 647 2021 Ex
661 1997 760 2021 duabus
777 1995 926 2029 praemissis
941 1995 1101 2020 affirmativis
1117 2003 1169 2020 non
1189 2001 1275 2027 potest
1286 1996 1361 2028 sequi

290 2032 421 2056 conclusio
441 2032 565 2063 negativa,
585 2032 652 2057 iuxta
670 2032 770 2057 axioma
787 2031 949 2056 enunciatum
966 2031 991 2055 in
1011 2031 1137 2064 principio
1152 2031 1230 2056 huius
1250 2036 1362 2056 notae.—

292 2066 320 2090 3³
339 2067 376 2091 Ex
396 2068 495 2101 duabus
511 2067 661 2100 praemissis
675 2067 885 2100 particularibus,
905 2067 974 2091 nulla
989 2067 1106 2099 sequitur
1125 2067 1272 2091 conclusio:
1291 2072 1362 2100 patet

289 2110 320 2126 ex
345 2104 457 2127 secunda
480 2109 504 2127 et
523 2108 613 2135 quarta
632 2104 720 2134 regula
741 2103 871 2134 assignata
890 2110 938 2135 pro
958 2102 1152 2134 terminis-4²
1171 2102 1196 2127 Si
1217 2110 1267 2127 una
1286 2110 1360 2135 prae-

290 2137 428 2162 missarum
448 2143 487 2163 est
506 2138 633 2170 negativa.
653 2138 784 2163 conclusio
804 2138 880 2162 debet
899 2145 958 2162 esse
978 2138 1103 2169 negativa,
1125 2138 1192 2162 iuxta
1216 2138 1360 2162 secundum

289 2173 390 2198 axioma
408 2175 585 2204 enunciatum3
606 2180 630 2198 et
649 2174 754 2206 insuper
769 2173 790 2198 si
810 2181 859 2197 una
877 2173 1078 2205 praemissarum
1094 2179 1134 2198 est
1153 2173 1320 2205 particularis,
1336 2178 1361 2198 et

289 2209 447 2240 particularis
472 2210 548 2234 debet
567 2217 625 2234 esse
649 2210 797 2239 conclusio,
816 2209 883 2233 iuxta
903 2209 1043 2233 secundam
1063 2213 1088 2233 et
1107 2214 1223 2241 quartam
1243 2209 1359 2241 regulam

289 2244 406 2269 traditam
427 2253 474 2278 pro
493 2245 617 2269 terminis.
638 2245 736 2270 Placuit
755 2244 919 2269 Scholasticis
944 2244 1071 2276 praefatas
1091 2245 1193 2276 regulas
1213 2244 1283 2269 hisce
1301 2250 1361 2269 octo

288 2280 421 2305 versiculis
442 2280 676 2313 comprehendere:

320 2325 346 2698 l

345 2709 423 2733 Hisce
442 2707 538 2738 regulis
558 2706 741 2732 communibus
756 2705 871 2730 nituntur
889 2705 1014 2737 speciales
1035 2705 1106 2737 leges
1126 2705 1219 2737 quibus
1244 2704 1361 2736 singulae

291 2746 387 2777 figurae
406 2743 548 2776 syllogismi
569 2742 722 2767 conformari
743 2741 845 2766 debent.
859 2740 925 2765 Hinc
940 2740 966 2764 in
981 2741 1063 2773 prima
1083 2739 1164 2771 figura
1183 2740 1270 2764 maior
1289 2747 1362 2772 prae-

291 2773 370 2807 missa
390 2779 466 2804 debet
485 2786 543 2803 esse
562 2777 723 2806 universalis,
743 2782 768 2801 et
787 2776 875 2801 minor
899 2775 1125 2806 affirmativa;—in
1150 2776 1262 2800 secunda
1281 2774 1362 2804 figura

291 2824 342 2842 una
355 2814 556 2848 praemissarum
568 2813 644 2838 debet
657 2820 715 2837 esse
729 2812 853 2844 negativa,
864 2817 890 2836 et
904 2812 991 2836 maior
1006 2811 1082 2836 debet
1095 2819 1154 2835 esse
1169 2810 1334 2840 univcrsalis;
1344 2823 1363 2829 —-

291 2853 316 2878 in
336 2851 408 2877 tertia
427 2850 538 2882 denique
557 2848 638 2880 figura
657 2848 744 2873 minor
763 2848 796 2872 sit
820 2846 978 2877 affirmativa,
1000 2852 1026 2872 et
1043 2846 1176 2871 conclusio
1194 2846 1361 2880 particularis.

293 2888 365 2918 Quae
384 2887 455 2919 leges
475 2884 643 2918 sequentibus
663 2883 839 2908 continentur:

459 2360 479 2376 1.
498 2351 638 2375 Terminus
658 2356 715 2376 esto
734 2350 833 2383 triplex,
848 2350 942 2378 maior,
959 2350 1118 2382 mediusque,
1133 2350 1279 2383 minorque.

457 2395 480 2411 2.
500 2386 588 2411 Latius
607 2386 655 2411 hos
676 2394 753 2419 quam
769 2386 943 2418 praemissae,
959 2385 1091 2410 conclusio
1111 2394 1163 2410 non
1182 2387 1245 2411 vult.

424 2357 437 2486 ἓ
458 2422 480 2447 3.
500 2423 670 2454 Nequaquam
690 2422 805 2447 medium
825 2422 907 2454 capiat
924 2421 1056 2447 conclusio
1075 2427 1185 2454 oportet.

454 2466 479 2490 4.
498 2459 550 2482 Aut
569 2459 650 2482 semel
671 2463 713 2482 aut
731 2458 824 2482 iterum
845 2457 946 2483 medius
965 2457 1119 2489 generaliter
1137 2463 1203 2482 esto.

456 2563 480 2588 6.
500 2564 599 2589 Ambae
618 2564 784 2598 affirmantes
803 2568 937 2596 nequeunt
956 2571 1079 2594 generare
1095 2567 1249 2596 negantem.

457 2608 482 2632 7.
502 2600 542 2624 Nil
562 2600 680 2632 sequitur
697 2599 811 2632 geminis
830 2607 859 2623 ex
874 2598 1086 2631 particularibus
1105 2607 1230 2631 unquam.

456 2635 481 2660 8.
502 2635 620 2660 Peiorem
640 2635 758 2668 sequitur
777 2642 882 2667 semper
902 2634 1035 2659 conclusio
1049 2638 1167 2666 partem.

366 2650 387 2693 Pro
364 2448 393 2634 proposit-Pro
363 2329 385 2433 terminis

426 2534 439 2663 ἓ
458 2528 480 2553 5.
500 2529 615 2560 Utraque
634 2529 654 2552 si
670 2528 820 2560 praemissa
840 2533 925 2559 neget,
942 2527 1002 2552 nihil
1023 2527 1082 2552 inde
1102 2533 1235 2561 sequetur.

438 2941 464 2963 1a
483 2937 600 2970 fig.-Sit
619 2937 706 2962 minor
725 2935 863 2965 affirmans,
878 2936 966 2961 maior
983 2943 1046 2960 vero
1065 2935 1202 2967 generalis.

436 2976 465 2999 2‘¹
483 2973 619 3006 fig-Una
639 2979 740 3006 negans
758 2977 823 3002 esto,
839 2979 886 2996 nec
905 2971 993 2996 maior
1012 2970 1045 2995 sit
1063 2970 1192 3003 specialis.

436 3010 466 3035 3³
484 3008 601 3041 fig.-Sit
620 3008 708 3033 minor
726 3007 866 3037 affirmans,
879 3006 1012 3032 conclusIo
1032 3006 1201 3039 particularis.

346 3062 519 3096 Syllogismus
539 3069 591 3086 non
610 3061 752 3086 observans
772 3060 843 3092 leges
863 3067 925 3084 suae
949 3058 1107 3091 respectivae
1126 3057 1237 3090 figurae,
1255 3066 1286 3083 eo
1304 3058 1362 3090 ipso

293 3099 460 3125 contrariatur
479 3097 580 3130 legibus
599 3095 762 3127 generalibus
787 3094 947 3128 syllogismi,
966 3099 991 3119 et
1015 3094 1039 3118 in
1063 3094 1265 3127 paralogismum
1285 3094 1362 3125 dege-

293 3140 371 3160 nerat.
387 3135 451 3159 Nam
472 3133 493 3157 si
513 3133 538 3157 in
558 3132 640 3165 prima
660 3131 740 3163 figura
760 3139 812 3156 non
832 3131 865 3155 sit
883 3130 971 3155 minor
994 3129 1158 3159 affirmativa,
1176 3137 1243 3154 unus
1262 3137 1293 3154 ex
1311 3135 1361 3154 ter-

294 3171 369 3195 minis
389 3169 508 3194 extremis
524 3168 606 3199 magis
622 3168 672 3191 late
690 3171 760 3199 patet
775 3167 800 3191 in
815 3166 982 3191 conclusione
996 3173 1075 3197 quam
1090 3165 1114 3189 in
1129 3165 1288 3197 praemissis,
1301 3172 1362 3189 con-

294 3211 332 3230 tra
351 3205 491 3230 secundam
510 3204 641 3235 regulam;
662 3207 687 3227 et
711 3202 732 3226 si
758 3201 845 3227 maior
869 3201 902 3225 sit
921 3201 1094 3234 particularis,
1116 3200 1218 3225 medius
1236 3199 1361 3225 terminus

293 3242 319 3266 in
339 3241 408 3265 nulla
427 3239 629 3273 praemissarum
640 3237 819 3262 universaliter
829 3237 941 3261 sumitur
951 3241 1038 3261 contra
1049 3241 1166 3268 quartam
1177 3236 1304 3267 regulam.
1315 3235 1362 3260 Ex.

298 3285 318 3301 1:
336 3276 418 3301 Οηιηε
430 3275 532 3300 animal
549 3277 589 3299 est
606 3273 771 3301 sulastanticu
790 3273 878 3297 nullus
901 3272 969 3304 lapis
988 3274 1028 3297 est
1045 3272 1162 3300 animal,-
1181 3271 1269 3296 nullus
1293 3271 1362 3303 lapis

293 3315 333 3337 est
351 3311 574 3336 substantia-2:
593 3308 710 3341 Aliquod
733 3308 834 3333 animal
861 3311 900 3333 est
929 3307 1075 3335 rationale,·
1098 3307 1183 3332 omnis
1207 3306 1299 3332 asinus
1322 3309 1362 3331 est

294 3347 394 3371 animal
400 3353 407 3375 ,¹
426 3346 510 3370 omnis
525 3345 616 3370 asinus
635 3348 674 3369 est
692 3343 842 3369 rationalis.
857 3344 883 3368 In
899 3343 984 3375 primo
999 3342 1154 3375 syllogismo
1168 3341 1317 3367 substantie:
1335 3341 1362 3366 in

295 3381 459 3406 conclusione
478 3386 517 3405 est
544 3380 718 3412 praedicatum
747 3378 931 3412 propositionis
958 3378 1098 3409 negativae,
1121 3383 1146 3402 et
1174 3382 1363 3410 consequenter

294 3417 472 3441 universaliter
485 3415 603 3445 sumitur,
616 3415 649 3440 ita
662 3419 691 3439 ut
709 3414 742 3439 sit
761 3422 867 3439 sensus:
888 3414 974 3438 nullus
989 3413 1057 3445 lapis
1075 3416 1115 3438 est
1127 3413 1181 3438 ulla
1199 3412 1365 3438 substantia:

296 3458 382 3476 contra
402 3452 427 3476 in
447 3451 550 3478 maiori,
573 3451 633 3483 quia
652 3450 825 3483 praedicatum
844 3449 1030 3482 propositionis
1050 3447 1232 3478 affirmativae,
1252 3448 1363 3472 sumitur

295 3487 478 3519 particulariter
493 3485 542 3519 (Cf.
556 3486 651 3514 Per-ih„
666 3487 723 3510 lect.
736 3493 759 3515 x,
775 3494 799 3510 n.
817 3484 870 3519 23).
890 3485 917 3509 ln
930 3485 1010 3509 altero
1025 3483 1180 3516 syllogismo
1194 3483 1296 3508 medius
1311 3488 1362 3508 ter·

296 3522 381 3546 minus
399 3522 500 3546 animal
514 3521 553 3545 bis
572 3520 755 3554 particulariter
774 3520 956 3545 sumitur.——ln
976 3520 1090 3544 secunda
1113 3523 1198 3543 autem
1221 3517 1318 3550 figura.
1340 3517 1361 3543 si

297 3557 361 3581 duae
384 3557 540 3589 praemissae
564 3561 624 3580 sunt
648 3555 820 3584 affirmativae,
835 3555 937 3580 medius
961 3554 1095 3584 terminus,
1117 3554 1178 3586 quia
1196 3559 1236 3579 est
1257 3561 1362 3586 semper

296 3592 478 3625 praedicatum,
493 3599 545 3616 non
561 3591 732 3622 distribuitur;
751 3591 772 3614 si
791 3597 853 3615 vero
870 3590 957 3615 maior
976 3589 1009 3614 sit
1027 3589 1197 3622 particularis,
1217 3589 1300 3613 maius
1318 3595 1361 3613 ex-

899 246 1283 283 POSTERIORUM
1310 246 1740 284 ANALYTICORUM
1769 249 1863 285 LIB.
1894 250 1908 285 I

1424 324 1493 361 sed
1522 337 1567 361 ex
1595 325 1676 362 aliis
1702 326 2038 374 propositionibus,
2059 339 2160 376 quae
2187 340 2267 365 non
2295 338 2498 369 sumuntur

1424 377 1463 414 in
1482 378 1607 427 primo
1627 379 1860 427 syllogismo.
1882 380 1999 427 Quod
2028 381 2081 417 sic
2099 389 2212 430 patet.
2226 383 2304 419 -In
2330 385 2495 422 secunda

1424 431 1547 478 figura
1566 443 1644 468 non
1665 440 1720 469 est
1739 433 1932 469 conclusio
1953 434 2024 470 nisi
2042 435 2235 482 negativa:
2261 444 2411 484 oportet
2429 450 2494 474 au-

1423 491 1502 520 tem
1522 490 1536 504 ‘⁸
1564 485 1723 522 alteram
1745 487 2044 534 praemissarum
2070 499 2152 524 esse
2185 489 2423 536 negativam,
2458 498 2495 527 et

1423 538 1581 573 alteram
1601 539 1882 576 affirmativam.
1905 540 1996 577 Non
2022 541 2125 590 enim
2146 554 2191 578 ex
2212 542 2361 579 duabus
2381 555 2493 590 nega-

1423 589 1508 626 tivis
1534 598 1661 639 potest
1689 592 1830 640 aliquid
1865 594 2059 640 concludi,
2089 607 2161 631 nec
2189 607 2235 631 ex
2264 595 2413 633 duabus
2442 597 2493 633 af-

1422 643 1623 680 firmativis
1651 652 1777 693 potest
1796 646 1971 683 concludi
1999 647 2184 694 negativa.
2207 649 2299 685 Non
2328 657 2383 685 est
2403 661 2493 697 ergo

1421 696 1601 744 possibile
1644 698 1750 745 quod
1793 711 1838 735 ex
1882 700 2125 737 conclusione
2161 709 2196 738 et
2227 702 2248 722 ²*
2282 702 2493 750 praemissa

1421 749 1597 796 negativa
1635 751 1881 788 concludatur
1918 753 2157 790 affirmativa.
2193 754 2234 790 Si
2262 767 2352 802 ergo
2380 755 2495 792 debet

1421 802 1651 839 affirmativa
1677 804 1852 852 probari,
1883 813 2033 853 oportet
2057 806 2163 854 quod
2190 818 2259 855 per
2286 807 2377 844 alias
2405 821 2492 856 pro-

1420 855 1629 903 positiones
1656 858 1851 905 probetur,
1872 869 1970 906 quae
1998 870 2077 895 non
2105 867 2193 895 sunt
2212 868 2387 908 sumptae
2406 862 2437 898 ³².

1476 909 1655 945 Similiter
1682 909 1721 946 in
1748 911 1855 947 tertia
1875 911 1997 958 figura
2017 923 2096 948 non
2125 919 2181 948 est
2208 913 2402 949 conclusio
2423 913 2494 950 nisi

1420 962 1665 1009 particularis.
1688 963 1851 1012 Oportet
1869 971 1997 1000 autem
2018 966 2175 1002 alteram
2194 965 2510 1016 praemissarum*

2524 704 2548 751 {t
2553 703 2629 751 (elqdd.
2646 710 2720 727 amno
2728 713 2735 727 .-

2523 866 2530 873 '
2539 872 2560 887 a:
2569 866 2735 894 syllogizatum

1421 1015 1469 1051 ad
1490 1015 1616 1052 minus
1637 1028 1719 1053 esse
1747 1017 2016 1055 universalem.
2040 1018 2080 1054 Si
2104 1026 2232 1055 autem
2252 1019 2291 1055 in
2308 1019 2492 1067 praemis·
2540 1021 2566 1055 .’

1421 1068 1470 1105 sis
1499 1069 1544 1105 sit
1563 1069 1689 1117 aliqua
1707 1070 1952 1118 particularis,
1974 1083 2053 1108 non
2071 1079 2197 1120 potest
2217 1072 2392 1109 concludi
2411 1072 2492 1109 uni-

1420 1123 1588 1159 versalis.
1619 1123 1731 1160 Unde
1768 1136 1847 1160 non
1883 1132 2009 1173 potest
2045 1136 2128 1161 esse
2166 1125 2271 1174 quod
2309 1125 2347 1161 in
2374 1124 2492 1162 'tertia

1419 1176 1543 1222 figura
1571 1188 1617 1212 ex
1646 1177 1889 1214 conclusione
1918 1178 2159 1226 syllogizetur
2180 1178 2356 1215 utralibet
2382 1191 2491 1228 prae-

1421 1241 1636 1266 m1ssarum.

1473 1283 1523 1319 Et
1551 1283 1687 1320 eadem
1717 1283 1862 1320 ratione
1890 1291 2049 1332 apparet
2076 1285 2182 1333 quod
2211 1296 2282 1321 nec
2310 1284 2348 1321 in
2366 1285 2491 1333 prima

1419 1335 1542 1382 figura
1569 1336 1652 1372 talis
1672 1336 1861 1373 circularis
1886 1337 2128 1385 syllogismus
2155 1345 2281 1386 potest
2307 1337 2403 1384 fieri,
2423 1349 2493 1386 per

1420 1400 1536 1436 quem
1564 1397 1725 1437 utraque
1750 1390 2048 1439 praemissarum
2073 1391 2332 1438 concludatur,
2354 1390 2425 1427 nisi
2452 1390 2492 1428 in

1419 1441 1545 1490 primo
1573 1443 1693 1479 modo
1711 1449 1745 1489 τ,
1775 1443 1813 1480 in
1845 1455 1923 1492 quo
1952 1445 2035 1480 solo
2070 1444 2307 1481 concluditur
2339 1444 2491 1481 univer·
2519 1486 2526 1493 ,

1421 1494 1507 1531 salis
1527 1495 1768 1532 affirmativa.
1790 1497 1874 1539 Nec
1893 1497 2007 1534 etiam
2022 1498 2042 1519 *
2069 1497 2108 1544 in
2125 1498 2202 1534 hoe
2222 1497 2343 1535 modo
2366 1503 2491 1546 potest

1417 1717 1531 1737 tremum
1550 1712 1711 1738 distribuitur
1725 1713 1750 1738 in
1765 1713 1940 1744 conclusione,
1953 1719 1979 1739 et
1998 1722 2050 1739 non
2069 1714 2095 1739 in
2111 1714 2271 1748 praemissis.
2284 1715 2330 1740 Ex.
2349 1723 2374 1739 1:
2397 1714 2490 1749 Omnis

1417 1748 1495 1772 homo
1509 1751 1548 1772 est
1561 1747 1676 1777 animast
1695 1756 1772 1773 omne
1785 1749 1906 1782 sensibile
1918 1753 1957 1774 est
1969 1749 2072 1775 animal
2075 1757 2085 1779 ‚·
2098 1757 2176 1775 omne
2188 1749 2308 1775 sensibile
2321 1754 2362 1776 est
2374 1749 2462 1776 homo.
2470 1765 2490 1770 -

1419 1790 1446 1807 2:
1461 1783 1558 1816 Aliqua
1576 1784 1726 1808 substantia
1741 1788 1781 1809 est
1794 1785 1888 1813 homo‚·
1903 1785 1991 1810 nullus
2003 1785 2072 1817 lapis
2090 1789 2132 1810 est
2144 1785 2239 1814 homo,·
2257 1786 2346 1811 nullus
2363 1785 2432 1818 lapis
2450 1788 2491 1811 est

1416 1818 1603 1854 substantion—
1613 1819 1731 1852 Denique
1746 1819 1770 1844 in
1785 1820 1858 1844 tertia
1876 1818 1957 1852 figura
1976 1820 1999 1844 si
2018 1821 2106 1845 minor
2119 1821 2153 1845 sit
2167 1821 2293 1854 negativa,
2309 1829 2390 1846 unum
2406 1826 2488 1846 extre-

1417 1862 1520 1878 morum
1540 1853 1700 1879 distribuitur
1718 1854 1743 1879 in
1762 1855 1930 1880 conclusione
1949 1861 1975 1880 et
1993 1863 2044 1880 non
2063 1856 2089 1880 in
2104 1856 2255 1888 praemissis
2261 1864 2268 1888 ς
2289 1856 2311 1881 si
2325 1861 2412 1881 autem
2426 1863 2487 1882 con-

1416 1889 1498 1914 clusio
1513 1889 1546 1913 sit
1559 1889 1712 1914 universalis
1731 1890 1800 1914 idem
1814 1890 1953 1916 offenditur
1967 1890 2160 1916 inconveniens.
2174 1892 2220 1916 Ex.
2239 1899 2247 1916 1
2259 1899 2266 1916 ε
2289 1889 2382 1916 Omnis
2389 1892 2489 1924 planta

1416 1928 1456 1949 est
1471 1925 1575 1953 νίνεηε;
1594 1926 1666 1949 nulla
1680 1926 1777 1957 planta
1796 1929 1836 1950 est
1848 1925 1952 1951 animal
1958 1933 1966 1954 ,¹
1985 1926 2095 1959 aliquod
2112 1927 2214 1951 animal
2232 1934 2284 1952 non
2303 1930 2343 1952 est
2361 1926 2489 1952 vivens.—

1418 1967 1447 1984 2:
1462 1961 1572 1985 Nullum
1587 1960 1689 1985 animal
1698 1964 1736 1986 est
1749 1961 1833 1993 lapis:
1847 1968 1924 1986 omne
1935 1961 2037 1986 animal
2049 1965 2089 1987 est
2100 1962 2265 1991 substantia,-
2279 1962 2352 1987 nulla
2364 1962 2486 1988 substan-

1416 1995 1455 2020 tia
1474 1999 1513 2025 est
1531 1995 1696 2027 lapis—Sed
1709 2002 1749 2021 est
1762 2004 1824 2021 vera
1838 1997 1983 2022 conclusio:
2001 1997 2099 2030 Aliqua
2116 1997 2267 2022 substantia
2285 2005 2337 2022 non
2356 2001 2396 2023 est
2409 1997 2487 2030 lapis·

1470 2031 1540 2055 l-laec
1554 2031 1687 2064 supposita
1702 2039 1717 2056 a
1729 2031 1869 2056 s.·Th0ma
1883 2037 1911 2056 ut
1925 2032 2026 2065 cognita
2041 2040 2072 2058 ex
2086 2033 2135 2058 loc.
2145 2033 2187 2058 cit.
2197 2033 2323 2058 Hierum
2337 2032 2486 2074 analytico-

1416 2073 1475 2090 rum
1496 2066 1615 2091 duximus
1635 2066 1731 2091 novitio
1750 2066 1910 2098 declaranda,
1924 2072 1953 2092 ut
1966 2075 2032 2100 quae
2051 2073 2105 2092 tum
2125 2068 2151 2092 in
2170 2068 2300 2101 praesenti
2325 2072 2380 2093 tum
2398 2075 2426 2093 tu
2443 2075 2486 2094 se-

1416 2101 1555 2134 quentibus
1571 2101 1724 2126 lectionibus
1738 2101 1899 2127 disseruntur
1911 2101 1986 2127 facile
1998 2102 2205 2136 percipiat—Ad
2223 2101 2320 2136 figuras
2339 2107 2486 2136 sequuntur

1416 2137 1489 2162 modi
1507 2137 1661 2170 syllogismi,
1681 2137 1713 2162 de
1732 2137 1826 2170 quibus
1845 2137 1910 2162 infra
1928 2143 1983 2163 not.
1997 2145 2021 2163 τ.

1469 2171 1495 2206 o)
1519 2172 1631 2205 Oportet
1654 2176 1743 2198 autem
1768 2173 1882 2198 alteram
1906 2169 1954 2198 etc.
1973 2186 1993 2193 —-
2011 2173 2058 2198 Est
2080 2173 2155 2198 lectio
2179 2173 2298 2199 omnium
2323 2173 2398 2198 codd.
2411 2186 2432 2193 ·-·
2449 2173 2486 2199 1²:

1416 2207 1486 2232 unde
1510 2211 1616 2240 oportet
1637 2209 1751 2233 alteram
1771 2208 1983 2240 praemissarum
2004 2213 2053 2234 etc.
2072 2222 2092 2229 —-
2111 2208 2215 2234 Praeter
2238 2209 2313 2234 codd.
2334 2208 2486 2234 unanImem

1416 2251 1581 2274 consensum,
1601 2251 1622 2268 s.
1635 2243 1753 2268 Thomas
1772 2243 1837 2268 infra
1855 2243 1899 2276 (in
1914 2244 1994 2269 tertia
2005 2243 2128 2277 figura...
2148 2247 2254 2276 oportet
2266 2247 2355 2270 autem
2357 2245 2374 2276 )
2393 2243 2487 2273 indicat

1416 2278 1560 2310 lectionem,
1574 2287 1652 2311 quam
1672 2279 1968 2312 adoptavimus.—Quia
1981 2279 2008 2304 in
2026 2279 2140 2311 secunda
2158 2277 2240 2312 figura
2260 2279 2391 2304 conclusio
2410 2279 2487 2313 debet

1415 2322 1474 2339 esse
1493 2314 1622 2346 negativa,
1641 2314 1757 2347 sequitur
1776 2314 1847 2348 quod
1865 2315 1945 2340 altera
1963 2314 2164 2348 praemissarum
2183 2314 2208 2340 in
2227 2314 2275 2340 hac
2293 2313 2376 2347 figura
2394 2314 2487 2340 debeat

1416 2357 1476 2374 esse
1495 2349 1613 2381 negativa
1632 2348 1705 2383 (nam
1719 2357 1757 2375 ex
1771 2349 1874 2375 duabus
1896 2350 2068 2384 affirmativis
2087 2347 2139 2375 non
2152 2351 2245 2383 ‘potest
2262 2349 2386 2376 concludi
2403 2356 2485 2383 uega÷

1415 2383 1491 2420 tiva).
1516 2385 1567 2410 Sed
1586 2390 1696 2418 utraque
1715 2385 1858 2418 praemissa
1883 2393 1935 2410 non
1954 2391 2040 2419 potest
2058 2393 2118 2410 esse
2136 2385 2255 2418 negativa
2272 2386 2341 2418 (non
2360 2386 2430 2410 enim
2448 2392 2486 2420 ex

1416 2421 1519 2446 duabus
1533 2420 1665 2454 negativis
1674 2424 1765 2453 potest
1777 2420 1880 2453 aliquid
1893 2421 2016 2447 concludi
2017 2418 2066 2453 )'.·-
2074 2420 2149 2446 Unde
2163 2425 2232 2447 recte
2246 2428 2261 2446 a
2275 2428 2296 2446 s.
2307 2420 2411 2446 Thema
2424 2428 2486 2446 con-

1415 2456 1537 2481 cluditur:
1558 2463 1609 2481 non
1626 2459 1665 2482 est
1679 2463 1744 2489 ergo
1752 2456 1877 2488 possibile
1892 2455 2003 2490 (nempe
2017 2456 2043 2481 in
2057 2456 2172 2481 secunda
2185 2454 2276 2491 figura)
2287 2456 2360 2489 quod
2373 2463 2410 2481 ex
2423 2463 2486 2481 con-

1415 2491 1532 2517 clusione
1551 2491 1688 2524 (negativa,
1708 2499 1787 2524 quam
1806 2491 1897 2516 eadem
1918 2490 2000 2524 figura
2014 2490 2130 2526 requirit)
2149 2496 2176 2516 et
2195 2499 2223 2517 ex
2238 2491 2390 2523 praemissa
2405 2498 2487 2525 nega-

1415 2527 1470 2552 tiva
1491 2525 1526 2560 (et
1546 2526 1603 2552 ideo
1622 2535 1653 2552 ex
1672 2527 1771 2551 duabus
1791 2527 1941 2560 praemissis
1961 2525 2097 2559 negativis)
2115 2526 2292 2552 concludatur
2311 2526 2486 2562 affirmativa.

1415 2563 1502 2595 Atque
1514 2570 1561 2595 per
1575 2562 1624 2587 hoc
1639 2562 1799 2587 concluditur
1813 2563 1884 2596 quod
1899 2567 2050 2596 susceptum
2061 2567 2100 2587 est
2112 2562 2284 2596 probandum,
2295 2569 2390 2595 nempe
2404 2561 2486 2594 quod,

1414 2597 1439 2623 si
1456 2597 1623 2631 affirmativa
1641 2602 1688 2622 etc.

1469 2633 1494 2666 τ)
1514 2632 1575 2657 Nisi
1593 2632 1619 2657 in
1633 2633 1725 2665 primo
1745 2632 1836 2662 modo,
1855 2632 1905 2657 hoc
1924 2637 1965 2658 est
1982 2633 2008 2657 in
2027 2631 2182 2665 syllogismo
2199 2631 2299 2665 primae
2316 2629 2415 2664 figurae
2445 2630 2485 2656 cf.

1416 2675 1495 2700 supra
1508 2673 1561 2692 not.
1571 2666 1596 2701 ρ)
1620 2667 1691 2692 cuius
1706 2668 1772 2693 duae
1786 2667 1977 2700 propositiones
1991 2667 2152 2700 praemissae
2165 2671 2227 2692 sunt
2240 2666 2400 2692 universales
2471 2679 2483 2685 -

1417 2702 1538 2733 mativae,
1558 2707 1583 2727 et
1601 2703 1754 2728 universalis
1773 2701 1923 2728 affirmativa
1937 2708 1977 2728 est
1991 2702 2068 2728 etiarn
2090 2701 2334 2728 conclusio.-Cod.
2346 2701 2373 2726 M
2391 2701 2484 2727 imme-

1415 2738 1482 2763 diate
1500 2742 1559 2762 ante
1579 2737 1644 2770 (per
1657 2745 1732 2770 quem
1754 2738 1812 2770 etc.)
1828 2737 1906 2763 habet
1924 2746 1976 2762 non
1996 2743 2079 2763 recte:
2098 2737 2170 2770 quod
2182 2737 2327 2763 secundum
2345 2736 2486 2770 quemlibet

1417 2773 1523 2798 modum
1540 2773 1664 2798 utralibet
1672 2773 1883 2805 praemissarum
1897 2773 2003 2798 etc.-O
2015 2772 2177 2805 omittit,per
2190 2779 2266 2805 quent
2281 2775 2394 2806 utraque
2403 2778 2486 2804 prae-

1417 2809 1557 2834 missarum
1576 2809 1761 2839 concludatur,
1776 2814 1802 2834 et
1820 2807 1892 2840 legit,
1906 2811 1998 2841 potest
2008 2808 2075 2842 fieri
2096 2808 2241 2836 conclusio,
2261 2806 2312 2835 nisi
2330 2813 2378 2833 etc.
2397 2807 2486 2833 Lectio

1417 2843 1581 2869 mendosa.-
1595 2844 1646 2869 Sed
1666 2844 1698 2868 de
1717 2843 1802 2869 modis
1821 2843 1966 2877 syllogismi
1985 2843 2071 2876 aliqua
2089 2847 2150 2868 sunt
2168 2842 2319 2869 declaranda
2338 2843 2363 2868 in
2377 2842 2485 2875 gratiam

1416 2879 1585 2908 novitiorum,
1605 2884 1648 2904 aut
1666 2880 1758 2904 saltem
1777 2879 1920 2907 delibanda,
1936 2884 1965 2903 ut
1978 2886 2045 2912 quae
2059 2878 2194 2911 hucusque
2209 2886 2268 2904 cum
2280 2878 2420 2904 Aristotele
2432 2877 2485 2904 dis—

1417 2914 1496 2939 seruit
1514 2922 1535 2939 s.
1546 2914 1663 2939 Thomas
1683 2915 1715 2939 de
1734 2914 1887 2947 syllogismo
1906 2914 2020 2940 circulari
2039 2913 2141 2952 plenius
2161 2913 2342 2946 intelligantur.

1470 2950 1498 2974 ln
1516 2950 1587 2974 omni
1606 2949 1769 2982 syllogismo,
1785 2950 1850 2975 sicut
1868 2949 1919 2974 iam
1935 2949 2044 2975 diximus
2059 2957 2138 2982 supra
2153 2949 2228 2982 (lect.
2241 2957 2258 2980 ι,
2273 2954 2326 2975 not.
2341 2948 2383 2981 η),
2398 2947 2485 2981 requi·

1416 2990 1507 3010 runtur
1526 2989 1576 3010 tres
1595 2985 1710 3015 termini,
1731 2985 1783 3010 duo
1801 2985 1919 3011 extremi
1937 2989 1963 3010 et
1975 2985 2039 3010 alter
2051 2985 2166 3014 medius,
2183 2984 2227 3018 qui
2242 2990 2302 3010 sunt
2315 2984 2430 3010 materia
2444 2990 2485 3010 re-

1417 3024 1489 3046 mota
1499 3020 1659 3054 syllogismi3
1675 3021 1841 3054 requiruntur
1853 3021 1960 3053 insuper
1973 3026 2025 3046 tres
2041 3020 2239 3054 propositiones,
2249 3020 2315 3045 duae
2320 3019 2486 3052 praemittat

1416 3062 1442 3081 et
1454 3056 1527 3081 tertia
1540 3057 1671 3084 conclusa,
1683 3063 1750 3089 quae
1764 3056 1880 3081 eiusdem
1895 3055 2039 3089 syllogismi
2055 3060 2115 3080 sunt
2130 3055 2244 3081 materia
2249 3055 2389 3088 proxima.
2404 3054 2486 3080 Ροίτο

1416 3091 1555 3124 dispositio
1579 3094 1763 3117 extremorum
1782 3099 1841 3118 cum
1861 3091 1975 3117 termino
2000 3091 2087 3116 medio
2115 3090 2246 3116 constituit
2270 3089 2380 3123 figuram
2405 3089 2485 3124 syllo-

1416 3127 1506 3160 gismi,
1526 3132 1553 3152 ut
1571 3134 1650 3159 supra
1669 3127 1694 3151 in
1713 3132 1773 3152 nota
1792 3126 1866 3151 citata
1885 3126 1981 3152 dictum
2000 3131 2054 3156 est;
2073 3126 2168 3152 modus
2183 3130 2271 3151 autem
2285 3124 2432 3159 syllogismi
2445 3126 2486 3151 est

1416 3162 1594 3188 determinata
1605 3162 1701 3196 forma
1719 3165 1746 3187 et
1765 3162 1901 3195 quantitas
1915 3161 2130 3194 propositionum
2149 3161 2376 3194 praemissarum,
2401 3163 2431 3186 ut
2448 3166 2486 3187 ex

1415 3198 1453 3223 eis
1471 3201 1598 3232 sequatur
1615 3197 1759 3226 conclusio,
1780 3205 1826 3222 seu
1847 3203 1886 3223 est
1905 3197 2040 3230 dispositio
2054 3197 2256 3230 praemissarum
2271 3196 2337 3222 inter
2351 3203 2380 3222 se
2393 3203 2486 3230 secun-.-

1416 3234 1479 3258 dum
1498 3241 1588 3259 earum
1612 3233 1808 3262 extensionem,
1833 3240 1927 3266 nempe
1951 3232 2170 3258 universalitatem
2194 3231 2236 3256 vel
2260 3231 2485 3265 particularitatem

1416 3269 1467 3302 (Cf.
1483 3269 1580 3298 Per-ih„
1595 3268 1639 3294 lib.
1653 3268 1672 3300 1,
1688 3268 1745 3293 lect.
1759 3267 1803 3301 x).
1822 3273 1847 3293 et
1866 3268 2010 3293 secundum
2029 3275 2119 3293 earum
2131 3267 2262 3302 sormam,
2282 3266 2400 3292 videlicet
2418 3263 2484 3292 affir-
2520 3287 2525 3292 .

1417 3303 1556 3329 mationem
1570 3309 1596 3329 et
1610 3304 1774 3336 negationem
1791 3301 1840 3336 (Cf.
1856 3302 1898 3334 ib.,
1912 3303 1970 3328 lect.
1985 3302 2027 3328 cit.
2040 3311 2064 3328 n.
2084 3310 2122 3334 ιο,
2135 3308 2161 3328 et
2175 3302 2233 3328 lect.
2247 3309 2302 3333 vm,
2317 3310 2342 3328 n.
2354 3299 2406 3336 19).
2421 3299 2485 3332 Qui-

1416 3339 1464 3364 bus
1483 3339 1583 3372 positis,
1598 3339 1620 3364 si
1635 3346 1744 3372 quaeras
1759 3342 1823 3372 quot
1837 3338 1888 3364 sint
1901 3338 1974 3364 modi
1987 3338 2084 3371 quibus
2098 3342 2185 3372 potest
2198 3336 2252 3363 fieri
2265 3337 2444 3371 syllogismus,
2458 3334 2485 3363 in

1416 3380 1539 3408 promptu
1556 3379 1596 3399 est
1609 3373 1754 3407 responsio.
1774 3374 1802 3399 In
1817 3373 1900 3407 prima
1918 3372 2000 3406 figura
2018 3373 2158 3406 possibiles
2177 3377 2238 3398 sunt
2256 3372 2386 3398 sexdecim
2404 3369 2484 3402 modi,

1416 3418 1483 3443 quos
1501 3410 1589 3435 videre
1608 3415 1648 3435 est
1667 3410 1693 3435 in
1717 3409 1834 3442 sequenti
1854 3409 1999 3434 schemate:
2019 3409 2045 3434 in
2064 3415 2118 3442 quo
2137 3416 2183 3442 per
2201 3407 2311 3433 litteram
2323 3408 2348 3432 A
2366 3405 2483 3438 designa-

1416 3453 1475 3470 mus
1501 3445 1706 3478 propositionem
1731 3445 1904 3470 universalem
1929 3443 2121 3474 affirmativam,
2140 3451 2187 3477 per
2206 3443 2234 3468 Ε
2248 3441 2419 3468 universatem
2439 3448 2483 3466 ne-

1416 3481 1540 3513 gativam.
1560 3488 1606 3514 per
1626 3481 1643 3505 1
1658 3480 1836 3514 particularem
1862 3478 2054 3511 affirmativam,
2073 3486 2120 3512 per
2143 3478 2167 3504 Ο
2184 3477 2362 3511 particularem
2386 3475 2483 3509 negati—

1415 3524 1483 3541 vam.
1494 3516 1591 3541 -Nota
1609 3516 1680 3549 quod
1700 3515 1725 3540 in
1741 3515 1910 3549 dispositione
1930 3515 2085 3544 litterarum,
2104 3513 2187 3547 prima
2205 3513 2231 3538 in
2249 3512 2340 3538 ordine
2358 3510 2484 3544 significat

1416 3551 1544 3577 maiorem
1559 3551 1777 3584 propositionem3
1797 3551 1876 3576 altera
1890 3549 2096 3583 propositionem
2109 3548 2252 3577 minorem:
2270 3546 2343 3572 tertia
2361 3546 2483 3580 denique,

1416 3594 1496 3620 quam
1515 3585 1663 3619 parenthesi
1681 3586 1835 3617 claudimus,
1848 3584 2050 3610 conclusionem.
