2788 4204
81 419 154 440 Num.
168 423 189 446 3.

56 636 67 645 ⁶
78 635 163 661 Codd„
180 640 229 655 exc.
240 640 272 655 ou

58 668 82 683 κ.
91 673 102 678 -
113 668 138 683 P:
154 661 271 683 continue.

58 741 70 753 ⁸
81 741 119 763 Cf.
133 740 174 762 lib.
184 740 203 767 1,
218 741 272 761 lect.

58 773 130 794 xxxu,
139 773 182 788 nn.
189 773 212 793 φ,
222 772 242 794 5,
251 769 273 788 et

58 801 108 820 not.
123 803 149 827 η.

59 1053 183 1103 Cocmpmln
188 1058 218 1101 'n
228 1052 274 1100 ’ῗἹι-

59 1107 114 1129 lect.
129 1113 153 1128 v.

1159 275 1272 312 CAP.
1302 276 1374 323 XI,
1405 276 1557 314 LECT.
1587 277 1640 313 XI

302 358 385 394 es'se
413 355 625 393 secundum
654 353 838 403 temporis
859 352 1163 399 continuitatem;
1193 354 1376 401 secundo,

300 409 464 447 ostendit
477 408 730 458 propositum;
746 406 809 444 ibi:
826 407 886 443 De
899 408 971 443 hoc
985 407 1134 454 quidem
1150 407 1296 456 igitur*
1307 415 1376 444 ete.

356 474 391 500 2.
427 462 527 500 Dicit
561 473 652 509 ergo
685 461 811 510 primo
859 459 964 507 quod
1000 460 1049 497 ad
1094 460 1379 498 ostendendum

298 516 540 565 propositum
561 522 714 564 oportet
732 512 920 562 speculari
940 513 1032 561 quid
1054 521 1110 550 est
1129 514 1377 562 coniungens,

299 571 362 607 vel
392 569 618 606 continuans
635 569 790 616 factum
818 578 896 604 esse
924 566 959 603 ei
988 566 1094 614 quod
1123 574 1179 603 est
1195 568 1308 615 fieri,
1338 575 1382 604 ut

299 630 388 672 post
406 635 528 659 unum
549 621 730 658 continuo
745 621 765 641 ’²
784 626 965 668 sequatur
984 620 1097 657 aliud.
1119 621 1169 657 Et
1188 620 1286 657 circa
1305 621 1381 658 hoc

303 676 392 714 dicit
418 676 562 724 primo,
592 674 835 711 manifestum
867 685 948 711 esse
977 674 1082 722 quod
1110 674 1193 710 fieri
1222 687 1310 711 curn
1333 686 1380 711 eo

301 728 406 778 quod
428 736 484 765 est
502 729 643 765 factum
665 739 760 774 esse,
776 739 851 763 non
872 732 927 763 est
942 728 1110 764 habitum
1127 728 1160 773 *,
1177 727 1272 765 idest
1291 740 1381 764 con-

302 789 505 830 sequenter
519 794 559 818 se
580 782 738 818 habens.
755 780 944 817 Dicuntur
958 788 1086 817 autem
1104 789 1383 828 consequenter

303 848 342 873 se
371 835 563 881 habentia,
594 847 761 883 quorum
790 833 882 871 nihil
915 842 972 871 est
999 834 1174 872 medium
1208 835 1382 872 eiusdem

302 889 461 938 generis,
492 889 587 926 sicut
616 889 693 925 duo
722 887 858 924 milites
886 888 926 925 in
945 887 1044 935 acie,
1070 889 1133 925 vel
1153 887 1231 926 duo
1259 887 1384 925 clerici

302 943 342 980 in
361 942 492 979 choro.
512 942 700 979 Habitum
727 949 856 978 autern
885 954 1000 990 supra
1019 942 1058 979 id
1087 941 1191 990 quod
1221 950 1277 978 est
1296 953 1384 978 con-

301 1001 499 1056 sequenter
516 995 622 1032 addit
641 1002 872 1042 contactum,
894 995 989 1032 sicut
1017 995 1152 1032 dicitur
1169 994 1209 1031 in
1227 995 1262 1031 V
1280 996 1383 1044 Phy-

302 1049 413 1085 sicor.
436 1050 467 1085 ²¹⁸.
491 1049 553 1086 Sic
574 1060 664 1096 ergo
685 1048 774 1085 dicit
805 1048 913 1095 quod
929 1049 1027 1096 fieri
1052 1060 1132 1084 non
1150 1055 1276 1096 potest
1301 1060 1383 1085 esse

304 1109 583 1150 consequenter
611 1113 651 1138 se
679 1102 826 1138 habens
855 1109 892 1138 et
929 1101 1151 1149 contiguum
1185 1113 1274 1138 cum
1308 1101 1385 1138 hoc

303 1155 408 1203 quod
438 1162 494 1191 est
510 1156 664 1203 factum
683 1165 774 1191 esse.
795 1155 845 1194 Et
871 1156 948 1192 hoc
965 1155 1119 1203 probat,
1149 1154 1240 1201 quia
1258 1166 1385 1202 neque

303 1207 418 1244 etiam
447 1208 589 1244 facturn
619 1220 702 1244 esse
726 1216 782 1245 est
810 1209 1050 1256 contiguum,
1064 1207 1204 1244 seilicet
1230 1214 1272 1243 ut
1296 1219 1386 1244 con-

304 1269 508 1309 sequenter
527 1259 544 1290 β
569 1273 611 1298 se
638 1261 786 1299 habens
815 1274 904 1299 cum
933 1261 1007 1298 alio
1035 1261 1178 1297 facturn
1208 1271 1308 1306 esse;
1338 1273 1385 1297 eo

298 1314 409 1364 ,quod
430 1314 508 1352 duo
529 1315 626 1351 facta
646 1326 728 1351 esse
747 1316 823 1352 hoc
847 1314 966 1352 modo
987 1326 1027 1351 se
1047 1313 1190 1350 habent
1207 1321 1249 1350 ut
1270 1326 1386 1362 quae-

304 1367 556 1406 damffultima
587 1376 623 1404 et
641 1367 883 1406 indivisibilia
910 1368 948 1405 in
977 1376 1164 1416 tempore,
1190 1366 1287 1404 sicut
1306 1367 1384 1404 duo

303 1429 446 1471 puncta
463 1422 503 1459 in
530 1421 641 1458 linea.
663 1422 775 1459 Unde
804 1422 899 1459 sicut
927 1422 1006 1460 duo
1035 1428 1176 1471 puncta
1199 1433 1280 1458 non
1299 1428 1387 1458 sunt

260 1473 266 1476 ’
305 1483 585 1524 consequenter
618 1487 658 1511 se
686 1476 868 1513 habentia
896 1476 944 1513 ad
973 1475 1159 1521 invicem,
1189 1474 1240 1511 ita
1270 1475 1385 1512 etiam

58 1593 70 1605 ⁸
83 1573 248 1615 Stutom.n.

61 1649 112 1672 ‘tn
126 1655 176 1671 om.
189 1655 220 1671 n.

62 1702 158 1752 comm.
152 1708 224 1751 m'nn
230 1708 277 1751 ‘ih-

61 1756 114 1778 lod'
119 1761 144 1778 v

61 1781 162 1804 ‘fliam
178 1788 227 1804 om.
237 1785 278 1804 ret

60 1815 226 1859 εᾶιιιιέςνοηι.
233 1808 278 1830 hoc

61 1915 74 1928 ⁸
87 1914 121 1938 Et
132 1921 183 1937 om.
198 1921 253 1937 am.

61 1969 73 1982 ⁸
86 1969 120 1992 Et
131 1975 181 1992 om.
190 1974 222 1991 η.

62 2023 72 2033 ·
85 2022 119 2044 Se
137 2021 208 2044 habet
227 2028 277 2044 om.

63 2049 236 2077 codd.‚uc.=.

61 2129 72 2139 ⁶
87 2134 117 2151 n:
132 2127 250 2150 emmer.

303 1539 431 1577 neque
464 1528 542 1565 duo
579 1528 678 1565 facta
706 1540 812 1574 esse;
850 1529 940 1578 quia
974 1537 1053 1566 tam
1088 1535 1229 1578 puncta
1267 1540 1385 1576 quam

304 1582 403 1619 facta
431 1593 514 1619 esse
539 1589 627 1619 sunt
645 1582 742 1619 sicut
761 1584 781 1604 *
801 1582 1054 1629 indivisibilia,
1076 1590 1113 1619 et
1139 1581 1226 1619 talia
1245 1594 1327 1619 non
1345 1593 1385 1618 se

303 1636 448 1673 habent
468 1643 747 1684 consequenter
764 1636 803 1673 in
824 1636 1024 1682 continuis,
1044 1643 1086 1673 ut
1104 1635 1290 1684 probatur
1307 1635 1347 1672 in
1366 1637 1385 1655 ¹*

303 1689 356 1726 VI
384 1689 582 1738 Pnysicor.
605 1690 636 1726 *.
668 1690 717 1726 Et
737 1690 828 1738 quia
855 1690 934 1727 duo
963 1690 1062 1726 facta
1090 1702 1174 1726 esse
1200 1701 1280 1726 non
1299 1697 1387 1726 sunt

306 1751 586 1791 consequenter
600 1755 640 1780 se
660 1743 851 1789 habentia,
867 1751 1023 1792 propter
1043 1743 1118 1780 hoc
1137 1743 1252 1780 etiarn
1270 1743 1290 1764 ‘²
1305 1754 1387 1779 ma-

304 1796 484 1833 nifestum
513 1805 571 1834 est
597 1796 702 1845 quod
731 1796 815 1833 fieri
838 1804 875 1833 et
902 1797 1045 1833 facturn
1074 1809 1158 1833 esse
1188 1807 1268 1833 non
1297 1808 1387 1832 con-

305 1857 509 1898 sequenter
523 1861 564 1887 se
579 1850 732 1887 habent.
755 1850 854 1887 Fieri
874 1850 977 1887 enim
998 1857 1054 1886 est
1073 1849 1271 1897 divisibile,
1293 1849 1388 1886 sicut

306 1910 342 1940 et
361 1903 381 1923 *
401 1902 570 1949 moveri;
591 1902 658 1940 sed
678 1903 820 1940 factum
841 1915 924 1940 esse
944 1911 1000 1940 est
1023 1903 1263 1949 indivisibile,
1293 1902 1389 1940 sicut

306 1964 343 1994 et
360 1958 381 1978 ⁵
401 1964 577 2005 punctus.
600 1956 707 1993 Sicut
733 1956 844 2004 igitur
872 1969 912 1994 se
940 1957 1057 1994 habet
1084 1957 1182 1994 linea
1211 1957 1261 1994 ad
1290 1968 1387 2005 pun-

306 2017 423 2056 ctum,
439 2010 493 2047 sic
507 2021 548 2046 se
567 2010 683 2047 habet
697 2010 718 2031 ⁴²
733 2009 816 2047 fieri
831 2010 881 2047 ad
901 2011 1043 2047 factum
1060 2023 1154 2047 esse.
1173 2011 1270 2047 Sunt
1285 2010 1388 2047 enirn

305 2062 451 2100 infinita
471 2063 569 2100 facta
588 2075 672 2100 esse
691 2063 730 2101 in
754 2076 801 2109 eo
823 2064 929 2112 quod
940 2071 1003 2102 ,est
1020 2064 1114 2110 fieri,
1137 2064 1234 2101 sicut
1254 2071 1290 2100 et
1304 2063 1388 2101 infi-

306 2116 384 2154 nita
402 2124 544 2166 puncta
559 2125 647 2154 sunt
666 2117 919 2166 potentialiter
937 2117 1008 2154 *in
1025 2117 1134 2154 linea.
1152 2118 1202 2154 Et
1220 2118 1317 2154 haec
1332 2125 1389 2154 est

307 2249 370 2274 dum
389 2252 430 2273 est
448 2255 529 2280 quare
548 2247 574 2272 in
593 2247 674 2272 rebus
693 2247 806 2272 cernitur
824 2247 895 2280 quod
915 2247 972 2273 sine
996 2247 1190 2273 intermissione
1209 2253 1270 2281 post
1287 2248 1384 2273 facturn

306 2284 384 2309 unius
410 2283 529 2316 sequitur
547 2282 602 2308 fieri
626 2283 739 2308 alterius.
763 2283 798 2308 Et
821 2283 946 2308 Boethius
972 2283 1079 2316 quidem
1104 2284 1161 2309 vult
1185 2284 1252 2309 hanc
1277 2284 1385 2316 inquisi-

308 2320 406 2345 tionem
426 2324 522 2344 tactam
541 2326 600 2344 esse
619 2318 651 2343 ab
670 2319 826 2350 Aristotele,
846 2319 894 2344 sed
912 2319 999 2344 statim
1019 2319 1168 2344 derelictam
1194 2325 1317 2352 tanquam
1338 2319 1386 2343 im-

306 2355 479 2388 pertinentem
486 2362 494 2385 ;
514 2355 644 2379 Averroes
663 2359 750 2379 autem
771 2354 917 2387 aliqualiter
935 2362 1093 2388 responsum
1113 2362 1172 2380 esse
1194 2355 1323 2380 sustinere
1347 2354 1385 2379 vi-

308 2391 390 2416 demr.

363 2436 375 2449 »
392 2426 419 2451 S.
432 2425 551 2450 Thomas
570 2430 658 2450 autem
677 2429 703 2450 et
722 2424 844 2450 Albertus
864 2425 974 2458 Magnus
994 2430 1020 2450 et
1038 2426 1150 2459 ipsemet
1169 2425 1304 2456 Boethius,
1317 2425 1385 2451 iuxta

307 2461 419 2495 primam
434 2461 631 2494 expositionem,
643 2461 735 2485 volunt
753 2460 921 2485 Aristotelem
934 2461 967 2485 ita
980 2461 1084 2492 texisse,
1102 2466 1130 2486 ut
1149 2467 1209 2494 post
1227 2462 1384 2486 declaratum

307 2497 417 2522 modum
435 2496 561 2529 arguendi
579 2496 606 2521 in
624 2495 774 2521 huiusmodi
794 2503 863 2528 quae
879 2504 931 2521 non
947 2496 1025 2521 simul
1045 2502 1119 2527 sunt,
1134 2497 1206 2529 quod
1220 2497 1318 2522 scilicet
1332 2505 1385 2522 non

308 2533 368 2558 licet
385 2540 401 2557 a
418 2532 498 2565 priori
518 2539 641 2565 arguere,
662 2537 788 2564 tanquam
807 2532 839 2556 ad
858 2532 884 2556 id
903 2532 975 2564 quod
990 2532 1121 2565 reliquum
1140 2537 1208 2563 erat,
1227 2533 1386 2557 transtulerit

307 2575 338 2593 se
356 2568 388 2592 ad
403 2567 647 2599 contemplandum,
662 2567 760 2592 scilicet
774 2567 969 2592 continuitatem
989 2567 1112 2592 istorum:
1128 2568 1252 2600 quoniam
1266 2568 1385 2600 quaestio

307 2603 340 2628 de
354 2602 520 2628 continuitate
538 2610 629 2627 eorum
649 2607 705 2627 erat
723 2608 800 2627 mota.
816 2603 892 2628 Unde
915 2608 941 2627 et
960 2610 1018 2627 cum
1039 2608 1099 2628 nota
1120 2603 1241 2629 illationis
1262 2603 1384 2634 subdidit,

307 2638 498 2671 speculandum
514 2638 599 2671 igitur
618 2638 678 2670 (Ita
693 2638 780 2663 versio
798 2642 907 2669 nostra;
920 2642 1013 2663 textus
1024 2646 1146 2672 graecus,
1157 2637 1322 2664 ἐπισκεπτέον
1337 2636 1384 2671 δὲ).

306 2675 340 2699 Et
359 2674 396 2699 sic
415 2673 536 2715 proponit
549 2674 738 2706 speculandum
759 2674 821 2706 quid
836 2674 870 2698 sit
888 2674 1043 2699 continuans
1062 2675 1119 2704 ista,
1134 2679 1178 2699 aut
1193 2682 1245 2699 non
1265 2682 1325 2699 esse
1339 2675 1384 2699 ali-

308 2710 380 2742 quod
399 2709 571 2739 continuans,
591 2714 617 2734 et
635 2709 684 2734 hoc
705 2709 867 2734 determinat.
886 2710 934 2734 Vel
954 2710 1065 2742 primam
1084 2715 1185 2743 partem
1204 2715 1304 2735 tantum
1323 2718 1384 2743 pro-

307 2745 382 2778 ponit
399 2749 426 2769 et
444 2728 598 2770 determinat
612 2745 776 2775 destructive,
790 2745 916 2777 quoniam
931 2745 958 2777 ly
972 2748 1021 2770 aut
1035 2746 1104 2778 apud
1113 2753 1220 2778 graecos
1234 2744 1384 2771 affirmantis

308 2785 348 2806 est
367 2780 477 2813 (textus.
496 2777 536 2813 ἦ),
556 2785 585 2805 ut
607 2787 638 2804 ex
661 2780 870 2812 problematibus
889 2780 1035 2806 Aristotelis
1060 2786 1138 2814 patet.
1165 2781 1385 2813 Qualitercunque

308 2821 395 2841 autem
417 2815 613 2841 introducantur
635 2816 764 2848 praedicta
783 2816 877 2847 verba,
897 2816 1065 2841 manifestum
1091 2822 1130 2842 est
1155 2817 1256 2841 tertiam
1279 2818 1385 2842 conclu-

307 2852 409 2877 sionem
428 2851 619 2885 (manifestum
637 2858 694 2876 esse
712 2851 783 2884 quod
794 2852 862 2884 fieri
878 2855 936 2882 etc.,
952 2860 978 2876 n.
993 2858 1011 2877 2
1012 2854 1028 2884 )
1043 2852 1194 2885 oppositam
1212 2860 1272 2877 esse
1287 2857 1312 2877 et
1324 2860 1383 2885 pro-

307 2886 395 2912 batam
414 2892 521 2919 propter
539 2887 723 2919 quaestionem
746 2892 860 2918 motam,
884 2887 1023 2920 quoniam,
1039 2893 1069 2912 ut
1087 2888 1200 2919 dicetur,
1220 2896 1297 2912 causa
1317 2896 1385 2920 quae

308 2930 362 2948 non
386 2922 464 2947 simul
484 2927 525 2947 est
543 2930 603 2947 cum
622 2922 716 2947 effectu
736 2927 762 2947 et
785 2922 893 2948 effectus
912 2930 942 2947 se
961 2922 1057 2948 habent
1075 2923 1142 2948 sicut
1164 2923 1260 2948 factum
1280 2931 1341 2949 esse
1360 2929 1385 2948 et

308 2957 404 2983 §actum
423 2965 484 2982 esse
501 2958 543 2982 vel
562 2956 617 2982 fieri
633 2966 647 2981 ι
669 2958 708 2990 (ln
726 2958 747 2982 11
767 2958 884 2987 Foster„
904 2966 960 2991 cap.
975 2966 1008 2990 xx,
1027 2958 1043 2991 ξ
1061 2959 1141 2984 Circa
1160 2959 1241 2984 verba
1260 2959 1307 2984 illa
1326 2964 1383 2990 etc.,

308 2993 353 3020 fol.
367 2991 412 3023 86,
426 2993 486 3018 coll.
502 2992 516 3018 3
537 2998 563 3017 et
579 2991 619 3026 4).

363 3027 389 3060 β)
410 3028 517 3053 Scilicet
531 3031 561 3053 ut
576 3030 766 3060 consequenter
785 3029 891 3053 etc—1.
911 3028 981 3060 (om.
994 3029 1109 3062 scilicet)
1129 3030 1172 3055 vel
1185 3033 1384 3062 consequenter.

308 3063 390 3089 Maior
404 3071 464 3095 pars
479 3063 554 3088 codd.
569 3063 659 3087 habet:
673 3063 774 3089 scilicet
787 3064 828 3088 vel
841 3067 1039 3096 consequenter.
1054 3064 1180 3094 Quamvis
1196 3065 1295 3097 placeat
1310 3066 1385 3090 lectio

309 3099 346 3130 L,
366 3106 553 3125 conservamus
572 3099 709 3123 lectionem
728 3099 764 3123 P:
783 3099 882 3124 scilicet
901 3102 938 3129 ut,
958 3107 1026 3132 quae
1043 3105 1084 3124 est
1101 3100 1179 3125 etiam
1194 3101 1252 3125 cod.
1270 3101 1384 3126 D.-F1:

309 3141 337 3159 se
356 3134 454 3159 habens
477 3141 538 3159 cum
550 3135 630 3167 facto
649 3141 718 3163 esse;
737 3134 763 3158 in
783 3134 792 3158 l
811 3139 899 3159 tamen
918 3135 972 3160 alio
991 3135 1050 3160 add.
1068 3143 1090 3160 s.
1110 3144 1147 3160 m.

363 3169 390 3202 γ)
406 3169 481 3194 Heri
493 3169 646 3194 immediate
665 3169 830 3194 terminatur
843 3170 881 3194 ad
886 3171 996 3203 sactum
1010 3178 1074 3200 esse,
1088 3171 1159 3196 sicut
1173 3171 1244 3195 linea
1261 3171 1300 3195 ad
1312 3179 1385 3203 pun-

309 3207 390 3230 ctum.
400 3218 419 3224 -
428 3205 499 3229 Haec
514 3205 673 3237 comparatio
687 3205 754 3229 inter
761 3205 829 3237 fieri
843 3210 868 3230 et
874 3207 983 3238 factum
998 3213 1054 3231 esse
1068 3211 1094 3231 et
1107 3207 1204 3231 lineam
1218 3211 1243 3230 et
1253 3210 1383 3237 punctum

310 3240 428 3273 apposite
438 3240 582 3270 adducitur,
593 3245 622 3265 ut
636 3240 763 3273 probetur
777 3241 916 3274 duofacta
929 3248 986 3266 esse
1000 3249 1052 3266 non
1072 3249 1132 3266 esse
1140 3242 1307 3266 immediatae
1323 3249 1384 3266 con-

310 3275 471 3308 sequentiae,
490 3276 525 3300 ita
543 3276 640 3300 scilicet
658 3281 687 3301 ut
705 3283 758 3300 uno
778 3276 865 3308 posito
883 3276 953 3301 aliud
967 3285 982 3302 a
1000 3277 1079 3309 priori
1097 3284 1196 3309 ponere
1215 3277 1248 3302 sit
1267 3284 1384 3308 necesse,

310 3311 370 3343 quia
390 3311 486 3335 mediat
504 3311 570 3335 inter
588 3318 619 3335 ea
630 3311 705 3343 fieri.
723 3311 762 3335 Ex
781 3319 835 3343 quo
853 3311 963 3336 infertur
981 3313 1054 3344 quod
1073 3312 1095 3336 si
1114 3312 1140 3336 in
1163 3312 1385 3336 demonstratione

310 3346 447 3378 accipiatur
466 3346 580 3378 primum
597 3346 694 3371 factum
716 3353 776 3371 esse
788 3351 817 3371 ut
836 3347 960 3378 medium,
980 3355 1033 3372 non
1052 3352 1147 3380 potest,
1162 3348 1228 3372 sicut
1246 3347 1384 3379 probatum

310 3387 351 3407 est
365 3382 391 3406 in
405 3381 533 3414 superiori
553 3381 666 3406 lectione
685 3380 722 3415 (n.
737 3389 762 3414 7,
776 3380 873 3414 seqq.(,
892 3389 940 3415 per
958 3383 1045 3415 ipsum
1062 3382 1166 3415 probari
1180 3383 1325 3407 secundum
1336 3384 1385 3416 fa—

309 3421 381 3443 ctum
396 3424 452 3442 esse
458 3424 467 3446 ,·
486 3424 572 3449 neque
586 3417 675 3450 ipsum
682 3417 750 3450 fieri
767 3417 870 3449 probari
885 3422 973 3450 potest
989 3418 1015 3442 in
1029 3418 1114 3442 causis
1129 3418 1161 3442 de
1175 3418 1270 3450 quibus
1284 3417 1386 3450 agimus

311 3451 348 3487 (in
367 3453 463 3485 quibus
483 3460 579 3484 nempe
597 3460 675 3477 causa
694 3460 747 3477 non
766 3458 807 3477 est
826 3453 903 3477 simul
923 3461 982 3477 cum
1002 3452 1135 3487 causato);
1151 3453 1211 3485 quia
1222 3453 1296 3486 fieri,
1314 3454 1386 3485 quod

309 3489 361 3513 tale
380 3493 420 3513 est
438 3493 558 3520 respectu
577 3488 683 3513 secundi
696 3488 769 3521 sacti
786 3495 849 3518 esse,
865 3493 905 3512 eat
923 3488 1056 3520 quoddam
1069 3488 1184 3522 sactum,
1205 3493 1282 3520 prout
1301 3489 1386 3513 consi-

310 3524 415 3549 deratur
433 3523 505 3556 prius
517 3525 626 3556 factum
645 3531 708 3553 esse,
724 3531 755 3548 ex
769 3531 822 3556 quo
841 3529 881 3551 est
900 3524 995 3555 ipsum,
1002 3524 1189 3557 fieri.—Ratio
1208 3529 1295 3549 autem
1315 3532 1387 3548 com-

309 3559 448 3592 parationis
468 3559 559 3583 exinde
573 3564 621 3589 est,
636 3559 707 3591 quod
726 3559 796 3584 linea
811 3559 954 3592 concipitur
972 3564 1001 3583 ut
1019 3559 1103 3584 fluxus
1118 3559 1214 3591 puncti
1228 3565 1254 3584 et
1270 3559 1302 3584 ad
1321 3567 1386 3591 pun-

310 3600 381 3620 ctum
400 3595 563 3620 terminans.-
578 3600 770 3627 consequenter
788 3594 814 3619 in
834 3602 863 3619 ea
882 3594 930 3619 tria
946 3594 1137 3627 distinguimus,
1151 3596 1182 3624 A,
1198 3595 1227 3625 Β,
1243 3594 1276 3625 C;
1291 3602 1387 3627 nempe

309 3631 333 3655 A
353 3636 486 3663 punctum,
503 3630 574 3663 quod
589 3636 629 3655 est
647 3629 803 3663 principium
821 3630 907 3654 fluxus
927 3631 1010 3655 lineae
1034 3628 1149 3663 (quoties
1174 3630 1242 3655 linea
1260 3630 1387 3663 produca-

454 3684 523 3716 Opp.
544 3683 574 3707 D.
590 3683 705 3707 ΤΗοΜΑΕ
725 3683 756 3708 Τ.
777 3684 794 3707 Ι.

2438 280 2512 327 369

1436 368 1550 393 causa
1570 367 1687 404 quare
1708 355 1747 393 in
1760 355 1860 392 linea
1880 367 1959 392 non
1980 363 2141 405 possunt
2161 356 2311 406 accipi*
2322 357 2398 395 duo
2418 371 2514 407 pun·
2541 369 2551 379 ·

1436 417 1494 446 cta
1515 417 1794 457 consequenter
1817 420 1857 446 se
1884 409 2082 456 habentia,
2103 409 2193 458 quia
2218 410 2358 447 scilicet
2382 412 2402 432 *
2420 413 2515 449 inter

1435 463 1625 511 quaelibet
1654 462 1731 499 duo
1751 469 1894 511 puncta
1918 470 1976 499 est
1995 463 2167 512 accipere
2186 463 2288 500 aliud
2308 473 2511 512 punctum:

1436 523 1472 552 et
1487 515 1656 552 similiter
1669 515 1766 552 inter
1785 515 1976 565 quaelibet
1991 516 2011 537 ²³⁴
2032 516 2110 553 duo
2135 517 2233 553 facta
2250 529 2332 553 esse
2348 525 2403 554 est
2418 519 2513 555 acci-

1435 581 1527 618 pere
1555 569 1669 606 aliud.
1700 569 1811 606 Unde
1841 569 1918 606 duo
1949 569 2046 606 facta
2075 582 2158 607 esse
2193 582 2271 606 non
2300 583 2341 606 se
2373 571 2515 609 habent

1437 629 1726 670 consequenter.
1757 623 1807 659 Et
1838 621 1928 670 quia
1961 623 2103 660 factum
2133 635 2215 660 esse
2245 630 2301 660 est
2332 624 2516 662 terminus

1438 675 1519 713 eius
1547 675 1653 724 quod
1683 683 1739 712 est
1766 675 1867 723 fieri,
1898 676 2068 724 sequitur
2101 685 2382 725 consequenter
2409 678 2514 726 quod

1437 741 1508 766 nec
1537 728 1620 765 fieri
1656 741 1696 766 se
1729 729 1869 766 habeat
1898 737 2176 778 consequenter
2210 742 2299 767 cum
2333 742 2379 767 eo
2409 731 2515 779 quod

1439 789 1494 819 est
1522 782 1664 819 factum
1695 794 1794 819 esse:
1824 781 1913 830 quia
1931 790 2022 819 tunc
2050 783 2127 820 duo
2154 783 2251 820 facta
2280 796 2362 820 esse
2391 796 2432 821 se
2451 785 2516 821 ha·

1438 836 1571 872 berent
1599 843 1878 884 consequenter
1905 835 1954 872 ad
1974 835 2151 873 invicem.
2174 837 2251 874 Sed
2271 837 2354 873 fieri
2379 837 2515 874 imme-

1439 889 1537 926 diate
1565 889 1790 926 terminatur
1824 888 1874 925 ad
1902 888 2043 925 factum
2073 901 2173 936 esse,
2208 889 2303 926 sicut
2334 890 2433 928 linea
2466 890 2515 928 ad

1437 949 1624 991 punctum
1643 947 1670 979 ⁷.
1701 943 1760 978 De
1780 941 1838 978 his
1863 949 1991 978 autem
2011 950 2115 990 patet
2134 943 2256 990 magis
2272 940 2286 964 ⁸
2305 943 2343 980 in
2362 944 2514 981 univer-

1440 995 1581 1032 salibus
1609 995 1657 1032 de
1686 1002 1812 1040 motu,
1833 994 1929 1031 idest
1947 995 1986 1032 in
2004 995 2099 1032 libro
2127 997 2390 1044 Physicorum.
2419 998 2515 1034 Tra-

1441 1055 1561 1085 ctatur
1589 1048 1692 1085 enim
1721 1047 1768 1085 de
1797 1047 1855 1084 his
1883 1047 1923 1084 in
1949 1056 2055 1084 sexto
2084 1048 2180 1085 illius
2203 1049 2298 1087 libri.

1496 1102 1530 1138 3.
1552 1101 1702 1138 Deinde
1719 1113 1807 1138 cum
1837 1100 1941 1138 dicit:
1957 1102 2018 1138 De
2035 1102 2107 1138 hoc
2131 1103 2279 1150 quidem
2299 1103 2417 1153 igitur
2431 1111 2514 1151 etc.,

1441 1154 1606 1191 ostendit
1619 1154 1834 1191 secundum
1852 1154 2046 1203 praedicta
2071 1156 2270 1202 quomodo
2295 1156 2414 1205 accipi
2428 1169 2516 1205 pos-

1441 1207 1487 1243 sit
1514 1207 1737 1244 immediate
1761 1208 1824 1244 vel
1852 1207 2019 1245 mediate
2048 1208 2206 1245 effectus
2236 1221 2374 1246 causae
2393 1210 2432 1247 in
2456 1210 2515 1247 his

1440 1272 1540 1309 quae
1560 1272 1639 1297 non
1659 1260 1774 1297 simul
1800 1268 1886 1297 sunt
1908 1261 1939 1297 ²⁸.
1961 1261 2010 1297 Et
2027 1260 2166 1309 primo,
2189 1263 2352 1300 ostendit
2374 1275 2515 1312 propo·
2544 1270 2553 1278 ·

1441 1313 1572 1359 situm3
1599 1313 1790 1361 secundo,
1810 1313 2026 1351 manifestat
2043 1327 2113 1363 per
2132 1316 2323 1365 exempla3
2343 1316 2409 1353 ibi:
2429 1317 2515 1353 Ha—

1441 1367 1502 1404 bet
1527 1373 1653 1404 autem
1681 1367 1736 1404 sic
1758 1379 1798 1404 se
1817 1367 1854 1404 in
1874 1368 2049 1416 operibus
2069 1367 2089 1388 *
2117 1376 2186 1405 etc.
2218 1369 2327 1406 Circa
2345 1369 2515 1418 primum
2542 1380 2554 1390 ·

1442 1420 1520 1457 duo
1545 1420 1648 1458 facit:
1669 1420 1809 1469 primo,
1831 1421 1995 1458 ostendit
2013 1421 2256 1470 propositum
2273 1423 2292 1444 '¹‘
2312 1422 2350 1459 in
2369 1430 2515 1471 praete-
2542 1432 2553 1443 ⁴

1443 1474 1535 1520 ritis;
1566 1474 1750 1520 secundo,
1780 1474 1819 1511 in
1847 1474 1997 1520 futuris;
2027 1475 2094 1512 ibi:
2121 1476 2301 1512 Similiter
2323 1482 2448 1513 autem
2477 1477 2514 1514 in

1441 1540 1486 1565 eo
1510 1528 1612 1576 quod
1628 1528 1701 1564 erit
1715 1530 1733 1547 ἤ
1753 1535 1821 1565 etc.
1844 1527 1955 1565 Circa
1969 1528 2139 1577 primum
2155 1529 2232 1566 duo
2254 1529 2356 1566 facit:
2376 1529 2515 1579 primo,

1442 1581 1607 1618 ostendit
1634 1581 1894 1630 propositum;
1915 1582 2099 1629 secundo,
2122 1582 2285 1620 excludit
2304 1583 2515 1631 quamdam

1442 1634 1724 1681 obviationem3
1754 1634 1821 1672 ibi:
1850 1635 1930 1671 Aut
1954 1647 2103 1684 semper
2130 1636 2324 1673 intercidet
2341 1637 2362 1657 '⁸
2391 1644 2459 1674 etc.

1495 1700 1533 1735 4.
1563 1688 1662 1725 Dicit
1686 1700 1777 1736 ergo
1805 1687 1931 1737 primo
1960 1689 1981 1709 ’²
2009 1689 2116 1737 quod
2143 1701 2188 1726 ex
2215 1690 2433 1738 praemissis
2454 1703 2514 1727 ac·
2542 1700 2553 1710 ⁶

1443 1741 1515 1790 cipi
1548 1749 1674 1790 potest
1715 1741 1915 1789 quomodo
1955 1754 2089 1789 causa,
2124 1755 2223 1791 quae
2257 1743 2438 1792 accipitur
2473 1751 2515 1781 ut

1442 1794 1615 1832 medium
1649 1795 1688 1832 in
1716 1795 2041 1832 demonstratione
2073 1797 2108 1842 ²¹⁶,
2139 1808 2180 1833 se
2209 1797 2348 1833 habeat
2382 1809 2514 1834 conse·

1442 1856 1602 1897 quenter
1630 1848 1664 1885 ei
1686 1849 1705 1870 *
1732 1849 1838 1897 quod
1868 1857 1923 1886 est
1950 1848 1988 1886 in
2015 1849 2099 1886 fieri
2117 1851 2179 1887 vel
2204 1849 2394 1898 generari:
2425 1851 2514 1900 quia

1443 1902 1558 1939 etiam
1586 1901 1625 1939 in
1653 1902 1711 1939 his
1740 1902 2140 1950 demonstrationibus,
2167 1915 2265 1951 quae
2295 1904 2515 1952 syllogizant

1444 1956 1491 1993 de
1513 1957 1532 1978 *
1561 1955 1620 1992 his
1647 1968 1748 2004 quae
1776 1963 1864 1992 sunt
1891 1955 1929 1993 in
1957 1956 2052 2002 fieri,
2073 1969 2229 1994 necesse
2259 1965 2314 1994 est
2342 1957 2513 2006 accipere
2541 1966 2552 1976 *

1444 2021 1527 2046 esse
1539 2010 1560 2030 ’Β
1575 2009 1731 2057 aliquod
1746 2009 1919 2046 medium
1937 2017 1974 2046 et
1987 2010 2157 2058 primum
2172 2023 2272 2058 quae
2287 2010 2360 2047 sint
2378 2011 2513 2048 imme-

1443 2063 1544 2100 diata
1558 2069 1585 2108 ¹;
1606 2062 1702 2100 sicut
1729 2062 1759 2099 si
1785 2063 2059 2100 concludamus
2076 2065 2096 2084 *
2116 2064 2220 2112 quod
2240 2066 2275 2100 A
2295 2064 2437 2102 factum
2459 2073 2515 2102 est

1442 2124 1599 2166 propter
1616 2117 1693 2153 hoc
1712 2115 1817 2164 quod
1838 2117 1870 2153 C
1898 2117 2040 2154 facturn
2070 2124 2141 2163 est;
2170 2117 2221 2155 ita
2240 2117 2380 2155 scilieet
2408 2118 2513 2167 quod

1439 2247 1501 2280 tur),
1516 2248 1537 2272 Β
1556 2246 1611 2272 fleri
1631 2247 1714 2272 lineae
1733 2254 1763 2271 ex
1782 2246 1853 2271 fluxu
1871 2247 1902 2277 Α,
1918 2246 2032 2280 denique
2045 2247 2067 2271 C
2085 2252 2211 2279 punctum
2226 2248 2258 2272 ad
2273 2248 2343 2280 quod
2362 2249 2514 2274 terminatur

1440 2283 1533 2314 fluxus,
1548 2288 1574 2308 et
1592 2287 1731 2316 propterea
1754 2282 1781 2307 in
1800 2290 1854 2314 quo
1879 2282 2031 2307 terminatur
2048 2283 2122 2315 fieri,
2137 2288 2162 2308 et
2176 2288 2217 2308 est
2235 2283 2311 2309 linea.
2329 2284 2398 2316 Ergo
2417 2285 2440 2309 A
2459 2293 2512 2310 non

1440 2324 1481 2344 est
1499 2318 1679 2343 immediatum
1699 2320 1735 2352 τῷ
1754 2318 1783 2348 C,
1799 2318 1846 2342 sed
1865 2317 1930 2343 inter
1948 2319 1970 2342 A
1991 2323 2017 2342 et
2035 2317 2056 2342 C
2081 2318 2177 2343 mediat
2195 2319 2228 2350 B;
2249 2324 2275 2344 et
2293 2319 2402 2352 proinde
2421 2320 2442 2344 C
2461 2328 2515 2344 non

1440 2354 1558 2387 sequitur
1577 2354 1609 2378 ad
1628 2355 1650 2378 Α
1669 2353 1827 2383 immediate,
1846 2353 1880 2378 ita
1899 2359 1927 2378 ut
1946 2354 1997 2378 isto
2016 2353 2102 2386 posito
2121 2353 2182 2387 poni
2203 2354 2309 2384 debeat,
2330 2356 2378 2379 sed
2392 2356 2514 2396 sequitur

1440 2390 1611 2415 solummodo
1628 2389 1748 2420 mediate,
1761 2389 1811 2414 hoc
1830 2393 1870 2413 est
1882 2389 2012 2414 mediante
2025 2390 2056 2420 Β,
2073 2389 2147 2414 cuius
2166 2390 2287 2415 ultimum
2306 2395 2346 2415 est
2360 2390 2514 2423 principium

1441 2426 1489 2450 τοῦ
1508 2433 1567 2450 esse
1593 2425 1621 2449 C.
1635 2425 1668 2449 Et
1687 2425 1778 2449 eadem
1798 2429 1838 2449 est
1857 2424 1921 2449 ratio
1941 2424 1962 2449 si
1984 2425 2126 2468 accipiatur
2143 2426 2179 2455 B,
2199 2433 2251 2450 non
2270 2430 2299 2450 ut
2310 2426 2375 2459 fieri
2393 2431 2514 2459 respectu

1440 2461 1469 2491 C,
1484 2461 1531 2485 sed
1550 2465 1580 2485 ut
1598 2461 1731 2493 quoddam
1743 2460 1851 2494 sactum
1870 2467 1931 2485 esse·
1945 2458 2004 2493 (C')
2023 2466 2144 2493 respectu
2163 2461 2195 2491 Α,
2214 2461 2280 2485 inter
2298 2462 2371 2494 quod
2390 2467 2415 2486 et
2433 2462 2454 2486 C
2469 2469 2514 2486 ne-

1440 2503 1515 2521 coese
1540 2501 1580 2521 est
1604 2496 1742 2529 concipere
1764 2495 1872 2528 aliquod
1890 2496 1960 2520 aliud
1978 2495 2047 2527 fieri,
2071 2496 2112 2522 B'.
2131 2479 2255 2522 Similiter
2273 2497 2294 2521 si
2319 2497 2456 2541 accipiatur
2474 2495 2515 2528 Β’,

1439 2537 1468 2556 ut
1487 2532 1583 2556 factum
1603 2539 1671 2562 esse,
1691 2532 1757 2556 inter
1774 2531 1862 2564 ipsum
1881 2537 1906 2556 et
1925 2532 1946 2556 C
1964 2539 2074 2556 necesse
2092 2537 2132 2557 est
2150 2537 2178 2556 ut
2197 2532 2230 2556 sit
2248 2532 2318 2557 aliud
2337 2531 2391 2557 fieri
2410 2530 2455 2557 B'
2462 2541 2503 2564 ge

1440 2567 1499 2592 ideo
1517 2567 1604 2600 posito
1623 2564 1663 2598 Β’,
1678 2575 1731 2591 non
1746 2567 1863 2600 sequitur
1881 2567 2029 2592 necessario
2048 2575 2134 2600 neque
2153 2567 2174 2592 C
2193 2575 2279 2600 neque
2298 2565 2348 2593 Β”.
2363 2568 2395 2593 Et
2413 2568 2450 2593 sic
2470 2568 2514 2593 de-

1439 2603 1538 2636 inceps.
1552 2603 1676 2635 Sequitur
1694 2607 1790 2634 tamen,
1804 2607 1830 2627 et
1842 2610 1874 2627 ex
1886 2603 2008 2636 opposita
2021 2603 2128 2633 ratione,
2143 2611 2158 2628 a
2172 2603 2321 2636 posteriori:
2335 2607 2375 2629 est
2397 2605 2420 2628 C
2423 2611 2432 2634 ,¹
2446 2611 2512 2637 ergo

1431 2638 1492 2672 suit
1510 2639 1544 2667 B‚·
1557 2642 1583 2663 et
1591 2637 1649 2672 suit
1666 2639 1699 2663 Α.
1710 2638 1789 2668 Quae
1807 2646 1870 2663 vero
1889 2638 2000 2663 diximus
2021 2639 2053 2663 de
2072 2639 2175 2671 punctis
2195 2643 2220 2663 et
2239 2639 2325 2670 lineis,
2344 2644 2413 2664 recte
2432 2640 2514 2672 appli-

1439 2679 1530 2698 cantur
1540 2675 1621 2708 sacto
1640 2681 1696 2699 esse
1715 2678 1740 2698 et
1751 2674 1824 2707 fieri.
1844 2674 1911 2698 Nam
1930 2673 1985 2698 fieri
2005 2679 2044 2699 est
2063 2682 2077 2698 a
2097 2682 2173 2699 causa
2192 2675 2224 2699 ad
2244 2679 2387 2706 causatum,
2408 2683 2422 2699 a
2433 2676 2513 2708 facto

1439 2717 1536 2742 nempe
1554 2710 1587 2734 ad
1599 2709 1707 2743 sactum
1727 2716 1790 2739 esse,
1810 2709 1877 2734 sicut
1895 2709 1963 2734 linea
1978 2714 2019 2734 est
2037 2717 2051 2734 a
2071 2714 2168 2742 puncto
2187 2710 2219 2735 ad
2238 2715 2372 2743 punctum.
2388 2710 2456 2743 Ergo
2476 2710 2513 2735 fa-

1439 2750 1511 2770 ctum
1530 2753 1590 2770 esse
1602 2745 1633 2775 A,
1649 2745 1720 2778 quod
1734 2750 1774 2769 est
1787 2744 1949 2778 principium,
1965 2749 1990 2770 et
2004 2745 2100 2770 factum
2116 2753 2175 2770 esse
2189 2745 2218 2776 C,
2233 2746 2304 2778 quod
2323 2750 2363 2770 est
2378 2746 2512 2777 terminus,

1439 2788 1493 2805 non
1512 2785 1574 2805 sunt
1587 2780 1744 2811 immediata,
1759 2781 1806 2805 sed
1825 2780 1920 2806 mediat
1938 2780 2004 2805 inter
2017 2780 2073 2814 ipsa
2085 2781 2152 2813 fieri
2165 2781 2194 2811 B,
2209 2781 2283 2805 cuius
2298 2781 2450 2814 principium
2465 2781 2513 2806 im-

1440 2816 1551 2841 mediate
1570 2815 1735 2849 coniungitur
1754 2817 1791 2850 τῷ
1809 2817 1846 2847 Α,
1867 2821 1892 2840 et
1910 2816 2038 2841 terminus
2062 2816 2224 2849 coniungitur
2247 2816 2395 2842 immediate
2418 2818 2455 2850 τῷ
2479 2817 2513 2847 C;

1440 2859 1496 2882 seu,
1511 2857 1540 2876 ut
1558 2851 1650 2876 dicitur
1668 2859 1683 2876 a
1703 2851 1872 2883 scholasticis,
1891 2852 2012 2876 ultimum
2031 2853 2078 2876 τοῦ
2097 2851 2118 2876 Β
2138 2857 2178 2877 est
2192 2851 2306 2884 primum
2326 2853 2374 2876 τοῦ
2393 2852 2422 2877 C.
2443 2852 2513 2885 Ergo

1439 2893 1509 2912 recte
1527 2895 1542 2912 a
1561 2886 1698 2919 posteriori
1717 2886 1845 2919 arguitur:
1858 2890 1897 2912 est
1918 2887 1946 2916 C,
1960 2894 2026 2920 ergo
2044 2890 2084 2912 est
2102 2887 2141 2917 B;
2155 2890 2195 2912 est
2213 2887 2244 2917 B,
2260 2894 2325 2920 ergo
2344 2891 2384 2912 est
2401 2889 2434 2912 Α.
2454 2888 2513 2912 Non

1439 2928 1510 2948 recta
1528 2928 1614 2947 autem
1634 2928 1674 2947 est
1693 2922 1895 2955 argumentatio:
1910 2926 1950 2947 est
1967 2923 1999 2952 A,
2013 2929 2078 2955 ergo
2097 2926 2137 2947 est
2156 2923 2187 2952 B,
2202 2926 2250 2947 aut
2268 2923 2361 2947 saltem
2380 2926 2420 2948 est
2434 2923 2512 2955 prin-

1439 2958 1538 2990 cipium
1563 2959 1611 2984 τοῦ·
1630 2959 1669 2988 B,·
1687 2962 1728 2983 est
1746 2958 1784 2987 B,
1803 2965 1869 2991 ergo
1887 2961 1927 2983 est
1948 2958 2163 2983 C.-N0tandum
2181 2963 2282 2988 tamen,
2302 2959 2339 2982 uti
2358 2966 2436 2990 supra
2455 2966 2511 2983 mo-

1439 2994 1649 3027 nuimussquod
1668 2994 1694 3018 in
1722 2994 1850 3026 praesenti
1876 2998 1916 3019 est
1934 3001 2021 3018 sermo
2041 2993 2073 3018 de
2092 2994 2176 3018 causis
2195 3001 2262 3026 quae
2281 3001 2334 3018 non
2353 2993 2430 3018 simul
2450 2998 2514 3019 sunt

1440 3037 1500 3054 cum
1520 3029 1574 3054 suis
1589 3029 1709 3060 causatis,
1724 3034 1750 3054 et
1768 3029 1827 3053 ideo
1842 3029 1874 3054 de
1888 3028 1974 3054 causis
1994 3037 2046 3053 non
2065 3029 2227 3060 necessariis,
2242 3034 2267 3054 et
2282 3037 2349 3062 quae
2363 3029 2512 3055 successive

1474 3070 1528 3090 unt.

1440 3072 1471 3098 ag
1492 3099 1517 3133 δ)
1538 3100 1580 3125 De
1599 3100 1640 3125 his
1653 3103 1743 3125 autem
1763 3105 1811 3124 etc.
1821 3114 1840 3119 -
1852 3099 1893 3125 Sic
1907 3099 2018 3132 legimus
2033 3108 2093 3125 cum
2109 3099 2243 3130 CDGMT;
2259 3107 2311 3124 non
2326 3107 2388 3124 vero
2404 3107 2464 3124 cum
2478 3101 2511 3125 P:

1440 3135 1483 3160 De
1501 3135 1542 3160 his
1560 3139 1650 3160 autem
1669 3138 1775 3167 oportet
1793 3138 1851 3165 etc.,
1873 3135 1942 3160 idest
1957 3135 1989 3160 de
2008 3135 2049 3160 his
2059 3135 2163 3167 patebit
2177 3135 2272 3168 magis,
2288 3136 2348 3168 quia
2362 3135 2402 3159 hic
2416 3136 2511 3161 modus

1439 3171 1532 3195 citandi
1547 3176 1645 3195 textum
1660 3170 1828 3196 inconsuetus
1841 3175 1882 3195 est
1900 3179 1921 3195 s.
1933 3170 2060 3201 Thomae,
2075 3178 2123 3195 nec
2143 3171 2167 3195 in
2186 3171 2241 3195 ullo
2255 3170 2342 3195 codice
2356 3170 2511 3196 fundamen—

1439 3211 1495 3230 tum
1510 3206 1818 3231 habet.AEFl-11KLNS:
1836 3206 1878 3231 De
1893 3206 1928 3238 (1,
1943 3205 1987 3238 in)
2002 3206 2043 3231 his
2057 3210 2145 3231 autem
2161 3209 2266 3238 oportet
2279 3206 2365 3239 magis
2379 3206 2510 3238 (oportet,

1440 3241 1578 3269 credimus,
1594 3246 1716 3273 corrupte
1730 3249 1778 3273 pro
1789 3244 1868 3273 patet
1881 3241 1930 3275 (oz
1942 3249 1989 3274 pro
1998 3242 2068 3275 pz);
2083 3241 2104 3266 N
2119 3249 2199 3274 super
2213 3244 2318 3273 oportet
2331 3249 2353 3266 s.
2367 3249 2410 3271 m„
2424 3245 2511 3267 osten-

1440 3276 1507 3308 det),·
1520 3277 1551 3301 B:
1566 3277 1608 3301 De
1622 3276 1663 3301 his
1676 3279 1766 3301 autem
1779 3279 1885 3308 oportet
1899 3277 1987 3310 magis
2001 3277 2195 3302 determinari
2185 3285 2227 3307 m,·
2243 3276 2268 3307 Q
2279 3284 2333 3301 om.
2344 3277 2386 3301 De
2398 3259 2438 3302 liis
2453 3283 2510 3309 etc.,

1439 3319 1525 3343 usque
1544 3312 1576 3336 ad
1595 3311 1672 3336 finem
1692 3319 1768 3342 num;
1787 3311 1812 3336 T
1830 3319 1879 3344 pro
1899 3311 1925 3336 in
1946 3309 2140 3337 universalibus
2158 3311 2236 3337 habet
2251 3312 2432 3337 universali.-
2444 3313 2511 3338 Infra

1439 3346 1624 3378 (Tractatur)
1643 3347 1754 3379 legimus
1779 3355 1839 3372 cum
1859 3348 1933 3372 codd.
1949 3348 1984 3372 P.
2004 3348 2037 3372 de
2050 3347 2100 3373 hoc
2118 3347 2145 3372 in
2159 3351 2239 3372 sexto
2260 3347 2345 3377 illius,
2366 3355 2420 3372 om.
2433 3348 2512 3378 libri,

1441 3382 1469 3412 C,
1489 3389 1537 3414 pro
1556 3382 1634 3411 enim,
1654 3385 1753 3407 autem.

1494 3417 1516 3449 ε)
1538 3417 1613 3447 Quae
1626 3418 1680 3442 sint
1694 3417 1858 3442 immediata.
1871 3431 1889 3437 -
1899 3416 2080 3452 ABFQ(K?):
2094 3425 2161 3450 quae
2180 3421 2243 3443 sunt
2263 3418 2289 3442 1'n
2310 3418 2412 3448 med1'05
2426 3418 2510 3443 CHL:

1440 3459 1508 3485 quae
1526 3453 1582 3477 sint
1600 3453 1626 3477 in
1647 3453 1749 3481 media,⁸
1768 3453 1790 3477 N
1806 3451 1879 3487 (K?)
1899 3458 1925 3477 et
1943 3461 1969 3486 p.
1983 3461 2019 3478 m.
2033 3454 2071 3478 D:
2090 3461 2158 3486 quae
2176 3457 2240 3478 sunt
2258 3454 2284 3478 in
2305 3454 2407 3482 medias
2425 3453 2472 3478 ET
2485 3459 2511 3479 et

1440 3496 1463 3513 s.
1477 3496 1512 3512 m.
1526 3488 1563 3512 D:
1578 3495 1646 3520 quae
1664 3491 1727 3513 sunt
1742 3486 1791 3522 (T,
1805 3487 1875 3523 sint)
1896 3488 2066 3518 immediata,-
2085 3489 2123 3514 G:
2144 3489 2213 3522 (om.
2227 3492 2254 3514 et
2267 3489 2403 3522 primum)
2424 3489 2510 3521 ipsum

1441 3530 1508 3556 quae
1526 3523 1581 3548 sint
1600 3524 1702 3553 medio;
1722 3523 1745 3548 1:
1764 3531 1832 3556 quae
1844 3527 1908 3549 sunt
1922 3523 1948 3548 in
1964 3524 2078 3549 materia
2091 3523 2157 3556 (?);
2172 3525 2210 3549 M.
2226 3528 2252 3549 et
2261 3525 2352 3556 primo
2366 3532 2434 3557 quae
2447 3528 2512 3550 sunt

1440 3559 1611 3589 immediata;
1626 3559 1644 3583 S
1658 3567 1683 3591 p.
1698 3567 1742 3584 m.:
1755 3559 1826 3591 quod
1844 3559 1899 3584 sint
1918 3559 1944 3584 in
1965 3560 2066 3590 media,
2082 3567 2104 3585 ε.
2118 3568 2153 3584 m.
2161 3560 2254 3602 :quod
2267 3560 2303 3585 sit
2317 3560 2510 3586 immediatum.

1441 3594 1539 3619 Textus
1559 3594 1643 3627 habet,
1662 3590 1769 3628 Ανάγκη
1789 3592 1838 3628 γὰρ
1853 3603 1896 3619 και
1911 3591 1936 3619 ἐν
1952 3593 2054 3624 τούτοις
2067 3603 2097 3619 το
2112 3594 2190 3628 μέσον
2205 3603 2248 3620 και
2263 3592 2294 3620 τὸ
2310 3596 2410 3628 πρῶτον
2427 3592 2510 3629 ἄμεσα

1441 3622 1519 3655 dvm:
1539 3637 1641 3655 necesse
1658 3630 1728 3655 enim
1748 3633 1788 3655 est
1805 3633 1832 3655 et
1851 3630 1877 3655 in
1897 3630 1938 3655 his
1958 3631 2073 3656 medium
2092 3634 2119 3656 et
2132 3631 2252 3663 primum
2271 3638 2327 3656 esse
2346 3631 2510 3657 immediata.

2308 3685 2366 3716 47*

2561 368 2637 390 Codd.
2648 375 2681 391 -r:
2694 376 2757 392 esee.

2541 419 2551 429 '⁸
2566 417 2623 439 Scil.
2634 423 2663 439 ex
2677 418 2748 440 codd.

2543 528 2551 537 ·
2556 527 2679 555 Quaelibet
2684 533 2734 549 om.
2740 533 2757 549 1.

2641 958 2658 1009 oſs<

2570 1269 2655 1296 Codd.,
2671 1276 2721 1291 exc.
2739 1277 2756 1292 κ

2544 1296 2670 1344 ἷέιὲίβιιηη
2677 1303 2694 1318 ι
2702 1297 2755 1319 hab.

2568 1379 2629 1401 Num
2635 1396 2640 1402 .
2655 1386 2676 1408 7.

2562 1431 2663 1460 propos.
2674 1439 2721 1455 om.
2734 1440 2757 1456 1..

2543 1540 2554 1551 ⁸
2569 1540 2639 1562 Num.
2653 1541 2676 1562 6.

2543 1647 2553 1657 ⁸
2569 1647 2640 1669 Num.
2654 1653 2674 1675 5.

2568 1700 2648 1722 Primo
2663 1706 2711 1723 om.
2725 1707 2755 1724 ri.

2542 1807 2549 1815 ⁸
2561 1812 2586 1827 ιε
2601 1806 2700 1828 medium
2715 1807 2756 1828 de-

2541 1833 2730 1855 monstrationis.

2541 1859 2552 1870 ¹·
2572 1859 2648 1881 Codd.
2659 1871 2669 1876 -
2686 1866 2713 1881 p:
2733 1861 2760 1883 et

2541 1886 2632 1907 scilicet
2644 1887 2715 1914 quod.

2566 1971 2614 1987 rot:
2629 1966 2662 1987 in.

2542 2019 2615 2040 'Esse
2622 2025 2754 2045 omn-utor.

2542 2101 2658 2121 ueniam:
2668 2100 2758 2121 conclu-

2542 2126 2626 2148 dimus.
