2548 4192
933 262 989 299 IN
1018 262 1058 299 S.
1078 259 1320 298 THOMAM
1346 259 1669 306 AQUINATEM

273 345 351 376 Item
374 344 416 375 111
440 354 485 384 p.‚
506 353 538 384 q.
554 351 664 380 uvm,
681 348 737 372 art.
756 351 806 378 111,
823 351 886 381 arg.
902 351 915 372 1
938 341 970 371 in
986 347 1119 381 utraque
1135 338 1272 370 editione

203 389 337 429 legitur:
359 401 375 416 ι
388 388 471 419 Dicit
494 387 580 418 enim
604 387 671 417 Leo
687 386 772 426 Papa
791 383 896 427 (epist.
913 396 955 424 iv,
974 395 1041 425 cap.
1061 382 1095 426 v)
1114 384 1178 414 duo
1197 389 1273 413 tem-

206 446 223 461 »
236 443 334 474 pora,
357 433 482 463 Pascha
505 436 536 462 et
550 431 744 467 Pentecoste,
769 430 813 460 ad
835 429 1060 471 baptizandum
1083 439 1104 458 a
1127 428 1272 458 Romano

207 490 224 506 ³
242 477 396 518 pontifice
405 477 548 517 legitime
551 475 704 516 praefixa
718 479 804 505 sunt.
820 474 912 505 Unde
921 474 1120 504 dilectionem
1133 477 1270 502 vestram

205 533 223 549 κ
241 530 417 557 monemus,
434 525 470 550 ut
485 520 591 550 nullos
614 519 696 549 alios
718 519 786 549 dies
809 519 884 549 huic
905 518 1119 548 observationi
1140 517 1273 546 miscea-

204 577 223 593 ν
242 566 293 595 tis.
310 576 325 591 ²
356 563 608 594 Admonendum
633 562 734 593 fuerat
756 569 916 602 postrema
938 568 1064 592 tantum
1094 560 1180 600 apud
1203 569 1273 589 san-

205 615 294 640 ctum
318 608 462 639 Leonem
484 608 518 638 in
542 607 675 648 epistola
697 616 741 645 1v,
765 616 854 637 num.
877 607 913 636 16
937 606 1031 636 verba
1054 605 1132 645 legi:
1156 611 1275 635 caetera

205 653 246 683 ad
268 652 399 683 titulum
422 652 576 692 pertinere
600 651 726 682 Canoni
750 650 936 691 praefixum,
960 656 996 680 ut
1021 649 1166 689 colligere
1190 648 1274 678 facil-

203 697 280 727 lime
302 696 439 737 quisque
470 702 575 736 potest
597 705 634 726 ex
657 695 804 726 Concilio
827 694 1020 735 Moguntino
1044 694 1074 730 1,
1101 703 1185 723 anno
1210 693 1273 734 847

205 741 372 779 celebrato,
380 740 481 780 capite
491 749 539 770 111.
547 739 693 780 Denique
708 740 749 769 11⁸
764 740 830 778 11³0,
840 749 872 780 q.
881 748 996 776 chvn,
1007 744 1062 768 art.
1071 747 1117 767 vn
1127 737 1191 768 Sed
1200 747 1274 768 con-

206 790 259 816 tra
281 785 316 815 in
339 784 413 815 edit.
437 784 471 814 in
494 784 569 815 f01.:
603 798 618 812 ‹
631 783 814 815 Concilium
838 783 1097 814 Calchedonense
1120 781 1209 812 dicit:
1233 781 1273 812 In

207 842 223 857 ›
241 829 493 870 quadragesima
517 835 575 859 etc.
593 826 751 870 (Habetur
770 828 808 858 de
825 827 1006 859 Consecrat.
1024 827 1095 857 dist.
1117 837 1145 864 1,
1167 835 1235 865 cap.
1255 836 1274 855 1.

206 885 222 901 2
241 871 369 915 solent).
383 885 397 900 ι
425 873 466 903 Et
488 873 522 903 in
545 873 640 903 altera
668 872 824 903 editione:
860 884 875 899 ι
893 872 1036 902 Habetur
1067 870 1100 901 in
1132 870 1275 911 quodam

206 930 222 946 ι
241 917 366 949 Concil.
388 917 562 957 Capitulari
581 917 690 947 incerti
709 916 857 954 auctoris,
873 915 936 946 loci
955 922 986 946 et
999 914 1162 955 temporis.
1175 925 1190 940 ι»
1210 914 1274 944 Ad-

203 962 405 993 monendum
429 961 540 1000 fuerat,
567 961 745 991 Concilium
772 960 995 991 Cabillonense
1015 959 1076 998 legi
1099 958 1185 998 apud
1205 958 1274 988 lvo-

204 1016 280 1036 nem
298 1012 330 1037 et
352 1005 550 1043 Gratianum,
574 1005 746 1046 ipsumque
769 1011 914 1035 sanctum
936 1003 1100 1034 Thomam
1119 1002 1161 1032 lv
1176 1001 1274 1039 Sent.,

204 1051 276 1081 dist.
291 1060 343 1088 xv,
359 1060 390 1090 q.
397 1059 446 1087 m,
464 1056 520 1080 art.
527 1059 561 1080 1v
576 1049 609 1079 in
633 1059 697 1089 arg.
713 1048 777 1079 Sed
792 1053 923 1084 contra,
943 1057 975 1088 q.
990 1053 1044 1077 111:
1066 1045 1177 1085 reponi
1199 1055 1274 1075 vero

205 1095 337 1125 demum
360 1101 518 1133 oportere,
542 1103 580 1123 ex
603 1092 789 1133 Capitulari,
813 1102 880 1122 non
898 1092 1013 1122 incerti
1035 1091 1188 1127 auctoris,
1214 1090 1276 1119 loci

205 1143 237 1169 et
258 1139 420 1178 temporis,
437 1137 492 1168 sed
515 1136 722 1176 Theodulphi
745 1135 980 1166 Aurelianensis
999 1144 1084 1164 anno
1108 1143 1184 1174 797.

271 1181 324 1212 111.
349 1180 608 1212 Emendatiorem
631 1187 789 1221 praeterea
812 1179 1039 1220 purioremque
1061 1177 1161 1208 curari
1181 1187 1275 1217 posse

203 1225 388 1264 editionem,
409 1225 618 1256 correctiones
640 1224 790 1255 evincunt
813 1223 994 1263 propositae
1016 1232 1035 1252 a
1057 1221 1187 1252 Thoma
1208 1221 1275 1251 Ma-

204 1269 316 1301 dalena
339 1269 468 1301 Ordinis
484 1269 751 1307 Praedicatorum‚
774 1267 903 1298 natione
920 1266 1068 1306 hispano,
1091 1265 1275 1296 Provinciae

203 1314 383 1354 Aragoniae
398 1313 542 1351 alumno,
565 1320 740 1344 conventus
758 1310 978 1343 Alcanitiensis
993 1310 1109 1340 Priore.
1127 1309 1275 1349 Opuscu-

203 1358 275 1389 luni
296 1356 418 1398 prostat
440 1359 496 1389 abs
518 1358 587 1388 viro
619 1357 803 1388 doctissimo
836 1355 959 1386 editum
991 1354 1276 1395 Caesaraugustae

203 1402 293 1443 apud
322 1402 456 1433 heredes
490 1401 714 1432 Emmanuelis
750 1401 876 1432 Roman
916 1399 1142 1429 Universitatis
1181 1403 1274 1438 typo-

202 1446 333 1488 graphi,
357 1456 445 1478 anno
475 1456 563 1488 1719.
592 1447 628 1476 In
651 1446 755 1476 fronte
787 1445 899 1476 titulus
926 1443 1040 1484 legitur
1071 1442 1121 1472 his
1152 1442 1274 1472 verbis:

205 1491 310 1522 Crisis
337 1492 528 1522 Themistica
552 1496 582 1521 et
605 1491 778 1522 novissima
802 1489 952 1519 litteralis
974 1487 1164 1524 emendatio,
1181 1486 1275 1517 Sum-

202 1545 276 1566 mae
303 1536 515 1576 Theologicae
535 1535 686 1576 Angelici
707 1534 859 1565 Doctoris
879 1533 985 1563 sancti
1012 1532 1152 1562 Titomae
1176 1531 1275 1571 Aqui-

204 1580 292 1610 natis
313 1580 554 1611 adiicienda...
570 1580 662 1610 iuxta
686 1579 819 1619 antiqua
843 1577 1007 1608 volumina
1035 1575 1273 1615 manuscripta,

204 1633 289 1666 quae
316 1624 411 1655 divus
440 1624 622 1655 Vincentius
651 1623 824 1653 Ferrerius
856 1621 990 1652 tradidit
1017 1620 1188 1651 conventui
1217 1619 1275 1649 Al-

203 1669 346 1709 cagnicii
363 1668 496 1699 Ordinis
510 1667 786 1698 Praedicator-um.
798 1666 940 1697 Adnotat
954 1664 1121 1696 Madalena
1135 1664 1168 1694 in
1187 1673 1275 1704 prae-

204 1711 341 1743 satione:
375 1712 519 1743 codicem
550 1711 747 1752 praedictum
779 1721 839 1741 ως.
873 1715 1014 1751 quatuor
1045 1710 1077 1738 in
1111 1708 1275 1739 volumina

205 1756 409 1788 distributum
441 1766 509 1787 esse
541 1761 572 1787 et
604 1757 637 1786 in
670 1756 824 1796 cuiusque
856 1754 1027 1784 voluminis
1047 1752 1168 1793 fronte
1198 1752 1276 1782 haec

203 1801 299 1832 verba
321 1802 454 1841 antiquo
477 1801 665 1832 charactere
687 1799 802 1839 scripta
823 1798 903 1838 legi:
927 1797 1030 1828 Istum
1054 1796 1171 1827 librum
1190 1796 1277 1826 dedit

205 1846 376 1877 conventui
393 1845 573 1886 Alcagnitii
596 1843 787 1875 venerabilis
804 1847 904 1883 pater
921 1841 974 1882 fr.
998 1841 1180 1872 Vincentius
1196 1840 1276 1870 Fer-

202 1890 330 1927 retius,
354 1898 471 1920 sacrae
501 1888 683 1929 theologiae
712 1888 869 1928 magister
897 1891 928 1916 et
950 1885 1117 1926 confessor
1144 1885 1278 1915 Domini

200 1933 311 1974 Papae
332 1932 500 1964 Benedicti
520 1932 621 1963 XIII.
640 1934 787 1963 Aetatem
809 1930 1015 1962 voluminum
1043 1939 1110 1960 non
1130 1929 1276 1959 eamdem

202 1984 286 2009 esse:
311 1977 344 2008 in
367 1977 473 2018 primo
492 1977 613 2018 quippe
636 1976 729 2014 libro,
753 1986 809 2007 seu
828 1975 935 2006 Prima
951 1981 1038 2015 parte
1058 1973 1203 2004 Thomas
1221 1983 1276 2013 ap-

202 2021 340 2063 pellatur
362 2021 517 2059 Sanctus,
540 2021 574 2051 in
597 2020 666 2051 aliis
689 2020 789 2051 tribus
812 2019 933 2051 dicitur
954 2019 1142 2059 simpliciter
1161 2017 1277 2058 frater

207 2066 364 2104 Thomas,·
386 2072 422 2096 ut
453 2065 531 2096 haec
563 2064 739 2106 posteriora
770 2063 937 2095 volumina
969 2063 1028 2094 tria
1059 2069 1131 2093 ante
1155 2072 1276 2092 sacram

203 2110 272 2142 eius
294 2109 496 2151 apotheosim
524 2119 623 2140 manu
647 2108 764 2140 fuerint
786 2114 918 2139 exarata.
952 2107 1051 2148 Atqui
1078 2116 1154 2137 vero
1182 2106 1276 2137 Sum—

203 2164 292 2186 mam
310 2154 509 2194 Theologiae
531 2163 618 2184 anno
633 2152 714 2184 1663
730 2153 826 2193 prelo
842 2152 998 2193 Lugduni
1021 2151 1220 2188 mandatam,
1241 2151 1274 2181 in

202 2209 267 2240 qua
286 2198 523 2230 observationes
546 2198 769 2239 theologorum
792 2197 1042 2228 Lovaniensium
1071 2200 1102 2226 et
1124 2195 1275 2226 Duacen-

201 2244 286 2275 sium
309 2244 397 2274 circa
420 2242 560 2273 litteram
584 2242 651 2273 divi
678 2242 818 2272 Ihomae
835 2241 1048 2278 obiiciuntur,
1070 2239 1178 2270 adhuc
1200 2240 1276 2270 vitio

195 2287 286 2328 preli
308 2288 354 2318 ita
376 2286 501 2317 mendis
515 2286 694 2323 abundare,
710 2291 747 2317 ut
765 2287 834 2326 ipsa
853 2285 1081 2325 theologorum
1096 2283 1276 2314 emendatio

201 2333 245 2364 sit
267 2340 370 2362 novae
391 2331 600 2362 correctionis
629 2330 754 2371 indiga.
789 2330 881 2360 Hanc
913 2329 1076 2370 auspicato
1106 2327 1212 2369 peragi
1240 2338 1276 2358 ac

202 2375 310 2417 perfici
333 2385 428 2416 posse
451 2385 514 2416 ope
537 2374 654 2406 codicis
677 2374 883 2415 manuscripti
902 2373 1132 2404 Alcanitiensis.
1149 2373 1276 2402 Novam

203 2420 341 2461 denique
371 2419 545 2450 editionem
558 2442 567 2458 ,
599 2429 682 2460 quae
710 2418 837 2449 Ioannis
867 2417 990 2448 Nicolai
1018 2416 1275 2447 adnotationibus

203 2464 336 2505 aliisque
365 2463 558 2503 locupletata
588 2473 675 2493 anno
707 2461 795 2504 1698
815 2462 934 2502 prodiit
965 2462 1108 2498 Patavii,
1128 2460 1274 2491 consulto

203 2507 419 2549 praetermitti,
435 2517 476 2538 ne
494 2508 681 2547 repetitione
699 2508 865 2537 variarum
883 2506 1055 2536 editionum
1075 2505 1179 2535 abiret
1193 2514 1274 2544 opu-

203 2552 330 2583 sculum
353 2553 386 2582 in
407 2552 574 2582 volumen:
597 2556 628 2582 et
645 2551 838 2591 praesertim
855 2551 930 2591 quia
949 2559 1063 2581 sensus
1079 2554 1109 2579 et
1124 2548 1204 2579 ordo
1222 2549 1274 2579 lit—

203 2597 316 2628 teralis
347 2596 414 2627 divi
448 2596 587 2626 nomae
608 2596 719 2636 potius
754 2605 796 2625 ex
822 2595 1050 2634 manuscriptis
1082 2593 1274 2634 exemplari-

203 2641 273 2679 bus,
297 2650 394 2681 quam
417 2650 460 2670 ex
482 2640 672 2670 editionibus
692 2639 864 2670 subsistere
885 2639 984 2669 debet.

269 2685 375 2715 Nemo
398 2684 492 2715 laude
515 2683 652 2724 plurima
675 2694 741 2714 non
765 2683 899 2714 celebret
916 2681 1100 2713 Madalenae
1118 2681 1272 2720 studium,

203 2729 260 2771 qui
273 2739 462 2770 germanum
477 2729 625 2759 Thomae
641 2734 763 2759 textum
781 2728 814 2758 in
829 2727 962 2758 Summa
985 2727 1189 2767 Titeologica,
1206 2736 1272 2756 ma-

202 2773 441 2814 nuscriptorum
465 2772 613 2804 codicum
631 2773 734 2803 bonae
758 2778 852 2803 notae
875 2771 937 2802 fide
960 2778 991 2802 et
1013 2770 1209 2808 auctoritate,
1225 2780 1272 2800 re-

203 2818 292 2850 stitui
316 2818 436 2849 curavit
458 2827 494 2848 ac
517 2817 714 2858 frequentius
736 2817 917 2847 restitutum
940 2815 1168 2855 comprobavit.
1197 2815 1273 2845 Non

203 2862 248 2894 ita
269 2862 401 2893 fortasse
427 2861 526 2892 videri
558 2861 673 2901 dignus
703 2860 982 2892 commendatione
1013 2866 1124 2890 auctor
1150 2866 1272 2899 potest,

205 2907 295 2948 quod
316 2906 500 2936 Patavinam
523 2905 706 2944 editionem,
730 2915 812 2946 quae
835 2905 869 2935 in
891 2904 976 2943 eius,
1000 2911 1037 2935 ut
1059 2903 1117 2941 ait,
1141 2908 1274 2934 venerat

204 2959 332 2987 manus,
355 2949 613 2990 praetermiserit:
637 2960 673 2980 ac
696 2949 887 2990 sphalmata,
911 2958 993 2989 quae
1015 2948 1049 2978 in
1072 2948 1184 2978 eadem
1206 2957 1273 2978 cor-

205 3000 290 3024 recta
310 2993 476 3031 habentur,
495 2993 611 3024 iterum
629 2994 688 3024 sub
713 2993 824 3024 oculos
844 2992 1028 3032 corrigenda
1045 2999 1155 3032 ponat.
1179 2991 1273 3022 Simi-

205 3037 288 3068 lium
315 3037 592 3076 emendationum,
615 3047 698 3078 quae
729 3046 978 3078 supervacaneae
1010 3043 1104 3074 sunt,
1128 3036 1273 3076 exempla

207 3081 314 3112 affero.
339 3081 351 3111 Ι
371 3091 449 3121 par„
465 3091 520 3122 qu.
537 3092 580 3120 vr,
596 3088 652 3112 art.
668 3092 702 3112 m
720 3082 760 3112 ad
773 3089 800 3112 1:
828 3081 935 3111 Unum
959 3090 1022 3111 non
1047 3082 1199 3121 importat
1220 3090 1273 3110 ra-

206 3127 323 3157 tionem
341 3125 572 3166 perfectionis,
595 3126 653 3156 sed
675 3126 874 3156 indivisionis
896 3130 1040 3156 tantum:
1059 3135 1137 3162 non,
1153 3134 1210 3155 seu
1227 3125 1274 3154 in-

206 3170 382 3201 divisionis.
407 3169 471 3206 Qu.
486 3179 552 3206 vm,
567 3176 623 3200 art.
639 3180 671 3200 1v
693 3170 732 3200 ad
757 3170 793 3200 6:
816 3170 934 3200 Anima
957 3170 1027 3200 eius
1056 3174 1137 3200 esset
1160 3169 1275 3209 ubique

200 3215 311 3255 primo
329 3213 467 3254 quidem,
481 3213 539 3244 sed
554 3223 619 3253 per
635 3213 803 3244 accidens:
821 3214 940 3254 absque
958 3219 1092 3252 negante
1110 3212 1274 3253 particula,

208 3268 272 3289 non
290 3259 410 3298 primo,
427 3264 463 3288 ut
478 3267 515 3287 ex
529 3257 698 3288 collatione
712 3264 814 3288 textus
829 3264 934 3298 aperte
951 3257 1118 3297 colligitur.
1135 3257 1200 3294 Qu.
1210 3266 1274 3295 xtv,

207 3309 264 3333 art.
281 3312 313 3333 1x
336 3302 377 3332 ad
401 3309 435 3332 2:
462 3301 543 3332 Cum
566 3302 658 3332 Deus
678 3303 721 3332 sit
747 3303 850 3342 ipsum
874 3309 959 3332 esse:
982 3311 1066 3339 non,
1089 3302 1148 3331 scit
1171 3301 1273 3340 ipsum

208 3356 286 3378 esse.
303 3347 331 3376 1²
353 3346 427 3383 11³0,
442 3355 497 3386 qu.
512 3355 554 3383 rv,
571 3351 628 3376 art.
638 3355 650 3375 1
668 3346 708 3376 ad
725 3346 758 3376 3:
772 3346 951 3376 Delectatio
968 3354 1092 3381 sensus,
1108 3345 1274 3375 contraria

208 3391 344 3428 rationi,
374 3390 504 3430 impedit
530 3390 780 3420 aestimationem
807 3389 1004 3429 prudentiae
1030 3389 1154 3428 magis,
1178 3397 1274 3428 quam

207 3435 460 3467 aestimationem
491 3434 680 3474 speculativi
707 3433 908 3463 intellectus:
930 3442 996 3472 quo
1019 3432 1093 3462 loco
1116 3431 1274 3471 aliquibus

207 3480 242 3510 in
265 3479 456 3510 editionibus
485 3478 700 3508 desiderantur
726 3487 763 3507 ea
785 3477 898 3514 verba,
921 3477 1173 3513 aestimationem
1192 3485 1275 3514 pru-

208 3524 337 3554 dentiae
359 3524 475 3564 magis.
499 3523 564 3560 Qu.
580 3532 611 3559 v,
630 3528 687 3552 art.
701 3531 722 3551 v
739 3521 772 3551 in
791 3530 855 3560 arg.
872 3527 899 3550 1:
927 3519 1032 3557 Quam
1056 3519 1100 3556 id,
1114 3528 1178 3559 per
1191 3519 1277 3559 quod

196 3568 305 3609 finem
329 3568 476 3599 ultimum
499 3567 720 3607 consequitur:
738 3565 793 3596 ubi
811 3564 872 3595 alia
888 3564 1042 3594 mendosa
1058 3563 1163 3601 lectio,
1179 3572 1274 3603 quam

2286 271 2391 296 CCXIX

1327 338 1370 376 id,
1394 339 1480 380 quod
1495 349 1560 380 per
1571 339 1687 381 finem.
1708 338 1751 369 11⁸
1773 338 1846 377 11³0,
1863 348 1918 379 qu.
1932 348 1995 376 x1x,
2012 344 2068 369 art.
2079 348 2102 376 1,
2118 345 2156 368 c.:
2179 339 2285 370 Potest
2303 340 2392 370 nobis

1327 383 1447 414 malum
1463 384 1576 424 culpae
1585 384 1781 424 provenire:
1799 393 1876 421 non,
1887 392 2023 423 poenae.
2040 382 2103 419 Qu.
2117 392 2199 421 mv,
2215 390 2270 413 art.
2281 394 2301 413 x
2315 384 2391 414 ad1:

1327 428 1433 458 Potest
1448 429 1531 458 enim
1548 425 1698 470 (caritas)
1714 427 1831 458 habere
1846 437 1976 458 causam
1996 431 2186 467 augentem:
2199 437 2276 465 non,
2291 438 2392 468 agen-

1328 477 1411 509 tem;
1434 472 1519 502 unde
1538 471 1644 503 subdit
1666 472 1825 502 Thomas:
1850 471 1914 502 Sed
1937 481 1999 501 non
2010 476 2117 511 potest
2130 471 2247 501 habere
2261 481 2392 502 causam

1327 517 1531 547 minuentem.
1552 516 1593 546 111
1611 526 1689 556 par„
1705 526 1759 557 qu.
1776 525 1873 553 xxv11,
1890 521 1946 545 art.
1963 525 1975 545 1
1994 515 2034 545 ad
2051 515 2086 545 3:
2106 515 2180 545 Non
2204 520 2309 545 tamen
2320 515 2395 556 suit

1328 560 1507 591 liberata...
1531 561 1594 591 nisi
1602 570 1666 601 per
1686 560 1807 591 Christi
1823 560 1977 590 hostiam:
1992 569 2069 598 non,
2089 560 2214 589 ostium.
2235 559 2299 596 Qu.
2309 569 2394 598 xxtx,

1328 611 1384 634 art.
1399 614 1435 642 11,
1451 611 1489 634 c.:
1512 605 1604 635 Finis
1622 610 1728 635 autem
1752 605 1950 634 matrimonii
1972 608 2018 634 est
2030 604 2143 644 proles
2157 604 2346 644 generanda
2363 609 2394 634 et

1328 648 1506 686 educanda,
1531 648 1575 679 ad
1596 659 1732 689 quorum
1750 649 1894 689 primum
1903 649 2096 688 pervenitur
2111 657 2176 688 per
2193 648 2392 678 concubitum

1329 693 1550 733 coniugalem.-
1571 702 1736 733 perperam
1755 693 1788 723 in
1804 692 1962 733 aliquibus
1984 691 2089 730 editis,
2107 701 2172 732 per
2194 701 2393 723 consensum.

1329 737 1392 774 Qu.
1407 746 1497 775 xxxt,
1518 743 1574 767 art.
1594 746 1633 767 111
1649 737 1688 767 ad
1710 744 1750 776 4:
1774 737 1958 767 Benedictio
1976 736 2074 777 facta
2103 741 2151 767 est
2172 746 2270 776 super
2291 736 2394 767 Iehu:

1328 790 1406 818 non,
1420 781 1506 811 Iesu.
1531 781 1618 811 Haec
1634 781 1724 811 satis:
1748 790 1830 821 quae
1844 787 1875 811 et
1892 780 2082 821 quamplura
2100 780 2242 810 eiusdem
2260 779 2393 821 generis,

1327 825 1425 855 veluti
1449 824 1632 864 corrigenda
1659 824 1798 865 proponi
1827 834 1895 854 non
1923 824 2067 854 debuisse
2089 824 2252 863 videntur3
2282 831 2394 864 utpote

1327 868 1361 898 in
1385 868 1576 899 editionibus
1598 868 1734 906 Donati,
1757 868 1881 898 Nicolai
1905 875 1935 898 et
1957 868 2120 906 Patavina,
2145 868 2284 908 diligenti
2307 868 2394 899 insti-

1328 919 1396 943 tuta
1426 912 1575 943 codicum
1606 911 1896 952 manuscriptorum
1927 922 1964 943 ac
1994 912 2171 943 editionum
2198 919 2395 944 vetustarum

1329 956 1508 995 collatione,
1532 956 1597 986 iam
1620 956 1794 986 emendata.

1395 1001 1508 1040 Neque
1530 1006 1637 1030 tamen
1660 1009 1760 1030 vanos
1785 999 1915 1029 dixerim
1937 999 2128 1040 inutilesque
2145 1000 2328 1031 Madalenae
2350 1001 2395 1031 la-

1330 1044 1432 1082 bores,
1448 1054 1483 1074 ac
1499 1043 1525 1073 si
1540 1043 1698 1074 laudabile
1712 1043 1791 1073 nihil
1806 1043 1845 1073 ad
1861 1043 1996 1073 aliorum
2011 1043 2131 1083 vigilias
2150 1045 2304 1075 adiecerit.
2322 1045 2395 1075 Plu-

1329 1097 1377 1118 res
1400 1087 1468 1118 imo
1492 1087 1525 1117 in
1549 1087 1617 1118 eius
1641 1087 1798 1127 opusculo
1822 1094 1877 1117 aut
1900 1087 2135 1118 emendationes
2165 1095 2219 1119 aut
2246 1089 2395 1120 lectiones

1329 1131 1432 1161 variae
1455 1138 1608 1171 prostant,
1633 1141 1670 1161 ex
1685 1131 1792 1161 codice
1811 1130 1867 1161 illo
1881 1131 2084 1162 Alcanitiensi
2101 1132 2304 1173 desumptae:
2324 1133 2395 1174 qui-

1329 1175 1389 1205 bus
1399 1182 1454 1206 aut
1468 1175 1632 1215 expurgari
1646 1175 1770 1205 mendis
1780 1181 1884 1215 potest
1894 1175 2044 1205 Summae
2054 1175 2267 1216 Theologicae
2281 1183 2395 1216 textus,

1330 1225 1385 1250 aut
1407 1219 1433 1249 si
1457 1219 1586 1260 quando
1603 1219 1766 1249 involutus
1784 1225 1815 1249 et
1831 1219 1984 1249 obscurus
2000 1226 2139 1259 apparet,
2153 1220 2240 1250 reddi
2256 1221 2394 1252 nitidior.

1329 1264 1411 1294 Rem
1441 1263 1604 1294 nonnullis
1627 1262 1782 1303 patefacio
1802 1263 1962 1303 exemplis.
1980 1263 1991 1293 1
2011 1273 2089 1303 pan,
2106 1274 2160 1304 qu.
2180 1274 2218 1302 x,
2235 1271 2289 1295 art.
2309 1275 2340 1303 v,
2356 1273 2394 1296 c.:

1333 1307 1500 1344 Quaedam
1531 1317 1607 1339 vero
1639 1307 1793 1338 recedunt
1821 1308 1928 1338 minus
1950 1317 1971 1337 a
1993 1309 2220 1347 permanentia
2250 1309 2394 1347 essendi,

1329 1353 1406 1392 quia
1429 1361 1498 1382 esse
1520 1362 1630 1382 eorum
1655 1361 1714 1382 nec
1736 1353 1768 1382 in
1793 1353 2063 1382 transmutatione
2085 1353 2243 1390 consistit,
2269 1363 2327 1384 nec
2349 1359 2396 1384 est

1329 1396 1504 1427 subiectum
1529 1397 1824 1441 transmutationis:
1839 1401 1945 1426 tamen
1966 1396 2083 1426 habent
2097 1398 2395 1428 transmutationem

1330 1441 1515 1471 adiunctam
1540 1441 1590 1471 vel
1612 1441 1645 1470 in
1668 1446 1743 1471 actu
1763 1440 1814 1470 vel
1829 1441 1862 1471 in
1875 1441 2031 1480 potentia.
2055 1440 2145 1470 Sicut
2157 1446 2249 1480 patet
2265 1442 2297 1471 in
2323 1451 2395 1472 cor-

1324 1483 1461 1525 poribus
1475 1484 1674 1522 caelestibus,
1683 1494 1819 1525 quorum
1835 1494 1903 1515 esse
1915 1484 2126 1515 substantiale
2141 1490 2188 1515 est
2202 1486 2397 1516 intransmu-

1331 1529 1444 1560 tabile:
1458 1534 1564 1559 tamen
1582 1538 1650 1560 esse
1665 1529 1944 1559 intransmutabile
1957 1528 2074 1559 habent
2089 1538 2160 1559 cum
2171 1530 2399 1560 transmutabi-

1331 1574 1422 1604 litate
1442 1573 1618 1604 secundum
1635 1573 1749 1604 locum.
1773 1573 1817 1603 Et
1831 1573 1980 1604 similiter
1988 1578 2082 1613 patet
2097 1573 2137 1603 de
2150 1574 2297 1614 Angelis,
2314 1574 2399 1614 quod

1330 1618 1451 1648 scilicet
1472 1618 1589 1648 habent
1611 1627 1680 1648 esse
1702 1617 1982 1648 intransmutabile
2003 1627 2075 1648 cum
2095 1618 2400 1649 transmutabilitate

1330 1662 1505 1693 secundum
1521 1662 1715 1698 electionem,
1726 1667 1881 1702 quantum
1898 1661 1942 1692 ad
1955 1671 2066 1692 eorum
2081 1667 2232 1692 naturam
2244 1663 2397 1702 pertinet,

1331 1711 1363 1736 et
1384 1716 1456 1737 cum
1480 1706 1785 1737 transmutabilitate
1814 1706 2113 1747 intelligentiarum,
2139 1711 2170 1736 et
2191 1705 2396 1746 affectionum

1331 1755 1363 1781 et
1384 1751 1527 1781 locorum
1551 1760 1610 1781 suo
1628 1749 1732 1780 modo.
1755 1750 1850 1781 Tolle
1872 1760 1946 1781 cum
1961 1749 2163 1780 Alcanitiensi
2181 1750 2289 1781 codice
2304 1752 2399 1782 verba

1330 1794 1402 1832 illa,
1425 1799 1580 1835 quantum
1604 1794 1648 1824 ad
1677 1804 1787 1824 eorum
1818 1800 1969 1825 naturam
1987 1795 2147 1834 pertinet,
2172 1805 2208 1825 ac
2231 1794 2329 1825 nitida
2351 1805 2397 1826 re-

1331 1845 1439 1869 manet
1467 1838 1562 1879 plana
1584 1838 1747 1879 facilisque
1770 1838 1875 1869 lectio.
1900 1839 1964 1876 Qu.
1979 1848 2069 1877 xvm,
2092 1845 2148 1869 art.
2170 1848 2208 1869 111
2238 1846 2283 1870 c.:
2302 1839 2398 1870 Inve-

1332 1884 1468 1914 niuntur
1491 1884 1595 1924 igitur
1616 1883 1785 1923 quaedam,
1810 1892 1894 1923 quae
1915 1888 2042 1913 movent
2063 1884 2179 1923 seipsa,
2205 1893 2268 1913 non
2291 1884 2398 1915 habito

1331 1933 1477 1968 respectu
1500 1927 1545 1958 ad
1555 1926 1706 1968 formam
1731 1927 1782 1958 vel
1793 1928 1910 1968 finem,
1935 1937 2019 1967 quae
2042 1928 2122 1958 inest
2146 1929 2192 1958 eis
2213 1937 2234 1958 a
2258 1933 2400 1959 natura:

1330 1972 1388 2003 sed
1409 1972 1513 2003 solum
1546 1977 1702 2012 quantum
1726 1971 1770 2002 ad
1793 1972 2010 2002 executionem
2039 1977 2152 2002 motus.
2181 1971 2245 2002 Sed
2262 1971 2398 2012 forma,

1325 2026 1390 2057 per
1411 2026 1508 2057 quam
1532 2021 1638 2057 agunt
1653 2021 1684 2047 et
1696 2015 1781 2057 finis
1788 2021 1925 2056 propter
1942 2025 2034 2056 quem
2051 2021 2167 2057 agunt,
2184 2015 2401 2047 determinan-

1332 2066 1387 2091 tur
1409 2062 1456 2091 eis
1478 2071 1499 2091 a
1523 2065 1653 2091 natura.
1678 2060 1872 2091 Sententiam
1894 2059 2059 2091 clariorem
2076 2060 2183 2099 habes,
2208 2060 2234 2090 si
2257 2070 2331 2091 cum
2347 2071 2400 2091 eo-

1333 2105 1407 2135 dem
1430 2105 1540 2136 codice
1561 2105 1662 2145 legas:
1686 2104 1904 2135 Inveniuntur
1927 2105 2031 2145 igitur
2048 2104 2217 2145 quaedam,
2237 2114 2320 2145 quae
2335 2115 2401 2135 mo-

1331 2155 1406 2180 vent
1427 2150 1532 2190 seipsa
1565 2149 1669 2180 solum
1698 2154 1852 2190 quantum
1884 2149 1928 2179 ad
1954 2150 2171 2179 executionem
2199 2154 2323 2179 motus:
2344 2149 2402 2180 sed

1321 2193 1452 2235 forma,
1471 2203 1535 2234 per
1551 2203 1648 2234 quam
1668 2199 1774 2235 agunt
1792 2200 1849 2224 etc.
1874 2193 1938 2230 Qu.
1954 2202 2025 2231 xlx,
2054 2199 2109 2223 art.
2125 2202 2138 2222 1
2161 2192 2200 2222 ad
2219 2193 2253 2222 3:
2284 2192 2400 2223 Volun-

1331 2243 1392 2276 tas,
1418 2239 1510 2269 cuius
1532 2238 1686 2268 obiectum
1703 2237 1888 2278 principale
1911 2242 1957 2267 est
1979 2237 2107 2274 bonum,
2131 2236 2217 2276 quod
2235 2242 2282 2267 est
2304 2242 2399 2268 extra

1331 2283 1537 2320 voluntatem,
1562 2279 1685 2322 oportet
1706 2282 1792 2322 quod
1813 2282 1855 2312 sit
1877 2286 1962 2311 mota
1979 2281 2020 2311 ab
2038 2281 2123 2311 alio.-
2145 2280 2200 2311 ubi
2215 2290 2399 2320 germanam

1329 2326 1511 2364 lectionem,
1535 2326 1584 2356 sui
1607 2326 1724 2356 codicis
1747 2335 1820 2366 ope,
1845 2325 1888 2355 sic
1910 2324 2044 2356 restituit
2057 2324 2233 2362 Madalena,
2249 2325 2334 2365 quod
2352 2331 2400 2356 est

1331 2376 1425 2402 extra
1449 2371 1615 2401 volentem.
1640 2370 1669 2400 1⁸
1691 2370 1765 2409 11³⁸,
1789 2379 1843 2410 qu.
1858 2379 1928 2408 xm,
1947 2376 2003 2400 art.
2025 2379 2045 2398 v
2068 2376 2115 2399 c.:
2138 2369 2234 2399 Ratio
2257 2369 2399 2410 eligendi

1329 2414 1454 2455 aliquid
1476 2420 1538 2452 est,
1564 2419 1599 2444 ut
1621 2424 1663 2444 ex
1685 2414 1744 2444 hoc
1769 2414 1928 2454 possimus
1958 2414 2108 2454 consequi
2126 2413 2232 2453 finem
2263 2414 2313 2444 vel
2339 2414 2399 2444 hoc

1329 2459 1415 2500 quod
1441 2459 1529 2489 ducit
1557 2458 1600 2488 ad
1621 2458 1738 2499 finem.
1769 2457 1895 2489 Sincera
1923 2457 2048 2488 videtur
2075 2457 2258 2488 Madalenae
2287 2457 2397 2488 lectio:

1329 2504 1425 2534 Ratio
1449 2502 1591 2544 eligendi
1612 2502 1736 2543 aliquid
1767 2507 1815 2533 est
1837 2512 1879 2532 ex
1900 2502 1970 2540 hoc,
1995 2501 2080 2542 quod
2102 2501 2190 2532 ducit
2218 2501 2263 2532 ad
2281 2502 2398 2543 finem.

1330 2548 1394 2585 Qu.
1412 2557 1468 2586 cn,
1484 2554 1540 2578 art.
1558 2556 1596 2577 111
1618 2547 1659 2577 ad
1682 2554 1718 2588 7:
1742 2547 1938 2577 Prohibitum
1963 2551 2035 2577 erat
2057 2555 2097 2576 ne
2127 2546 2302 2576 mercedem
2321 2556 2399 2586 pro-

1329 2592 1438 2622 stibuli
1460 2597 1519 2622 aut
1528 2591 1671 2632 pretium
1688 2592 1798 2622 carnis
1816 2591 1849 2621 in
1867 2591 1995 2621 domum
2010 2591 2074 2620 Dei
2091 2589 2257 2630 offerrent.
2289 2589 2400 2620 Codex

1329 2635 1549 2667 Alcanitiensis
1575 2636 1717 2676 pretium
1748 2636 1838 2666 canis
1866 2634 1978 2665 habet:
2011 2641 2047 2665 ut
2074 2644 2190 2674 nempe
2221 2634 2335 2674 legitur
2365 2634 2399 2664 in

1327 2690 1406 2711 xxm
1422 2680 1522 2721 capite
1540 2679 1795 2718 Deuteronomii,
1809 2684 1838 2710 v.
1862 2679 1910 2710 18.
1926 2679 2046 2709 Ibidem
2071 2685 2127 2709 art.
2144 2687 2177 2708 tv
2198 2678 2237 2708 ad
2257 2679 2294 2708 6:
2310 2678 2398 2708 Arca

1327 2726 1390 2756 sita
1414 2730 1485 2755 erat
1508 2726 1593 2755 inter
1614 2724 1695 2755 duos
1721 2723 1902 2761 Cherubim,
1927 2724 1983 2764 qui
1999 2733 2034 2754 se
2052 2723 2172 2753 mutuis
2195 2722 2332 2752 vultibus
2347 2732 2396 2752 re-

1327 2769 1519 2810 spiciebant:
1541 2774 1572 2799 et
1594 2778 1692 2809 super
1708 2769 1828 2799 Arcam
1849 2773 1920 2798 erat
1942 2767 2098 2808 quaedam
2123 2766 2232 2797 tabula
2255 2766 2394 2806 lapidea,

1327 2823 1411 2854 quae
1441 2813 1607 2844 dicebatur
1623 2813 1903 2853 propitiatorium,
1922 2812 2032 2842 subter
2053 2811 2125 2841 alas
2150 2810 2329 2840 Cherubim.
2352 2812 2396 2841 At

1327 2857 1584 2899 propitiatorium
1611 2857 1651 2888 de
1673 2866 1756 2887 auro
1784 2856 1991 2887 mundissimo
2021 2854 2225 2886 fabrefactum
2251 2854 2397 2884 luculen-

1329 2902 1449 2933 tissime
1479 2909 1609 2932 testatur
1641 2911 1726 2931 sacra
1758 2900 1917 2941 Scriptura
1945 2899 2047 2930 Exodi
2079 2909 2146 2938 cap.
2161 2908 2231 2935 xxv,
2253 2903 2282 2928 v.
2305 2898 2342 2928 18
2366 2904 2398 2929 et

1329 2957 1397 2987 cap.
1411 2955 1530 2984 xxxvii,
1545 2951 1575 2976 it.
1594 2946 1624 2976 6.
1649 2945 1767 2976 Mendo
1791 2945 1908 2985 itaque,
1930 2944 2019 2984 quod
2041 2943 2074 2973 in
2094 2942 2176 2973 edita
2194 2942 2285 2982 plura
2303 2942 2396 2972 Sum-

1330 3000 1402 3021 mae
1424 2990 1639 3030 Theologicae
1663 2988 1851 3029 exemplaria
1879 2988 2021 3028 irrepsit,
2044 2986 2263 3017 Alcanitiensis
2282 2986 2399 3027 aliique

1329 3034 1453 3065 codices
1478 3041 1600 3072 carent,
1624 3033 1657 3063 in
1686 3033 1802 3074 quibus
1825 3032 1868 3063 ita
1897 3032 2030 3072 legitur:
2055 3031 2159 3070 Super
2186 3040 2297 3061 arcam
2326 3036 2399 3061 erat

1328 3079 1486 3119 quaedam
1516 3079 1641 3115 tabula,
1672 3087 1756 3118 quae
1777 3077 1943 3107 dicebatur
1964 3075 2237 3116 propitiatorium.
2260 3075 2330 3104 Hac
2358 3074 2397 3104 de

1331 3133 1364 3153 re
1387 3123 1480 3153 latius
1505 3129 1535 3153 et
1558 3121 1685 3153 uberius
1703 3121 1793 3151 infra.
1810 3121 1852 3151 11⁸
1874 3120 1948 3158 11⁸2,
1972 3130 2026 3160 qu.
2042 3129 2070 3157 1,
2095 3125 2150 3149 art.
2166 3129 2186 3148 v
2205 3118 2246 3148 ad
2269 3126 2301 3148 1:
2318 3118 2397 3159 Infi-

1331 3167 1419 3198 deles
1442 3176 1569 3204 eorum,
1593 3175 1677 3207 quae
1697 3170 1773 3196 sunt
1791 3164 1894 3205 fidei,
1919 3164 2138 3205 ignorantiam
2162 3163 2295 3200 habent,
2321 3164 2398 3203 quia

1329 3221 1388 3241 nec
1410 3211 1532 3248 vident,
1558 3220 1616 3241 nec
1637 3210 1743 3240 sciunt
1765 3219 1803 3239 ea
1831 3218 1899 3239 esse
1926 3208 2100 3239 credibilia.
2130 3207 2241 3247 Longe
2269 3206 2398 3236 nitidior

1328 3255 1362 3285 in
1379 3254 1487 3285 codice
1515 3264 1608 3294 saepe
1634 3253 1762 3284 laudato
1791 3252 1926 3283 occurrit
1952 3251 2065 3282 lectio:
2093 3251 2177 3288 Quia
2202 3261 2260 3281 nec
2291 3250 2398 3280 vident

1328 3304 1387 3329 aut
1408 3299 1514 3329 sciunt
1530 3308 1568 3328 ea
1584 3299 1617 3328 in
1636 3298 1758 3338 seipsis,
1786 3306 1844 3327 nec
1865 3301 2063 3337 cognoscunt
2082 3305 2120 3325 ea
2137 3304 2204 3326 esse
2221 3294 2395 3325 credibilia.

1329 3343 1393 3380 Qu.
1417 3352 1460 3379 11,
1485 3349 1541 3372 art.
1565 3351 1598 3372 tx
1620 3342 1659 3371 ad
1686 3342 1720 3371 3:
1749 3340 1840 3371 Unde
1863 3350 1926 3371 non
1956 3340 2068 3370 leviter
2095 3339 2215 3375 credit,
2245 3348 2316 3368 cum
2340 3338 2398 3368 ha-

1329 3387 1400 3416 beat
1422 3386 1588 3427 sufficiens
1610 3385 1806 3415 inductivum
1830 3384 1874 3414 ad
1892 3384 2103 3415 credendum:
2121 3388 2151 3412 et
2169 3382 2239 3412 ideo
2255 3391 2318 3412 non
2338 3382 2397 3412 tol-

1329 3431 1409 3460 litur
1436 3431 1520 3460 ratio
1548 3430 1664 3459 meriti.
1698 3429 1834 3459 Sensum
1862 3434 2046 3467 textumque
2072 3426 2251 3466 legitimum
2272 3425 2400 3456 exhibet

1329 3474 1445 3504 codex:
1473 3472 1566 3503 Unde
1587 3483 1651 3503 non
1675 3472 1788 3502 leviter
1816 3472 1933 3502 credit:
1955 3477 2060 3502 tamen
2091 3480 2153 3500 non
2182 3470 2275 3500 habet
2302 3469 2397 3510 suffi-

1329 3519 1416 3548 ciens
1443 3517 1639 3548 inductivum
1662 3516 1706 3546 ad
1727 3515 1890 3546 sciendum
1915 3520 1945 3546 et
1967 3515 2038 3546 ideo
2066 3524 2128 3545 non
2158 3514 2283 3545 tollitur
2312 3514 2398 3544 ratio

1329 3562 1444 3592 meriti.
