2788 4204
45 925 54 934 ·
69 922 112 945 Ed.
126 929 152 945 c:
172 922 256 944 dietin-

45 950 128 972 ctione.

0 2697 7 2757 i

1139 299 1251 335 CAP.
1281 300 1349 346 xi,

286 386 352 420 quo
381 386 479 408 suum
502 374 721 418 significatum
746 374 937 408 distractum
954 384 1011 408 est.
1033 375 1085 409 Ad
1108 385 1273 420 utrunque
1297 388 1351 408 au-

285 433 352 457 tem
375 423 610 456 insinuandum
639 422 831 455 Aristoteles
855 422 921 456 duo
946 423 1040 463 dixit,
1062 432 1095 456 et
1118 423 1207 468 quod
1231 423 1351 456 habent

286 473 533 516 oppositionem
549 483 648 516 quarn
665 472 813 515 sequitur
829 472 1053 512 contradictio,
1070 471 1238 505 attendens
1255 473 1351 515 signi-

285 520 378 554 ficata
401 531 518 554 eorum
538 519 721 553 secundum
745 531 790 560 se,
814 529 846 553 et
870 520 959 564 quod
983 521 1082 553 etiam
1101 532 1140 553 ex
1164 521 1210 553 eis
1234 519 1350 553 forma-

286 577 339 601 tur
354 580 419 602 una
435 580 511 602 vera
528 569 715 602 enunciatio
733 579 809 601 cum
830 568 957 609 dicitur,
975 569 1106 602 Socrates
1121 569 1261 602 esthomo
1274 580 1351 602 mor-

287 624 367 658 tuus,
396 617 566 650 attendens
595 618 863 650 coniunctionem
894 629 1009 650 eorum
1039 617 1169 650 alterius
1193 618 1351 661 corrupti-

286 677 370 699 vam.
396 666 493 699 Unde
522 674 610 710 patet
634 665 713 710 quid
729 665 905 699 dicendum
929 667 971 699 sit
994 665 1034 699 ad
1051 665 1280 699 dubitationes.
1297 665 1349 699 Ad

286 723 458 759 utramque
486 714 649 758 siquidem
677 714 812 755 dicitur,
837 714 927 759 quod
950 726 1019 748 non
1043 716 1259 748 enunciantur
1282 714 1348 748 duo

286 762 536 796 contradictoria
560 762 659 795 simul
683 762 722 796 de
739 763 867 803 eodem,
885 763 942 797 sed
958 764 1116 797 terminus
1141 772 1177 796 ut
1203 772 1266 796 stat
1289 763 1348 796 sub

285 812 494 845 distractione
502 812 529 852 *‚
540 824 598 845 seu
615 813 888 845 transmutatione
905 811 1106 852 alterius‚cui
1116 811 1298 845 secundum
1314 824 1349 845 se

285 869 370 894 esset
385 860 667 894 contradictorius.

354 919 382 952 5.
400 909 578 943 Dubitatur
600 921 734 954 quoque
758 911 842 943 circa
869 909 904 943 id
927 909 1017 954 quod
1049 910 1108 942 ait:
1131 910 1211 943 Inest
1232 909 1351 953 aliquid

284 959 484 1004 oppositorum
499 970 576 1003 quae
591 960 778 1003 consequitur
792 959 997 998 contradicam
1014 958 1180 1002 superflue
1196 959 1285 991 enim
1305 958 1351 990 vi-

285 1006 379 1040 detur
391 1007 465 1041 addi
478 1007 531 1040 illa
544 1007 711 1051 particula,
720 1019 797 1051 quae
808 1008 996 1052 consequitur
1007 1007 1205 1041 contradictio.
1224 1006 1350 1040 Omnia

285 1057 374 1089 enirn
387 1058 539 1100 opposita
553 1058 765 1101 consequitur
781 1056 1006 1097 contradictio,
1018 1065 1055 1089 ut
1071 1064 1159 1100 patet
1172 1054 1351 1088 discurren-

285 1104 329 1138 do
345 1105 379 1137 in
395 1104 548 1148 singulis;
564 1113 656 1148 pater
671 1105 759 1138 enim
776 1113 824 1138 est
841 1116 910 1138 non
925 1104 1022 1145 filius,
1039 1113 1071 1137 et
1088 1103 1198 1136 album
1215 1114 1282 1135 non
1299 1103 1348 1135 ni-

285 1165 391 1197 grum,
408 1162 440 1186 et
463 1153 577 1186 videns
593 1165 662 1186 non
679 1165 813 1186 caecum
830 1162 889 1186 etc.

353 1202 394 1235 Et
417 1201 457 1235 ad
480 1201 544 1234 hoc
568 1201 744 1235 dicendum
768 1201 931 1246 estquod
955 1202 1108 1245 opposita
1131 1209 1271 1244 possunt
1294 1200 1351 1233 du-

284 1250 412 1295 pliciter
434 1251 552 1294 accipi:
577 1262 645 1284 uno
662 1250 764 1284 modo
785 1250 973 1290 formaliter,
990 1249 1074 1283 idest
1088 1248 1270 1282 secundum
1291 1260 1350 1282 sua

284 1298 480 1343 significata;
496 1298 560 1331 alio
580 1298 683 1332 modo
701 1298 955 1338 denominative,
972 1309 1029 1331 seu
1047 1297 1234 1330 subiective.
1249 1296 1349 1329 Verbi

283 1349 404 1392 gratia,
427 1356 519 1392 pater
547 1356 581 1380 et
608 1347 694 1381 filius
726 1356 866 1403 possunt
889 1348 991 1390 accipi
1010 1357 1071 1390 pro
1103 1346 1294 1390 paternitate
1318 1355 1350 1379 et

243 1415 255 1418 ⁴
283 1395 451 1436 fiiiatione,
475 1405 508 1429 et
523 1405 664 1439 possunt
680 1396 783 1440 accipi
804 1407 865 1440 pro
882 1407 922 1429 eo
940 1396 996 1440 qui
1013 1394 1243 1428 denominatur
1259 1403 1350 1438 pater

283 1445 337 1478 vel
359 1444 456 1478 filius.
481 1445 607 1478 Rursus
631 1456 707 1478 cum
732 1445 840 1477 omnis
868 1444 1034 1478 distinctio
1058 1442 1114 1476 fiat
1137 1443 1348 1487 oppositione

284 1493 404 1539 aliqua,
421 1502 458 1526 ut
481 1493 599 1527 dicitur
622 1494 656 1526 in
673 1494 705 1527 X
722 1494 963 1539 Metaphysicae,
981 1500 1188 1536 supponatur
1211 1492 1349 1525 omnino

284 1541 435 1576 distincta
451 1554 522 1575 esse
534 1543 700 1598 opposita.
718 1542 906 1575 Dicendum
924 1553 1003 1586 ergo
1024 1550 1073 1575 est
1089 1540 1190 1586 quod,
1214 1540 1289 1573 licet
1309 1540 1349 1573 ad

284 1592 396 1626 omnia
423 1592 576 1635 opposita
599 1603 658 1624 seu
682 1590 833 1624 distincta
850 1591 1064 1624 contradictio
1088 1599 1242 1634 sequatur
1266 1590 1349 1622 inter

284 1652 319 1674 se
341 1640 521 1674 formaliter
541 1649 688 1684 sumpta,
705 1651 773 1673 non
797 1649 907 1673 tamen
928 1639 968 1673 ad
992 1640 1103 1673 omnia
1120 1640 1273 1683 opposita
1296 1651 1347 1672 se-

285 1689 397 1733 quitur
409 1688 623 1722 contradictio
636 1689 720 1721 inter
733 1689 802 1732 ipsa
816 1687 1059 1721 denominative
1072 1695 1212 1731 sumpta.
1223 1687 1349 1727 Quam-

283 1737 333 1769 vis
357 1737 446 1769 enim
462 1745 553 1781 pater
576 1744 608 1768 et
623 1735 710 1768 filius
734 1745 884 1769 mutuam
908 1737 959 1769 sui
976 1736 1186 1779 negationem
1210 1734 1349 1768 inferant

284 1786 369 1819 inter
391 1797 426 1819 se
442 1784 631 1825 formaliter,
649 1785 725 1829 quia
748 1785 924 1828 paternitas
949 1793 998 1817 est
1020 1795 1088 1817 non
1109 1783 1237 1824 filiatio,
1261 1793 1293 1816 et
1309 1783 1347 1816 fi-

284 1833 374 1867 liatio
403 1843 452 1867 est
474 1845 543 1867 non
567 1834 757 1877 paternitas3
782 1834 816 1866 in
839 1832 996 1866 relatione
1013 1842 1122 1866 tamen
1147 1832 1187 1866 ad
1203 1832 1349 1865 denomi-

283 1891 419 1923 natum,
448 1882 741 1916 contradictionem
771 1893 840 1914 non
870 1882 1055 1915 necessario
1086 1881 1237 1914 inferunt.
1267 1882 1348 1915 Non

283 1931 372 1965 enim
388 1931 546 1975 sequitur,
567 1930 698 1963 Socrates
713 1936 755 1963 est
764 1935 868 1974 pater;
895 1941 962 1973 ergo
985 1941 1045 1963 non
1060 1935 1102 1963 est
1115 1929 1203 1975 filius
1208 1941 1222 1969 ;
1246 1941 1306 1962 nec
1330 1941 1347 1962 e

283 1982 453 2013 converso.
464 1980 509 2012 Ut
521 1978 730 2023 persuaderet
745 1979 844 2022 igitur
856 1978 1049 2012 Aristoteles
1066 1978 1156 2023 quod
1169 1990 1238 2011 non
1251 1990 1347 2023 quae-

283 2040 414 2073 cunque
443 2028 596 2072 opposita
624 2026 774 2070 colligata
798 2026 983 2071 impediunt
1006 2027 1143 2061 divisam
1167 2026 1348 2060 illationem

282 2077 376 2125 (quia
398 2088 468 2110 non
484 2075 537 2109 illa
554 2088 637 2121 quae
661 2075 781 2109 habent
797 2075 1088 2110 contradictionem
1105 2087 1265 2109 annexam
1281 2075 1347 2108 for-

282 2125 411 2160 maliter
429 2134 568 2166 tantum,
591 2124 649 2158 sed
670 2124 723 2158 illa
747 2137 848 2169 quae
855 2124 977 2158 habent
1000 2124 1291 2158 contradictionem
1316 2133 1347 2157 et

282 2175 461 2208 formaliter
477 2183 510 2208 et
525 2173 707 2208 secundum
730 2185 800 2207 rem
816 2173 1089 2219 denominatam),
1110 2172 1247 2207 addidit:
1271 2184 1349 2218 quae

283 2224 471 2267 consequitur
493 2222 695 2262 contradictio,
720 2223 754 2255 in
778 2223 875 2255 tertio
898 2222 1023 2255 scilicet
1055 2221 1277 2255 denominato.
1307 2222 1348 2254 Et

283 2283 364 2305 usus
387 2280 437 2305 est
452 2272 528 2304 satis
546 2283 690 2315 congrue
706 2270 880 2311 vocabulo,
897 2270 1030 2312 scilicet,
1050 2272 1254 2316 consequitur:
1271 2282 1348 2304 con-

283 2320 433 2355 tradictio
461 2321 549 2353 enim
567 2321 627 2353 ista
651 2321 685 2354 in
701 2321 797 2353 tertio
819 2328 868 2353 est
892 2319 1144 2364 quodammodo
1166 2329 1254 2352 extra
1277 2320 1348 2363 ipsa

283 2369 446 2413 opposita.

350 2420 382 2450 6.
398 2417 527 2451 Deinde
551 2428 627 2450 cum
651 2416 745 2450 dicit:
773 2417 827 2450 Vel
850 2418 939 2450 etiam
954 2417 1075 2461 quando
1091 2423 1131 2450 est
1154 2425 1227 2457 etc„
1244 2417 1348 2450 decla·

283 2475 332 2500 rat
355 2465 445 2511 quod
477 2477 517 2498 ex
540 2477 608 2498 non
639 2467 801 2509 oppositis
830 2466 864 2498 in
895 2466 991 2498 tertio
1023 2466 1206 2499 coniunctis
1230 2477 1347 2498 secun-

283 2515 363 2549 dum
392 2526 498 2547 unum
528 2514 769 2558 praedicatum,
793 2525 861 2547 non
890 2514 1114 2547 universaliter
1138 2523 1278 2558 possunt
1301 2515 1348 2547 in-

281 2564 356 2598 ferri
372 2572 479 2608 partes
496 2563 636 2597 divisim.
655 2564 696 2596 Et
719 2564 838 2607 primo,
861 2563 926 2596 hoc
946 2564 1104 2607 proponit
1124 2564 1215 2607 quasi
1239 2575 1348 2596 emen-

282 2612 362 2646 dans
379 2612 469 2657 quod
484 2611 671 2644 immediate
685 2611 817 2651 dixerat,
833 2611 1050 2655 subiungens:
1071 2611 1126 2644 Vel
1141 2613 1230 2644 etiam
1249 2622 1347 2655 quan-

281 2662 318 2696 do
333 2668 386 2702 est,
403 2660 526 2694 scilicet
549 2662 716 2704 oppositio
733 2662 817 2694 inter
832 2661 989 2693 terminos
1010 2661 1217 2698 coniunctos,
1229 2660 1349 2705 falsum

282 2718 324 2745 est
336 2717 460 2755 semper,
475 2709 597 2742 scilicet
613 2709 731 2742 inferre
748 2709 897 2748 divisim;
914 2709 1006 2753 quasi
1023 2708 1162 2742 diceret:
1177 2709 1241 2742 dixi
1258 2708 1349 2753 quod

282 2759 416 2804 quando
431 2760 517 2792 inest
540 2759 720 2802 oppositio,
737 2770 805 2791 non
821 2769 937 2791 verum
953 2757 1011 2791 sed
1027 2757 1146 2791 falsum
1163 2767 1211 2791 est
1232 2757 1348 2790 inferre

283 2808 432 2848 divisim;
449 2807 582 2852 quando
606 2816 715 2841 autem
739 2818 808 2840 non
829 2807 914 2840 inest
936 2806 1008 2840 talis
1033 2807 1212 2850 oppositio,
1233 2817 1348 2839 verum

283 2866 333 2891 est
356 2857 472 2890 inferre
503 2857 644 2890 divisim.
668 2856 732 2890 Vel
756 2857 854 2889 etiam
883 2865 919 2888 ut
949 2855 1066 2889 melius
1091 2855 1234 2895 dicatur,
1259 2855 1349 2900 quod

284 2905 416 2950 quando
440 2914 489 2938 est
512 2906 691 2950 oppositio,
709 2905 827 2938 falsum
851 2913 899 2938 est
915 2916 1055 2948 semper,
1081 2904 1214 2949 quando
1238 2914 1349 2937 autem

283 2965 352 2986 non
376 2954 460 2986 inest
482 2953 554 2986 talis
578 2955 758 2998 oppositio,
775 2965 843 2986 non
867 2965 997 2998 semper
1024 2965 1139 2987 verum
1163 2961 1221 2986 est.
1240 2953 1280 2986 Et
1303 2954 1349 2985 sic

284 3001 485 3036 modificavit
501 3003 684 3046 supradicta
701 3002 852 3036 addendo
875 3002 910 3046 ly
929 3009 1061 3047 semper,
1086 3011 1127 3042 et,
1144 3014 1204 3035 non
1228 3009 1349 3047 semper.

285 3052 326 3085 Et
349 3050 492 3084 subdens
521 3051 708 3095 exemplum
733 3050 823 3095 quod
846 3062 915 3084 non
939 3062 1069 3095 semper
1088 3063 1127 3084 ex
1149 3063 1217 3084 non
1242 3062 1348 3094 oppo-

285 3101 354 3133 sitis
378 3108 533 3143 sequatur
549 3099 677 3138 divisio,
694 3100 752 3132 ait:
779 3099 830 3139 Ut,
847 3099 1001 3132 Homerus
1016 3106 1057 3132 est
1072 3099 1189 3143 aliquid
1204 3106 1237 3132 ut
1247 3105 1350 3143 poeta,·

285 3160 352 3192 ergo
375 3148 464 3181 etiam
491 3149 554 3189 est?
570 3148 652 3181 Non.
670 3148 718 3180 Ex
741 3147 805 3180 hoc
822 3148 1018 3187 coniuncto,
1039 3154 1080 3181 est
1098 3154 1196 3192 poeta,
1217 3147 1256 3181 de
1281 3148 1350 3180 Ho-

285 3208 377 3230 mero
401 3197 595 3236 enunciato,
619 3196 718 3229 altera
741 3207 834 3240 parS,
858 3208 924 3239 ergo
948 3197 1101 3230 Homerus
1123 3202 1181 3237 est,
1206 3207 1274 3229 non
1299 3208 1350 3228 se-

286 3246 414 3290 quitur;
438 3254 471 3278 et
493 3254 603 3278 tamen
627 3244 750 3278 clarum
769 3254 818 3278 est
842 3245 932 3289 quod
956 3246 1034 3278 istae
1051 3245 1134 3278 duae
1158 3253 1264 3288 partes
1285 3244 1350 3277 col—

286 3295 421 3338 ligatae,
447 3299 488 3326 est
510 3302 543 3327 et
564 3300 663 3338 poeta,
681 3305 750 3326 non
773 3293 893 3326 habent
909 3294 1166 3337 oppositi0nem,
1191 3293 1231 3326 ad
1251 3305 1350 3336 quam

287 3343 434 3386 sequitur
458 3341 683 3374 contradictio.
708 3342 812 3385 Igitur
834 3353 903 3374 non
931 3353 1061 3385 semper
1084 3353 1123 3373 ex
1150 3352 1217 3373 non
1243 3352 1349 3384 oppo-

285 3392 356 3427 sitis
381 3391 564 3423 coniunctis
588 3389 690 3422 illatio
714 3389 817 3423 divisa
840 3397 928 3422 tenet
951 3398 1011 3422 etc.

354 3450 384 3482 7.
402 3438 530 3472 Deinde
555 3449 630 3471 cum
661 3437 755 3471 dicit:
782 3437 949 3471 Secundum
980 3437 1110 3470 accidens
1137 3445 1210 3475 etc„
1235 3436 1350 3479 probat

287 3488 362 3529 hoc,
387 3487 477 3532 quod
493 3486 594 3520 modo
619 3486 742 3519 dictum
758 3494 818 3524 est,
835 3497 874 3518 ex
889 3496 930 3518 eo
946 3484 1036 3528 quod
1053 3484 1150 3517 altera
1166 3496 1240 3528 pars
1257 3485 1350 3517 istius

288 3537 474 3581 compositi,
491 3535 623 3575 scilicet,
639 3541 691 3574 est,
710 3535 743 3566 in
763 3533 973 3567 antecedente
991 3534 1168 3566 coniuncto
1185 3533 1349 3577 praedica-

287 3594 341 3618 tur
367 3585 406 3619 de
447 3586 594 3618 Homero
625 3584 788 3617 secundum
819 3584 972 3623 accidens,
1002 3583 1085 3616 idest
1112 3583 1237 3615 ratione
1271 3581 1349 3614 alte-

287 3635 365 3675 rius,
381 3635 535 3679 quoniam,
557 3633 680 3667 scilicet
703 3642 811 3677 poeta,
836 3632 1040 3677 praedicatur
1063 3631 1103 3665 de
1134 3632 1294 3671 Homero,
1318 3640 1350 3663 et

1380 299 1530 336 LECT.
1560 299 1628 335 VII

2400 301 2470 336 103

1405 388 1473 409 non
1489 375 1692 420 praedicatur
1707 375 1889 409 secundum
1910 387 1943 408 se
1960 375 1993 419 ly
2017 382 2059 408 est
2074 375 2113 408 de
2131 376 2298 415 Homero;
2316 375 2406 420 quod
2422 384 2470 409 ta-

1405 436 1481 457 men
1514 424 1666 464 infertur‚
1691 436 1767 457 cum
1796 423 2015 458 concluditur:
2033 435 2099 468 ergo
2116 424 2270 457 Homerus
2285 430 2335 457 est.
2352 443 2370 448 -
2381 424 2470 457 Con-

1405 473 1613 506 siderandum
1626 483 1675 507 est
1687 473 1740 506 hic
1757 473 1846 517 quod
1859 473 1898 506 ad
1911 472 2102 506 solvendam
2119 472 2208 506 illam
2222 472 2469 505 conclusionem

1405 523 1589 565 negativam
1603 549 1611 562 ,
1636 521 1768 561 scilicet,
1782 533 1877 554 -non
1898 532 2027 565 semper
2050 533 2089 554 ex
2113 532 2181 554 non
2205 519 2366 564 oppositis
2391 531 2468 553 con-

1404 571 1522 603 iunctis
1554 570 1689 604 infertur
1712 571 1853 610 divisim,
1874 570 2024 604 -sufficit
2049 583 2148 604 unam
2172 570 2359 603 instantiam
2390 580 2468 602 suae

1405 620 1576 663 oppositae
1599 620 1774 653 universali
1798 619 2007 653 affirmativae
2024 619 2147 653 afferre.
2166 620 2207 653 Et
2223 619 2286 652 hoc
2302 617 2377 651 fecit
2396 618 2468 650 Ari-

1404 667 1536 701 stoteles
1560 667 1752 702 adducendo
1788 668 1869 701 illud
1899 680 2003 711 genus
2028 669 2309 707 enunciationum,
2334 667 2368 699 in
2399 678 2468 710 quo

1404 716 1502 749 altera
1526 728 1599 760 pars
1624 718 1790 750 coniuncti
1807 726 1855 750 est
1878 716 2000 761 aliquid
2025 718 2190 761 pertinens
2207 716 2247 749 ad
2271 724 2380 749 actum
2401 716 2468 747 ani-

1404 777 1487 798 mae.
1516 766 1701 809 Loquimur
1717 766 1805 798 enim
1829 764 1930 798 modo
1947 765 1986 798 de
2003 766 2152 808 Homero
2168 765 2303 803 ‚vivente
2327 764 2362 796 in
2386 775 2467 807 poe-

1403 812 1544 846 matibus
1575 814 1643 846 suis
1674 814 1708 846 in
1739 813 1903 846 mentibus
1941 812 2125 845 hominum.
2148 813 2187 846 In
2218 812 2268 845 his
2304 811 2467 856 siquidem

1404 861 1688 895 enuntiationibus
1712 870 1817 905 partes
1836 862 2028 894 coniunctae
2052 873 2120 894 non
2143 870 2220 894 sunt
2244 861 2415 905 oppositae
2432 860 2467 894 in

1403 911 1511 949 tertio,
1529 919 1561 943 et
1583 919 1694 942 tamen
1716 920 1785 942 non
1808 908 1883 942 licet
1906 908 2022 942 inferre
2046 918 2217 953 utramque
2239 918 2366 953 partem
2387 907 2467 941 divi-

1404 960 1477 991 sim.
1496 959 1723 992 Committitur
1746 958 1834 990 enim
1858 957 1981 990 fallacia
2012 958 2193 991 secundum
2225 957 2303 1002 quid
2327 956 2367 990 ad
2390 957 2467 990 sim-

1404 1008 1540 1052 pliciter.
1556 1007 1636 1040 Non
1661 1007 1748 1039 enim
1771 1005 1867 1045 valet,
1892 1006 2006 1039 Caesar
2028 1013 2068 1039 est
2092 1006 2252 1046 laudatus,
2270 1017 2335 1049 ergo
2359 1012 2417 1039 est:
2434 1014 2467 1038 et

1404 1055 1510 1089 simile
1541 1064 1590 1088 est
1616 1054 1655 1088 de
1680 1066 1750 1087 esse
1783 1055 1816 1087 in
1841 1050 1957 1087 e'ffectu
1987 1054 2189 1098 dependente
2213 1056 2247 1088 in
2271 1054 2465 1088 conservari.

1406 1102 1590 1144 Quomodo
1622 1111 1731 1136 autem
1762 1102 1971 1146 intelligenda
1995 1104 2036 1136 sit
2066 1104 2147 1136 ratio
2171 1103 2211 1137 ad
2235 1103 2298 1136 hoc
2329 1102 2466 1136 adducta

1405 1151 1443 1184 ab
1467 1150 1642 1184 Aristotele
1666 1151 1700 1183 in
1724 1151 1871 1195 sequenti
1896 1150 2052 1194 particula
2077 1150 2210 1184 dicetur.

1471 1200 1502 1232 8.
1520 1198 1648 1232 Deinde
1673 1210 1749 1231 cum
1773 1198 1866 1231 dicit:
1888 1199 1993 1241 Quare
2015 1200 2047 1232 in
2070 1201 2305 1243 quantiscunque
2325 1208 2399 1239 etc„
2417 1210 2466 1232 re-

1405 1247 1546 1292 spondet
1568 1248 1651 1291 parti
1668 1247 1877 1280 affirmativae
1902 1249 2112 1292 quaestionis,
2135 1248 2266 1292 quando
2283 1247 2404 1281 scilicet
2428 1260 2467 1281 ex

1405 1297 1588 1330 coniunctis
1612 1296 1687 1329 licet
1710 1295 1826 1329 inferre
1851 1296 1991 1329 divisim.
2017 1297 2058 1329 Et
2086 1298 2178 1340 ponit
2202 1296 2281 1330 duas
2306 1296 2466 1330 conditio-

1404 1357 1462 1378 nes
1486 1345 1655 1389 oppositas
1679 1344 1872 1387 supradictis
1897 1344 2013 1377 debere
2037 1345 2212 1378 convenire
2236 1345 2270 1376 in
2294 1356 2408 1384 unum,
2426 1343 2466 1377 ad

1404 1394 1468 1427 hoc
1492 1403 1528 1426 ut
1551 1394 1656 1437 possit
1672 1392 1741 1426 fieri
1759 1393 1830 1426 talis
1848 1394 2097 1437 consequentia;
2115 1392 2248 1432 scilicet,
2265 1392 2355 1437 quod
2377 1392 2466 1425 nulla

1405 1444 1487 1476 inter
1511 1451 1616 1486 partes
1641 1442 1807 1474 coniuncti
1839 1443 2007 1486 oppositio
2032 1443 2088 1481 sit,
2113 1450 2145 1475 et
2168 1440 2257 1485 quod
2285 1441 2467 1474 secundum

1404 1504 1438 1524 se
1463 1490 1699 1535 praedicentur.
1717 1490 1813 1524 Unde
1834 1490 1912 1524 dicit
1934 1490 2103 1523 inferendo
2120 1502 2160 1523 ex
2176 1489 2286 1523 dictis:
2308 1489 2413 1532 Quare
2434 1491 2469 1523 in

1403 1541 1640 1585 quantiscunque
1650 1539 1909 1584 praedicamentis,
1931 1539 2014 1572 idest
2039 1538 2230 1583 praedicatis
2255 1537 2368 1571 ordine
2385 1550 2467 1582 quo-

1404 1589 1480 1622 dam
1504 1588 1663 1628 adunatis,
1687 1600 1778 1632 neque
1801 1589 1994 1622 contrarietas
2022 1588 2143 1632 aliqua,
2168 1588 2201 1620 in
2225 1588 2318 1620 cuius
2341 1588 2466 1620 ratione

1404 1637 1539 1682 ponitur
1563 1635 1775 1669 contradictio
1801 1637 1834 1668 in
1858 1637 1953 1669 tertio
1974 1636 2151 1681 (contraria
2174 1636 2263 1669 enim
2286 1644 2363 1668 sunt
2384 1648 2467 1680 quae

1404 1695 1521 1719 mutuo
1538 1697 1573 1718 se
1597 1684 1635 1718 ab
1653 1684 1771 1718 eodem
1789 1684 1982 1730 expellunt),
1999 1694 2055 1718 aut
2072 1684 2294 1718 universaliter
2310 1685 2399 1718 nulla
2413 1692 2464 1730 op-

1398 1735 1505 1780 positio
1528 1735 1614 1774 inest,
1639 1745 1678 1766 ex
1702 1746 1766 1778 qua
1790 1733 1912 1766 scilicet
1935 1742 2089 1778 sequatur
2109 1732 2322 1766 contradictio
2347 1734 2380 1765 in
2404 1741 2467 1766 ter-

1404 1785 1462 1824 tio,
1478 1784 1505 1816 si
1526 1783 1707 1827 definitiones
1725 1789 1783 1827 pro
1806 1782 1976 1816 nominibus
1992 1789 2162 1817 sumantur.
2183 1783 2273 1815 Dixit
2297 1782 2372 1822 hoc,
2390 1783 2466 1826 quia

1404 1832 1479 1866 licet
1495 1833 1529 1865 in
1545 1831 1742 1876 quibusdam
1758 1843 1827 1864 non
1851 1840 2004 1876 appareat
2021 1832 2199 1875 oppositio,
2224 1830 2302 1864 solis
2326 1831 2466 1863 nomini-

1404 1880 1464 1914 bus
1489 1881 1623 1925 positis,
1655 1881 1756 1920 sicut,
1780 1879 1864 1913 homo
1896 1886 2050 1920 mortuus,
2076 1888 2108 1912 et
2135 1880 2168 1912 in
2196 1878 2390 1924 quibusdam
2414 1890 2467 1922 ap-

1404 1938 1532 1974 pareat,
1557 1938 1614 1969 ut,
1637 1930 1743 1963 vivum
1765 1935 1940 1968 mortuum;
1974 1927 2037 1961 hoc
2061 1937 2170 1961 tamen
2198 1939 2266 1960 non
2298 1926 2465 1966 obstante,

1404 1980 1441 2018 si,
1466 1979 1582 2022 positis
1606 1979 1781 2011 n‘ominum
1801 1976 2044 2010 definitionibus
2061 1976 2136 2010 loco
2160 1977 2345 2016 nominum,
2362 1987 2466 2019 oppo-

1403 2028 1479 2060 sitio
1496 2036 1659 2071 appareat,
1679 2028 1762 2059 inter
1778 2027 1930 2070 opposita
1947 2026 2158 2058 collocamus.
2177 2026 2278 2064 Sicut,
2289 2023 2378 2057 verbi
2395 2035 2466 2067 gra-

1403 2078 1465 2116 tia,
1489 2076 1574 2110 homo
1597 2082 1754 2116 mortuus,
1784 2074 1859 2108 licet
1883 2075 2128 2119 oppositionem
2155 2085 2224 2107 non
2254 2072 2465 2117 praeseferat,

1403 2134 1512 2158 tamen
1537 2126 1564 2158 si
1587 2124 1662 2157 loco
1686 2124 1830 2157 hominis
1862 2132 1894 2156 et
1926 2124 2047 2156 mortui
2079 2134 2192 2156 eorum
2223 2121 2465 2155 definitionibus

1403 2184 1543 2214 utamur,
1560 2173 1721 2207 videbitur
1739 2172 1962 2206 contradictio.
1980 2173 2138 2206 Dicemus
2155 2172 2243 2205 enim
2263 2182 2381 2214 corpus
2398 2171 2466 2203 ani—

1402 2233 1528 2257 matum
1545 2221 1712 2261 rationale,
1729 2232 1848 2265 corpus
1866 2221 2080 2254 inanimatum
2098 2219 2290 2253 irrationale.
2308 2220 2347 2252 In
2364 2230 2465 2263 quan-

1403 2275 1586 2316 tiscunque,
1612 2272 1758 2316 inquam,
1783 2270 1965 2303 coniunctis
1989 2269 2079 2302 nulla
2103 2278 2151 2302 est
2175 2270 2351 2312 oppositio,
2374 2275 2400 2301 et
2421 2279 2465 2302 se-

1403 2322 1534 2356 cundum
1568 2332 1611 2360 se,
1636 2326 1663 2353 et
1684 2331 1745 2353 non
1767 2319 1928 2354 secundum
1957 2318 2087 2352 accidens
2112 2318 2341 2362 praedicantur,
2366 2318 2398 2350 in
2420 2318 2465 2350 his

1403 2381 1509 2404 verum
1532 2369 1587 2402 erit
1609 2368 1700 2401 dicere
1723 2374 1750 2400 et
1771 2367 1963 2412 simpliciter,
1989 2365 2071 2399 idest
2095 2365 2224 2399 divisim
2249 2365 2339 2410 quod
2362 2364 2465 2398 fuerat

1404 2418 1606 2452 coniunctim
1630 2417 1852 2450 enunciatum.

1471 2478 1501 2509 9.
1526 2465 1579 2499 Ad
1598 2464 1795 2498 evidentiam
1826 2463 1986 2497 secundae
2005 2463 2201 2497 conditionis
2235 2463 2287 2496 hic
2319 2463 2465 2507 positae,

1404 2524 1482 2548 nota
1506 2513 1596 2559 quod
1619 2513 1653 2558 ly
1675 2514 1836 2547 secundum
1858 2524 1887 2546 se
1918 2522 2026 2556 potest
2057 2512 2228 2556 dupliciter
2259 2513 2374 2556 accipi:
2396 2522 2465 2544 uno

1404 2563 1506 2597 modo
1530 2564 1692 2607 positive,
1717 2571 1748 2595 et
1772 2563 1818 2594 sic
1842 2561 1920 2595 dicit
1943 2562 2149 2606 perseitatem
2172 2562 2284 2604 primi,
2309 2560 2464 2600 secundi,

1404 2611 1650 2652 universaliter,
1676 2612 1780 2655 quarti
1810 2610 1919 2650 modi;
1944 2610 2008 2643 alio
2037 2609 2139 2642 modo
2167 2610 2336 2653 negative,
2365 2618 2396 2642 et
2419 2609 2465 2641 sic

1405 2661 1492 2694 idem
1509 2669 1604 2693 sonat
1628 2659 1717 2704 quod
1733 2671 1801 2692 non
1822 2671 1880 2703 per
1903 2658 2034 2692 aliud.-
2048 2659 2172 2692 Rursus
2190 2657 2462 2691 considerandum

1405 2719 1453 2743 est
1477 2709 1567 2754 quod
1591 2720 1666 2742 cum
1695 2708 1885 2741 Aristoteles
1910 2707 1989 2741 dixit
2013 2708 2052 2741 de
2076 2707 2261 2751 praedicato
2287 2707 2463 2739 coniuncto

1405 2758 1505 2814 quod,
1521 2757 1703 2791 secundum
1720 2769 1753 2790 se
1771 2756 1992 2800 praedicetur,
2017 2756 2050 2800 ly
2066 2756 2225 2790 secundum
2247 2767 2276 2788 se
2299 2763 2408 2799 potest
2424 2753 2464 2786 ad

1404 2809 1464 2841 tria
1479 2806 1600 2847 referri,
1614 2806 1746 2846 scilicet,
1763 2805 1804 2839 ad
1828 2815 1933 2849 partes
1951 2806 2116 2838 coniuncti
2134 2806 2216 2838 inter
2232 2816 2276 2844 se,
2294 2803 2334 2836 ad
2358 2812 2464 2836 totum

1405 2857 1619 2890 coniunctum
1642 2863 1791 2898 respectu
1816 2854 1963 2894 subiecti,
1981 2863 2012 2887 et
2035 2854 2074 2887 ad
2099 2863 2204 2898 partes
2228 2853 2392 2885 coniuncti
2416 2863 2464 2884 re-

1405 2914 1518 2949 spectu
1543 2904 1689 2937 subiecti.
1713 2903 1747 2936 Si
1774 2915 1852 2946 ergo
1877 2904 2051 2946 accipiatur
2075 2902 2108 2946 ly
2131 2902 2290 2935 secundum
2317 2912 2346 2933 se
2376 2901 2464 2944 posi—

1404 2956 1490 2994 tive,
1514 2953 1590 2986 licet
1613 2964 1681 2986 non
1705 2952 1815 2992 falsus,
1838 2961 2007 2984 extraneus
2031 2960 2139 2984 tamen
2164 2963 2181 2983 a
2205 2958 2313 2982 mente
2337 2950 2464 2982 Aristo-

1404 3002 1476 3036 telis
1500 3003 1659 3045 reperitur
1682 3013 1796 3034 sensus
1821 3000 1861 3033 ad
1885 2999 2104 3044 quodcunque
2134 2999 2265 3031 illorum
2289 2998 2387 3030 trium
2415 3009 2463 3030 re-

1405 3051 1534 3084 feratur.
1569 3050 1661 3082 Licet
1691 3051 1779 3082 enim
1810 3049 1933 3087 valeat,
1965 3055 2005 3081 est
2034 3049 2117 3081 homo
2151 3047 2292 3086 risibilis,
2326 3057 2391 3088 ergo
2423 3052 2464 3078 est

1405 3100 1489 3132 homo
1513 3105 1539 3131 et
1562 3105 1603 3131 est
1626 3098 1766 3138 risibilis,
1794 3106 1835 3137 et,
1859 3103 1900 3130 est
1915 3096 2030 3129 animal
2053 3096 2211 3135 rationale,
2236 3106 2302 3137 ergo
2331 3100 2371 3126 est
2397 3094 2463 3126 ani-

1405 3147 1469 3180 mal
1492 3153 1519 3180 et
1541 3153 1582 3179 est
1605 3146 1751 3180 rationale
1756 3158 1770 3186 ,·
1787 3155 1896 3178 tamen
1920 3145 1969 3177 his
1987 3146 2157 3188 oppositae
2175 3143 2316 3176 inferunt
2339 3142 2461 3174 similes

1406 3196 1665 3239 consequentiaS.
1688 3195 1837 3228 Dicimus
1862 3195 1965 3232 enim,
1990 3200 2030 3226 est
2051 3193 2138 3226 albus
2162 3193 2308 3231 musicus,
2333 3202 2399 3234 ergo
2423 3198 2464 3224 est

1404 3244 1534 3276 musicus
1557 3249 1583 3276 et
1605 3249 1647 3275 est
1676 3242 1781 3275 albus:
1807 3242 1861 3274 ubi
1885 3241 1973 3274 nulla
1997 3250 2045 3274 est
2068 3241 2234 3285 perseitaS,
2251 3239 2309 3272 sed
2324 3248 2373 3272 est
2389 3251 2464 3272 con-

1405 3293 1529 3324 iunctio
1546 3303 1604 3335 per
1620 3290 1779 3330 accidens,
1797 3299 1863 3323 tam
1883 3291 1965 3322 inter
1982 3299 2087 3333 partes
2104 3291 2187 3322 inter
2202 3301 2247 3328 se,
2265 3300 2363 3332 quam
2380 3289 2463 3321 inter

1405 3348 1512 3372 totum
1536 3348 1567 3371 et
1591 3338 1792 3378 subiectum,
1817 3349 1915 3381 quam
1939 3339 2036 3370 etiam
2060 3339 2143 3370 inter
2173 3346 2279 3380 partes
2303 3346 2335 3369 et
2358 3336 2464 3369 subie-

1406 3396 1505 3420 ctum.
1523 3387 1642 3430 Liquet
1659 3387 1757 3429 igitur
1773 3386 1862 3430 quod
1885 3397 1954 3418 non
1970 3387 2086 3429 accipit
2104 3385 2294 3418 Aristoteles
2312 3385 2346 3428 ly
2362 3396 2462 3418 secun-

1405 3437 1478 3469 dum
1493 3447 1522 3468 se
1538 3437 1688 3479 positive,
1701 3447 1740 3467 ex
1757 3447 1797 3467 eo
1814 3435 1904 3478 quod
1919 3446 2002 3467 vana
2018 3434 2132 3467 fuisset
2144 3435 2216 3467 talis
2234 3433 2366 3473 additio,
2379 3445 2463 3478 quae

1405 3484 1444 3517 ab
1469 3484 1630 3527 oppositis
1647 3494 1714 3515 non
1738 3482 1814 3515 facit
1829 3484 1862 3515 in
1878 3482 1941 3515 hoc
1966 3482 2190 3515 differentiam.
2208 3481 2260 3515 Ad
2281 3481 2360 3526 quid
2376 3482 2464 3514 enim

1405 3532 1537 3572 addidit,
1563 3531 1743 3564 secundum
1761 3543 1813 3570 se,
1837 3540 1870 3563 et
1885 3542 1963 3571 non,
1980 3530 2161 3564 secundum
2178 3527 2337 3570 accidens,
2353 3531 2380 3562 si
2396 3539 2463 3562 tam

1405 3581 1477 3614 illae
1502 3592 1585 3624 quae
1609 3589 1685 3612 sunt
1701 3579 1881 3612 secundum
1899 3591 1943 3619 se,
1967 3579 2068 3612 modo
2092 3580 2260 3622 exposito,
2278 3590 2376 3623 quarn
2393 3578 2465 3611 illae

1406 3641 1488 3674 quae
1522 3638 1598 3661 sunt
1622 3628 1802 3661 secundum
1820 3627 1967 3661 accidens
1984 3640 2023 3660 ex
2047 3628 2234 3668 coniuncto,
2252 3626 2393 3660 inferunt
2416 3627 2466 3660 di—
