2548 4192
925 276 979 312 IN
1011 276 1048 312 S.
1071 275 1314 311 THOMAM
1341 274 1666 321 AQUINATEM

199 356 296 387 clesia
321 355 451 394 audere,
482 355 580 386 veluti
603 355 659 396 qui
683 355 765 386 duos
791 355 892 385 Filios
916 356 948 385 in
972 354 1124 396 dogmate
1147 354 1271 391 colunt,

197 406 310 440 utpote
334 400 413 430 duas
436 406 564 430 naturas
587 399 620 429 in
644 399 772 430 Christo
797 398 993 437 confitentes,
1018 409 1118 430 unum
1147 399 1272 439 quidem

197 445 374 476 secundum
399 449 564 481 naturam,
589 444 729 474 alterum
753 449 861 474 autem
879 444 1056 474 secundum
1072 443 1273 484 adoptionem

191 494 307 530 postea
330 489 533 529 acquisitum.
558 487 743 519 Catholicos
766 487 851 518 viros
874 488 951 518 haec
975 488 1177 518 mussitantes
1201 487 1276 519 fate-

198 540 251 564 tur
272 533 340 574 ipse
363 542 396 563 se
420 543 514 563 nosse
537 532 659 563 nullos:
684 533 801 563 Nescio
816 542 836 562 a
852 542 916 573 quo
932 533 1012 563 talia
1034 533 1202 563 audientes
1219 539 1278 564 aut

200 587 273 608 cum
302 587 366 618 qua
378 583 534 617 *persona
564 577 740 607 luctantes:
763 577 904 607 nondum
939 578 1023 607 enim
1062 578 1199 618 cognovi
1222 579 1278 618 qui

199 622 279 652 talia
303 621 456 661 effutiret.
474 621 558 651 Hinc
581 621 803 661 Theophilum
819 621 1004 651 adhortatur
1019 627 1065 659 ut,
1083 632 1142 661 pro
1162 632 1198 651 ea
1214 633 1278 663 qua

199 665 340 706 pollebat
363 665 559 703 auctoritate,
581 665 739 696 Ecclesiae
758 675 887 696 causam
906 665 1043 696 vindicet
1069 666 1277 707 cohibeatque

199 710 373 740 maledicos
387 709 646 750 Apollinaristas:
668 710 911 747 Verumtamen,
936 710 1101 751 inquiens,
1124 713 1276 751 quoniam

201 755 294 784 istam
312 759 531 794 proponentes
561 755 718 785 adversus
742 764 800 785 nos
823 764 973 791 causam,
998 765 1041 785 ex
1064 765 1100 785 eo
1123 755 1209 796 quod
1232 757 1277 786 νί-

200 798 320 829 dentur
342 799 408 829 tale
421 799 594 840 flagitium
619 800 824 840 impugnare,
849 809 927 830 suas
950 800 1116 839 opiniones
1129 801 1278 831 corrobo-

201 848 299 880 rant;
321 843 438 873 bonum
463 848 526 880 est,
558 849 593 874 ut
617 849 673 874 tua
697 845 729 873 in
757 843 885 874 Christo
902 843 1079 884 perfectio,
1098 850 1201 884 prout
1224 846 1279 876 tibi

201 888 234 917 in
258 893 394 918 mentem
427 889 573 918 iniecerit
603 888 743 928 Spiritus
772 893 921 925 sanctus,
954 898 1065 918 eorum
1096 890 1279 921 occasiones

201 937 353 972 amputet,
378 933 435 972 qui
457 938 620 972 quaerunt
633 933 790 963 adversus
807 942 865 963 nos
883 934 1078 970 occasiones,
1100 939 1131 963 et
1139 943 1276 973 persua-

201 975 277 1006 deat
299 977 361 1014 eis,
386 978 442 1017 qui
458 986 524 1016 per
546 977 742 1007 calumniam
775 977 855 1007 haec
876 977 1042 1007 Ecclesiae
1064 978 1128 1007 Dei
1150 979 1280 1008 crimini

201 1025 342 1057 vertunt,
369 1021 494 1051 nullum
518 1021 702 1052 huiusmodi
723 1021 812 1061 apud
837 1021 1040 1052 Christianos
1063 1031 1131 1052 esse
1146 1022 1277 1063 dogma,

201 1074 304 1105 neque
320 1065 520 1105 praedicari.
546 1066 635 1095 Tum
658 1065 691 1095 in
715 1075 754 1095 eo
780 1065 917 1105 denique
940 1071 1028 1095 totus
1047 1072 1104 1102 est,
1121 1073 1157 1096 ut
1172 1073 1278 1097 osten-

201 1108 255 1139 dat
285 1109 446 1139 binarium
465 1109 617 1150 filiorum
649 1119 819 1140 numerum
851 1109 982 1139 minime
1016 1109 1121 1149 colligi
1146 1120 1183 1140 ex
1206 1121 1279 1142 con-

202 1153 364 1183 iunctione
388 1158 527 1184 naturae
549 1154 711 1183 humanae
735 1163 806 1184 cum
837 1153 936 1183 Verbo
943 1161 957 1190 ;
979 1153 1034 1183 sed
1051 1159 1189 1194 propter
1203 1165 1279 1185 exa-

202 1201 285 1227 ctam
311 1198 461 1227 unionem
485 1202 671 1237 assumptae
693 1199 804 1228 carnis
827 1202 858 1227 et
880 1199 1074 1228 assumentis
1089 1198 1278 1237 divinitatis,

201 1241 259 1271 uni
278 1241 360 1271 Filio
377 1241 505 1272 Christo
525 1243 758 1272 communicari
781 1247 811 1272 et
834 1246 945 1272 mutuo
968 1242 1044 1272 dari
1066 1244 1208 1281 nomina,
1235 1245 1280 1275 ita

201 1290 239 1316 ut
261 1290 292 1316 et
314 1286 504 1326 humanum*
520 1295 563 1316 ex
585 1286 694 1316 divino
723 1291 754 1316 et
776 1286 920 1317 divinum
950 1295 992 1316 ex
1014 1286 1156 1317 humano
1183 1288 1280 1320 deno-

202 1326 550 1362 minewvabulum
567 1330 704 1361 occurrit
718 1330 856 1368 nullum,
874 1330 963 1371 quod
979 1331 1155 1362 subindicet
1171 1332 1279 1364 Theo-

163 1374 169 1375 ’
200 1370 291 1414 philo
314 1374 528 1405 Alexandrino
558 1375 714 1415 placuisse
743 1381 956 1415 temperatum
980 1376 1279 1415 Apollinaristarum

202 1417 336 1459 dogma3
363 1419 536 1460 ipsumque
570 1429 694 1450 curasse
724 1426 760 1450 ut
792 1426 922 1450 naturae
952 1419 1055 1450 unitas
1086 1420 1119 1451 in
1150 1421 1279 1454 Christo

200 1462 291 1494 editis
314 1463 401 1494 libris
424 1463 645 1501 vindicaretur;
669 1474 790 1505 eosque
805 1464 919 1495 invecti
936 1464 1047 1494 binarii
1063 1464 1204 1496 filiorum
1220 1478 1279 1498 nu-

198 1507 278 1538 meri
301 1507 512 1546 insimulasse,
537 1508 594 1549 qui
617 1509 697 1539 duas
720 1509 753 1539 in
778 1508 906 1539 Christo
930 1515 1057 1539 naturas
1084 1511 1277 1543 tutabantur.

199 1552 270 1583 lmo
293 1552 552 1593 Apollinaristas,
576 1553 673 1583 veluti
698 1553 894 1593 imposturae
918 1553 1035 1592 fabros,
1060 1555 1146 1595 apud
1169 1556 1278 1587 Theo-

197 1596 326 1638 philum
350 1603 477 1628 accusat
499 1598 681 1638 Nyssenus3
705 1597 878 1638 ipsumque
901 1608 1087 1638 permovere
1111 1601 1226 1639 studet,
1244 1608 1280 1632 ut

198 1640 372 1672 hominum
395 1641 562 1672 audaciam
586 1642 732 1672 cohibeat
755 1652 948 1683 causamque
971 1643 1130 1674 Ecclesiae
1152 1655 1212 1686 pro
1234 1646 1281 1677 vi-

199 1684 248 1716 rili
271 1685 429 1716 defendat.

268 1729 343 1761 Vita
366 1730 492 1761 mortali
520 1730 631 1761 functo
655 1730 859 1771 Theophilo,
890 1731 998 1761 sedem
1027 1733 1280 1766 Axexandrinam

203 1784 288 1805 anno
311 1783 377 1814 412
402 1775 542 1805 obtinuit
564 1774 713 1816 Cyrillus.
738 1775 785 1805 Ex
808 1776 1038 1816 Areopagiticis
1057 1777 1121 1807 iarn
1138 1779 1281 1811 confictis

202 1819 289 1850 libris
313 1819 503 1859 deprompta
526 1819 565 1849 ab
589 1829 628 1850 eo
653 1819 808 1850 nonnulla
823 1820 1016 1858 testimonia,
1033 1822 1208 1864 eademque
1227 1825 1281 1854 ad-

202 1863 302 1894 hibita
324 1863 358 1893 in
389 1873 485 1903 opere
515 1864 625 1894 contra
653 1863 835 1894 Diodorum
864 1871 895 1895 et
922 1865 1152 1905 Theodorum,
1182 1868 1281 1899 nimia

203 1906 395 1939 confidentia
417 1892 609 1950 pronfuhciat
631 1907 784 1939 Crozeus.
809 1908 983 1940 Severianis
1011 1910 1044 1940 id
1068 1911 1224 1943 aientibus
1247 1913 1280 1944 in

203 1951 559 1992 Constantinopolitana
582 1952 752 1983 collatione
775 1960 842 1984 tam
865 1953 990 1984 facilem
1008 1954 1105 1986 fidem
1122 1964 1280 1996 praestan-

203 1996 279 2027 dam
308 2006 375 2027 non
399 2006 482 2034 esse,
513 1997 743 2028 admonuimus
773 1997 875 2038 capite
904 2009 936 2029 11.
962 1999 1164 2040 Lequienum
1187 2012 1279 2041 vero,

202 2051 302 2083 quern
323 2041 422 2072 veluti
445 2041 503 2071 sibi
528 2041 686 2072 faventem
709 2042 858 2082 appellat,
874 2043 988 2074 diserte
1004 2045 1172 2076 adversum
1186 2046 1281 2079 habet

201 2085 235 2116 in
259 2085 476 2116 dissertatione
499 2086 725 2116 Damascenica
742 2087 768 2116 11
793 2097 882 2118 num.
913 2098 967 2129 17,
988 2089 1043 2119 ubi
1067 2089 1144 2121 haec
1167 2090 1278 2123 habet:

206 2143 222 2159 ι
243 2130 292 2160 Ex
314 2130 375 2160 illis
398 2130 516 2171 itaque,
541 2130 580 2161 de
599 2130 716 2171 quibus
732 2137 804 2161 ante
820 2131 989 2172 disputavi,
1005 2133 1279 2167 lucubrationibus

204 2187 221 2203 ι
242 2174 347 2213 variis,
371 2185 407 2205 ac
430 2184 497 2205 non
521 2184 558 2205 ex
581 2175 727 2216 Dionysii
751 2173 990 2219 (Areopagitae)
1013 2178 1115 2217 libris,
1140 2179 1279 2220 Cyrillus

205 2218 350 2250 »intulit
385 2229 484 2250 unam
514 2219 681 2250 dicendam
719 2229 786 2250 esse
815 2220 933 2252 Christi
961 2222 1094 2253 Domini
1126 2229 1278 2256 naturam

205 2276 220 2292 2
242 2269 373 2304 propter
396 2263 603 2294 arctissimam
626 2264 782 2295 unionem
804 2265 975 2297 divinitatis
999 2277 1074 2298 curn
1101 2267 1280 2301 humanita-

204 2320 220 2336 »
242 2315 290 2339 te:
315 2317 414 2338 unam
437 2307 549 2338 itidem
571 2309 635 2339 Dei
663 2309 756 2339 Verbi
778 2315 930 2341 naturam
955 2312 1169 2344 incarnatam.
1189 2327 1204 2342 a»
1225 2315 1280 2345 Ni-

201 2352 322 2384 mirum
344 2352 422 2383 haec
445 2352 620 2393 posteriora
643 2354 738 2384 verba
761 2353 910 2394 leguntur
932 2355 1014 2386 libro
1038 2357 1064 2386 11
1089 2364 1198 2389 contra
1217 2359 1280 2389 Ne-

202 2397 356 2436 storium,
380 2403 411 2428 et
433 2397 467 2427 in
490 2397 634 2437 Epistola
662 2398 701 2428 ad
725 2399 879 2429 Acacium
909 2400 1162 2439 Melitinensem,
1194 2410 1225 2434 et
1247 2403 1280 2434 in

203 2441 466 2473 Commonitorio
481 2442 521 2471 ad
544 2441 731 2481 Eulogium3
755 2443 931 2484 eademque
954 2445 993 2475 ab
1009 2445 1099 2475 omni
1114 2447 1280 2486 Apollina-

202 2485 290 2516 rismi
314 2485 495 2526 suspicione
518 2486 665 2526 purgavit
687 2486 719 2516 in
753 2487 904 2527 Epistolis
928 2488 967 2518 ad
991 2489 1189 2521 Successum.
1216 2492 1279 2522 Ha-

202 2530 318 2561 bentur
339 2539 415 2560 vero
439 2529 545 2570 priora
567 2531 661 2560 verba
683 2530 715 2560 in
735 2531 865 2562 laudato
885 2533 1146 2571 commonitorio,
1162 2535 1216 2566 ubi
1236 2536 1280 2567 sic

203 2574 247 2605 ait
266 2574 483 2605 sanctissimus
497 2574 604 2604 Pater:
633 2574 784 2606 Unitione
807 2586 968 2614 concessa,
990 2587 1053 2608 non
1072 2579 1194 2610 distant
1211 2591 1278 2611 am-

195 2619 288 2660 plius
310 2618 352 2649 ab
375 2619 520 2656 invicem,
545 2628 629 2659 quae
652 2620 743 2650 unita
761 2625 857 2658 sunt;
874 2621 932 2651 sed
944 2622 1093 2663 deinceps
1110 2623 1215 2655 Filius
1233 2631 1280 2656 est

202 2673 270 2694 una
293 2664 394 2704 ipsius
417 2668 548 2700 natura,
579 2663 678 2694 Verbo
702 2665 811 2705 utique
834 2675 934 2696 carne
945 2665 1053 2706 facto.

270 2708 362 2745 Quae
392 2717 468 2738 cum
490 2707 558 2747 ipse
586 2714 618 2738 et
640 2708 798 2748 scripserit
825 2716 856 2739 et
878 2709 1096 2749 vindicaverit,
1121 2719 1279 2752 quantum

203 2752 244 2782 ab
267 2761 371 2782 errore
401 2751 700 2792 Apollinaristarum
731 2753 1071 2796 Eutychianorumque
1095 2756 1280 2796 longissime

198 2796 332 2827 'distaret
354 2796 477 2836 egregie
499 2797 638 2836 probant
659 2807 696 2827 ac
714 2797 864 2830 evincunt
880 2799 1062 2840 Lequienus
1080 2800 1154 2831 loco
1171 2802 1278 2840 citato,

203 2840 388 2872 Ludovicus
402 2841 637 2871 Thomassinus
661 2842 700 2872 de
715 2841 932 2873 lncarnatione
946 2843 1091 2881 librom,
1103 2846 1204 2886 capite
1213 2857 1279 2885 xm,

205 2891 237 2916 et
258 2884 434 2926 Dionysius
456 2885 603 2916 Petavius
619 2885 713 2925 *libro
737 2887 791 2924 1V,
816 2887 917 2927 capite
935 2898 989 2926 vn,
1014 2895 1045 2919 et
1067 2889 1148 2920 libro
1165 2891 1207 2921 Vl
1224 2891 1279 2922 ubi

204 2931 417 2970 Anonymum
454 2929 668 2960 calvinianam
695 2930 861 2961 hominem
890 2942 949 2972 pro
979 2933 1099 2964 meritis
1130 2935 1278 2975 castigat,

204 2972 260 3014 qui
283 2972 346 3003 hoc
369 2973 654 3004 demonstrandum
669 2975 810 3015 suscipit,
825 2976 1010 3007 Nestorium
1026 2977 1280 3018 impurissimum

204 3016 454 3047 haeresiarcham
483 3017 576 3057 pium
599 3025 630 3048 et
653 3019 846 3050 catholicum
879 3020 990 3059 fuisse;
1014 3021 1086 3052 illos
1109 3030 1236 3062 autern,
1260 3035 1278 3054 a

205 3060 322 3101 quibus
346 3061 576 3092 condemnatus
591 3069 646 3100 est,
664 3063 822 3104 Cyrillum
838 3070 869 3095 et
888 3065 1082 3104 Ephesinam
1098 3067 1278 3108 Synodum,

204 3104 378 3135 haereticos
401 3111 433 3135 et
454 3105 581 3145 impios
605 3105 748 3137 Consule
771 3115 867 3148 caput
888 3119 943 3139 vm
966 3109 999 3139 in
1023 3120 1090 3151 quo
1114 3112 1278 3151 sententia,

205 3159 303 3190 quam
334 3155 365 3179 et
388 3148 530 3179 Crozeus
558 3150 712 3190 opponit,
736 3151 865 3182 innoxia
894 3159 925 3183 et
956 3155 1100 3194 apprime
1124 3156 1279 3187 catholica

205 3193 391 3224 ostenditur.
417 3193 557 3223 Mentem
581 3193 691 3234 Cyrilli
718 3196 952 3238 consiliumque
983 3199 1131 3230 omnium
1150 3200 1278 3231 lucidis-

205 3238 284 3268 sime
307 3236 455 3277 patefacit
471 3237 618 3268 laudatus
632 3239 866 3271 Thomassinus
881 3242 954 3272 loco
969 3242 1074 3274 citato.
1092 3244 1195 3275 Verba
1209 3245 1277 3275 eius

204 3282 317 3319 refero,
342 3291 424 3322 quae
447 3281 587 3312 maximo
611 3289 642 3312 et
663 3282 744 3314 infra
761 3284 835 3315 usui
850 3286 942 3316 nobis
958 3293 1064 3318 erunt:
1085 3301 1099 3315 κ
1116 3288 1276 3327 Nestorio‚

209 3338 224 3354 »
241 3327 367 3366 'inquit,
399 3325 582 3356 insidiosius
605 3326 684 3368 duas
707 3327 840 3359 iactante
862 3329 896 3359 in
926 3329 1054 3361 Christo
1087 3338 1214 3362 naturas
1245 3340 1276 3363 et

207 3383 224 3398 ι»
246 3368 351 3411 (quod
381 3370 614 3410 nequissimum
637 3370 755 3402 fraudis
782 3382 883 3412 genus
906 3372 966 3415 est)
989 3375 1028 3404 de
1057 3375 1186 3406 veritate
1208 3376 1277 3416 ipsa

208 3427 223 3443 ι
245 3414 366 3445 veritati
390 3414 542 3444 invidiam
571 3414 747 3453 conflante;
778 3426 818 3446 ne
841 3417 978 3447 duarum
1008 3425 1192 3449 naturarum
1220 3421 1276 3450 ob-

208 3471 224 3487 »
245 3465 335 3490 tentu
359 3459 440 3489 duae
472 3468 604 3499 quoque
635 3459 886 3499 impingerentur
916 3471 1085 3501 personae,
1118 3463 1199 3494 hanc
1222 3471 1277 3495 aut

207 3515 223 3531 s
246 3503 432 3543 excogitavit
455 3509 509 3533 aut
532 3503 716 3534 instauravit
739 3503 876 3544 Cyrillus
897 3504 962 3535 iam
978 3515 1059 3545 pene
1079 3507 1276 3538 obliteratam

206 3559 222 3575 »
245 3547 442 3588 eloquenciae
467 3547 692 3578 lucamationis
725 3547 898 3578 formulam
922 3547 1016 3591 (cum
1040 3550 1155 3581 diceret
1174 3561 1272 3582 unam

209 3604 224 3619 ›
247 3601 315 3622 esse
336 3592 428 3622 Verbi
445 3592 509 3622 Dei
524 3597 676 3622 naturam
694 3591 921 3636 incarnatam).
947 3593 1049 3624 Cuius
1065 3595 1184 3625 oraculi
1200 3596 1276 3626 haec

206 3647 222 3663 s
244 3636 381 3667 maxime
405 3635 602 3676 significatio,
626 3636 703 3667 haec
726 3637 880 3668 sententia
902 3637 1067 3669 sanissima
1089 3645 1145 3670 est:
1169 3640 1276 3671 minus

2283 292 2400 318 CXLVII

1332 366 1348 380 ¹>
1370 360 1437 384 tute
1462 351 1556 395 (aevo
1587 354 1792 394 potissimum
1815 353 1885 397 illo)
1910 355 1989 386 duas
2019 357 2080 387 dici
2103 358 2135 388 in
2160 358 2286 391 Christo
2311 369 2401 392 natu-

1333 410 1348 424 »
1371 408 1430 436 ras,
1455 398 1514 428 nisi
1538 408 1605 428 una
1629 398 1750 429 dicatur
1779 399 1871 429 Verbi
1894 406 2013 431 natura
2037 402 2218 434 incarnata.
2235 405 2403 445 Propterea

1334 454 1348 469 »
1371 443 1460 483 quod
1483 443 1538 473 ubi
1562 443 1643 473 duae
1667 443 1817 474 dicuntur
1840 443 1956 475 Christi
1980 452 2119 484 naturae,
2140 447 2276 478 duarum
2299 450 2404 480 statim

1335 498 1349 513 »
1373 487 1482 517 ebullit
1505 487 1644 527 suspicio
1675 497 1895 528 personarum.
1920 489 2047 520 Etenim
2076 501 2142 521 non
2166 492 2252 522 aliud
2282 500 2329 524 est
2351 504 2403 524 na-

1335 543 1349 558 »
1372 538 1452 569 tura,
1477 531 1563 561 aliud
1586 542 1736 572 persona,
1761 533 1816 562 sed
1840 543 1903 563 una
1927 541 1958 564 et
1981 535 2091 565 eadem
2115 546 2162 566 res
2187 547 2261 567 cum
2280 537 2330 575 sit,
2350 538 2404 568 ali-

1335 587 1350 602 »
1373 582 1419 605 ter
1442 582 1473 606 et
1496 576 1584 606 aliter
1614 576 1807 616 significatur
1830 575 1926 619 (quae
1958 579 2116 610 distinctio
2140 581 2172 610 in
2202 581 2317 612 scholis
2342 583 2404 612 vir-

1309 659 1316 665 ,
1335 632 1350 647 ιν
1373 621 1472 650 tualis
1486 619 1691 663 appellatur);
1706 621 1855 661 quocirca
1874 622 2051 662 plurimum
2070 625 2201 664 periculi
2220 625 2348 665 ingruit,
2365 636 2405 656 ne

1336 677 1350 691 »
1373 664 1532 704 geminata
1554 671 1676 702 natura,
1699 665 1877 705 geminetur
1892 674 1923 697 et
1937 677 2081 707 persona.
2097 669 2220 700 Deinde
2235 680 2307 701 cum
2324 670 2405 701 duae

1336 721 1350 736 »
1374 709 1523 739 dicuntur
1550 716 1695 747 naturae,
1726 710 1816 751 quasi
1847 717 1883 741 ex
1912 721 2016 753 aequo
2044 721 2268 754 numerantur,
2301 725 2404 756 eoque

1336 766 1351 780 x>
1374 753 1507 783 seorsim
1536 763 1748 795 unaquaeque
1777 755 1951 794 cogitatur:
1980 757 2032 787 vix
2056 765 2182 797 autem,
2215 769 2250 790 ac
2273 769 2331 790 nec
2353 760 2405 791 vix

1336 810 1350 825 »
1373 797 1502 837 cogitari
1526 798 1658 828 seorsim
1682 799 1840 839 quaelibet
1863 806 1969 839 potest
1991 808 2119 842 natura,
2149 804 2228 844 quin
2251 814 2405 844 personae

1336 855 1350 869 »
1373 842 1564 882 proprietate
1596 843 1756 873 vestiatur.
1781 843 1925 884 Denique
1954 855 2019 876 non
2043 847 2103 877 alia
2131 849 2231 888 magis
2260 849 2407 880 machina

1336 899 1350 913 »
1373 886 1537 916 Nestorius
1553 886 1631 916 duas
1650 887 1811 917 scindebat
1830 897 1990 927 personas,
2006 901 2104 930 quam
2123 899 2251 923 naturae
2271 893 2406 934 duplicis

1336 943 1350 958 »
1373 930 1626 970 praedicatione;
1650 937 1745 971 atque
1767 931 1810 961 ita
1829 932 1867 961 ab
1884 932 1952 972 ipsa
1967 934 2095 965 veritate
2111 936 2235 968 falsitati
2251 939 2406 978 praesidia

1336 987 1351 1002 »
1374 975 1587 1014 comparabat.
1613 975 1645 1005 Si
1669 975 1751 1005 duae
1781 982 1888 1006 autem
1912 984 2040 1008 naturae
2071 990 2136 1010 non
2160 981 2202 1011 ita
2230 989 2407 1014 statuantur

1336 1031 1350 1046 »
1374 1019 1416 1048 ob
1440 1018 1564 1055 oculos,
1589 1025 1625 1049 ut
1647 1019 1739 1049 binae
1763 1019 1858 1050 simul
1882 1030 1918 1050 ex
1942 1031 2045 1062 aequo
2074 1026 2263 1064 procedant,
2293 1027 2348 1057 sed
2371 1034 2407 1059 ut

1337 1075 1352 1090 »
1374 1063 1469 1092 altera
1493 1063 1702 1102 subiungatur
1725 1063 1829 1101 alteri;
1853 1071 1889 1095 ut
1919 1075 1983 1095 una
2011 1067 2223 1108 principaliter
2251 1071 2405 1111 emineat,

1337 1119 1352 1134 »
1375 1107 1470 1136 altera
1493 1107 1631 1137 accessio
1655 1107 1723 1137 eius
1747 1107 1801 1145 sit;
1826 1118 1890 1138 una
1914 1109 2007 1140 fuerit
2023 1121 2147 1152 semper
2161 1120 2191 1144 et
2205 1123 2313 1155 pergat
2327 1127 2405 1156 esse,

1337 1163 1352 1178 »
1379 1151 1474 1181 altera
1498 1161 1600 1190 nuper
1630 1151 1675 1181 illi
1700 1152 1882 1190 accreverit;
1915 1164 1978 1184 una
2002 1165 2059 1185 sua
2091 1157 2149 1187 sibi
2174 1158 2228 1196 sit,
2257 1160 2305 1190 sui
2329 1161 2406 1191 iuris

1337 1207 1352 1222 ι»
1375 1204 1515 1235 suaeque
1538 1195 1702 1235 potestatis
1726 1196 1775 1233 sit,
1800 1206 1856 1236 per
1875 1207 1907 1227 se
1922 1197 2160 1231 immutabiliter
2174 1209 2204 1232 et
2218 1204 2406 1244 sempiterne

1337 1251 1352 1267 ιι
1375 1239 1431 1277 sit;
1455 1239 1551 1269 altera
1574 1239 1618 1269 illi
1643 1246 1678 1270 ut
1701 1240 1843 1271 subiecto
1867 1242 2010 1273 accidens
2033 1243 2206 1284 incumbat,
2231 1247 2274 1277 illi
2299 1259 2405 1289 super-

1338 1296 1352 1311 »
1376 1290 1514 1314 struatur
1537 1291 1573 1314 ut
1597 1284 1825 1323 fundamento,
1858 1285 1942 1316 illius
1966 1287 2025 1317 iuri
2058 1290 2228 1331 censuique
2253 1292 2407 1334 adscripta

1337 1341 1352 1356 ι
1374 1328 1430 1365 sit,
1454 1328 1540 1358 illius
1563 1328 1691 1368 propria
1715 1336 1746 1359 et
1768 1330 1858 1370 quasi
1882 1331 2084 1370 portiuncula
2108 1334 2163 1372 sit,
2189 1345 2244 1375 per
2266 1347 2299 1367 se
2323 1347 2407 1368 seor-

1337 1386 1352 1401 »
1375 1373 1436 1403 sim
1459 1382 1517 1403 nec
1540 1372 1579 1403 sit
1603 1383 1661 1404 nec
1684 1383 1828 1414 unquam
1853 1374 1957 1413 fuerit;
1981 1382 2051 1406 tum
2075 1388 2149 1409 vero
2167 1380 2271 1411 omnis
2286 1381 2409 1413 eluetur

1335 1430 1351 1445 ι
1374 1417 1407 1447 in
1431 1417 1575 1456 geminae
1599 1425 1728 1448 naturae
1752 1418 1951 1458 professione
1974 1421 2113 1461 suspicio
2137 1425 2311 1463 geminatae
2340 1436 2409 1466 per-

1336 1475 1351 1490 »
1373 1472 1480 1492 sonae.
1495 1474 1510 1489 »

1405 1519 1420 1534 α
1442 1509 1485 1536 At
1507 1506 1540 1536 id
1564 1506 1703 1548 Cyrillus
1727 1507 1869 1545 molitus,
1893 1508 1927 1538 id
1950 1518 2138 1542 consecutus
2164 1519 2210 1543 est
2232 1513 2287 1544 ubi
2311 1524 2409 1545 unam

1337 1563 1352 1578 »
1375 1551 1452 1581 dixit
1475 1556 1628 1582 naturam
1659 1552 1751 1582 Verbi
1768 1553 1982 1584 incarnatam.
2001 1555 2130 1587 Eminet
2148 1557 2234 1587 enim
2249 1564 2279 1588 et
2294 1559 2410 1598 primas

1337 1608 1352 1623 ›
1374 1602 1470 1632 tenet,
1495 1595 1562 1625 imo
1587 1596 1655 1626 sola
1678 1596 1711 1626 in
1735 1604 1945 1636 conspectum
1958 1599 2063 1630 statim
2081 1611 2113 1631 se
2130 1602 2183 1632 dat
2198 1602 2411 1643 principaliter

1337 1652 1352 1667 ι
1375 1640 1522 1670 divinitas
1550 1641 1660 1671 Verbi:
1686 1650 1743 1671 nec
1775 1640 1851 1672 latet
1880 1642 2005 1673 interim
2029 1652 2102 1675 caro
2133 1656 2188 1677 seu
2218 1646 2409 1687 humanitas,

1338 1697 1352 1712 »
1375 1695 1413 1715 ex
1436 1694 1502 1725 quo
1527 1684 1640 1715 dicitur
1663 1684 1830 1716 incarnata.
1856 1685 2011 1718 Occursat
2033 1688 2139 1730 itaque
2159 1701 2225 1721 non
2244 1691 2351 1723 Deitas
2379 1699 2411 1723 et

1338 1742 1353 1757 ι
1376 1729 1467 1767 baro,
1493 1729 1548 1759 sed
1571 1729 1678 1760 Deitas
1707 1739 1782 1760 curn
1806 1738 1914 1761 carne:
1947 1741 2013 1762 non
2046 1733 2133 1764 Deus
2157 1742 2188 1766 et
2210 1735 2330 1774 homo,
2355 1737 2410 1767 sed

1338 1786 1353 1801 »
1376 1774 1463 1804 Deus
1487 1774 1694 1804 humanatus:
1719 1784 1785 1804 non
1809 1775 1926 1814 duplex
1954 1783 2082 1816 natura,
2107 1778 2214 1810 Deitas
2243 1787 2274 1811 et
2296 1781 2408 1812 huma-

1338 1831 1353 1846 »
1376 1818 1472 1856 nitas,
1506 1818 1561 1849 sed
1591 1818 1725 1858 simplex
1755 1825 1867 1849 natura
1890 1820 2020 1851 Deitatis
2051 1832 2126 1853 cum
2149 1825 2327 1856 accessione
2350 1826 2409 1856 hu-

1339 1875 1354 1890 »
1378 1862 1546 1894 manitatis.
1571 1863 1699 1894 Etenim
1728 1863 1782 1893 ubi
1813 1864 1894 1894 duae
1925 1872 2055 1896 naturae
2085 1867 2234 1899 dicuntur
2263 1870 2349 1900 Deus
2380 1877 2410 1901 et

1339 1920 1354 1935 »
1376 1907 1490 1945 homo,
1514 1914 1648 1948 utraque
1671 1914 1783 1938 natura
1806 1918 1862 1948 per
1885 1918 1917 1939 se
1941 1910 2134 1950 nominatur,
2157 1923 2213 1952 per
2235 1923 2268 1944 se
2293 1914 2410 1954 cogita-

1338 1964 1354 1980 »
1378 1958 1442 1983 tur:
1466 1958 1497 1982 et
1520 1961 1576 1992 per
1598 1962 1631 1982 se
1655 1952 1812 1992 nominari
1837 1953 2006 1993 cogitarive
2028 1955 2079 1985 vix
2102 1963 2223 1996 potest,
2247 1958 2325 1999 quin
2342 1969 2409 1999 per-

1339 2009 1353 2024 »
1376 2007 1474 2027 sonae
1497 1996 1613 2037 cuique
1637 2006 1713 2027 suae
1735 1997 1876 2036 suspicio
1900 1998 2041 2038 obrepat.
2066 2002 2109 2030 At
2131 2001 2185 2031 ubi
2208 2009 2319 2033 natura
2342 2010 2410 2034 tan-

1337 2053 1353 2068 »
1375 2047 1446 2071 tum
1470 2041 1565 2071 Verbi
1588 2041 1747 2072 incarnata
1770 2041 1894 2079 dicitur,
1918 2052 1982 2073 una
2004 2043 2155 2084 primario
2179 2056 2235 2086 per
2257 2057 2290 2077 se
2309 2048 2410 2078 subsi-

1338 2098 1353 2113 »
1376 2092 1461 2116 stens
1494 2093 1605 2116 natura
1637 2086 1822 2116 obversatur
1854 2086 1983 2126 animo,
2018 2098 2092 2119 cum
2124 2096 2254 2121 naturae
2283 2091 2409 2123 alterius

1337 2142 1352 2158 ›
1374 2130 1600 2161 additamento.
1832 2149 1836 2150 ν

1408 2187 1422 2202 ‹
1445 2175 1666 2212 Quamobrem
1689 2175 1813 2214 singula
1836 2175 1903 2206 eius
1922 2176 2131 2208 confessionis
2145 2179 2239 2209 verba
2253 2180 2409 2211 momenti

1339 2232 1355 2247 ι
1377 2219 1555 2260 plurimum
1588 2219 1708 2250 adferre
1731 2229 1797 2249 non
1820 2219 1980 2250 immerito
2011 2221 2157 2252 videntur
2186 2223 2226 2253 ad
2258 2223 2330 2254 fidei
2354 2225 2408 2254 ad-

1338 2276 1354 2292 »
1376 2274 1484 2294 versus
1494 2264 1696 2295 Nestorianas
1711 2263 1839 2294 insidias
1853 2264 2110 2297 stabilimentum.
2127 2267 2224 2298 Nam:
2241 2279 2260 2298 1.
2278 2269 2408 2299 Natura

1340 2322 1354 2336 »
1378 2318 1444 2339 una
1473 2308 1588 2339 dicitur
1623 2309 1715 2338 Verbi
1724 2316 1736 2344 ;
1766 2318 1802 2338 ac
1830 2309 1963 2348 proinde
1993 2310 2122 2350 perinde
2151 2312 2243 2342 nobis
2267 2320 2327 2351 est,
2352 2323 2408 2344 seu

1339 2366 1354 2381 a
1377 2360 1523 2383 naturam
1546 2353 1589 2383 ibi
1613 2362 1671 2392 pro
1696 2358 1807 2382 natura
1830 2353 1965 2383 strictius
1995 2364 2051 2384 seu
2075 2365 2134 2395 pro
2158 2366 2293 2396 persona
2315 2357 2408 2388 latius

1339 2410 1354 2425 »
1376 2404 1539 2437 sumptam
1562 2396 1717 2427 arbitreris
1740 2394 1893 2438 (namque
1917 2397 2075 2438 Cyrillum
2090 2399 2141 2430 alii
2156 2400 2244 2431 aliter
2258 2401 2408 2442 interpre-

1339 2455 1354 2469 »
1376 2442 1431 2472 tati
1455 2439 1554 2483 sunt).
1579 2441 1666 2471 Nihil
1689 2447 1744 2471 aut
1759 2451 1929 2481 perparum
1944 2442 2072 2474 interest
2094 2444 2248 2476 utrislibet
2261 2447 2406 2477 accedas:

1338 2499 1353 2514 x
1376 2495 1451 2516 nam
1475 2496 1611 2526 persona
1634 2492 1665 2516 et
1687 2492 1799 2516 natura
1814 2495 1888 2533 ‘non
1902 2486 2059 2525 differunt,
2075 2488 2134 2518 nisi
2149 2497 2304 2530 conceptu
2320 2501 2408 2521 men-

1337 2543 1352 2558 »
1375 2530 1432 2567 tis;
1456 2537 1487 2561 et
1509 2540 1566 2561 seu
1590 2540 1760 2570 personam
1782 2530 1832 2560 vel
1855 2530 2054 2571 hypostasim
2077 2533 2171 2563 Verbi
2195 2534 2406 2574 incarnatam,

1337 2588 1352 2603 ›
1375 2585 1431 2605 seu
1454 2581 1600 2605 naturam
1623 2574 1719 2605 Verbi
1742 2581 1778 2605 ut
1792 2574 2006 2615 'principalem
2029 2583 2060 2607 et
2082 2587 2243 2608 summam
2266 2586 2297 2609 et
2324 2586 2404 2610 tota—

1337 2632 1352 2647 »
1374 2619 1459 2650 litate
1483 2629 1541 2650 sua
1563 2629 1620 2659 per
1641 2629 1674 2649 se
1698 2618 1810 2649 fretam
1833 2629 1908 2649 cum
1932 2620 2032 2650 carnis
2055 2621 2257 2653 adiunctione
2272 2623 2335 2654 iam
2351 2634 2404 2654 co-

1338 2677 1353 2692 »
1375 2664 1470 2704 gites,
1500 2663 1630 2704 perinde
1653 2670 1709 2693 est.
1738 2663 1878 2694 Persona
1907 2664 1992 2694 enim
2021 2675 2087 2695 non
2111 2666 2198 2697 aliud
2221 2674 2281 2705 est,
2311 2678 2409 2709 quam

1339 2721 1353 2736 »
1375 2715 1487 2739 natura
1511 2715 1546 2738 ut
1569 2707 1783 2748 principatum
1807 2708 1856 2738 sui
1879 2714 2005 2746 tenens,
2030 2717 2066 2740 ut
2089 2721 2144 2750 per
2167 2721 2199 2741 se
2223 2712 2408 2751 consistens,

1338 2766 1352 2781 ›
1375 2759 1412 2783 ut
1434 2752 1648 2783 accidentibus
1666 2758 1697 2782 et
1715 2752 1935 2783 additamentis
1951 2753 2101 2784 omnibus
2116 2756 2277 2786 substans:
2296 2766 2324 2787 2.
2340 2757 2408 2787 Na-

1338 2811 1353 2826 »
1376 2803 1451 2828 tura
1481 2797 1574 2827 Verbi
1595 2796 1720 2834 dicitur,
1745 2806 1784 2827 ne
1807 2797 1847 2826 ad
1870 2804 1971 2828 totam
1986 2798 2174 2829 Trinitatem
2189 2807 2327 2840 spectare
2346 2800 2408 2831 exi-

1338 2855 1353 2870 »
1376 2842 1522 2872 stimetur
1539 2841 1640 2871 carnis
1656 2841 1849 2881 assumptio:
1873 2842 1901 2872 3.
1923 2841 2100 2873 Incarnata
2116 2843 2238 2882 dicitur,
2253 2854 2319 2884 quo
2335 2855 2407 2875 caro

1338 2899 1352 2914 ι
1376 2886 1568 2925 designatur,
1592 2886 1646 2915 sed
1670 2885 1818 2926 oblique,
1842 2893 1873 2916 et
1896 2892 1931 2916 ut
1954 2896 2020 2916 non
2037 2897 2093 2927 per
2108 2898 2151 2925 se,
2167 2898 2224 2918 nec
2239 2889 2287 2918 sui
2303 2899 2407 2928 causa,

1338 2943 1353 2958 »
1376 2940 1434 2961 nec
1458 2930 1507 2960 sui
1538 2930 1630 2960 iuris:
1655 2930 1736 2960 adeo
1769 2937 1803 2960 ut
1826 2930 1938 2960 unitati
1966 2930 2174 2971 hypostaseos
2202 2932 2407 2964 vindicandae

1338 2987 1352 3002 ι
1376 2974 1648 3005 accommodatius
1663 2974 1702 3004 sit
1716 2974 1788 3012 dici,
1804 2980 1955 3005 naturam
1977 2975 2068 3005 Verbi
2082 2977 2297 3014 incarnatam,
2309 2987 2408 3018 quam

1337 3031 1352 3046 ι
1375 3026 1522 3050 naturam
1544 3018 1640 3049 Verbi
1663 3025 1694 3048 et
1716 3026 1859 3049 carnem:
1878 3028 1910 3058 4.
1930 3019 2002 3049 Una
2026 3019 2138 3050 dicitur
2162 3021 2254 3051 Verbi
2274 3027 2406 3060 natura,

1337 3075 1351 3090 2
1374 3073 1450 3094 nam
1474 3063 1577 3093 unitas
1600 3063 1682 3093 sicut
1704 3069 1735 3093 et
1758 3063 1894 3093 totalitas
1918 3073 2014 3103 penes
2038 3070 2183 3094 naturam
2206 3065 2406 3106 principalio-

1336 3120 1350 3135 »
1374 3118 1441 3138 rem
1464 3114 1511 3138 est
1534 3107 1732 3137 attendenda.
1758 3107 1829 3137 Una
1851 3113 1898 3137 est
1912 3107 1997 3137 enim
2012 3118 2147 3147 persona
2161 3109 2316 3147 Christus,
2332 3110 2408 3151 quia

1335 3164 1350 3179 ›
1374 3162 1458 3182 unus
1481 3158 1528 3182 est
1550 3151 1609 3182 Dei
1631 3151 1730 3181 Filius
1744 3151 1954 3191 sempiternus
1969 3159 2000 3182 et
2013 3152 2290 3193 incorruptibiliter
2303 3154 2405 3193 idem;

1335 3208 1350 3223 »
1373 3196 1460 3236 prius
1483 3196 1550 3226 sine
1574 3204 1676 3233 carne,
1692 3205 1778 3226 nunc
1797 3205 1871 3226 cum
1891 3205 1993 3234 carne,
2008 3206 2133 3237 semper
2146 3197 2243 3235 idem,
2258 3209 2405 3239 unusque

1335 3252 1350 3267 2
1372 3250 1498 3280 semper
1521 3240 1623 3277 idem;
1646 3250 1704 3270 nec
1734 3239 1840 3269 minus
1869 3246 1974 3270 toturn
2004 3241 2091 3285 prius
2119 3242 2186 3272 sine
2217 3252 2324 3280 carne,
2349 3253 2405 3273 nec

1333 3297 1349 3312 ›
1372 3284 1472 3323 magis
1505 3290 1611 3314 totum
1639 3294 1714 3314 cum
1737 3291 1844 3321 came;
1875 3290 1986 3314 auctus
2014 3285 2080 3316 sine
2110 3286 2324 3324 incremento,
2348 3296 2405 3317 nec

1333 3341 1348 3355 »
1371 3328 1475 3358 maior
1493 3328 1593 3358 factus
1608 3328 1708 3358 carnis
1731 3327 1918 3358 accessione.
1940 3328 2051 3360 Unitas
2074 3340 2148 3369 ergo
2168 3339 2320 3370 personae
2339 3337 2406 3361 tota

1332 3384 1347 3399 ι
1370 3383 1389 3402 a
1411 3371 1506 3403 Verbi
1530 3378 1641 3402 natura
1662 3372 1831 3411 repetenda
1854 3379 1940 3403 est...

1401 3428 1416 3443 »
1439 3416 1523 3446 Hinc
1546 3415 1635 3446 litem
1658 3414 1753 3457 (inter
1776 3426 1841 3454 e08,
1858 3416 1913 3457 qui
1936 3417 1969 3446 in
1988 3417 2207 3457 propositione
2222 3417 2332 3458 Cyrilli
2347 3428 2404 3448 no-

1334 3472 1348 3487 ι
1372 3469 1446 3489 men
1470 3466 1600 3490 naturae
1624 3469 1682 3499 pro
1706 3469 1841 3499 persona
1864 3470 1919 3490 seu
1944 3460 2106 3500 hypostasi
2130 3468 2319 3502 usurpatum
2335 3462 2404 3502 opi-

1333 3516 1348 3530 »
1371 3510 1497 3541 nantur,
1521 3510 1553 3534 et
1575 3504 1631 3544 qui
1654 3513 1713 3543 pro
1737 3510 1848 3534 natura
1863 3504 1957 3534 Verbi
1971 3504 2039 3544 ipsa
2054 3505 2196 3544 positum
2211 3505 2403 3550 existimant)

1334 3559 1348 3574 :v
1371 3557 1564 3587 componere
1588 3557 1654 3577 non
1678 3547 1813 3578 arduum
1828 3554 1885 3585 est,
1900 3548 1925 3578 si
1940 3549 2123 3579 medullitus
2137 3549 2247 3590 Cyrilli
2262 3551 2404 3581 doctrina

1334 3603 1348 3618 »
1371 3591 1547 3631 indagetur.
1573 3592 1620 3621 llli
1643 3591 1729 3621 enim
1752 3592 1931 3632 hypostasis
1949 3593 1999 3622 vel
2013 3603 2148 3633 persona
2163 3604 2229 3624 non
2243 3594 2330 3625 aliud
2345 3602 2401 3634 est,

1329 3647 1348 3676 ,’
1372 3646 1470 3676 quam
1494 3642 1616 3675 natura,
1639 3636 1695 3666 sed
1717 3642 1784 3667 tota
1807 3643 1837 3666 et
1859 3636 1994 3676 integra;
2018 3638 2162 3679 adeoque
2185 3648 2252 3669 non
2274 3639 2401 3670 alterius
