2548 4192
961 292 1016 327 IN
1046 292 1084 328 S.
1107 293 1347 331 THOMAM
1374 295 1698 342 AQUINATEM

210 386 226 401 ι
249 379 387 414 potestas
406 371 536 403 Ordinis
560 370 773 411 principaliter
793 370 957 406 ordinatur
981 371 1020 400 ad
1045 371 1171 411 Corpus
1190 372 1281 402 Chri—

209 431 224 445 »
249 418 286 448 sti
310 416 571 452 consecrandum,
594 421 625 444 et
647 414 792 454 fidelibus
813 415 1072 455 dispensandum,
1089 423 1119 446 et
1142 416 1181 445 ad
1205 416 1280 446 fide—

209 475 224 489 »
247 462 291 492 les
321 471 339 491 a
362 460 496 501 peccatis
520 460 743 500 purgandum;
764 466 890 499 oportet
914 469 980 489 esse
1005 460 1144 500 aliquem
1168 460 1281 500 princi-

208 518 223 533 »
248 506 353 546 palem
386 504 561 542 Ordinem,
588 504 678 534 cuius
701 510 841 543 potestas
865 504 905 533 ad
928 504 990 534 hoc
1014 505 1225 544 pn'ncipaliter
1249 516 1280 535 se

208 561 223 576 >
246 550 401 587 extendat,
417 555 447 579 et
461 548 512 578 hic
527 555 573 578 est
587 548 676 579 Ordo
692 548 908 578 sacerdotalis:
926 548 1004 578 alios
1019 556 1126 579 autem
1142 548 1281 590 (oportet

207 605 222 620 ³
245 594 330 636 esse)
347 593 402 634 qui
431 593 534 623 eidem
551 593 687 623 serviant
710 592 896 632 aliqualiter,
921 593 1086 623 materiam
1109 594 1279 633 disponen-

177 662 184 671 .
206 649 222 664 ν
246 639 299 676 do,
317 644 348 668 et
371 638 402 667 hi
427 644 501 667 sunt
525 637 660 668 Ordines
685 636 942 667 ministrantium.
963 649 977 664 ι»
998 638 1085 668 Haec
1114 638 1279 669 attentiore

203 689 311 713 mente
335 681 390 723 qui
423 681 532 721 legerit
556 688 586 712 et
617 681 818 721 expenderit,
844 682 1134 721 compertissimum
1167 683 1280 714 habeat

203 733 332 768 oportet
348 726 461 756 frustra
484 726 556 756 illos
575 736 657 763 esse,
682 725 737 766 qui
753 725 874 766 opinati
898 733 973 756 sunt
994 726 1224 767 Episcopatum
1240 729 1278 759 ab

203 772 364 813 Aquinate
388 770 532 810 agnitum
555 770 796 810 admissumque
815 770 930 800 alicubi
954 770 1034 801 inter
1058 771 1205 810 Ordines,
1223 773 1278 813 qui

204 817 325 847 nedum
344 815 406 846 sint
429 815 543 855 gradus
568 822 599 846 et
622 814 726 845 officia
749 814 949 852 hierarchica,
970 825 1082 845 verum
1106 816 1201 846 etiam
1225 818 1278 848 Sa-

202 867 362 891 cramenta
387 859 596 890 characterem
628 859 853 899 imprimentia.
881 860 1049 896 Quaenam
1082 870 1156 900 ergo
1185 860 1280 892 fuerit

202 906 441 945 Episcoporum
463 902 625 944 potestas?
651 904 699 934 De
722 904 775 934 illa
800 904 922 943 egregie
950 911 1117 943 pertractat
1140 916 1164 935 s.
1191 906 1278 936 Tho-

202 960 271 980 mas
287 960 354 990 cap.
377 959 468 979 Lxxw
483 949 685 990 insequente:
709 961 724 976 «
747 948 831 986 Quia
846 958 934 986 vero,
952 950 1109 988 inquienS,
1131 950 1279 980 omnium

205 1007 220 1021 ιν
243 995 361 1025 horum
385 993 546 1024 Ordinum
569 993 775 1034 (sacerdotii,
793 993 984 1024 diaconatus
1008 998 1038 1023 et
1061 993 1278 1036 inferiorum)

205 1051 219 1066 ιν
244 1039 371 1070 collatio
397 1048 471 1070 cum
488 1036 630 1078 quodam
654 1038 856 1068 Sacramento
874 1036 1092 1077 (imprimente
1115 1038 1278 1069 characte-

203 1095 219 1110 2
243 1083 328 1126 rem)
343 1082 535 1124 perficitur...
547 1082 620 1112 ideo
636 1092 760 1112 necesse
772 1088 817 1112 est
827 1083 969 1122 aliquam
985 1083 1183 1121 superiorem
1193 1088 1278 1122 pote-

205 1139 219 1154 »
242 1134 355 1159 statem
382 1138 448 1158 esse
474 1126 505 1156 in
523 1126 662 1156 Ecclesia
687 1127 825 1156 alicuius
848 1126 974 1156 altioris
999 1126 1178 1163 ministerii,
1197 1137 1278 1166 quae

204 1184 220 1199 »
246 1173 379 1203 Ordinis
402 1172 647 1202 Sacramentum
672 1170 846 1210 dispenset:
867 1177 898 1200 et
915 1170 992 1200 haec
1017 1176 1063 1199 est
1078 1170 1279 1210 Episcopalis

203 1228 218 1243 2·
236 1222 389 1258 potestas.
408 1217 500 1253 Quae
524 1215 591 1253 etsi,
609 1222 766 1256 quantum
790 1214 920 1255 quidem
940 1214 980 1243 ad
1003 1214 1277 1244 consecrationem

201 1275 217 1290 ῃ
241 1260 395 1302 Corporis
419 1260 548 1298 Christi,
566 1270 631 1289 non
653 1259 781 1289 excedat
797 1257 966 1289 sacerdotis
986 1265 1175 1298 potestatem
1192 1257 1276 1299 (imo

202 1319 218 1334 ι
242 1314 344 1347 neque
360 1305 467 1336 valeat
482 1306 563 1345 ipsa,
576 1314 639 1344 per
654 1313 724 1334 sese
737 1308 892 1343 spectata,
911 1302 1038 1342 Corpus
1059 1302 1181 1333 Christi
1203 1313 1276 1334 con-

153 1382 160 1383 .
202 1363 218 1379 n
240 1348 543 1392 secrare'j‘excedit
565 1356 672 1379 tamen
696 1357 767 1378 eam
790 1347 823 1377 in
846 1346 915 1384 his,
942 1357 1024 1388 quae
1056 1347 1214 1387 pertinent
1237 1349 1277 1378 ad

202 1407 218 1423 x·
240 1394 358 1425 fideles.
379 1407 393 1422 »
413 1394 471 1424 Est
494 1403 609 1433 nempe
634 1399 792 1432 potestas,
819 1401 883 1432 qua
906 1391 1086 1432 Episcopus
1111 1391 1276 1423 Christum

197 1445 411 1480 'repraesentat
434 1439 466 1468 in
491 1438 569 1476 hoc,
594 1437 680 1478 quod
702 1437 785 1467 alios
808 1437 974 1467 ministros
1002 1437 1140 1466 instituit
1163 1442 1193 1467 et
1215 1437 1275 1468 Ec-

199 1485 329 1515 clesiam
345 1483 514 1524 fundavit.

267 1529 359 1566 Quae
382 1538 442 1558 nos
466 1537 525 1567 pro
550 1526 613 1556 divi
637 1525 785 1556 Thomae
809 1525 963 1555 sententia
987 1525 1193 1563 disserentes,
1211 1525 1275 1555 ani-

198 1573 427 1604 madvertimus
451 1582 526 1602 cum
550 1571 668 1601 Ioanne
690 1580 707 1600 a
726 1580 750 1600 s.
768 1570 898 1600 Thoma
917 1569 1034 1609 disput.
1051 1580 1073 1599 n
1090 1570 1138 1600 De
1161 1580 1276 1610 appro-

197 1617 327 1648 batione
358 1617 518 1648 doctrinae
542 1615 641 1656 ipsius
664 1614 843 1655 Aquinads,
867 1621 923 1644 art.
940 1625 984 1651 111,
1009 1624 1102 1654 prop.
1119 1622 1160 1644 rx:
1185 1615 1275 1645 Prae-

197 1669 360 1704 ceptorem
370 1661 578 1701 Angelicum‚
604 1659 757 1701 «quando
781 1665 876 1698 negat
890 1658 1122 1698 Episcopatum
1138 1669 1205 1689 esse
1222 1659 1275 1690 Sa-

196 1706 214 1734 v2·
238 1713 437 1738 cramentum
460 1705 600 1742 Ordinis,
619 1704 710 1744 loqui
727 1704 766 1733 de
789 1703 845 1733 illo
865 1703 1072 1733 condistincte
1091 1713 1109 1732 a
1133 1704 1275 1734 sacerdo—

200 1763 215 1778 »
238 1751 300 1789 tio,
318 1758 349 1782 et
372 1750 549 1781 secundum
572 1749 605 1779 id
629 1749 718 1790 quod
735 1748 774 1778 ad
790 1747 1002 1778 sacerdotium
1019 1748 1210 1787 superaddit.
1235 1749 1276 1779 Et

199 1809 214 1824 »
237 1795 315 1834 hoc,
337 1795 427 1837 quod
450 1793 632 1835 superaddit
655 1793 695 1823 ad
725 1791 953 1830 sacerdotium,
985 1790 1060 1822 dicit
1083 1801 1149 1822 esse
1172 1792 1274 1832 digni-

197 1853 214 1868 ,
237 1847 334 1871 tatem
363 1839 492 1871 Ordinis
525 1845 555 1869 et
587 1837 750 1874 officium,
786 1837 841 1866 sed
864 1846 931 1866 non
955 1836 1195 1868 Sacramentum
1215 1837 1274 1867 Or-

199 1897 214 1912 »
237 1885 338 1915 dinis:
367 1885 425 1914 nec
453 1893 486 1914 se
509 1883 604 1913 habet
633 1882 672 1912 ad
696 1881 926 1918 sacerdotium,
958 1880 1039 1911 sicut
1062 1875 1274 1912 sacerdotium

199 1941 214 1957 ι
237 1929 277 1960 ad
310 1929 535 1965 diaconatum,
569 1927 619 1957 cui
652 1924 835 1966 superaddit
867 1925 986 1966 aliquid
1019 1925 1109 1966 quod
1141 1926 1275 1966 pertinet

196 1986 213 2001 ι·
236 1984 303 2005 non
326 1973 435 2004 solum
457 1973 498 2002 ad
521 1971 723 2012 dignitatem,
747 1971 803 2001 sed
826 1971 866 2000 ad
889 1970 1045 2002 rationem
1069 1970 1272 2002 Sacramenti.

193 2022 214 2047 ἰ
237 2018 270 2050 Si
292 2028 368 2048 vero
393 2023 537 2048 sumatur
559 2016 771 2056 Episcopatus
795 2025 862 2045 non
895 2014 1103 2045 condistincte
1127 2025 1144 2045 a
1174 2025 1273 2045 sacer-

140 2096 146 2099 ,
194 2067 213 2090 '²
237 2062 338 2101 dotio,
355 2062 410 2093 sed
434 2071 509 2093 cum
525 2061 581 2091 illo
592 2084 600 2099 ‚
621 2060 665 2091 sic
689 2070 756 2090 non
771 2059 915 2100 loquitur
931 2059 1023 2089 divus
1040 2059 1197 2097 Thomas,
1214 2070 1272 2091 nec

195 2120 213 2136 ι
236 2114 341 2149 potest
364 2106 478 2148 aliquis
501 2115 614 2145 negare
638 2105 727 2146 quod
751 2105 892 2135 includat
915 2103 1156 2134 Sacramentum
1179 2104 1273 2135 Ordi-

198 2165 213 2179 ι
236 2152 296 2190 nis,
313 2151 429 2182 scilicet
451 2151 559 2191 ipsum
583 2149 806 2180 sacerdotium.
827 2161 842 2176 »

263 2196 316 2227 111.
335 2195 538 2227 Consectaria
554 2194 646 2234 plura
670 2201 784 2234 sponte
800 2193 916 2231 fluunt,
934 2202 1016 2234 quae
1039 2192 1187 2223 Thomae
1203 2203 1273 2224 sen-

194 2241 328 2272 tentiam
356 2240 493 2270 maxime
525 2239 691 2269 illustrant.
720 2241 767 2269 Ac
790 2239 917 2279 primo,
944 2237 1050 2277 plures
1074 2237 1106 2267 in
1131 2238 1273 2269 Ecclesia

191 2281 332 2317 'Ordines
355 2294 422 2315 esse
441 2283 650 2314 hierarchicos
667 2293 704 2314 ex
720 2283 826 2313 divina
842 2282 960 2314 Christi
977 2281 1195 2320 institutione;
1213 2283 1272 2314 Or-

193 2330 302 2360 dinem
325 2329 574 2370 Episcoporum,
590 2327 646 2369 qui
662 2328 781 2358 altioris
798 2327 966 2358 cuiusdam
990 2327 1156 2357 ministerii
1177 2334 1208 2357 et
1223 2328 1271 2358 of-

192 2373 256 2414 ficii
279 2381 418 2415 potestas
443 2379 506 2411 est;
526 2379 557 2403 et
579 2372 716 2403 Ordines
740 2372 913 2413 presbyteri
930 2377 961 2401 et
984 2370 1127 2410 diaconi,
1154 2372 1209 2412 qui
1232 2372 1271 2402 si-

192 2419 263 2450 mul
296 2425 371 2449 sunt
397 2418 599 2449 Sacramenta
629 2418 839 2448 characterem
871 2416 1096 2456 imprimentia.
1123 2416 1271 2447 Thomae

192 2463 288 2494 verba
311 2463 376 2493 iam
399 2463 544 2503 superius
561 2461 804 2502 descripsimus:
828 2474 842 2489 «
865 2461 939 2491 Alio
957 2461 1068 2498 mod0,
1086 2462 1269 2501 inquientis,

196 2521 212 2536 »
234 2513 340 2548 potest
363 2505 553 2537 considerari
580 2505 688 2544 Ordo,
717 2506 894 2537 secundum
927 2505 1016 2546 quod
1049 2511 1095 2535 est
1127 2505 1270 2546 officium

197 2565 212 2579 ιν
236 2551 401 2593 quoddam
425 2557 568 2591 respectu
601 2551 814 2592 quarumdam
842 2551 1004 2581 actionum
1034 2558 1222 2581 sacrarum:
1242 2557 1272 2580 et

197 2609 213 2624 s
237 2596 280 2627 sic
305 2606 379 2627 cum
402 2596 580 2636 Episcopus
603 2596 716 2626 habeat
735 2602 925 2636 potestatem
947 2594 981 2624 in
1005 2595 1183 2625 actionibus
1205 2595 1270 2625 hie-

197 2654 213 2669 »
237 2641 393 2671 rarchicis
416 2647 560 2680 respectu
590 2640 743 2680 Corporis
777 2639 901 2680 mystici
934 2649 1030 2679 supra
1053 2639 1270 2677 sacerdotem,

196 2697 213 2712 ιν
235 2686 448 2726 Episcopatus
471 2686 533 2715 erit
559 2677 685 2716 Orda}
705 2685 792 2715 Haec
815 2685 971 2714 habentur
995 2683 1064 2713 dist.
1082 2693 1154 2713 xxiv
1177 2694 1270 2724 saepe

194 2729 306 2768 citata,
323 2740 353 2771 q.
371 2740 422 2766 111,
434 2736 489 2759 art.
501 2739 541 2767 11,
559 2739 612 2770 qu.
628 2740 660 2760 11.
678 2729 796 2769 Accipe
812 2729 882 2766 illa,
898 2739 980 2769 quae
995 2734 1140 2768 prostant
1156 2738 1209 2768 qu.
1227 2739 1249 2758 11
1260 2752 1268 2766 ‚

195 2781 252 2805 art.
275 2785 306 2813 1,
333 2785 386 2815 qu.
411 2785 434 2804 11
460 2774 499 2804 ad
527 2781 555 2804 1:
585 2787 599 2801 α
625 2774 806 2805 Dicendum
836 2774 924 2814 quod
960 2772 1135 2813 Dionysius
1165 2772 1269 2813 loqui-

197 2831 213 2846 »
235 2826 288 2850 tur
302 2819 342 2850 de
361 2818 548 2856 Ordinibus,
566 2829 633 2849 non
653 2818 830 2849 secundum
846 2818 934 2859 quod
954 2824 1028 2848 sunt
1044 2817 1267 2855 Sacramenta,

197 2875 213 2890 w
237 2864 292 2894 sed
307 2863 485 2894 secundum
501 2863 590 2903 quod
605 2862 649 2893 ad
671 2863 889 2894 hierarchicas
905 2864 1047 2893 actiones
1063 2862 1267 2894 ordinantur:

197 2918 213 2933 w
237 2914 268 2938 et
290 2907 363 2937 ideo
388 2907 566 2938 secundum
582 2907 721 2938 actiones
738 2907 817 2945 illas,
838 2913 904 2938 tres
930 2907 1070 2939 Ordines
1093 2907 1266 2947 distinguit.

198 2963 215 2978 w
238 2951 389 2988 Quorum
417 2951 539 2992 primus
564 2952 660 2982 habet
683 2962 795 2982 omnes
818 2958 899 2991 tres,
925 2952 1041 2983 scilicet
1070 2952 1267 2992 Episcopus,

199 3006 215 3022 ι·
238 2993 411 3036 (purgare,
430 2996 617 3026 illuminare
633 3002 664 3027 et
681 2996 875 3038 perficere).·
893 2997 1051 3027 secundus
1068 2997 1162 3026 habet
1178 2996 1267 3033 duas,

198 3051 215 3066 a»
239 3039 356 3070 scilicet
389 3040 553 3077 sacerdos,
581 3039 785 3081 (illuminare
816 3046 847 3071 et
863 3041 1031 3083 purgare)
1039 3049 1052 3079 ;
1082 3041 1136 3072 sed
1160 3040 1269 3071 tertius

200 3095 215 3110 >v
238 3083 333 3114 habet
351 3094 461 3121 unam,
486 3084 601 3115 scilicet
624 3085 797 3123 diaconus,
824 3083 844 3126 (
844 3085 1050 3128 purgare)...
1071 3093 1102 3116 et
1125 3085 1184 3115 sub
1208 3085 1270 3115 hoc

198 3141 215 3156 a>
239 3138 351 3159 omnes
374 3127 538 3158 inferiores
554 3129 689 3160 Ordines
706 3130 1029 3170 comprehenduntur.
1050 3130 1111 3161 Sed
1132 3129 1271 3160 Ordines

200 3185 215 3200 »
239 3173 366 3210 habent,
383 3173 472 3212 quod
488 3172 550 3203 sint
565 3173 777 3204 Sacramenta
801 3184 838 3204 ex
854 3174 1005 3205 relatione
1029 3175 1069 3205 ad
1092 3175 1268 3204 maximum

198 3231 215 3246 u
238 3218 545 3249 Sacramentorum:
563 3224 594 3248 et
619 3218 692 3248 ideo
717 3219 894 3249 secundum
917 3219 978 3249 hoc
1002 3229 1154 3249 numerus
1178 3219 1270 3250 Ordi—

200 3275 214 3289 ιι
238 3271 318 3292 num
343 3261 441 3301 accipi
466 3261 566 3292 debet.
587 3275 602 3289 »
625 3261 780 3293 Ordinem
799 3273 874 3302 ergo
894 3263 919 3293 si
943 3263 1076 3303 accipias
1100 3273 1159 3303 pro
1184 3269 1269 3293 certo

195 3306 370 3337 hominurn
393 3311 487 3343 statu,
513 3306 569 3346 qui
593 3313 782 3346 potestatem
804 3307 922 3337 habent
944 3308 976 3337 in
1006 3307 1183 3338 actionibus
1206 3307 1270 3336 hie-

196 3350 343 3381 rarchicis
368 3359 440 3389 erga
464 3359 579 3389 corpus
604 3350 722 3381 Christi
741 3350 923 3391 mysticum,
943 3351 1055 3390 triplex
1078 3351 1130 3381 ille
1154 3351 1271 3390 praeci-

195 3405 261 3437 pue
279 3394 491 3434 distinguitur,
508 3393 752 3435 Episcoporum,
773 3395 974 3426 sacerdotum
996 3400 1026 3425 et
1048 3395 1269 3431 diaconorum,

196 3440 316 3481 quibus
339 3438 521 3469 Hierarchia
537 3439 696 3469 Ecclesiae
713 3449 730 3468 a
754 3439 881 3470 Christo
897 3439 1040 3469 instituta
1058 3438 1268 3469 constituitur.

196 3484 287 3515 Num
314 3494 390 3514 vero
407 3493 519 3514 omnes
543 3482 730 3514 huiusmodi
747 3483 882 3514 Ordines
899 3483 1080 3513 hierarchici
1105 3482 1226 3512 ratione
1241 3489 1271 3512 et

198 3529 300 3569 pretio
325 3528 517 3559 Sacramenti
540 3528 718 3569 potiantur,
744 3529 784 3558 ad
802 3527 1027 3568 theologorum
1051 3526 1270 3568 quaestionem

198 3573 343 3614 pertinet.

266 3617 412 3648 Alterum
436 3618 667 3648 consectarium
691 3618 730 3648 ad
753 3617 868 3654 varios,
895 3616 950 3657 qui
974 3615 1123 3655 distingui
1147 3614 1269 3652 solent,

198 3661 419 3693 ministrorum
443 3662 596 3693 sacerdoti
620 3661 858 3693 inservientium
881 3660 1017 3692 Ordines
1036 3666 1164 3700 spectat.
1181 3659 1270 3689 Tum

2277 312 2407 338 CCXCIII

1339 374 1552 415 diaconatum,
1574 383 1646 406 tum
1663 377 1826 407 inferiores
1847 378 1972 407 ordines
1997 378 2036 408 ad
2052 379 2243 410 Sacramenti
2267 382 2331 411 veri
2348 393 2406 412 no-

1338 419 1432 449 minis
1447 421 1604 451 rationem
1620 421 1739 451 elevare
1755 422 1878 452 videtur
1894 429 2019 452 sanctus
2035 423 2190 460 Thomas,
2208 434 2243 454 ac
2259 424 2405 466 frequens

1337 463 1562 503 theologorum
1582 466 1620 496 de
1637 466 1744 495 schola
1768 466 1845 496 haec
1870 466 1981 505 opinio
2007 473 2062 497 est.
2080 467 2305 507 Dignissimam
2321 470 2407 500 haud

1336 517 1396 546 ego
1411 510 1625 547 praetermitto
1642 510 1741 550 ipsius
1757 510 1903 540 Thomae
1919 511 2225 541 animadversionem
2241 512 2311 543 dist.
2323 524 2405 552 xxrv,

1336 559 1455 591 quaest.
1473 564 1506 591 11,
1524 561 1579 584 art.
1597 565 1618 591 1,
1640 561 1759 594 quaest.
1776 565 1799 584 11
1820 555 1859 584 ad
1884 562 1920 584 2:
1947 568 1961 582 ⁶<
1988 556 2023 585 In
2046 557 2213 595 primitiva
2238 557 2405 595 Ecclesia,

1338 608 1352 622 »
1376 598 1557 636 inquientis,
1575 605 1704 638 propter
1727 599 1918 638 paucitatem
1942 599 2161 630 ministrorum
2192 602 2299 630 omnia
2324 602 2406 642 infe-

1337 651 1351 666 »
1375 642 1464 671 riora
1488 643 1666 673 ministeria
1687 643 1828 673 diaconis
1850 643 2173 674 committebantur....
2189 644 2405 676 Nihilominus

1337 695 1351 710 »
1375 692 1462 716 erant
1485 696 1597 716 omnes
1614 687 1788 727 praedictae
1812 694 1993 727 potestates,
2011 689 2065 718 sed
2088 688 2260 728 implicitae
2283 689 2316 719 in
2340 700 2404 720 una

1336 740 1350 754 >›
1375 729 1498 760 diaconi
1523 737 1686 770 potestate.
1715 731 1776 762 Sed
1794 737 1907 771 postea
1938 732 2106 772 ampliatus
2130 739 2176 763 est
2199 733 2302 763 cultus
2327 734 2404 763 divi-

1337 784 1350 798 »
1374 781 1451 803 nus:
1473 781 1504 804 et
1527 775 1666 805 Ecclesia
1689 776 1777 816 quod
1794 777 1943 816 implicite
1966 776 2100 807 habebat
2123 777 2156 806 in
2179 787 2246 807 uno
2270 773 2419 816 Ordines

1336 829 1350 842 »
1374 818 1522 857 explicite
1537 819 1663 849 tradidit
1671 819 1704 849 in
1715 819 1854 850 diversis.
1866 832 1880 846 »
1901 820 2022 850 Eadem
2038 821 2193 851 habentur
2208 821 2241 851 in
2252 821 2401 861 Opuscu-

1333 861 1366 891 lo
1378 862 1450 892 XIX
1462 862 1581 892 Contra
1596 863 1819 903 impugnantes
1829 864 2027 903 Religionem
2042 863 2189 907 (cap.1v):
2200 866 2290 896 Sicut
2306 867 2400 896 etiam

1335 906 1367 935 in
1377 907 1545 945 primitiva
1560 906 1705 937 Ecclesia
1713 907 1857 947 suerunt
1870 909 1930 938 soli
1945 908 2010 938 duo
2023 909 2162 940 Ordines
2171 911 2269 947 sacri,
2281 911 2402 941 scilicet

1328 950 1516 989 presbyteri
1545 956 1575 980 et
1606 951 1735 981 diaconi
1767 957 1797 981 et
1830 957 1936 982 tamen
1954 958 2067 992 postea
2090 954 2236 984 Ecclesia
2261 955 2402 985 minores

1334 994 1394 1023 sibi
1415 994 1554 1024 Ordines
1574 996 1720 1025 instituit.
1742 996 1832 1032 Quae
1849 996 1891 1026 ita
1915 1007 1932 1026 a
1956 997 2112 1037 plerisque
2133 997 2351 1037 intelliguntur
2367 1009 2401 1028 ac

1334 1037 1359 1067 si
1376 1038 1515 1068 minores
1532 1039 1680 1078 praedicti
1697 1039 1832 1070 Ordines
1850 1050 1886 1069 ex
1905 1050 1967 1070 una
1985 1041 2189 1071 ecclesiastica
2205 1041 2402 1073 institutione

1334 1081 1466 1120 profecti
1490 1082 1616 1120 fuerint,
1638 1083 1782 1123 adeoque
1806 1094 1910 1124 neque
1934 1085 1995 1115 sint
2017 1085 2085 1115 iure
2117 1085 2224 1115 divino
2248 1086 2402 1125 instituti,

1333 1135 1437 1166 neque
1461 1126 1660 1157 Sacramenta
1683 1127 1748 1157 veri
1771 1128 1920 1159 nominis.

1400 1170 1550 1210 Sequitur
1572 1171 1675 1209 tertio,
1699 1181 1735 1201 ex
1758 1172 1819 1202 ritu
1843 1172 1898 1202 illo
1923 1173 2070 1211 sensibili,
2092 1184 2157 1214 quo
2182 1184 2305 1214 semper
2328 1174 2402 1214 Epi-

1333 1214 1468 1253 scopalis
1488 1221 1626 1254 potestas
1642 1215 1675 1245 in
1699 1215 1838 1246 Ecclesia
1855 1217 1966 1247 collata
1991 1224 2046 1254 est,
2063 1218 2096 1248 in
2113 1219 2243 1258 Synodo
2269 1219 2399 1250 Cartha-

1331 1258 1454 1297 ginensi
1483 1259 1604 1296 Quarta
1627 1260 1837 1300 praescripto,
1860 1261 1946 1291 haud
1970 1262 2074 1301 colligi
2097 1269 2167 1292 tuto
2191 1273 2284 1302 posse
2317 1274 2401 1294 eam-

1332 1303 1406 1332 dem
1422 1310 1611 1343 potestatem
1627 1304 1850 1344 Episcopalem
1874 1305 2076 1336 Sacramento
2096 1307 2238 1347 quodam
2256 1308 2400 1339 conferri.

1331 1347 1382 1377 Ad
1405 1348 1437 1377 id
1461 1348 1571 1388 utique
1595 1348 1752 1388 pertinent
1774 1350 1879 1387 verba,
1896 1359 1977 1390 quae
2002 1350 2145 1380 Thomas
2174 1351 2267 1382 habet
2290 1353 2401 1382 eadem

1331 1391 1363 1421 in
1388 1392 1589 1423 distinctione
1612 1403 1694 1431 xxiv,
1717 1403 1770 1433 qu.
1788 1404 1809 1431 1,
1827 1400 1882 1424 art.
1900 1404 1921 1431 1,
1939 1404 1993 1434 qu.
2013 1405 2047 1424 111
2067 1396 2106 1424 ad
2132 1396 2168 1425 3:
2189 1396 2262 1426 Non
2287 1398 2400 1434 omnis,

1330 1435 1489 1477 inquiens,
1513 1437 1687 1467 benedictio
1710 1447 1794 1478 quae
1816 1438 1985 1468 adhibetur
2014 1439 2135 1469 homini
2164 1441 2214 1470 vel
2237 1450 2401 1471 consecra-

1331 1482 1374 1511 tio
1399 1487 1446 1511 est
1468 1481 1737 1512 Sacramentum:
1755 1483 1831 1522 quia
1860 1488 1891 1512 et
1921 1484 2069 1513 monachi
2101 1489 2131 1514 et
2153 1484 2289 1514 Abbates
2312 1485 2402 1515 bene-

1330 1525 1494 1563 dicuntur,
1513 1531 1543 1556 et
1566 1531 1672 1556 tamen
1690 1527 1765 1556 illae
1781 1527 2013 1557 benedictiones
2037 1538 2100 1558 non
2116 1533 2192 1558 sunt
2211 1529 2403 1559 Sacramen-

1331 1575 1409 1600 ta....
1438 1570 1523 1607 Quia
1541 1580 1605 1610 per
1633 1571 1816 1601 huiusmodi
1848 1571 2079 1602 benedictiones
2112 1582 2174 1602 non
2209 1573 2403 1603 ordinantur

1330 1615 1432 1655 aliqui
1454 1615 1498 1645 ad
1512 1615 1779 1655 dispensationem
1796 1616 1978 1645 divinorum
1996 1616 2280 1647 Sacramentorum
2306 1615 2402 1659 (quae

1331 1658 1448 1689 scilicet
1470 1659 1520 1689 vel
1543 1660 1651 1699 ipsum
1675 1659 1857 1690 contineant
1877 1660 2083 1700 principalem
2106 1661 2165 1691 Dei
2190 1661 2322 1699 cultum,
2339 1662 2402 1692 Eu-

1331 1702 1492 1733 charistiae
1521 1703 1755 1734 confectionem
1789 1710 1819 1734 et
1848 1703 1988 1734 sacrificii
2021 1705 2234 1743 oblationem3
2268 1706 2319 1736 vel
2351 1706 2402 1736 isti

1330 1747 1501 1787 praecipuo
1518 1748 1576 1778 Dei
1601 1747 1699 1778 cultui
1716 1748 1927 1778 ministerium
1942 1748 2147 1789 impendant;
2165 1750 2216 1779 vel
2232 1750 2271 1779 ad
2294 1750 2402 1790 ipsum

1330 1791 1475 1822 divinum
1500 1792 1623 1822 cultum
1647 1792 1813 1830 ordinent,
1841 1803 1897 1832 per
1928 1793 2027 1833 ipsius
2052 1794 2265 1833 augustissimi
2295 1794 2401 1825 Sacra-

1329 1836 1428 1866 menti
1452 1834 1691 1878 receptionem).
1708 1837 1820 1877 Neque
1844 1837 1947 1867 ullum
1971 1837 2091 1877 ingerat
2106 1838 2272 1878 negotium
2295 1838 2399 1878 impo-

1328 1880 1400 1911 sitio
1425 1890 1592 1918 manuum,
1610 1891 1708 1921 quam
1731 1881 1764 1910 in
1788 1881 1986 1912 ordinatione
2014 1889 2068 1912 aut
2097 1883 2300 1922 promotione
2324 1883 2399 1923 Epi-

1328 1925 1418 1965 scopi
1457 1925 1606 1966 Synodus
1639 1925 1894 1965 Carthaginensis
1927 1933 2038 1966 quarta
2070 1927 2266 1966 praescribit:
2295 1937 2400 1967 neque

1328 1970 1415 1999 enim
1437 1971 1505 2000 sola
1524 1979 1680 2000 manuum
1696 1970 1860 2010 impositio
1885 1970 1990 2000 statim
2009 1971 2248 2001 Sacramentum
2269 1978 2323 2002 aut
2346 1972 2399 2002 Sa-

1328 2014 1479 2044 cramenti
1503 2014 1809 2045 administrationem
1832 2014 1956 2052 evincit,
1976 2025 2051 2045 cum
2067 2015 2119 2045 illa
2143 2015 2282 2046 adhiberi
2306 2016 2401 2046 etiam

1328 2059 1528 2089 consueverit
1549 2059 1583 2089 in
1606 2059 1840 2099 poenitentium
1864 2066 1895 2089 et
1910 2059 2212 2090 catechumenorum
2235 2060 2399 2090 admissio-

1328 2114 1378 2141 ne,
1395 2104 1428 2134 in
1453 2103 1634 2134 exorcismis
1649 2104 1781 2144 aliisque
1804 2103 1959 2143 precibus,
1980 2104 2042 2134 Sed
2065 2111 2203 2134 attamen
2226 2104 2397 2144 Episcopa-

1327 2148 1392 2178 lem
1416 2155 1606 2188 potestatem
1630 2148 1757 2178 nonnisi
1780 2148 1879 2178 hocce
1902 2148 1963 2178 ritu
1989 2147 2140 2187 conferri,
2166 2155 2318 2189 perpetua
2341 2149 2400 2179 Ec—

1328 2193 1495 2223 clesiarum
1518 2193 1644 2223 traditio
1669 2193 1770 2223 docet.

1395 2237 1637 2268 Consectarium
1653 2244 1803 2277 quartum
1827 2243 1883 2275 est,
1900 2236 2016 2267 Christi
2032 2236 2195 2266 voluntate
2219 2236 2400 2267 institutum

1327 2292 1405 2320 esse,
1417 2289 1453 2312 ut
1468 2292 1504 2312 ea
1518 2281 1717 2321 Episcopalis
1733 2287 1871 2321 potestas
1888 2281 2017 2319 nonnisi
2031 2281 2226 2319 hominibus,
2241 2281 2297 2321 qui
2307 2288 2398 2311 antea

1327 2326 1512 2356 sacerdotali
1537 2326 1712 2356 charactere
1743 2325 1883 2364 insigniti
1907 2325 2042 2363 fuerint,
2068 2334 2104 2355 ac
2131 2332 2320 2365 potestatem
2343 2325 2397 2355 ha-

1326 2371 1421 2401 beant
1443 2370 1476 2400 in
1494 2370 1621 2410 Corpus
1645 2369 1762 2400 Christi
1784 2379 1907 2407 verum,
1923 2369 2057 2399 conferri
2077 2369 2215 2409 legitime
2239 2380 2273 2400 ac
2297 2369 2354 2399 rite
2369 2376 2400 2399 et

1325 2415 1428 2445 valide
1451 2415 1561 2455 possit.
1579 2414 1751 2454 Egregium
1775 2414 1833 2444 hac
1850 2415 1888 2443 de
1911 2423 1943 2444 re
1964 2414 2194 2444 documentum
2218 2413 2398 2454 suppeditat

1325 2459 1469 2500 Aquinas
1492 2459 1525 2489 in
1550 2459 1603 2496 IV,
1621 2459 1691 2489 dist.
1708 2469 1762 2496 vn,
1779 2468 1833 2499 qu.
1850 2469 1894 2497 m,
1911 2465 1966 2488 art.
1983 2469 2005 2496 1,
2030 2468 2083 2499 qu.
2105 2466 2150 2488 m:
2171 2471 2185 2486 ‹
2202 2457 2266 2488 Alii
2290 2458 2399 2488 dicunt

1328 2516 1342 2530 2·
1366 2504 1455 2545 quod
1479 2503 1648 2534 auctoritas
1664 2503 1767 2543 Papae
1782 2510 1869 2533 tanta
1892 2510 1948 2541 est,
1965 2503 2052 2543 quod
2070 2502 2136 2532 eius
2160 2503 2310 2533 mandato
2328 2502 2397 2543 qui-

1327 2560 1342 2575 »
1366 2549 1442 2579 libet
1464 2555 1570 2588 potest
1600 2547 1760 2585 conferre,
1787 2547 1876 2588 quod
1899 2547 2008 2577 habet:
2035 2554 2071 2577 ut
2095 2546 2299 2577 confirmatus
2323 2556 2398 2577 con-

1328 2605 1342 2619 »
1365 2593 1507 2630 firmare,
1534 2593 1679 2623 sacerdos
1703 2592 1915 2623 sacerdotium
1940 2591 2092 2629 conferre,
2118 2591 2270 2621 diaconus
2294 2591 2398 2621 diaco-

1329 2649 1342 2663 »
1366 2645 1494 2668 natum:
1515 2647 1582 2667 non
1615 2643 1722 2667 autem
1746 2637 1896 2667 mandato
1929 2636 2029 2676 ipsius
2053 2642 2156 2675 potest
2184 2635 2298 2676 aliquis
2322 2645 2397 2665 con-

1328 2694 1342 2707 »
1366 2682 1444 2712 ferre
1459 2682 1548 2722 quod
1564 2691 1630 2712 non
1645 2681 1749 2719 habet,
1765 2688 1801 2711 ut
1815 2681 1968 2711 diaconus
1987 2680 2141 2711 Ordinem
2162 2679 2396 2710 sacerdotalem.

1329 2739 1343 2754 s
1367 2726 1428 2757 Sed
1452 2727 1528 2757 haec
1552 2726 1663 2766 opinio
1687 2726 1813 2756 videtur
1835 2725 1929 2755 nimis
1945 2725 2061 2764 ampla,
2079 2731 2109 2754 et
2131 2724 2203 2754 ideo
2227 2723 2331 2753 media
2346 2723 2396 2753 via

1329 2784 1343 2798 »
1366 2772 1543 2802 secundum
1567 2771 1646 2800 alios
1669 2771 1804 2800 tenenda
1820 2777 1875 2800 est.
1892 2770 1933 2800 Et
1955 2769 2027 2799 ideo
2052 2769 2217 2799 sciendum
2233 2774 2288 2805 est,
2306 2768 2395 2807 quod

1328 2828 1342 2842 »
1367 2826 1441 2846 curn
1464 2816 1675 2856 Episcopatus
1699 2825 1765 2844 non
1789 2814 1883 2844 addat
1914 2813 2032 2854 aliquid
2062 2822 2156 2852 supra
2185 2811 2396 2842 sacerdotium

1328 2873 1342 2887 »
1365 2870 1421 2900 per
1444 2860 1631 2891 relationem
1654 2860 1693 2889 ad
1709 2859 1835 2899 Corpus
1852 2858 1968 2889 Christi
1991 2867 2120 2894 verum,
2140 2856 2195 2886 sed
2218 2856 2324 2886 solum
2341 2866 2397 2895 per

1328 2917 1343 2931 »
1365 2905 1551 2936 relationem
1575 2905 1614 2934 ad
1647 2914 1762 2944 corpus
1786 2902 1902 2933 Christi
1935 2901 2121 2942 mysticum,
2142 2901 2227 2940 Papa
2254 2909 2311 2940 per
2333 2900 2395 2930 hoc

1328 2961 1341 2975 »
1365 2950 1454 2990 quod
1478 2956 1524 2979 est
1547 2949 1783 2989 Episcoporum
1799 2947 1962 2983 Summus,
1978 2956 2044 2975 non
2064 2945 2176 2975 dicitur
2199 2944 2312 2974 habere
2328 2944 2393 2984 ple-

1327 3005 1342 3020 »
1365 2994 1543 3024 nitudinem
1567 2993 1729 3033 potestatis
1753 3001 1808 3032 per
1835 2991 2020 3021 relationem
2050 2990 2089 3019 ad
2113 2989 2239 3028 Corpus
2263 2988 2395 3018 Domini

1328 3050 1342 3064 »
1365 3048 1487 3076 verum,
1508 3038 1562 3068 sed
1586 3047 1642 3078 per
1664 3036 1849 3067 relationem
1873 3036 1912 3064 ad
1936 3044 2051 3074 corpus
2075 3033 2255 3074 mysticum.
2275 3044 2289 3059 x
2310 3032 2394 3062 Hinc

1326 3082 1403 3123 quid
1427 3083 1580 3113 Summus
1603 3081 1748 3112 Pontifex
1769 3079 1926 3120 praedicta
1949 3078 2111 3118 potestatis
2134 3087 2200 3106 non
2224 3086 2295 3116 erga
2316 3076 2395 3107 Cor-

1326 3137 1386 3166 pus
1411 3127 1527 3157 Christi
1543 3136 1666 3163 verum,
1683 3125 1737 3155 sed
1762 3134 1832 3164 erga
1857 3133 1971 3163 corpus
1996 3122 2112 3152 Christi
2136 3121 2308 3162 mysticum
2330 3121 2395 3161 ple-

1326 3171 1470 3201 nitudine
1494 3172 1630 3201 donatus
1655 3170 1764 3207 valeat,
1780 3168 1896 3209 quidve
1919 3177 1985 3197 non
2007 3166 2108 3196 valeat
2131 3175 2232 3205 agere,
2252 3165 2395 3195 luculen-

1326 3215 1445 3245 tissime
1470 3215 1614 3255 explanat
1637 3225 1661 3244 s.
1678 3214 1838 3243 Thomas:
1858 3225 1872 3239 «
1892 3212 1933 3241 Et
1948 3211 2023 3251 quia
2045 3210 2143 3250 gratia
2162 3209 2393 3239 sacramentalis

1328 3271 1343 3285 »
1366 3260 1526 3289 descendit
1536 3259 1568 3289 in
1580 3268 1695 3298 corpus
1704 3256 1858 3298 (Christi)
1869 3255 2039 3296 mysticum
2050 3265 2067 3284 a
2078 3254 2188 3293 capite;
2203 3253 2275 3283 ideo
2290 3253 2395 3283 omnis

1330 3315 1344 3330 »
1367 3304 1510 3343 operatio
1533 3303 1565 3333 in
1591 3312 1705 3342 corpus
1738 3301 1909 3341 mysticum
1942 3298 2192 3335 sacramentalis,
2216 3307 2272 3337 per
2294 3307 2392 3337 quam

1330 3359 1344 3374 »
1366 3348 1463 3387 gratia
1487 3348 1588 3384 datur,
1606 3346 1762 3386 dependet
1785 3345 1823 3374 ab
1848 3344 2031 3384 operatione
2062 3341 2276 3372 sacramentali
2300 3351 2395 3380 super

1329 3404 1344 3418 »
1367 3392 1495 3432 Corpus
1511 3390 1642 3421 Domini
1659 3396 1786 3419 verum:
1807 3395 1837 3418 et
1860 3388 1932 3417 ideo
1948 3388 2036 3417 solus
2050 3385 2200 3417 sacerdos
2210 3390 2317 3425 potest
2336 3385 2393 3415 ab-

1330 3447 1344 3462 »
1366 3437 1491 3466 solvere
1514 3436 1545 3465 in
1561 3434 1644 3474 foro
1661 3432 1886 3473 poenitentiali
1910 3438 1940 3461 et
1969 3431 2131 3471 baptizare
2154 3439 2196 3459 ex
2218 3429 2335 3469 officio.
2353 3429 2394 3459 Et

1329 3492 1343 3506 x
1366 3480 1438 3510 ideo
1463 3479 1652 3515 dicendum,
1679 3477 1767 3517 quod
1791 3485 1978 3515 promovere
2002 3475 2041 3504 ad
2073 3474 2141 3503 illas
2165 3473 2392 3513 perfectiones,

1329 3535 1343 3550 »
1366 3534 1447 3564 quae
1471 3533 1537 3553 non
1561 3521 1732 3561 respiciunt
1755 3520 1881 3559 Corpus
1905 3518 2036 3549 Domini
2059 3528 2191 3555 verum,
2208 3517 2262 3547 sed
2286 3517 2393 3547 solum

1329 3579 1342 3594 ²·
1366 3578 1481 3608 corpus
1505 3566 1686 3607 mysticum,
1703 3570 1807 3604 potest
1822 3574 1840 3593 a
1863 3564 1959 3602 Papa,
1976 3562 2030 3603 qui
2046 3562 2140 3592 habet
2162 3561 2394 3601 plenitudinem

1328 3626 1342 3640 »
1365 3611 1556 3643 Pontificalis
1572 3609 1745 3650 potestatis,
1761 3607 1918 3638 committi
1939 3606 2090 3637 sacerdoti
2108 3606 2160 3646 qui
2179 3606 2273 3636 habet
2287 3612 2394 3636 actum

1328 3671 1342 3685 »
1366 3667 1462 3687 suum
1483 3665 1578 3696 super
1599 3654 1725 3694 Corpus
1742 3652 1873 3683 Domini
1896 3658 2024 3681 verum:
2045 3661 2111 3680 non
2127 3656 2235 3680 autem
2258 3650 2395 3680 diacono
