<?xml version="1.0" encoding="UTF-8"?>
<!DOCTYPE html PUBLIC "-//W3C//DTD XHTML 1.0 Transitional//EN"
    "http://www.w3.org/TR/xhtml1/DTD/xhtml1-transitional.dtd">
<html xmlns="http://www.w3.org/1999/xhtml" xml:lang="en" lang="en">
 <head>
  <title>
</title>
<meta http-equiv="Content-Type" content="text/html;charset=utf-8" />
  <meta name='ocr-system' content='tesseract 3.04.00' />
  <meta name='ocr-capabilities' content='ocr_page ocr_carea ocr_par ocr_line ocrx_word'/>
</head>
<body>
  <div class='ocr_page' id='page_1' title='image "./operaomniaiussui01thom/operaomniaiussui01thom_0399.png"; bbox 0 0 2788 4204; ppageno 0'>
   <div class='ocr_carea' id='block_1_1' title="bbox 1157 296 1545 344">
    <p class='ocr_par' dir='ltr' id='par_1_1' title="bbox 1157 296 1545 344">
     <span class='ocr_line' id='line_1_1' title="bbox 1157 296 1545 344; baseline 0.003 -11"><span class='ocrx_word' id='word_1_1' title='bbox 1157 297 1267 333; x_wconf 88' lang='lat' dir='ltr'>CAP.</span> <span class='ocrx_word' id='word_1_2' title='bbox 1299 297 1364 344; x_wconf 80' lang='lat' dir='ltr'>lv,</span> <span class='ocrx_word' id='word_1_3' title='bbox 1395 296 1545 334; x_wconf 86' lang='lat' dir='ltr'>LECT.</span> 
     </span>
    </p>
   </div>
   <div class='ocr_carea' id='block_1_2' title="bbox 1574 297 2482 343">
    <p class='ocr_par' dir='ltr' id='par_1_2' title="bbox 1574 297 2482 343">
     <span class='ocr_line' id='line_1_2' title="bbox 1574 297 2482 343; baseline -0.001 -10"><span class='ocrx_word' id='word_1_4' title='bbox 1574 297 1625 333; x_wconf 92' lang='lat' dir='ltr'>VI</span> <span class='ocrx_word' id='word_1_5' title='bbox 2434 307 2482 343; x_wconf 90' lang='lat'>29</span> 
     </span>
    </p>
   </div>
   <div class='ocr_carea' id='block_1_3' title="bbox 1082 503 1701 560">
    <p class='ocr_par' dir='ltr' id='par_1_3' title="bbox 1082 503 1701 560">
     <span class='ocr_line' id='line_1_3' title="bbox 1082 503 1701 560; baseline 0.003 -2"><span class='ocrx_word' id='word_1_6' title='bbox 1082 503 1380 559; x_wconf 92' lang='lat' dir='ltr'>LECTIO</span> <span class='ocrx_word' id='word_1_7' title='bbox 1420 503 1701 560; x_wconf 91' lang='lat' dir='ltr'><strong>SEXTA</strong></span> 
     </span>
    </p>
   </div>
   <div class='ocr_carea' id='block_1_4' title="bbox 457 646 2321 701">
    <p class='ocr_par' dir='ltr' id='par_1_4' title="bbox 457 646 2321 701">
     <span class='ocr_line' id='line_1_4' title="bbox 457 646 2321 701; baseline -0.001 -12"><span class='ocrx_word' id='word_1_8' title='bbox 457 649 541 689; x_wconf 87' lang='lat' dir='ltr'>DE</span> <span class='ocrx_word' id='word_1_9' title='bbox 573 647 869 689; x_wconf 91' lang='lat' dir='ltr'>PRINCIPIO</span> <span class='ocrx_word' id='word_1_10' title='bbox 903 647 1178 687; x_wconf 89' lang='lat' dir='ltr'>FORMALI</span> <span class='ocrx_word' id='word_1_11' title='bbox 1212 647 1701 697; x_wconf 88' lang='lat' dir='ltr'>ENUNCIATIONIS‚</span> <span class='ocrx_word' id='word_1_12' title='bbox 1737 647 1910 701; x_wconf 78' lang='lat' dir='ltr'><strong>QUOD</strong></span> <span class='ocrx_word' id='word_1_13' title='bbox 1944 646 2058 688; x_wconf 89' lang='lat' dir='ltr'>EST</span> <span class='ocrx_word' id='word_1_14' title='bbox 2092 647 2321 688; x_wconf 93' lang='lat' dir='ltr'>ORATIO</span> 
     </span>
    </p>
   </div>
   <div class='ocr_carea' id='block_1_5' title="bbox 292 802 1366 1339">
    <p class='ocr_par' dir='ltr' id='par_1_5' title="bbox 300 802 1363 941">
     <span class='ocr_line' id='line_1_5' title="bbox 300 802 1363 859; baseline -0.005 -17"><span class='ocrx_word' id='word_1_15' title='bbox 300 808 410 854; x_wconf 82' lang='grc' dir='ltr'><strong>Λόγος</strong></span> <span class='ocrx_word' id='word_1_16' title='bbox 434 802 472 839; x_wconf 74' lang='grc' dir='ltr'>δέ</span> <span class='ocrx_word' id='word_1_17' title='bbox 498 807 571 839; x_wconf 85' lang='grc' dir='ltr'>ἐστι</span> <span class='ocrx_word' id='word_1_18' title='bbox 596 818 687 851; x_wconf 84' lang='grc' dir='ltr'>φωνη</span> <span class='ocrx_word' id='word_1_19' title='bbox 713 817 906 859; x_wconf 86' lang='grc' dir='ltr'>σημαντικη</span> <span class='ocrx_word' id='word_1_20' title='bbox 930 806 1028 838; x_wconf 82' lang='grc' dir='ltr'>κατοὶ</span> <span class='ocrx_word' id='word_1_21' title='bbox 1042 805 1220 846; x_wconf 74' lang='grc' dir='ltr'>συνθήκην,</span> <span class='ocrx_word' id='word_1_22' title='bbox 1240 805 1278 843; x_wconf 76' lang='grc' dir='ltr'>ἧς</span> <span class='ocrx_word' id='word_1_23' title='bbox 1298 807 1363 838; x_wconf 82' lang='grc' dir='ltr'>τῶν</span> 
     </span>
     <span class='ocr_line' id='line_1_6' title="bbox 367 850 1362 906; baseline -0.004 -22"><span class='ocrx_word' id='word_1_24' title='bbox 367 853 471 896; x_wconf 80' lang='grc' dir='ltr'>μερῶν</span> <span class='ocrx_word' id='word_1_25' title='bbox 504 863 538 884; x_wconf 87' lang='grc' dir='ltr'>τι</span> <span class='ocrx_word' id='word_1_26' title='bbox 567 850 776 903; x_wconf 85' lang='grc' dir='ltr'>σημαντικόν</span> <span class='ocrx_word' id='word_1_27' title='bbox 802 851 875 883; x_wconf 81' lang='grc' dir='ltr'>ἐστι</span> <span class='ocrx_word' id='word_1_28' title='bbox 899 850 1156 906; x_wconf 82' lang='grc' dir='ltr'>κεχωρισμένον,</span> <span class='ocrx_word' id='word_1_29' title='bbox 1174 852 1215 888; x_wconf 82' lang='grc' dir='ltr'>ὠς</span> <span class='ocrx_word' id='word_1_30' title='bbox 1241 850 1362 893; x_wconf 72' lang='grc' dir='ltr'>φάσις,</span> 
     </span>
     <span class='ocr_line' id='line_1_7' title="bbox 369 894 1086 941; baseline -0.006 -11"><span class='ocrx_word' id='word_1_31' title='bbox 369 898 438 930; x_wconf 80' lang='grc' dir='ltr'>ἀλλ’</span> <span class='ocrx_word' id='word_1_32' title='bbox 468 898 532 941; x_wconf 85' lang='grc' dir='ltr'>οὐχ</span> <span class='ocrx_word' id='word_1_33' title='bbox 555 897 596 934; x_wconf 77' lang='grc' dir='ltr'>ὡς</span> <span class='ocrx_word' id='word_1_34' title='bbox 621 895 829 939; x_wconf 76' lang='grc' dir='ltr'>κατάφασις,</span> <span class='ocrx_word' id='word_1_35' title='bbox 857 894 877 931; x_wconf 74' lang='grc' dir='ltr'>ἦ</span> <span class='ocrx_word' id='word_1_36' title='bbox 905 894 1086 938; x_wconf 85' lang='grc' dir='ltr'>ἀπόφασις.</span> 
     </span>
    </p>

    <p class='ocr_par' dir='ltr' id='par_1_6' title="bbox 301 937 1363 1074">
     <span class='ocr_line' id='line_1_8' title="bbox 301 937 1363 998; baseline -0.006 -23"><span class='ocrx_word' id='word_1_37' title='bbox 301 941 397 998; x_wconf 84' lang='grc' dir='ltr'>Λέγω</span> <span class='ocrx_word' id='word_1_38' title='bbox 422 937 474 983; x_wconf 75' lang='grc' dir='ltr'>δέ,</span> <span class='ocrx_word' id='word_1_39' title='bbox 502 943 569 973; x_wconf 74' lang='grc' dir='ltr'>οἷον</span> <span class='ocrx_word' id='word_1_40' title='bbox 597 939 766 984; x_wconf 81' lang='grc' dir='ltr'>ἄνθρωπος</span> <span class='ocrx_word' id='word_1_41' title='bbox 792 942 947 983; x_wconf 72' lang='grc' dir='ltr'>σημαίνει</span> <span class='ocrx_word' id='word_1_42' title='bbox 972 939 1031 983; x_wconf 81' lang='grc' dir='ltr'>μέν</span> <span class='ocrx_word' id='word_1_43' title='bbox 1057 951 1104 980; x_wconf 87' lang='grc' dir='ltr'>τι,</span> <span class='ocrx_word' id='word_1_44' title='bbox 1131 939 1199 971; x_wconf 80' lang='grc' dir='ltr'>ἀλλ’</span> <span class='ocrx_word' id='word_1_45' title='bbox 1222 939 1300 993; x_wconf 82' lang='grc' dir='ltr'>οὐχ</span> <span class='ocrx_word' id='word_1_46' title='bbox 1310 938 1363 971; x_wconf 78' lang='grc' dir='ltr'>ὅτι</span> 
     </span>
     <span class='ocr_line' id='line_1_9' title="bbox 367 981 1364 1027; baseline -0.005 -8"><span class='ocrx_word' id='word_1_47' title='bbox 367 986 458 1019; x_wconf 85' lang='grc' dir='ltr'>ἔστιν</span> <span class='ocrx_word' id='word_1_48' title='bbox 488 984 509 1022; x_wconf 77' lang='grc' dir='ltr'>ἦ</span> <span class='ocrx_word' id='word_1_49' title='bbox 534 985 593 1018; x_wconf 82' lang='grc' dir='ltr'>οὐκ</span> <span class='ocrx_word' id='word_1_50' title='bbox 619 985 722 1016; x_wconf 81' lang='grc' dir='ltr'>ἔστιν·</span> <span class='ocrx_word' id='word_1_51' title='bbox 745 984 812 1016; x_wconf 84' lang='grc' dir='ltr'>ἀλλ’</span> <span class='ocrx_word' id='word_1_52' title='bbox 842 984 942 1016; x_wconf 84' lang='grc' dir='ltr'>ἔσται</span> <span class='ocrx_word' id='word_1_53' title='bbox 966 982 1160 1027; x_wconf 73' lang='grc' dir='ltr'>κατάφασις</span> <span class='ocrx_word' id='word_1_54' title='bbox 1186 981 1206 1019; x_wconf 79' lang='grc' dir='ltr'><strong>ἦ</strong></span> <span class='ocrx_word' id='word_1_55' title='bbox 1231 982 1364 1026; x_wconf 83' lang='grc' dir='ltr'>ἀπόφα-</span> 
     </span>
     <span class='ocr_line' id='line_1_10' title="bbox 368 1027 794 1074; baseline -0.012 -11"><span class='ocrx_word' id='word_1_56' title='bbox 368 1043 437 1071; x_wconf 90' lang='grc' dir='ltr'>σις,</span> <span class='ocrx_word' id='word_1_57' title='bbox 465 1029 523 1063; x_wconf 72' lang='grc' dir='ltr'>ἐάν</span> <span class='ocrx_word' id='word_1_58' title='bbox 551 1042 584 1062; x_wconf 86' lang='grc' dir='ltr'>τι</span> <span class='ocrx_word' id='word_1_59' title='bbox 610 1027 794 1074; x_wconf 78' lang='grc' dir='ltr'>προστεθῇ.</span> 
     </span>
    </p>

    <p class='ocr_par' dir='ltr' id='par_1_7' title="bbox 296 1065 1366 1203">
     <span class='ocr_line' id='line_1_11' title="bbox 296 1065 1363 1124; baseline -0.006 -17"><span class='ocrx_word' id='word_1_60' title='bbox 296 1075 381 1108; x_wconf 81' lang='grc' dir='ltr'>Ἀλλ’</span> <span class='ocrx_word' id='word_1_61' title='bbox 412 1075 486 1119; x_wconf 81' lang='grc' dir='ltr'><strong>οὐχὶ</strong></span> <span class='ocrx_word' id='word_1_62' title='bbox 512 1075 533 1111; x_wconf 75' lang='grc' dir='ltr'>ἢ</span> <span class='ocrx_word' id='word_1_63' title='bbox 559 1075 622 1106; x_wconf 79' lang='grc' dir='ltr'>τοῦ</span> <span class='ocrx_word' id='word_1_64' title='bbox 649 1071 820 1116; x_wconf 82' lang='grc' dir='ltr'>ἀνθρώπου</span> <span class='ocrx_word' id='word_1_65' title='bbox 846 1071 1000 1111; x_wconf 68' lang='grc' dir='ltr'>συλλαβὴ</span> <span class='ocrx_word' id='word_1_66' title='bbox 1026 1073 1105 1124; x_wconf 85' lang='grc' dir='ltr'>μία·</span> <span class='ocrx_word' id='word_1_67' title='bbox 1132 1065 1212 1101; x_wconf 75' lang='grc' dir='ltr'><strong>οὐδὲ</strong></span> <span class='ocrx_word' id='word_1_68' title='bbox 1241 1070 1305 1115; x_wconf 76' lang='grc' dir='ltr'>γὰρ</span> <span class='ocrx_word' id='word_1_69' title='bbox 1331 1070 1363 1102; x_wconf 82' lang='grc' dir='ltr'>ἐν</span> 
     </span>
     <span class='ocr_line' id='line_1_12' title="bbox 368 1114 1366 1168; baseline -0.007 -16"><span class='ocrx_word' id='word_1_70' title='bbox 368 1120 416 1161; x_wconf 78' lang='grc' dir='ltr'>τῷ</span> <span class='ocrx_word' id='word_1_71' title='bbox 441 1131 503 1162; x_wconf 87' lang='grc' dir='ltr'>μυς</span> <span class='ocrx_word' id='word_1_72' title='bbox 528 1119 569 1151; x_wconf 78' lang='grc' dir='ltr'>τὸ</span> <span class='ocrx_word' id='word_1_73' title='bbox 594 1118 628 1154; x_wconf 85' lang='grc' dir='ltr'>ῦς</span> <span class='ocrx_word' id='word_1_74' title='bbox 654 1115 876 1159; x_wconf 83' lang='grc' dir='ltr'>σημαντικόν,</span> <span class='ocrx_word' id='word_1_75' title='bbox 905 1115 996 1148; x_wconf 78' lang='grc' dir='ltr'>ἀλλα</span> <span class='ocrx_word' id='word_1_76' title='bbox 1012 1114 1105 1168; x_wconf 75' lang='grc' dir='ltr'>φωνή</span> <span class='ocrx_word' id='word_1_77' title='bbox 1130 1115 1204 1146; x_wconf 80' lang='grc' dir='ltr'>ἐστι</span> <span class='ocrx_word' id='word_1_78' title='bbox 1229 1116 1285 1145; x_wconf 79' lang='grc' dir='ltr'>νῦν</span> <span class='ocrx_word' id='word_1_79' title='bbox 1305 1114 1366 1158; x_wconf 87' lang='grc' dir='ltr'>μό-</span> 
     </span>
     <span class='ocr_line' id='line_1_13' title="bbox 367 1157 1360 1203; baseline -0.006 -9"><span class='ocrx_word' id='word_1_80' title='bbox 367 1175 434 1195; x_wconf 72' lang='grc' dir='ltr'>νον</span> <span class='ocrx_word' id='word_1_81' title='bbox 464 1165 497 1195; x_wconf 86' lang='grc' dir='ltr'>ἑν</span> <span class='ocrx_word' id='word_1_82' title='bbox 525 1157 564 1194; x_wconf 75' lang='grc' dir='ltr'>δε</span> <span class='ocrx_word' id='word_1_83' title='bbox 593 1166 663 1199; x_wconf 80' lang='grc' dir='ltr'>τοῖς</span> <span class='ocrx_word' id='word_1_84' title='bbox 689 1157 820 1198; x_wconf 82' lang='grc' dir='ltr'>διπλοῖς</span> <span class='ocrx_word' id='word_1_85' title='bbox 845 1162 1001 1203; x_wconf 83' lang='grc' dir='ltr'>σημαίνει</span> <span class='ocrx_word' id='word_1_86' title='bbox 1026 1158 1099 1201; x_wconf 81' lang='grc' dir='ltr'>μέν,</span> <span class='ocrx_word' id='word_1_87' title='bbox 1129 1159 1198 1190; x_wconf 83' lang='grc' dir='ltr'>ἀλλ’</span> <span class='ocrx_word' id='word_1_88' title='bbox 1220 1159 1257 1190; x_wconf 86' lang='grc' dir='ltr'>οὖ</span> <span class='ocrx_word' id='word_1_89' title='bbox 1286 1157 1360 1189; x_wconf 81' lang='grc' dir='ltr'>καθ’</span> 
     </span>
    </p>

    <p class='ocr_par' dir='ltr' id='par_1_8' title="bbox 339 1205 839 1260">
     <span class='ocr_line' id='line_1_14' title="bbox 339 1205 839 1260; baseline -0.008 -20"><span class='ocrx_word' id='word_1_90' title='bbox 339 1230 344 1234; x_wconf 87' lang='lat'><strong>·</strong></span> <span class='ocrx_word' id='word_1_91' title='bbox 367 1206 468 1248; x_wconf 88' lang='grc' dir='ltr'>αυτό,</span> <span class='ocrx_word' id='word_1_92' title='bbox 495 1205 584 1238; x_wconf 83' lang='grc' dir='ltr'>ὡσπε</span> <span class='ocrx_word' id='word_1_93' title='bbox 572 1218 622 1260; x_wconf 82' lang='grc' dir='ltr'>.ρ</span> <span class='ocrx_word' id='word_1_94' title='bbox 630 1208 839 1259; x_wconf 76' lang='grc' dir='ltr'>προείρηται.</span> 
     </span>
    </p>

    <p class='ocr_par' dir='ltr' id='par_1_9' title="bbox 292 1245 1362 1307">
     <span class='ocr_line' id='line_1_15' title="bbox 292 1245 1362 1307; baseline -0.007 -24"><span class='ocrx_word' id='word_1_95' title='bbox 292 1251 390 1285; x_wconf 81' lang='grc' dir='ltr'>Ἐστι</span> <span class='ocrx_word' id='word_1_96' title='bbox 414 1246 452 1283; x_wconf 76' lang='grc' dir='ltr'>δὲ</span> <span class='ocrx_word' id='word_1_97' title='bbox 475 1250 575 1307; x_wconf 81' lang='grc' dir='ltr'>λόγος</span> <span class='ocrx_word' id='word_1_98' title='bbox 602 1249 692 1288; x_wconf 81' lang='grc' dir='ltr'>ἅπας</span> <span class='ocrx_word' id='word_1_99' title='bbox 722 1250 781 1292; x_wconf 83' lang='grc' dir='ltr'>μὲν</span> <span class='ocrx_word' id='word_1_100' title='bbox 807 1245 1031 1292; x_wconf 80' lang='grc' dir='ltr'>σημαντικός,</span> <span class='ocrx_word' id='word_1_101' title='bbox 1056 1246 1124 1300; x_wconf 81' lang='grc' dir='ltr'>οὐχ</span> <span class='ocrx_word' id='word_1_102' title='bbox 1147 1247 1187 1283; x_wconf 84' lang='grc' dir='ltr'>ὠς</span> <span class='ocrx_word' id='word_1_103' title='bbox 1221 1245 1362 1290; x_wconf 80' lang='grc' dir='ltr'>ὄργανον</span> 
     </span>
    </p>

    <p class='ocr_par' dir='ltr' id='par_1_10' title="bbox 365 1289 1139 1339">
     <span class='ocr_line' id='line_1_16' title="bbox 365 1289 1139 1339; baseline -0.011 -11"><span class='ocrx_word' id='word_1_104' title='bbox 365 1291 421 1337; x_wconf 79' lang='grc' dir='ltr'>δέ,</span> <span class='ocrx_word' id='word_1_105' title='bbox 450 1296 517 1328; x_wconf 82' lang='grc' dir='ltr'>ἀλλ’</span> <span class='ocrx_word' id='word_1_106' title='bbox 539 1307 580 1332; x_wconf 88' lang='grc' dir='ltr'>ως</span> <span class='ocrx_word' id='word_1_107' title='bbox 606 1297 816 1339; x_wconf 83' lang='grc' dir='ltr'>προείρηται,</span> <span class='ocrx_word' id='word_1_108' title='bbox 841 1292 938 1325; x_wconf 68' lang='grc' dir='ltr'>κατά.</span> <span class='ocrx_word' id='word_1_109' title='bbox 961 1289 1139 1326; x_wconf 81' lang='grc' dir='ltr'>συνθηκην.</span> 
     </span>
    </p>
   </div>
   <div class='ocr_carea' id='block_1_6' title="bbox 297 1386 402 1399">
    <p class='ocr_par' dir='ltr' id='par_1_11' title="bbox 297 1386 402 1399">
     <span class='ocr_line' id='line_1_17' title="bbox 297 1386 402 1399; baseline -0.019 0"><span class='ocrx_word' id='word_1_110' title='bbox 297 1395 303 1399; x_wconf 88' lang='grc'><em>.</em></span> <span class='ocrx_word' id='word_1_111' title='bbox 316 1386 402 1397; x_wconf 47' lang='lat'>„&lt;‘-‘⁷</span> 
     </span>
    </p>
   </div>
   <div class='ocr_carea' id='block_1_7' title="bbox 297 1429 1367 1790">
    <p class='ocr_par' dir='ltr' id='par_1_12' title="bbox 297 1429 1367 1790">
     <span class='ocr_line' id='line_1_18' title="bbox 360 1429 1367 1471; baseline -0.008 -6"><span class='ocrx_word' id='word_1_112' title='bbox 360 1438 510 1465; x_wconf 70' lang='lat' dir='ltr'>smorsm.</span> <span class='ocrx_word' id='word_1_113' title='bbox 527 1452 561 1457; x_wconf 91' lang='lat'>-—</span> <span class='ocrx_word' id='word_1_114' title='bbox 582 1445 606 1464; x_wconf 92' lang='lat'>1.</span> <span class='ocrx_word' id='word_1_115' title='bbox 621 1436 730 1463; x_wconf 87' lang='lat' dir='ltr'>Textus</span> <span class='ocrx_word' id='word_1_116' title='bbox 747 1439 981 1471; x_wconf 69' lang='lat' dir='ltr'><strong>argumentum-</strong></span> <span class='ocrx_word' id='word_1_117' title='bbox 995 1440 1022 1460; x_wconf 86' lang='lat'>2.</span> <span class='ocrx_word' id='word_1_118' title='bbox 1039 1431 1140 1460; x_wconf 83' lang='lat' dir='ltr'>Oratio</span> <span class='ocrx_word' id='word_1_119' title='bbox 1163 1430 1303 1467; x_wconf 82' lang='lat' dir='ltr'>significat</span> <span class='ocrx_word' id='word_1_120' title='bbox 1323 1429 1367 1458; x_wconf 93' lang='lat' dir='ltr'>in-</span> 
     </span>
     <span class='ocr_line' id='line_1_19' title="bbox 299 1469 1367 1512; baseline -0.009 -6"><span class='ocrx_word' id='word_1_121' title='bbox 299 1478 445 1506; x_wconf 86' lang='lat' dir='ltr'>tellectum</span> <span class='ocrx_word' id='word_1_122' title='bbox 470 1475 708 1512; x_wconf 88' lang='lat' dir='ltr'>compositum.—</span> <span class='ocrx_word' id='word_1_123' title='bbox 685 1475 744 1502; x_wconf 87' lang='lat'>-.3</span> <span class='ocrx_word' id='word_1_124' title='bbox 761 1475 837 1502; x_wconf 80' lang='lat' dir='ltr'>Pars</span> <span class='ocrx_word' id='word_1_125' title='bbox 857 1473 954 1510; x_wconf 83' lang='lat' dir='ltr'>aliqua</span> <span class='ocrx_word' id='word_1_126' title='bbox 982 1471 1123 1500; x_wconf 86' lang='lat' dir='ltr'>orationis</span> <span class='ocrx_word' id='word_1_127' title='bbox 1151 1470 1259 1507; x_wconf 90' lang='lat' dir='ltr'>aliquid</span> <span class='ocrx_word' id='word_1_128' title='bbox 1281 1469 1367 1507; x_wconf 88' lang='lat' dir='ltr'>signi-</span> 
     </span>
     <span class='ocr_line' id='line_1_20' title="bbox 299 1509 1367 1552; baseline -0.008 -7"><span class='ocrx_word' id='word_1_129' title='bbox 299 1517 380 1552; x_wconf 87' lang='lat' dir='ltr'>ficat,</span> <span class='ocrx_word' id='word_1_130' title='bbox 401 1525 463 1544; x_wconf 89' lang='lat' dir='ltr'>non</span> <span class='ocrx_word' id='word_1_131' title='bbox 477 1515 596 1552; x_wconf 88' lang='lat' dir='ltr'>quidem</span> <span class='ocrx_word' id='word_1_132' title='bbox 618 1514 794 1543; x_wconf 90' lang='lat' dir='ltr'>intellectum</span> <span class='ocrx_word' id='word_1_133' title='bbox 816 1511 1021 1549; x_wconf 88' lang='lat' dir='ltr'>compositum,</span> <span class='ocrx_word' id='word_1_134' title='bbox 1038 1512 1088 1539; x_wconf 90' lang='lat' dir='ltr'>sed</span> <span class='ocrx_word' id='word_1_135' title='bbox 1103 1510 1263 1546; x_wconf 86' lang='lat' dir='ltr'><strong>simplicem</strong></span> <span class='ocrx_word' id='word_1_136' title='bbox 1285 1509 1367 1537; x_wconf 89' lang='lat' dir='ltr'>intel-</span> 
     </span>
     <span class='ocr_line' id='line_1_21' title="bbox 299 1549 1366 1592; baseline -0.008 -7"><span class='ocrx_word' id='word_1_137' title='bbox 299 1557 415 1591; x_wconf 86' lang='lat' dir='ltr'>lectum,</span> <span class='ocrx_word' id='word_1_138' title='bbox 426 1564 531 1592; x_wconf 87' lang='lat' dir='ltr'>nempe</span> <span class='ocrx_word' id='word_1_139' title='bbox 546 1554 705 1591; x_wconf 85' lang='lat' dir='ltr'>simplicem</span> <span class='ocrx_word' id='word_1_140' title='bbox 720 1553 760 1582; x_wconf 92' lang='lat' dir='ltr'>rei</span> <span class='ocrx_word' id='word_1_141' title='bbox 775 1551 1038 1590; x_wconf 84' lang='lat' dir='ltr'>apprehensionem</span> <span class='ocrx_word' id='word_1_142' title='bbox 1042 1560 1103 1585; x_wconf 89' lang='lat'>.-4.</span> <span class='ocrx_word' id='word_1_143' title='bbox 1112 1549 1227 1586; x_wconf 83' lang='lat' dir='ltr'>Aspasii</span> <span class='ocrx_word' id='word_1_144' title='bbox 1242 1549 1366 1577; x_wconf 89' lang='lat' dir='ltr'>obiectio</span> 
     </span>
     <span class='ocr_line' id='line_1_22' title="bbox 297 1578 1366 1631; baseline -0.008 -7"><span class='ocrx_word' id='word_1_145' title='bbox 297 1578 458 1625; x_wconf 64' lang='lat' dir='ltr'>sonitui-.-</span> <span class='ocrx_word' id='word_1_146' title='bbox 467 1595 650 1631; x_wconf 85' lang='lat' dir='ltr'>Improbatur</span> <span class='ocrx_word' id='word_1_147' title='bbox 670 1593 811 1622; x_wconf 85' lang='lat' dir='ltr'>sententia</span> <span class='ocrx_word' id='word_1_148' title='bbox 833 1591 1025 1628; x_wconf 85' lang='lat' dir='ltr'>Philoponi—</span> <span class='ocrx_word' id='word_1_149' title='bbox 1003 1591 1062 1618; x_wconf 89' lang='lat'>-.5</span> <span class='ocrx_word' id='word_1_150' title='bbox 1073 1592 1143 1618; x_wconf 89' lang='lat' dir='ltr'>Pars</span> <span class='ocrx_word' id='word_1_151' title='bbox 1165 1589 1305 1617; x_wconf 89' lang='lat' dir='ltr'>orationis</span> <span class='ocrx_word' id='word_1_152' title='bbox 1329 1589 1366 1616; x_wconf 89' lang='lat' dir='ltr'>si-</span> 
     </span>
     <span class='ocr_line' id='line_1_23' title="bbox 297 1628 1366 1680; baseline -0.009 -16"><span class='ocrx_word' id='word_1_153' title='bbox 297 1635 450 1680; x_wconf 73' lang='lat' dir='ltr'>gnificms,</span> <span class='ocrx_word' id='word_1_154' title='bbox 465 1634 532 1663; x_wconf 91' lang='lat' dir='ltr'>ideo</span> <span class='ocrx_word' id='word_1_155' title='bbox 546 1643 607 1662; x_wconf 93' lang='lat' dir='ltr'>non</span> <span class='ocrx_word' id='word_1_156' title='bbox 622 1633 762 1671; x_wconf 86' lang='lat' dir='ltr'>significat</span> <span class='ocrx_word' id='word_1_157' title='bbox 776 1632 914 1660; x_wconf 89' lang='lat' dir='ltr'>iudicium</span> <span class='ocrx_word' id='word_1_158' title='bbox 926 1630 1166 1669; x_wconf 79' lang='lat' dir='ltr'>(affirmationem</span> <span class='ocrx_word' id='word_1_159' title='bbox 1176 1629 1221 1656; x_wconf 91' lang='lat' dir='ltr'>vel</span> <span class='ocrx_word' id='word_1_160' title='bbox 1235 1628 1366 1667; x_wconf 81' lang='lat' dir='ltr'>negatio-</span> 
     </span>
     <span class='ocr_line' id='line_1_24' title="bbox 299 1668 1366 1720; baseline -0.007 -17"><span class='ocrx_word' id='word_1_161' title='bbox 299 1677 382 1711; x_wconf 84' lang='lat' dir='ltr'>nem)</span> <span class='ocrx_word' id='word_1_162' title='bbox 402 1674 471 1720; x_wconf 86' lang='lat' dir='ltr'>quia</span> <span class='ocrx_word' id='word_1_163' title='bbox 484 1683 546 1702; x_wconf 90' lang='lat' dir='ltr'>non</span> <span class='ocrx_word' id='word_1_164' title='bbox 561 1673 700 1711; x_wconf 87' lang='lat' dir='ltr'>significat</span> <span class='ocrx_word' id='word_1_165' title='bbox 721 1682 784 1701; x_wconf 81' lang='lat' dir='ltr'>esse</span> <span class='ocrx_word' id='word_1_166' title='bbox 799 1672 843 1709; x_wconf 83' lang='lat' dir='ltr'>vel</span> <span class='ocrx_word' id='word_1_167' title='bbox 864 1680 919 1699; x_wconf 89' lang='lat' dir='ltr'>non</span> <span class='ocrx_word' id='word_1_168' title='bbox 942 1679 1014 1699; x_wconf 83' lang='lat' dir='ltr'>esse.</span> <span class='ocrx_word' id='word_1_169' title='bbox 1026 1685 1043 1691; x_wconf 97' lang='lat'>-</span> <span class='ocrx_word' id='word_1_170' title='bbox 1060 1670 1087 1697; x_wconf 84' lang='lat'>6.</span> <span class='ocrx_word' id='word_1_171' title='bbox 1102 1670 1142 1697; x_wconf 92' lang='lat' dir='ltr'>At</span> <span class='ocrx_word' id='word_1_172' title='bbox 1161 1677 1227 1705; x_wconf 90' lang='lat' dir='ltr'>pars</span> <span class='ocrx_word' id='word_1_173' title='bbox 1238 1668 1366 1713; x_wconf 39' lang='lat' dir='ltr'>&#39;quidem</span> 
     </span>
     <span class='ocr_line' id='line_1_25' title="bbox 299 1707 1366 1751; baseline -0.008 -8"><span class='ocrx_word' id='word_1_174' title='bbox 299 1714 441 1744; x_wconf 81' lang='lat' dir='ltr'>orationis</span> <span class='ocrx_word' id='word_1_175' title='bbox 462 1713 616 1751; x_wconf 81' lang='lat' dir='ltr'>significat,</span> <span class='ocrx_word' id='word_1_176' title='bbox 637 1713 688 1741; x_wconf 88' lang='lat' dir='ltr'>sed</span> <span class='ocrx_word' id='word_1_177' title='bbox 709 1721 770 1740; x_wconf 90' lang='lat' dir='ltr'>non</span> <span class='ocrx_word' id='word_1_178' title='bbox 791 1707 880 1748; x_wconf 82' lang='lat' dir='ltr'>partis</span> <span class='ocrx_word' id='word_1_179' title='bbox 890 1719 975 1749; x_wconf 83' lang='lat' dir='ltr'>pars,</span> <span class='ocrx_word' id='word_1_180' title='bbox 996 1715 1028 1737; x_wconf 91' lang='lat' dir='ltr'>ut</span> <span class='ocrx_word' id='word_1_181' title='bbox 1042 1718 1108 1745; x_wconf 88' lang='lat' dir='ltr'>pars</span> <span class='ocrx_word' id='word_1_182' title='bbox 1130 1715 1182 1743; x_wconf 90' lang='lat' dir='ltr'>est,</span> <span class='ocrx_word' id='word_1_183' title='bbox 1197 1708 1265 1744; x_wconf 90' lang='lat' dir='ltr'>quia</span> <span class='ocrx_word' id='word_1_184' title='bbox 1278 1707 1366 1735; x_wconf 90' lang='lat' dir='ltr'>dictio</span> 
     </span>
     <span class='ocr_line' id='line_1_26' title="bbox 299 1747 1364 1790; baseline -0.008 -7"><span class='ocrx_word' id='word_1_185' title='bbox 299 1754 412 1782; x_wconf 81' lang='lat' dir='ltr'>etiamsi</span> <span class='ocrx_word' id='word_1_186' title='bbox 433 1754 469 1782; x_wconf 90' lang='lat' dir='ltr'>sit</span> <span class='ocrx_word' id='word_1_187' title='bbox 488 1753 660 1790; x_wconf 85' lang='lat' dir='ltr'>composita,</span> <span class='ocrx_word' id='word_1_188' title='bbox 676 1752 815 1789; x_wconf 79' lang='lat' dir='ltr'>significat</span> <span class='ocrx_word' id='word_1_189' title='bbox 835 1760 927 1779; x_wconf 90' lang='lat' dir='ltr'>unum</span> <span class='ocrx_word' id='word_1_190' title='bbox 942 1749 1102 1786; x_wconf 87' lang='lat' dir='ltr'>simplicem</span> <span class='ocrx_word' id='word_1_191' title='bbox 1120 1748 1296 1776; x_wconf 89' lang='lat' dir='ltr'>intellectum</span> <span class='ocrx_word' id='word_1_192' title='bbox 1311 1747 1364 1782; x_wconf 85' lang='lat' dir='ltr'>(Cf.</span> 
     </span>
    </p>
   </div>
   <div class='ocr_carea' id='block_1_8' title="bbox 356 1863 510 2050">
    <p class='ocr_par' dir='ltr' id='par_1_13' title="bbox 356 1863 510 2050">
     <span class='ocr_line' id='line_1_27' title="bbox 356 1863 510 2050; baseline 0 -79"><span class='ocrx_word' id='word_1_193' title='bbox 356 1863 510 2050; x_wconf 95' lang='lat' dir='ltr'>   </span> 
     </span>
    </p>
   </div>
   <div class='ocr_carea' id='block_1_9' title="bbox 58 1839 1366 2422">
    <p class='ocr_par' dir='ltr' id='par_1_14' title="bbox 58 1839 1366 2422">
     <span class='ocr_line' id='line_1_28' title="bbox 496 1839 1365 1904; baseline -0.008 -22.119"><span class='ocrx_word' id='word_1_194' title='bbox 496 1860 499 1862; x_wconf 89' lang='grc'><em>·</em></span> <span class='ocrx_word' id='word_1_195' title='bbox 509 1864 515 1870; x_wconf 90' lang='grc'>·</span> <span class='ocrx_word' id='word_1_196' title='bbox 527 1868 540 1887; x_wconf 45' lang='grc' dir='ltr'>,ε</span> <span class='ocrx_word' id='word_1_197' title='bbox 569 1851 746 1904; x_wconf 82' lang='lat' dir='ltr'>ostquam</span> <span class='ocrx_word' id='word_1_198' title='bbox 762 1841 1018 1890; x_wconf 88' lang='lat' dir='ltr'>Philosophus</span> <span class='ocrx_word' id='word_1_199' title='bbox 1035 1839 1299 1877; x_wconf 85' lang='lat' dir='ltr'>determinavit</span> <span class='ocrx_word' id='word_1_200' title='bbox 1318 1839 1365 1876; x_wconf 91' lang='lat' dir='ltr'>de</span> 
     </span>
     <span class='ocr_line' id='line_1_29' title="bbox 443 1891 1364 1960; baseline -0.008 -25.44"><span class='ocrx_word' id='word_1_201' title='bbox 443 1892 598 1960; x_wconf 46' lang='grc' dir='ltr'>,ἷξε</span> <span class='ocrx_word' id='word_1_202' title='bbox 569 1898 719 1934; x_wconf 85' lang='lat' dir='ltr'>nomine</span> <span class='ocrx_word' id='word_1_203' title='bbox 744 1904 780 1933; x_wconf 92' lang='lat' dir='ltr'>et</span> <span class='ocrx_word' id='word_1_204' title='bbox 805 1896 853 1932; x_wconf 91' lang='lat' dir='ltr'>de</span> <span class='ocrx_word' id='word_1_205' title='bbox 880 1895 1007 1940; x_wconf 74' lang='lat' dir='ltr'>verbo,</span> <span class='ocrx_word' id='word_1_206' title='bbox 1029 1905 1127 1942; x_wconf 90' lang='lat' dir='ltr'>quae</span> <span class='ocrx_word' id='word_1_207' title='bbox 1151 1899 1238 1929; x_wconf 89' lang='lat' dir='ltr'>sunt</span> <span class='ocrx_word' id='word_1_208' title='bbox 1263 1891 1364 1940; x_wconf 89' lang='lat' dir='ltr'>prin—</span> 
     </span>
     <span class='ocr_line' id='line_1_30' title="bbox 366 1943 1365 1999; baseline -0.012 -7"><span class='ocrx_word' id='word_1_209' title='bbox 366 1975 396 1993; x_wconf 48' lang='grc' dir='ltr'>ω</span> <span class='ocrx_word' id='word_1_210' title='bbox 569 1950 665 1999; x_wconf 90' lang='lat' dir='ltr'>cipia</span> <span class='ocrx_word' id='word_1_211' title='bbox 693 1948 904 1986; x_wconf 84' lang='lat' dir='ltr'>materialia</span> <span class='ocrx_word' id='word_1_212' title='bbox 929 1943 1214 1992; x_wconf 85' lang='lat' dir='ltr'>enunciationis,</span> <span class='ocrx_word' id='word_1_213' title='bbox 1233 1952 1365 1993; x_wconf 88' lang='lat' dir='ltr'>utpote</span> 
     </span>
     <span class='ocr_line' id='line_1_31' title="bbox 363 1990 1364 2053; baseline -0.008 -12"><span class='ocrx_word' id='word_1_214' title='bbox 363 2015 395 2031; x_wconf 39' lang='grc' dir='ltr'>*ψ’</span> <span class='ocrx_word' id='word_1_215' title='bbox 423 1990 522 2043; x_wconf 57' lang='grc' dir='ltr'>*ἥρ</span> <span class='ocrx_word' id='word_1_216' title='bbox 518 1994 549 2026; x_wconf 80' lang='lat'>·¹</span> <span class='ocrx_word' id='word_1_217' title='bbox 567 2010 692 2053; x_wconf 90' lang='lat' dir='ltr'>partes</span> <span class='ocrx_word' id='word_1_218' title='bbox 721 2003 801 2039; x_wconf 91' lang='lat' dir='ltr'>eius</span> <span class='ocrx_word' id='word_1_219' title='bbox 821 2001 1038 2045; x_wconf 85' lang='lat' dir='ltr'>existentes;</span> <span class='ocrx_word' id='word_1_220' title='bbox 1058 2012 1160 2036; x_wconf 88' lang='lat' dir='ltr'>nunc</span> <span class='ocrx_word' id='word_1_221' title='bbox 1189 1997 1364 2035; x_wconf 90' lang='lat' dir='ltr'>determi—</span> 
     </span>
     <span class='ocr_line' id='line_1_32' title="bbox 297 2050 1365 2105; baseline -0.007 -12"><span class='ocrx_word' id='word_1_222' title='bbox 297 2062 363 2094; x_wconf 90' lang='lat' dir='ltr'>nat</span> <span class='ocrx_word' id='word_1_223' title='bbox 397 2056 445 2093; x_wconf 88' lang='lat' dir='ltr'>de</span> <span class='ocrx_word' id='word_1_224' title='bbox 473 2057 662 2102; x_wconf 87' lang='lat' dir='ltr'>oratione,</span> <span class='ocrx_word' id='word_1_225' title='bbox 705 2068 803 2105; x_wconf 89' lang='lat' dir='ltr'>quae</span> <span class='ocrx_word' id='word_1_226' title='bbox 843 2061 898 2091; x_wconf 93' lang='lat' dir='ltr'>est</span> <span class='ocrx_word' id='word_1_227' title='bbox 930 2052 1159 2102; x_wconf 89' lang='lat' dir='ltr'>principium</span> <span class='ocrx_word' id='word_1_228' title='bbox 1192 2050 1365 2100; x_wconf 86' lang='lat' dir='ltr'>formale</span> 
     </span>
     <span class='ocr_line' id='line_1_33' title="bbox 299 2104 1364 2167; baseline -0.008 -20"><span class='ocrx_word' id='word_1_229' title='bbox 299 2108 600 2147; x_wconf 73' lang='lat' dir='ltr'>enunciationis*</span> <span class='ocrx_word' id='word_1_230' title='bbox 602 2116 750 2158; x_wconf 86' lang='lat' dir='ltr'>‚utpote</span> <span class='ocrx_word' id='word_1_231' title='bbox 766 2119 884 2167; x_wconf 81' lang='lat' dir='ltr'>genus</span> <span class='ocrx_word' id='word_1_232' title='bbox 900 2107 980 2144; x_wconf 91' lang='lat' dir='ltr'>eius</span> <span class='ocrx_word' id='word_1_233' title='bbox 997 2106 1184 2143; x_wconf 79' lang='lat' dir='ltr'>existens“</span> <span class='ocrx_word' id='word_1_234' title='bbox 1188 2105 1257 2141; x_wconf 92' lang='lat' dir='ltr'>.Et</span> <span class='ocrx_word' id='word_1_235' title='bbox 1267 2104 1364 2140; x_wconf 91' lang='lat' dir='ltr'>circa</span> 
     </span>
     <span class='ocr_line' id='line_1_34' title="bbox 58 2153 1363 2211; baseline -0.007 -10"><span class='ocrx_word' id='word_1_236' title='bbox 58 2153 195 2202; x_wconf 43' lang='lat' dir='ltr'>affl</span> <span class='ocrx_word' id='word_1_237' title='bbox 203 2158 272 2175; x_wconf 65' lang='lat'>‘&#39;¹¹⁶¹‘&#39;</span> <span class='ocrx_word' id='word_1_238' title='bbox 298 2163 374 2199; x_wconf 90' lang='lat' dir='ltr'>hoc</span> <span class='ocrx_word' id='word_1_239' title='bbox 392 2161 462 2198; x_wconf 90' lang='lat' dir='ltr'>tria</span> <span class='ocrx_word' id='word_1_240' title='bbox 480 2162 583 2199; x_wconf 86' lang='lat' dir='ltr'>facit:</span> <span class='ocrx_word' id='word_1_241' title='bbox 602 2162 728 2211; x_wconf 90' lang='lat' dir='ltr'>primo</span> <span class='ocrx_word' id='word_1_242' title='bbox 745 2161 860 2206; x_wconf 91' lang='lat' dir='ltr'>enirn,</span> <span class='ocrx_word' id='word_1_243' title='bbox 876 2158 1085 2208; x_wconf 82' lang='lat' dir='ltr'>proponit*</span> <span class='ocrx_word' id='word_1_244' title='bbox 1102 2156 1363 2195; x_wconf 87' lang='lat' dir='ltr'>definitionem</span> 
     </span>
     <span class='ocr_line' id='line_1_35' title="bbox 60 2205 1362 2263; baseline -0.007 -8.874"><span class='ocrx_word' id='word_1_245' title='bbox 60 2205 271 2260; x_wconf 44' lang='lat' dir='ltr'>:wa-³033.</span> <span class='ocrx_word' id='word_1_246' title='bbox 299 2215 501 2259; x_wconf 81' lang='lat' dir='ltr'>orationis;</span> <span class='ocrx_word' id='word_1_247' title='bbox 520 2215 701 2261; x_wconf 91' lang='lat' dir='ltr'>secundo,</span> <span class='ocrx_word' id='word_1_248' title='bbox 728 2212 883 2263; x_wconf 82' lang='lat' dir='ltr'>exponit</span> <span class='ocrx_word' id='word_1_249' title='bbox 902 2225 1006 2258; x_wconf 90' lang='lat' dir='ltr'>eam;</span> <span class='ocrx_word' id='word_1_250' title='bbox 1027 2211 1096 2248; x_wconf 91' lang='lat' dir='ltr'>ibi:</span> <span class='ocrx_word' id='word_1_251' title='bbox 1117 2211 1213 2247; x_wconf 89' lang='lat' dir='ltr'>Dico</span> <span class='ocrx_word' id='word_1_252' title='bbox 1237 2215 1362 2246; x_wconf 84' lang='lat' dir='ltr'>autem</span> 
     </span>
     <span class='ocr_line' id='line_1_36' title="bbox 126 2262 1366 2314; baseline -0.006 -8"><span class='ocrx_word' id='word_1_253' title='bbox 126 2274 133 2280; x_wconf 86' lang='lat'>&#39;</span> <span class='ocrx_word' id='word_1_254' title='bbox 301 2274 342 2305; x_wconf 89' lang='lat' dir='ltr'>ut</span> <span class='ocrx_word' id='word_1_255' title='bbox 370 2268 483 2304; x_wconf 84' lang='lat' dir='ltr'>homo</span> <span class='ocrx_word' id='word_1_256' title='bbox 517 2274 606 2314; x_wconf 91' lang='lat' dir='ltr'>etc.;</span> <span class='ocrx_word' id='word_1_257' title='bbox 636 2267 762 2314; x_wconf 91' lang='lat' dir='ltr'>tertio,</span> <span class='ocrx_word' id='word_1_258' title='bbox 789 2265 953 2303; x_wconf 85' lang='lat' dir='ltr'>excludit</span> <span class='ocrx_word' id='word_1_259' title='bbox 981 2275 1169 2310; x_wconf 83' lang='lat' dir='ltr'>errorem3</span> <span class='ocrx_word' id='word_1_260' title='bbox 1199 2262 1268 2299; x_wconf 91' lang='lat' dir='ltr'>ibi:</span> <span class='ocrx_word' id='word_1_261' title='bbox 1296 2263 1366 2299; x_wconf 83' lang='lat' dir='ltr'>Est</span> 
     </span>
     <span class='ocr_line' id='line_1_37' title="bbox 298 2321 820 2358; baseline -0.004 0"><span class='ocrx_word' id='word_1_262' title='bbox 298 2326 424 2358; x_wconf 84' lang='lat' dir='ltr'>autem</span> <span class='ocrx_word' id='word_1_263' title='bbox 452 2321 573 2357; x_wconf 89' lang='lat' dir='ltr'>oratio</span> <span class='ocrx_word' id='word_1_264' title='bbox 602 2321 723 2357; x_wconf 86' lang='lat' dir='ltr'>omnis</span> <span class='ocrx_word' id='word_1_265' title='bbox 751 2326 820 2356; x_wconf 88' lang='lat' dir='ltr'>etc.</span> 
     </span>
     <span class='ocr_line' id='line_1_38' title="bbox 353 2357 1361 2422; baseline -0.007 -12"><span class='ocrx_word' id='word_1_266' title='bbox 353 2385 389 2410; x_wconf 87' lang='lat'>2.</span> <span class='ocrx_word' id='word_1_267' title='bbox 411 2373 522 2410; x_wconf 90' lang='lat' dir='ltr'>Circa</span> <span class='ocrx_word' id='word_1_268' title='bbox 547 2373 717 2422; x_wconf 90' lang='lat' dir='ltr'>primum</span> <span class='ocrx_word' id='word_1_269' title='bbox 737 2357 1058 2409; x_wconf 84' lang='lat' dir='ltr'>considerandum</span> <span class='ocrx_word' id='word_1_270' title='bbox 1075 2375 1130 2405; x_wconf 92' lang='lat' dir='ltr'>est</span> <span class='ocrx_word' id='word_1_271' title='bbox 1151 2367 1256 2417; x_wconf 91' lang='lat' dir='ltr'>quod</span> <span class='ocrx_word' id='word_1_272' title='bbox 1275 2367 1361 2404; x_wconf 88' lang='lat' dir='ltr'>Phi-</span> 
     </span>
    </p>
   </div>
   <div class='ocr_carea' id='block_1_10' title="bbox 58 2420 1362 2749">
    <p class='ocr_par' dir='ltr' id='par_1_15' title="bbox 58 2420 1362 2580">
     <span class='ocr_line' id='line_1_39' title="bbox 60 2420 1362 2475; baseline -0.004 -15"><span class='ocrx_word' id='word_1_273' title='bbox 60 2437 274 2460; x_wconf 65' lang='lat' dir='ltr'>·cou.-».0mit-</span> <span class='ocrx_word' id='word_1_274' title='bbox 299 2426 506 2475; x_wconf 91' lang='lat' dir='ltr'>losophus</span> <span class='ocrx_word' id='word_1_275' title='bbox 497 2438 535 2462; x_wconf 89' lang='lat' dir='ltr'>m</span> <span class='ocrx_word' id='word_1_276' title='bbox 555 2425 774 2463; x_wconf 89' lang='lat' dir='ltr'>definitione</span> <span class='ocrx_word' id='word_1_277' title='bbox 785 2424 964 2462; x_wconf 79' lang='lat' dir='ltr'>orationis</span> <span class='ocrx_word' id='word_1_278' title='bbox 982 2422 1107 2471; x_wconf 86' lang='lat' dir='ltr'>primo</span> <span class='ocrx_word' id='word_1_279' title='bbox 1118 2420 1258 2469; x_wconf 80' lang='lat' dir='ltr'>*ponit</span> <span class='ocrx_word' id='word_1_280' title='bbox 1270 2420 1362 2457; x_wconf 92' lang='lat' dir='ltr'>illud</span> 
     </span>
     <span class='ocr_line' id='line_1_40' title="bbox 58 2464 1361 2527; baseline -0.007 -10"><span class='ocrx_word' id='word_1_281' title='bbox 58 2464 182 2492; x_wconf 53' lang='lat' dir='ltr'>&#39;nm‘</span> <span class='ocrx_word' id='word_1_282' title='bbox 298 2478 337 2516; x_wconf 90' lang='lat' dir='ltr'>in</span> <span class='ocrx_word' id='word_1_283' title='bbox 357 2491 434 2527; x_wconf 93' lang='lat' dir='ltr'>quo</span> <span class='ocrx_word' id='word_1_284' title='bbox 454 2479 574 2515; x_wconf 85' lang='lat' dir='ltr'>oratio</span> <span class='ocrx_word' id='word_1_285' title='bbox 595 2478 773 2515; x_wconf 91' lang='lat' dir='ltr'>convenit</span> <span class='ocrx_word' id='word_1_286' title='bbox 793 2489 881 2513; x_wconf 88' lang='lat' dir='ltr'>curn</span> <span class='ocrx_word' id='word_1_287' title='bbox 901 2476 1051 2512; x_wconf 87' lang='lat' dir='ltr'>nomine</span> <span class='ocrx_word' id='word_1_288' title='bbox 1071 2481 1107 2510; x_wconf 91' lang='lat' dir='ltr'>et</span> <span class='ocrx_word' id='word_1_289' title='bbox 1124 2474 1251 2519; x_wconf 74' lang='lat' dir='ltr'>verbo,</span> <span class='ocrx_word' id='word_1_290' title='bbox 1273 2485 1361 2509; x_wconf 88' lang='lat' dir='ltr'>curn</span> 
     </span>
     <span class='ocr_line' id='line_1_41' title="bbox 299 2526 1362 2580; baseline -0.007 -12"><span class='ocrx_word' id='word_1_291' title='bbox 299 2531 402 2568; x_wconf 88' lang='lat' dir='ltr'>dicit:</span> <span class='ocrx_word' id='word_1_292' title='bbox 429 2531 558 2568; x_wconf 77' lang='lat' dir='ltr'>Oratio</span> <span class='ocrx_word' id='word_1_293' title='bbox 577 2537 632 2567; x_wconf 89' lang='lat' dir='ltr'>est</span> <span class='ocrx_word' id='word_1_294' title='bbox 646 2542 725 2567; x_wconf 81' lang='lat' dir='ltr'>vox</span> <span class='ocrx_word' id='word_1_295' title='bbox 741 2529 1003 2580; x_wconf 78' lang='lat' dir='ltr'>signficativa,</span> <span class='ocrx_word' id='word_1_296' title='bbox 1025 2526 1130 2576; x_wconf 94' lang='lat' dir='ltr'>quod</span> <span class='ocrx_word' id='word_1_297' title='bbox 1155 2526 1269 2562; x_wconf 89' lang='lat' dir='ltr'>etiam</span> <span class='ocrx_word' id='word_1_298' title='bbox 1293 2537 1362 2573; x_wconf 92' lang='lat' dir='ltr'>po-</span> 
     </span>
    </p>

    <p class='ocr_par' dir='ltr' id='par_1_16' title="bbox 298 2578 1360 2630">
     <span class='ocr_line' id='line_1_42' title="bbox 298 2578 1360 2630; baseline -0.008 -9"><span class='ocrx_word' id='word_1_299' title='bbox 298 2584 372 2621; x_wconf 90' lang='lat' dir='ltr'>suit</span> <span class='ocrx_word' id='word_1_300' title='bbox 398 2584 437 2620; x_wconf 93' lang='lat' dir='ltr'>in</span> <span class='ocrx_word' id='word_1_301' title='bbox 457 2583 677 2620; x_wconf 88' lang='lat' dir='ltr'>definitione</span> <span class='ocrx_word' id='word_1_302' title='bbox 705 2583 877 2628; x_wconf 85' lang='lat' dir='ltr'>nominis,</span> <span class='ocrx_word' id='word_1_303' title='bbox 905 2589 941 2617; x_wconf 93' lang='lat' dir='ltr'>et</span> <span class='ocrx_word' id='word_1_304' title='bbox 965 2579 1143 2630; x_wconf 88' lang='lat' dir='ltr'>probavit</span> <span class='ocrx_word' id='word_1_305' title='bbox 1171 2578 1218 2615; x_wconf 91' lang='lat' dir='ltr'>de</span> <span class='ocrx_word' id='word_1_306' title='bbox 1246 2579 1360 2614; x_wconf 81' lang='lat' dir='ltr'>verbo</span> 
     </span>
    </p>

    <p class='ocr_par' dir='ltr' id='par_1_17' title="bbox 59 2630 1361 2749">
     <span class='ocr_line' id='line_1_43' title="bbox 158 2630 1361 2695; baseline -0.007 -21"><span class='ocrx_word' id='word_1_307' title='bbox 158 2648 174 2682; x_wconf 82' lang='grc' dir='ltr'>β</span> <span class='ocrx_word' id='word_1_308' title='bbox 299 2637 403 2686; x_wconf 93' lang='lat' dir='ltr'>quod</span> <span class='ocrx_word' id='word_1_309' title='bbox 418 2636 559 2685; x_wconf 89' lang='lat' dir='ltr'>aliquid</span> <span class='ocrx_word' id='word_1_310' title='bbox 574 2636 767 2695; x_wconf 81' lang='lat' dir='ltr'>significet.</span> <span class='ocrx_word' id='word_1_311' title='bbox 790 2636 881 2672; x_wconf 94' lang='lat' dir='ltr'>Non</span> <span class='ocrx_word' id='word_1_312' title='bbox 896 2641 1024 2671; x_wconf 91' lang='lat' dir='ltr'>autern</span> <span class='ocrx_word' id='word_1_313' title='bbox 1052 2631 1179 2681; x_wconf 91' lang='lat' dir='ltr'>posuit</span> <span class='ocrx_word' id='word_1_314' title='bbox 1191 2630 1236 2660; x_wconf 70' lang='grc' dir='ltr'><strong><em>β</em></strong></span> <span class='ocrx_word' id='word_1_315' title='bbox 1228 2644 1266 2667; x_wconf 80' lang='lat' dir='ltr'>in</span> <span class='ocrx_word' id='word_1_316' title='bbox 1281 2630 1361 2667; x_wconf 92' lang='lat' dir='ltr'>eius</span> 
     </span>
     <span class='ocr_line' id='line_1_44' title="bbox 59 2683 1360 2749; baseline -0.007 -21"><span class='ocrx_word' id='word_1_317' title='bbox 59 2692 173 2749; x_wconf 46' lang='lat' dir='ltr'>nezi-*eet</span> <span class='ocrx_word' id='word_1_318' title='bbox 181 2706 270 2728; x_wconf 62' lang='lat' dir='ltr'>rme„</span> <span class='ocrx_word' id='word_1_319' title='bbox 298 2689 519 2727; x_wconf 88' lang='lat' dir='ltr'>definitione</span> <span class='ocrx_word' id='word_1_320' title='bbox 534 2690 566 2736; x_wconf 69' lang='lat'>³²,</span> <span class='ocrx_word' id='word_1_321' title='bbox 583 2689 672 2737; x_wconf 92' lang='lat' dir='ltr'>quia</span> <span class='ocrx_word' id='word_1_322' title='bbox 691 2688 932 2737; x_wconf 86' lang='lat' dir='ltr'>supponebat</span> <span class='ocrx_word' id='word_1_323' title='bbox 946 2698 991 2723; x_wconf 87' lang='lat' dir='ltr'>ex</span> <span class='ocrx_word' id='word_1_324' title='bbox 1007 2698 1053 2723; x_wconf 90' lang='lat' dir='ltr'>eo</span> <span class='ocrx_word' id='word_1_325' title='bbox 1070 2684 1175 2734; x_wconf 92' lang='lat' dir='ltr'>quod</span> <span class='ocrx_word' id='word_1_326' title='bbox 1192 2683 1360 2732; x_wconf 89' lang='lat' dir='ltr'>positum</span> 
     </span>
    </p>
   </div>
   <div class='ocr_carea' id='block_1_11' title="bbox 299 2736 1360 2792">
    <p class='ocr_par' dir='ltr' id='par_1_18' title="bbox 299 2736 1360 2792">
     <span class='ocr_line' id='line_1_45' title="bbox 299 2736 1360 2792; baseline -0.008 -12"><span class='ocrx_word' id='word_1_327' title='bbox 299 2749 378 2780; x_wconf 91' lang='lat' dir='ltr'>erat</span> <span class='ocrx_word' id='word_1_328' title='bbox 403 2742 442 2779; x_wconf 91' lang='lat' dir='ltr'>in</span> <span class='ocrx_word' id='word_1_329' title='bbox 471 2741 691 2779; x_wconf 90' lang='lat' dir='ltr'>definitione</span> <span class='ocrx_word' id='word_1_330' title='bbox 719 2740 901 2791; x_wconf 87' lang='lat' dir='ltr'>nominis,</span> <span class='ocrx_word' id='word_1_331' title='bbox 932 2739 1087 2776; x_wconf 91' lang='lat' dir='ltr'>studens</span> <span class='ocrx_word' id='word_1_332' title='bbox 1106 2736 1291 2792; x_wconf 83' lang='lat' dir='ltr'>brevitati,</span> <span class='ocrx_word' id='word_1_333' title='bbox 1312 2748 1360 2772; x_wconf 93' lang='lat' dir='ltr'>ne</span> 
     </span>
    </p>
   </div>
   <div class='ocr_carea' id='block_1_12' title="bbox 298 2874 1363 3611">
    <p class='ocr_par' dir='ltr' id='par_1_19' title="bbox 298 2874 1362 3050">
     <span class='ocr_line' id='line_1_46' title="bbox 352 2874 1362 2914; baseline -0.006 -10"><span class='ocrx_word' id='word_1_334' title='bbox 352 2879 380 2914; x_wconf 80' lang='grc' dir='ltr'>α)</span> <span class='ocrx_word' id='word_1_335' title='bbox 400 2879 450 2904; x_wconf 63' lang='lat' dir='ltr'>Est</span> <span class='ocrx_word' id='word_1_336' title='bbox 462 2879 625 2911; x_wconf 78' lang='lat' dir='ltr'>principium</span> <span class='ocrx_word' id='word_1_337' title='bbox 645 2878 763 2912; x_wconf 83' lang='lat' dir='ltr'>formale</span> <span class='ocrx_word' id='word_1_338' title='bbox 787 2877 993 2906; x_wconf 84' lang='lat' dir='ltr'>enunciationis,</span> <span class='ocrx_word' id='word_1_339' title='bbox 1018 2880 1107 2908; x_wconf 79' lang='lat' dir='ltr'>utpote</span> <span class='ocrx_word' id='word_1_340' title='bbox 1125 2882 1209 2909; x_wconf 85' lang='lat' dir='ltr'>genus</span> <span class='ocrx_word' id='word_1_341' title='bbox 1227 2875 1282 2900; x_wconf 80' lang='lat' dir='ltr'>eius</span> <span class='ocrx_word' id='word_1_342' title='bbox 1303 2874 1362 2899; x_wconf 79' lang='lat' dir='ltr'>exi-</span> 
     </span>
     <span class='ocr_line' id='line_1_47' title="bbox 298 2910 1361 2945; baseline -0.006 -6"><span class='ocrx_word' id='word_1_343' title='bbox 298 2918 377 2940; x_wconf 75' lang='lat' dir='ltr'>stens.</span> <span class='ocrx_word' id='word_1_344' title='bbox 396 2915 468 2939; x_wconf 74' lang='lat' dir='ltr'>Haec</span> <span class='ocrx_word' id='word_1_345' title='bbox 484 2914 564 2938; x_wconf 83' lang='lat' dir='ltr'>verba</span> <span class='ocrx_word' id='word_1_346' title='bbox 582 2921 604 2938; x_wconf 89' lang='lat' dir='ltr'>s.</span> <span class='ocrx_word' id='word_1_347' title='bbox 614 2913 734 2938; x_wconf 78' lang='lat' dir='ltr'>&#39;rhomae</span> <span class='ocrx_word' id='word_1_348' title='bbox 757 2913 865 2938; x_wconf 90' lang='lat' dir='ltr'>dubium</span> <span class='ocrx_word' id='word_1_349' title='bbox 890 2913 1007 2945; x_wconf 83' lang='lat' dir='ltr'>ingerere</span> <span class='ocrx_word' id='word_1_350' title='bbox 1025 2912 1154 2936; x_wconf 86' lang='lat' dir='ltr'>videntur.</span> <span class='ocrx_word' id='word_1_351' title='bbox 1183 2910 1272 2935; x_wconf 87' lang='lat' dir='ltr'>Genus</span> <span class='ocrx_word' id='word_1_352' title='bbox 1292 2910 1361 2934; x_wconf 88' lang='lat' dir='ltr'>enim</span> 
     </span>
     <span class='ocr_line' id='line_1_48' title="bbox 299 2944 1360 2982; baseline -0.005 -8"><span class='ocrx_word' id='word_1_353' title='bbox 299 2955 340 2975; x_wconf 77' lang='lat' dir='ltr'>est</span> <span class='ocrx_word' id='word_1_354' title='bbox 356 2949 512 2982; x_wconf 81' lang='lat' dir='ltr'>principium</span> <span class='ocrx_word' id='word_1_355' title='bbox 525 2956 579 2973; x_wconf 87' lang='lat' dir='ltr'>non</span> <span class='ocrx_word' id='word_1_356' title='bbox 592 2948 701 2973; x_wconf 82' lang='lat' dir='ltr'>formale</span> <span class='ocrx_word' id='word_1_357' title='bbox 715 2949 762 2973; x_wconf 87' lang='lat' dir='ltr'>sed</span> <span class='ocrx_word' id='word_1_358' title='bbox 775 2948 906 2973; x_wconf 87' lang='lat' dir='ltr'>materiale</span> <span class='ocrx_word' id='word_1_359' title='bbox 921 2946 971 2981; x_wconf 84' lang='lat' dir='ltr'>(ef</span> <span class='ocrx_word' id='word_1_360' title='bbox 981 2947 1046 2977; x_wconf 82' lang='lat' dir='ltr'>infra</span> <span class='ocrx_word' id='word_1_361' title='bbox 1060 2947 1117 2972; x_wconf 87' lang='lat' dir='ltr'>lect.</span> <span class='ocrx_word' id='word_1_362' title='bbox 1126 2955 1180 2976; x_wconf 85' lang='lat' dir='ltr'>vm,</span> <span class='ocrx_word' id='word_1_363' title='bbox 1196 2954 1221 2970; x_wconf 89' lang='lat' dir='ltr'>n.</span> <span class='ocrx_word' id='word_1_364' title='bbox 1231 2954 1255 2979; x_wconf 82' lang='grc'>9,</span> <span class='ocrx_word' id='word_1_365' title='bbox 1271 2950 1324 2969; x_wconf 86' lang='lat' dir='ltr'>not.</span> <span class='ocrx_word' id='word_1_366' title='bbox 1335 2944 1360 2978; x_wconf 82' lang='grc' dir='ltr'>κ)</span> 
     </span>
     <span class='ocr_line' id='line_1_49' title="bbox 300 2981 1362 3015; baseline -0.003 -7"><span class='ocrx_word' id='word_1_367' title='bbox 300 2985 327 3009; x_wconf 85' lang='lat' dir='ltr'>in</span> <span class='ocrx_word' id='word_1_368' title='bbox 343 2991 432 3008; x_wconf 81' lang='lat' dir='ltr'>rerum</span> <span class='ocrx_word' id='word_1_369' title='bbox 451 2983 650 3008; x_wconf 83' lang='lat' dir='ltr'>definitionibus.</span> <span class='ocrx_word' id='word_1_370' title='bbox 670 2983 748 3015; x_wconf 82' lang='lat' dir='ltr'>Igitur</span> <span class='ocrx_word' id='word_1_371' title='bbox 767 2991 826 3008; x_wconf 90' lang='lat' dir='ltr'>cum</span> <span class='ocrx_word' id='word_1_372' title='bbox 845 2983 927 3007; x_wconf 87' lang='lat' dir='ltr'>oratio</span> <span class='ocrx_word' id='word_1_373' title='bbox 946 2982 980 3007; x_wconf 86' lang='lat' dir='ltr'>sit</span> <span class='ocrx_word' id='word_1_374' title='bbox 997 2990 1080 3014; x_wconf 84' lang='lat' dir='ltr'>genus</span> <span class='ocrx_word' id='word_1_375' title='bbox 1099 2981 1294 3011; x_wconf 77' lang='lat' dir='ltr'>enunciafionis,</span> <span class='ocrx_word' id='word_1_376' title='bbox 1309 2988 1362 3004; x_wconf 90' lang='lat' dir='ltr'>non</span> 
     </span>
     <span class='ocr_line' id='line_1_50' title="bbox 299 3017 1103 3050; baseline -0.003 -6"><span class='ocrx_word' id='word_1_377' title='bbox 299 3019 401 3044; x_wconf 83' lang='lat' dir='ltr'>videtur</span> <span class='ocrx_word' id='word_1_378' title='bbox 419 3018 491 3050; x_wconf 89' lang='lat' dir='ltr'>quod</span> <span class='ocrx_word' id='word_1_379' title='bbox 509 3018 558 3043; x_wconf 86' lang='lat' dir='ltr'>dici</span> <span class='ocrx_word' id='word_1_380' title='bbox 577 3018 660 3050; x_wconf 84' lang='lat' dir='ltr'>possit</span> <span class='ocrx_word' id='word_1_381' title='bbox 677 3018 831 3050; x_wconf 82' lang='lat' dir='ltr'>principium</span> <span class='ocrx_word' id='word_1_382' title='bbox 850 3018 959 3042; x_wconf 84' lang='lat' dir='ltr'>formale</span> <span class='ocrx_word' id='word_1_383' title='bbox 978 3017 1103 3042; x_wconf 86' lang='lat' dir='ltr'>eiusdem.</span> 
     </span>
    </p>

    <p class='ocr_par' dir='ltr' id='par_1_20' title="bbox 300 3052 1363 3611">
     <span class='ocr_line' id='line_1_51' title="bbox 354 3052 1361 3086; baseline -0.003 -8"><span class='ocrx_word' id='word_1_384' title='bbox 354 3054 394 3079; x_wconf 80' lang='lat' dir='ltr'>Ad</span> <span class='ocrx_word' id='word_1_385' title='bbox 413 3053 463 3078; x_wconf 85' lang='lat' dir='ltr'>hoc</span> <span class='ocrx_word' id='word_1_386' title='bbox 481 3053 619 3078; x_wconf 85' lang='lat' dir='ltr'>dicendum</span> <span class='ocrx_word' id='word_1_387' title='bbox 637 3058 678 3077; x_wconf 85' lang='lat' dir='ltr'>est</span> <span class='ocrx_word' id='word_1_388' title='bbox 696 3054 775 3085; x_wconf 87' lang='lat' dir='ltr'>quod,</span> <span class='ocrx_word' id='word_1_389' title='bbox 790 3053 852 3077; x_wconf 83' lang='lat' dir='ltr'>nihil</span> <span class='ocrx_word' id='word_1_390' title='bbox 871 3053 991 3086; x_wconf 85' lang='lat' dir='ltr'>prohibet</span> <span class='ocrx_word' id='word_1_391' title='bbox 1009 3060 1091 3076; x_wconf 89' lang='lat' dir='ltr'>unum</span> <span class='ocrx_word' id='word_1_392' title='bbox 1110 3057 1136 3076; x_wconf 91' lang='lat' dir='ltr'>et</span> <span class='ocrx_word' id='word_1_393' title='bbox 1154 3052 1222 3076; x_wconf 89' lang='lat' dir='ltr'>idem</span> <span class='ocrx_word' id='word_1_394' title='bbox 1241 3055 1361 3084; x_wconf 86' lang='lat' dir='ltr'>respectu</span> 
     </span>
     <span class='ocr_line' id='line_1_52' title="bbox 302 3087 1362 3120; baseline -0.003 -7"><span class='ocrx_word' id='word_1_395' title='bbox 302 3089 478 3118; x_wconf 77' lang='lat' dir='ltr'>diversorum,</span> <span class='ocrx_word' id='word_1_396' title='bbox 497 3095 556 3113; x_wconf 84' lang='lat' dir='ltr'>esse</span> <span class='ocrx_word' id='word_1_397' title='bbox 574 3088 728 3120; x_wconf 86' lang='lat' dir='ltr'>principium</span> <span class='ocrx_word' id='word_1_398' title='bbox 742 3088 873 3113; x_wconf 83' lang='lat' dir='ltr'>materiale</span> <span class='ocrx_word' id='word_1_399' title='bbox 891 3092 917 3112; x_wconf 83' lang='lat' dir='ltr'>et</span> <span class='ocrx_word' id='word_1_400' title='bbox 935 3087 1051 3112; x_wconf 79' lang='lat' dir='ltr'>formale.</span> <span class='ocrx_word' id='word_1_401' title='bbox 1070 3087 1174 3111; x_wconf 88' lang='lat' dir='ltr'>Etenim</span> <span class='ocrx_word' id='word_1_402' title='bbox 1192 3091 1279 3119; x_wconf 87' lang='lat' dir='ltr'>partes</span> <span class='ocrx_word' id='word_1_403' title='bbox 1303 3093 1362 3118; x_wconf 89' lang='lat' dir='ltr'>spe-</span> 
     </span>
     <span class='ocr_line' id='line_1_53' title="bbox 302 3120 1362 3156; baseline -0.003 -8"><span class='ocrx_word' id='word_1_404' title='bbox 302 3124 347 3149; x_wconf 88' lang='lat' dir='ltr'>ciei</span> <span class='ocrx_word' id='word_1_405' title='bbox 366 3130 433 3156; x_wconf 84' lang='lat' dir='ltr'>quae</span> <span class='ocrx_word' id='word_1_406' title='bbox 451 3127 584 3154; x_wconf 88' lang='lat' dir='ltr'>ponuntur</span> <span class='ocrx_word' id='word_1_407' title='bbox 601 3123 628 3147; x_wconf 84' lang='lat' dir='ltr'>iu</span> <span class='ocrx_word' id='word_1_408' title='bbox 651 3121 798 3147; x_wconf 87' lang='lat' dir='ltr'>definitione</span> <span class='ocrx_word' id='word_1_409' title='bbox 822 3121 900 3156; x_wconf 88' lang='lat' dir='ltr'>(puta</span> <span class='ocrx_word' id='word_1_410' title='bbox 917 3123 1018 3147; x_wconf 80' lang='lat' dir='ltr'>animal</span> <span class='ocrx_word' id='word_1_411' title='bbox 1036 3126 1062 3146; x_wconf 89' lang='lat' dir='ltr'>et</span> <span class='ocrx_word' id='word_1_412' title='bbox 1080 3122 1210 3147; x_wconf 79' lang='lat' dir='ltr'>rationale</span> <span class='ocrx_word' id='word_1_413' title='bbox 1228 3121 1254 3145; x_wconf 92' lang='lat' dir='ltr'>in</span> <span class='ocrx_word' id='word_1_414' title='bbox 1273 3120 1362 3145; x_wconf 83' lang='lat' dir='ltr'>defini-</span> 
     </span>
     <span class='ocr_line' id='line_1_54' title="bbox 301 3156 1363 3192; baseline -0.003 -9"><span class='ocrx_word' id='word_1_415' title='bbox 301 3159 372 3183; x_wconf 86' lang='lat' dir='ltr'>tione</span> <span class='ocrx_word' id='word_1_416' title='bbox 390 3156 512 3192; x_wconf 87' lang='lat' dir='ltr'>hominis)</span> <span class='ocrx_word' id='word_1_417' title='bbox 529 3162 590 3182; x_wconf 85' lang='lat' dir='ltr'>sunt</span> <span class='ocrx_word' id='word_1_418' title='bbox 603 3162 688 3190; x_wconf 81' lang='lat' dir='ltr'>partes</span> <span class='ocrx_word' id='word_1_419' title='bbox 702 3158 854 3183; x_wconf 77' lang='lat' dir='ltr'>materiales</span> <span class='ocrx_word' id='word_1_420' title='bbox 871 3158 989 3182; x_wconf 91' lang='lat' dir='ltr'>eiusdem</span> <span class='ocrx_word' id='word_1_421' title='bbox 1007 3157 1116 3189; x_wconf 75' lang='lat' dir='ltr'>speciei.-</span> <span class='ocrx_word' id='word_1_422' title='bbox 1133 3157 1194 3190; x_wconf 84' lang='lat' dir='ltr'>quia</span> <span class='ocrx_word' id='word_1_423' title='bbox 1208 3156 1308 3188; x_wconf 85' lang='lat' dir='ltr'>species</span> <span class='ocrx_word' id='word_1_424' title='bbox 1323 3161 1363 3180; x_wconf 90' lang='lat' dir='ltr'>est</span> 
     </span>
     <span class='ocr_line' id='line_1_55' title="bbox 301 3191 1362 3233; baseline -0.003 -16"><span class='ocrx_word' id='word_1_425' title='bbox 301 3199 399 3223; x_wconf 83' lang='lat' dir='ltr'>torum,</span> <span class='ocrx_word' id='word_1_426' title='bbox 424 3193 494 3233; x_wconf 84' lang='lat' dir='ltr'>quod</span> <span class='ocrx_word' id='word_1_427' title='bbox 514 3200 544 3217; x_wconf 83' lang='lat' dir='ltr'>ex</span> <span class='ocrx_word' id='word_1_428' title='bbox 562 3192 612 3216; x_wconf 86' lang='lat' dir='ltr'>illis</span> <span class='ocrx_word' id='word_1_429' title='bbox 636 3193 750 3224; x_wconf 86' lang='lat' dir='ltr'>partibus</span> <span class='ocrx_word' id='word_1_430' title='bbox 769 3193 889 3222; x_wconf 85' lang='lat' dir='ltr'>resultat;</span> <span class='ocrx_word' id='word_1_431' title='bbox 909 3197 994 3225; x_wconf 84' lang='lat' dir='ltr'>partes</span> <span class='ocrx_word' id='word_1_432' title='bbox 1020 3197 1106 3216; x_wconf 85' lang='lat' dir='ltr'>autern</span> <span class='ocrx_word' id='word_1_433' title='bbox 1131 3196 1312 3224; x_wconf 87' lang='lat' dir='ltr'>comparantur</span> <span class='ocrx_word' id='word_1_434' title='bbox 1330 3191 1362 3215; x_wconf 80' lang='lat' dir='ltr'>ad</span> 
     </span>
     <span class='ocr_line' id='line_1_56' title="bbox 301 3225 1361 3267; baseline -0.003 -15"><span class='ocrx_word' id='word_1_435' title='bbox 301 3233 398 3258; x_wconf 86' lang='lat' dir='ltr'>totum,</span> <span class='ocrx_word' id='word_1_436' title='bbox 418 3228 485 3252; x_wconf 85' lang='lat' dir='ltr'>sicut</span> <span class='ocrx_word' id='word_1_437' title='bbox 507 3227 686 3267; x_wconf 79' lang='lat' dir='ltr'>imperfectum</span> <span class='ocrx_word' id='word_1_438' title='bbox 705 3228 737 3252; x_wconf 81' lang='lat' dir='ltr'>ad</span> <span class='ocrx_word' id='word_1_439' title='bbox 756 3227 910 3260; x_wconf 80' lang='lat' dir='ltr'>perfectum,</span> <span class='ocrx_word' id='word_1_440' title='bbox 930 3232 955 3252; x_wconf 90' lang='lat' dir='ltr'>et</span> <span class='ocrx_word' id='word_1_441' title='bbox 973 3227 1031 3252; x_wconf 89' lang='lat' dir='ltr'>ideo</span> <span class='ocrx_word' id='word_1_442' title='bbox 1050 3227 1116 3252; x_wconf 81' lang='lat' dir='ltr'>sicut</span> <span class='ocrx_word' id='word_1_443' title='bbox 1136 3227 1242 3251; x_wconf 81' lang='lat' dir='ltr'>materia</span> <span class='ocrx_word' id='word_1_444' title='bbox 1260 3226 1292 3250; x_wconf 85' lang='lat' dir='ltr'>ad</span> <span class='ocrx_word' id='word_1_445' title='bbox 1310 3225 1361 3249; x_wconf 89' lang='lat' dir='ltr'>for-</span> 
     </span>
     <span class='ocr_line' id='line_1_57' title="bbox 301 3261 1361 3302; baseline -0.003 -14"><span class='ocrx_word' id='word_1_446' title='bbox 301 3271 381 3289; x_wconf 86' lang='lat' dir='ltr'>mam.</span> <span class='ocrx_word' id='word_1_447' title='bbox 401 3263 534 3286; x_wconf 86' lang='lat' dir='ltr'>Praeterea</span> <span class='ocrx_word' id='word_1_448' title='bbox 552 3262 573 3286; x_wconf 88' lang='lat' dir='ltr'>si</span> <span class='ocrx_word' id='word_1_449' title='bbox 593 3266 678 3294; x_wconf 73' lang='lat' dir='ltr'>panes</span> <span class='ocrx_word' id='word_1_450' title='bbox 697 3262 769 3294; x_wconf 80' lang='lat' dir='ltr'>ipsae</span> <span class='ocrx_word' id='word_1_451' title='bbox 788 3262 853 3287; x_wconf 89' lang='lat' dir='ltr'>inter</span> <span class='ocrx_word' id='word_1_452' title='bbox 867 3270 896 3287; x_wconf 82' lang='lat' dir='ltr'>se</span> <span class='ocrx_word' id='word_1_453' title='bbox 911 3267 1101 3302; x_wconf 83' lang='lat' dir='ltr'>comparentur,</span> <span class='ocrx_word' id='word_1_454' title='bbox 1121 3269 1173 3286; x_wconf 90' lang='lat' dir='ltr'>non</span> <span class='ocrx_word' id='word_1_455' title='bbox 1192 3266 1232 3285; x_wconf 86' lang='lat' dir='ltr'>est</span> <span class='ocrx_word' id='word_1_456' title='bbox 1254 3261 1361 3284; x_wconf 87' lang='lat' dir='ltr'>dubium</span> 
     </span>
     <span class='ocr_line' id='line_1_58' title="bbox 301 3295 1361 3331; baseline -0.004 -8"><span class='ocrx_word' id='word_1_457' title='bbox 301 3299 366 3331; x_wconf 90' lang='lat' dir='ltr'>quin</span> <span class='ocrx_word' id='word_1_458' title='bbox 385 3305 468 3330; x_wconf 89' lang='lat' dir='ltr'>genus</span> <span class='ocrx_word' id='word_1_459' title='bbox 487 3297 521 3321; x_wconf 88' lang='lat' dir='ltr'>sit</span> <span class='ocrx_word' id='word_1_460' title='bbox 536 3297 690 3330; x_wconf 87' lang='lat' dir='ltr'>principium</span> <span class='ocrx_word' id='word_1_461' title='bbox 704 3297 834 3322; x_wconf 78' lang='lat' dir='ltr'>materiale</span> <span class='ocrx_word' id='word_1_462' title='bbox 848 3302 874 3322; x_wconf 87' lang='lat' dir='ltr'>et</span> <span class='ocrx_word' id='word_1_463' title='bbox 887 3296 1026 3322; x_wconf 73' lang='lat' dir='ltr'>differentia</span> <span class='ocrx_word' id='word_1_464' title='bbox 1040 3297 1073 3321; x_wconf 87' lang='lat' dir='ltr'>sit</span> <span class='ocrx_word' id='word_1_465' title='bbox 1087 3296 1240 3329; x_wconf 86' lang='lat' dir='ltr'>principium</span> <span class='ocrx_word' id='word_1_466' title='bbox 1253 3295 1361 3319; x_wconf 83' lang='lat' dir='ltr'>formale</span> 
     </span>
     <span class='ocr_line' id='line_1_59' title="bbox 303 3330 1360 3368; baseline -0.003 -11"><span class='ocrx_word' id='word_1_467' title='bbox 303 3332 352 3368; x_wconf 87' lang='lat' dir='ltr'>(Cf.</span> <span class='ocrx_word' id='word_1_468' title='bbox 367 3334 425 3358; x_wconf 87' lang='lat' dir='ltr'>lect.</span> <span class='ocrx_word' id='word_1_469' title='bbox 435 3330 497 3366; x_wconf 79' lang='lat' dir='ltr'>cit.)-</span> <span class='ocrx_word' id='word_1_470' title='bbox 515 3333 636 3357; x_wconf 79' lang='lat' dir='ltr'>Attamen</span> <span class='ocrx_word' id='word_1_471' title='bbox 655 3332 677 3356; x_wconf 80' lang='lat' dir='ltr'>si</span> <span class='ocrx_word' id='word_1_472' title='bbox 696 3332 890 3356; x_wconf 84' lang='lat' dir='ltr'>considerentur</span> <span class='ocrx_word' id='word_1_473' title='bbox 908 3337 1027 3364; x_wconf 82' lang='lat' dir='ltr'>respectu</span> <span class='ocrx_word' id='word_1_474' title='bbox 1046 3331 1177 3360; x_wconf 82' lang='lat' dir='ltr'>individui,</span> <span class='ocrx_word' id='word_1_475' title='bbox 1197 3338 1243 3355; x_wconf 91' lang='lat' dir='ltr'>seu</span> <span class='ocrx_word' id='word_1_476' title='bbox 1262 3338 1360 3362; x_wconf 85' lang='lat' dir='ltr'>suppo-</span> 
     </span>
     <span class='ocr_line' id='line_1_60' title="bbox 302 3365 1360 3399; baseline -0.005 -5"><span class='ocrx_word' id='word_1_477' title='bbox 302 3369 344 3394; x_wconf 79' lang='lat' dir='ltr'>siti</span> <span class='ocrx_word' id='word_1_478' title='bbox 363 3373 468 3392; x_wconf 84' lang='lat' dir='ltr'>naturae</span> <span class='ocrx_word' id='word_1_479' title='bbox 486 3366 627 3399; x_wconf 73' lang='lat' dir='ltr'>specificae,</span> <span class='ocrx_word' id='word_1_480' title='bbox 646 3371 702 3391; x_wconf 88' lang='lat' dir='ltr'>tum</span> <span class='ocrx_word' id='word_1_481' title='bbox 721 3374 803 3398; x_wconf 87' lang='lat' dir='ltr'>genus</span> <span class='ocrx_word' id='word_1_482' title='bbox 822 3371 878 3391; x_wconf 90' lang='lat' dir='ltr'>turn</span> <span class='ocrx_word' id='word_1_483' title='bbox 893 3366 1034 3391; x_wconf 81' lang='lat' dir='ltr'>differentia</span> <span class='ocrx_word' id='word_1_484' title='bbox 1048 3372 1108 3390; x_wconf 85' lang='lat' dir='ltr'>sunt</span> <span class='ocrx_word' id='word_1_485' title='bbox 1122 3371 1207 3398; x_wconf 83' lang='lat' dir='ltr'>partes</span> <span class='ocrx_word' id='word_1_486' title='bbox 1226 3365 1360 3395; x_wconf 81' lang='lat' dir='ltr'>formales3</span> 
     </span>
     <span class='ocr_line' id='line_1_61' title="bbox 301 3399 1360 3437; baseline -0.005 -9"><span class='ocrx_word' id='word_1_487' title='bbox 301 3404 363 3437; x_wconf 82' lang='lat' dir='ltr'>quia</span> <span class='ocrx_word' id='word_1_488' title='bbox 381 3403 542 3427; x_wconf 82' lang='lat' dir='ltr'>constituunt</span> <span class='ocrx_word' id='word_1_489' title='bbox 559 3407 638 3434; x_wconf 86' lang='lat' dir='ltr'>atque</span> <span class='ocrx_word' id='word_1_490' title='bbox 656 3401 824 3426; x_wconf 81' lang='lat' dir='ltr'>determinant</span> <span class='ocrx_word' id='word_1_491' title='bbox 843 3405 958 3426; x_wconf 76' lang='lat' dir='ltr'>naturam</span> <span class='ocrx_word' id='word_1_492' title='bbox 977 3400 1131 3433; x_wconf 77' lang='lat' dir='ltr'>specificam,</span> <span class='ocrx_word' id='word_1_493' title='bbox 1151 3408 1218 3432; x_wconf 86' lang='lat' dir='ltr'>quae</span> <span class='ocrx_word' id='word_1_494' title='bbox 1236 3404 1276 3424; x_wconf 90' lang='lat' dir='ltr'>est</span> <span class='ocrx_word' id='word_1_495' title='bbox 1291 3399 1360 3432; x_wconf 85' lang='lat' dir='ltr'>prin-</span> 
     </span>
     <span class='ocr_line' id='line_1_62' title="bbox 301 3435 1359 3476; baseline -0.004 -13"><span class='ocrx_word' id='word_1_496' title='bbox 301 3438 398 3471; x_wconf 84' lang='lat' dir='ltr'>cipium</span> <span class='ocrx_word' id='word_1_497' title='bbox 417 3438 526 3462; x_wconf 78' lang='lat' dir='ltr'>formale</span> <span class='ocrx_word' id='word_1_498' title='bbox 543 3442 662 3470; x_wconf 59' lang='lat' dir='ltr'>respectu</span> <span class='ocrx_word' id='word_1_499' title='bbox 681 3436 845 3469; x_wconf 53' lang='grc' dir='ltr'>ειιρρο5ἰῑίμ-</span> <span class='ocrx_word' id='word_1_500' title='bbox 824 3436 920 3460; x_wconf 85' lang='lat' dir='ltr'>-Hinc</span> <span class='ocrx_word' id='word_1_501' title='bbox 933 3441 1038 3476; x_wconf 84' lang='lat' dir='ltr'>apparet</span> <span class='ocrx_word' id='word_1_502' title='bbox 1051 3436 1122 3468; x_wconf 90' lang='lat' dir='ltr'>quod</span> <span class='ocrx_word' id='word_1_503' title='bbox 1137 3435 1223 3460; x_wconf 81' lang='lat' dir='ltr'>oratio</span> <span class='ocrx_word' id='word_1_504' title='bbox 1238 3440 1277 3459; x_wconf 90' lang='lat' dir='ltr'>est</span> <span class='ocrx_word' id='word_1_505' title='bbox 1290 3435 1359 3466; x_wconf 88' lang='lat' dir='ltr'>prin-</span> 
     </span>
     <span class='ocr_line' id='line_1_63' title="bbox 302 3469 1359 3506; baseline -0.005 -8"><span class='ocrx_word' id='word_1_506' title='bbox 302 3474 397 3506; x_wconf 87' lang='lat' dir='ltr'>cipium</span> <span class='ocrx_word' id='word_1_507' title='bbox 417 3473 546 3498; x_wconf 80' lang='lat' dir='ltr'>materiale</span> <span class='ocrx_word' id='word_1_508' title='bbox 565 3472 591 3496; x_wconf 84' lang='lat' dir='ltr'>in</span> <span class='ocrx_word' id='word_1_509' title='bbox 610 3472 761 3504; x_wconf 77' lang='lat' dir='ltr'>definitione</span> <span class='ocrx_word' id='word_1_510' title='bbox 784 3471 978 3499; x_wconf 79' lang='lat' dir='ltr'>enunciationis,</span> <span class='ocrx_word' id='word_1_511' title='bbox 994 3470 1054 3503; x_wconf 86' lang='lat' dir='ltr'>quia</span> <span class='ocrx_word' id='word_1_512' title='bbox 1067 3470 1094 3494; x_wconf 92' lang='lat' dir='ltr'>in</span> <span class='ocrx_word' id='word_1_513' title='bbox 1108 3469 1255 3494; x_wconf 83' lang='lat' dir='ltr'>definitione</span> <span class='ocrx_word' id='word_1_514' title='bbox 1279 3477 1359 3494; x_wconf 87' lang='lat' dir='ltr'>enun-</span> 
     </span>
     <span class='ocr_line' id='line_1_64' title="bbox 301 3504 1359 3539; baseline -0.005 -6"><span class='ocrx_word' id='word_1_515' title='bbox 301 3509 417 3534; x_wconf 76' lang='lat' dir='ltr'>tiationis</span> <span class='ocrx_word' id='word_1_516' title='bbox 436 3508 517 3532; x_wconf 85' lang='lat' dir='ltr'>oratio</span> <span class='ocrx_word' id='word_1_517' title='bbox 536 3512 576 3532; x_wconf 59' lang='lat' dir='ltr'>eet</span> <span class='ocrx_word' id='word_1_518' title='bbox 594 3514 668 3539; x_wconf 83' lang='lat' dir='ltr'>pars;</span> <span class='ocrx_word' id='word_1_519' title='bbox 687 3511 727 3531; x_wconf 83' lang='lat' dir='ltr'>est</span> <span class='ocrx_word' id='word_1_520' title='bbox 745 3506 821 3531; x_wconf 82' lang='lat' dir='ltr'>etiam</span> <span class='ocrx_word' id='word_1_521' title='bbox 835 3506 988 3538; x_wconf 86' lang='lat' dir='ltr'>principium</span> <span class='ocrx_word' id='word_1_522' title='bbox 1008 3505 1138 3530; x_wconf 76' lang='lat' dir='ltr'>materiale</span> <span class='ocrx_word' id='word_1_523' title='bbox 1151 3509 1270 3536; x_wconf 86' lang='lat' dir='ltr'>respectu</span> <span class='ocrx_word' id='word_1_524' title='bbox 1289 3504 1359 3529; x_wconf 82' lang='lat' dir='ltr'>diffe-</span> 
     </span>
     <span class='ocr_line' id='line_1_65' title="bbox 300 3539 1359 3575; baseline -0.006 -6"><span class='ocrx_word' id='word_1_525' title='bbox 300 3544 398 3569; x_wconf 75' lang='lat' dir='ltr'>tentiae</span> <span class='ocrx_word' id='word_1_526' title='bbox 416 3543 442 3568; x_wconf 89' lang='lat' dir='ltr'>in</span> <span class='ocrx_word' id='word_1_527' title='bbox 461 3544 516 3575; x_wconf 84' lang='lat' dir='ltr'>ipsa</span> <span class='ocrx_word' id='word_1_528' title='bbox 535 3541 693 3572; x_wconf 87' lang='lat' dir='ltr'>definitione;</span> <span class='ocrx_word' id='word_1_529' title='bbox 713 3542 759 3566; x_wconf 87' lang='lat' dir='ltr'>sed</span> <span class='ocrx_word' id='word_1_530' title='bbox 777 3546 817 3565; x_wconf 83' lang='lat' dir='ltr'>est</span> <span class='ocrx_word' id='word_1_531' title='bbox 835 3541 988 3573; x_wconf 86' lang='lat' dir='ltr'>principium</span> <span class='ocrx_word' id='word_1_532' title='bbox 1007 3540 1114 3564; x_wconf 83' lang='lat' dir='ltr'>formale</span> <span class='ocrx_word' id='word_1_533' title='bbox 1132 3544 1250 3571; x_wconf 82' lang='lat' dir='ltr'>respectu</span> <span class='ocrx_word' id='word_1_534' title='bbox 1265 3539 1301 3563; x_wconf 88' lang='lat' dir='ltr'>rei</span> <span class='ocrx_word' id='word_1_535' title='bbox 1316 3539 1359 3563; x_wconf 92' lang='lat' dir='ltr'>de-</span> 
     </span>
     <span class='ocr_line' id='line_1_66' title="bbox 301 3574 1358 3611; baseline -0.006 -7"><span class='ocrx_word' id='word_1_536' title='bbox 301 3577 401 3609; x_wconf 81' lang='lat' dir='ltr'>finitae,</span> <span class='ocrx_word' id='word_1_537' title='bbox 421 3586 516 3611; x_wconf 87' lang='lat' dir='ltr'>nempe</span> <span class='ocrx_word' id='word_1_538' title='bbox 538 3577 722 3603; x_wconf 84' lang='lat' dir='ltr'>enunciationis</span> <span class='ocrx_word' id='word_1_539' title='bbox 743 3575 791 3610; x_wconf 81' lang='lat' dir='ltr'>(Cf.</span> <span class='ocrx_word' id='word_1_540' title='bbox 806 3584 828 3601; x_wconf 85' lang='lat' dir='ltr'>s.</span> <span class='ocrx_word' id='word_1_541' title='bbox 839 3575 888 3600; x_wconf 84' lang='lat' dir='ltr'>Th.</span> <span class='ocrx_word' id='word_1_542' title='bbox 903 3576 929 3600; x_wconf 90' lang='lat' dir='ltr'>in</span> <span class='ocrx_word' id='word_1_543' title='bbox 944 3576 964 3600; x_wconf 90' lang='lat'>11</span> <span class='ocrx_word' id='word_1_544' title='bbox 983 3575 1096 3608; x_wconf 69' lang='lat' dir='ltr'>Physic„</span> <span class='ocrx_word' id='word_1_545' title='bbox 1112 3575 1169 3599; x_wconf 89' lang='lat' dir='ltr'>lect.</span> <span class='ocrx_word' id='word_1_546' title='bbox 1178 3581 1209 3605; x_wconf 84' lang='lat' dir='ltr'>v;</span> <span class='ocrx_word' id='word_1_547' title='bbox 1229 3579 1253 3598; x_wconf 89' lang='lat' dir='ltr'>et</span> <span class='ocrx_word' id='word_1_548' title='bbox 1271 3574 1328 3599; x_wconf 84' lang='lat' dir='ltr'>Par.</span> <span class='ocrx_word' id='word_1_549' title='bbox 1339 3574 1358 3605; x_wconf 86' lang='lat'>1,</span> 
     </span>
    </p>
   </div>
   <div class='ocr_carea' id='block_1_13' title="bbox 302 3611 688 3647">
    <p class='ocr_par' dir='ltr' id='par_1_21' title="bbox 302 3611 688 3647">
     <span class='ocr_line' id='line_1_67' title="bbox 302 3611 688 3647; baseline -0.005 -8"><span class='ocrx_word' id='word_1_550' title='bbox 302 3613 633 3646; x_wconf 80' lang='lat' dir='ltr'>qu.1.xxxvaru&#39;c.1uad</span> <span class='ocrx_word' id='word_1_551' title='bbox 650 3611 688 3647; x_wconf 80' lang='lat'>4).</span> 
     </span>
    </p>
   </div>
   <div class='ocr_carea' id='block_1_14' title="bbox 1418 797 2630 849">
    <p class='ocr_par' dir='ltr' id='par_1_22' title="bbox 1418 797 2630 849">
     <span class='ocr_line' id='line_1_68' title="bbox 1418 797 2630 849; baseline 0 -10"><span class='ocrx_word' id='word_1_552' title='bbox 1418 808 1436 827; x_wconf 91' lang='lat'><em>*</em></span> <span class='ocrx_word' id='word_1_553' title='bbox 1450 808 1560 839; x_wconf 83' lang='lat' dir='ltr'>Oratio</span> <span class='ocrx_word' id='word_1_554' title='bbox 1580 815 1687 839; x_wconf 86' lang='lat' dir='ltr'>autem</span> <span class='ocrx_word' id='word_1_555' title='bbox 1705 815 1751 839; x_wconf 88' lang='lat' dir='ltr'>est</span> <span class='ocrx_word' id='word_1_556' title='bbox 1768 818 1831 839; x_wconf 83' lang='lat' dir='ltr'>vox</span> <span class='ocrx_word' id='word_1_557' title='bbox 1849 807 2067 848; x_wconf 82' lang='lat' dir='ltr'>significativa,</span> <span class='ocrx_word' id='word_1_558' title='bbox 2091 810 2180 840; x_wconf 88' lang='lat' dir='ltr'>cuius</span> <span class='ocrx_word' id='word_1_559' title='bbox 2198 809 2337 849; x_wconf 87' lang='lat' dir='ltr'>partium</span> <span class='ocrx_word' id='word_1_560' title='bbox 2350 797 2480 849; x_wconf 66' lang='lat' dir='ltr'>&#39;aliquid</span> <span class='ocrx_word' id='word_1_561' title='bbox 2509 809 2519 817; x_wconf 89' lang='lat'>&#39;</span> <span class='ocrx_word' id='word_1_562' title='bbox 2531 807 2630 835; x_wconf 56' lang='lat'>‘2¹⁹³&#39;-</span> 
     </span>
    </p>
   </div>
   <div class='ocr_carea' id='block_1_15' title="bbox 1419 852 2481 1373">
    <p class='ocr_par' dir='ltr' id='par_1_23' title="bbox 1485 852 2479 936">
     <span class='ocr_line' id='line_1_69' title="bbox 1485 852 2479 892; baseline 0.002 -10"><span class='ocrx_word' id='word_1_563' title='bbox 1485 852 1728 892; x_wconf 89' lang='lat' dir='ltr'>significativum</span> <span class='ocrx_word' id='word_1_564' title='bbox 1750 859 1797 883; x_wconf 89' lang='lat' dir='ltr'>est</span> <span class='ocrx_word' id='word_1_565' title='bbox 1819 852 1996 892; x_wconf 83' lang='lat' dir='ltr'>separatim,</span> <span class='ocrx_word' id='word_1_566' title='bbox 2016 859 2052 883; x_wconf 91' lang='lat' dir='ltr'>ut</span> <span class='ocrx_word' id='word_1_567' title='bbox 2069 853 2177 892; x_wconf 86' lang='lat' dir='ltr'>dictio,</span> <span class='ocrx_word' id='word_1_568' title='bbox 2197 863 2264 884; x_wconf 88' lang='lat' dir='ltr'>non</span> <span class='ocrx_word' id='word_1_569' title='bbox 2286 860 2323 884; x_wconf 87' lang='lat' dir='ltr'>ut</span> <span class='ocrx_word' id='word_1_570' title='bbox 2344 852 2479 883; x_wconf 88' lang='lat' dir='ltr'>affirma-</span> 
     </span>
     <span class='ocr_line' id='line_1_70' title="bbox 1486 896 1762 936; baseline 0 -10"><span class='ocrx_word' id='word_1_571' title='bbox 1486 896 1531 926; x_wconf 88' lang='lat' dir='ltr'>tio</span> <span class='ocrx_word' id='word_1_572' title='bbox 1554 897 1605 926; x_wconf 87' lang='lat' dir='ltr'>vel</span> <span class='ocrx_word' id='word_1_573' title='bbox 1627 896 1762 936; x_wconf 87' lang='lat' dir='ltr'>negatio.</span> 
     </span>
    </p>

    <p class='ocr_par' dir='ltr' id='par_1_24' title="bbox 1419 939 2479 1067">
     <span class='ocr_line' id='line_1_71' title="bbox 1419 939 2479 981; baseline 0.001 -11"><span class='ocrx_word' id='word_1_574' title='bbox 1419 940 1499 970; x_wconf 89' lang='lat' dir='ltr'>Dico</span> <span class='ocrx_word' id='word_1_575' title='bbox 1532 947 1639 970; x_wconf 88' lang='lat' dir='ltr'>autem</span> <span class='ocrx_word' id='word_1_576' title='bbox 1669 946 1704 970; x_wconf 93' lang='lat' dir='ltr'>ut</span> <span class='ocrx_word' id='word_1_577' title='bbox 1727 940 1845 970; x_wconf 88' lang='lat' dir='ltr'>homo:</span> <span class='ocrx_word' id='word_1_578' title='bbox 1870 939 2022 979; x_wconf 81' lang='lat' dir='ltr'>significat</span> <span class='ocrx_word' id='word_1_579' title='bbox 2054 941 2139 970; x_wconf 88' lang='lat' dir='ltr'>enirn</span> <span class='ocrx_word' id='word_1_580' title='bbox 2169 941 2304 981; x_wconf 85' lang='lat' dir='ltr'>aliquid,</span> <span class='ocrx_word' id='word_1_581' title='bbox 2336 941 2390 971; x_wconf 92' lang='lat' dir='ltr'>sed</span> <span class='ocrx_word' id='word_1_582' title='bbox 2413 951 2479 971; x_wconf 89' lang='lat' dir='ltr'>non</span> 
     </span>
     <span class='ocr_line' id='line_1_72' title="bbox 1486 984 2479 1024; baseline 0.002 -11"><span class='ocrx_word' id='word_1_583' title='bbox 1486 984 1640 1024; x_wconf 83' lang='lat' dir='ltr'>quoniam</span> <span class='ocrx_word' id='word_1_584' title='bbox 1664 990 1726 1021; x_wconf 88' lang='lat' dir='ltr'>est,</span> <span class='ocrx_word' id='word_1_585' title='bbox 1749 990 1803 1013; x_wconf 91' lang='lat' dir='ltr'>aut</span> <span class='ocrx_word' id='word_1_586' title='bbox 1826 993 1891 1012; x_wconf 90' lang='lat' dir='ltr'>non</span> <span class='ocrx_word' id='word_1_587' title='bbox 1916 990 1978 1022; x_wconf 85' lang='lat' dir='ltr'>est,</span> <span class='ocrx_word' id='word_1_588' title='bbox 2002 985 2056 1014; x_wconf 89' lang='lat' dir='ltr'>sed</span> <span class='ocrx_word' id='word_1_589' title='bbox 2080 985 2136 1015; x_wconf 93' lang='lat' dir='ltr'>erit</span> <span class='ocrx_word' id='word_1_590' title='bbox 2159 985 2324 1015; x_wconf 86' lang='lat' dir='ltr'>affirmatio</span> <span class='ocrx_word' id='word_1_591' title='bbox 2352 985 2402 1015; x_wconf 94' lang='lat' dir='ltr'>vel</span> <span class='ocrx_word' id='word_1_592' title='bbox 2425 995 2479 1015; x_wconf 91' lang='lat' dir='ltr'>ne-</span> 
     </span>
     <span class='ocr_line' id='line_1_73' title="bbox 1485 1027 1938 1067; baseline 0 -10"><span class='ocrx_word' id='word_1_593' title='bbox 1485 1027 1582 1067; x_wconf 87' lang='lat' dir='ltr'>gatio,</span> <span class='ocrx_word' id='word_1_594' title='bbox 1606 1027 1631 1057; x_wconf 90' lang='lat' dir='ltr'>si</span> <span class='ocrx_word' id='word_1_595' title='bbox 1655 1027 1774 1067; x_wconf 83' lang='lat' dir='ltr'>aliquid</span> <span class='ocrx_word' id='word_1_596' title='bbox 1797 1027 1938 1057; x_wconf 76' lang='lat' dir='ltr'>addatur.</span> 
     </span>
    </p>

    <p class='ocr_par' dir='ltr' id='par_1_25' title="bbox 1420 1070 2480 1242">
     <span class='ocr_line' id='line_1_74' title="bbox 1420 1070 2480 1113; baseline 0.003 -13"><span class='ocrx_word' id='word_1_597' title='bbox 1420 1071 1481 1101; x_wconf 88' lang='lat' dir='ltr'>Sed</span> <span class='ocrx_word' id='word_1_598' title='bbox 1504 1081 1570 1101; x_wconf 89' lang='lat' dir='ltr'>non</span> <span class='ocrx_word' id='word_1_599' title='bbox 1594 1081 1658 1101; x_wconf 88' lang='lat' dir='ltr'>una</span> <span class='ocrx_word' id='word_1_600' title='bbox 1680 1070 1819 1101; x_wconf 88' lang='lat' dir='ltr'>hominis</span> <span class='ocrx_word' id='word_1_601' title='bbox 1843 1070 1978 1111; x_wconf 82' lang='lat' dir='ltr'>syllaba:</span> <span class='ocrx_word' id='word_1_602' title='bbox 1996 1081 2098 1112; x_wconf 92' lang='lat' dir='ltr'>neque</span> <span class='ocrx_word' id='word_1_603' title='bbox 2115 1073 2201 1102; x_wconf 88' lang='lat' dir='ltr'>enim</span> <span class='ocrx_word' id='word_1_604' title='bbox 2218 1073 2252 1102; x_wconf 90' lang='lat' dir='ltr'>in</span> <span class='ocrx_word' id='word_1_605' title='bbox 2267 1083 2306 1103; x_wconf 90' lang='lat' dir='ltr'>eo</span> <span class='ocrx_word' id='word_1_606' title='bbox 2330 1073 2419 1113; x_wconf 93' lang='lat' dir='ltr'>quod</span> <span class='ocrx_word' id='word_1_607' title='bbox 2434 1079 2480 1104; x_wconf 89' lang='lat' dir='ltr'>est</span> 
     </span>
     <span class='ocr_line' id='line_1_75' title="bbox 1486 1113 2478 1157; baseline 0.003 -13"><span class='ocrx_word' id='word_1_608' title='bbox 1486 1124 1592 1153; x_wconf 87' lang='lat' dir='ltr'>sorex,</span> <span class='ocrx_word' id='word_1_609' title='bbox 1616 1124 1668 1145; x_wconf 85' lang='lat' dir='ltr'>rex</span> <span class='ocrx_word' id='word_1_610' title='bbox 1691 1113 1854 1154; x_wconf 84' lang='lat' dir='ltr'>significat,</span> <span class='ocrx_word' id='word_1_611' title='bbox 1879 1115 1933 1144; x_wconf 91' lang='lat' dir='ltr'>sed</span> <span class='ocrx_word' id='word_1_612' title='bbox 1955 1125 2017 1145; x_wconf 86' lang='lat' dir='ltr'>vox</span> <span class='ocrx_word' id='word_1_613' title='bbox 2037 1126 2121 1147; x_wconf 87' lang='lat' dir='ltr'>nunc</span> <span class='ocrx_word' id='word_1_614' title='bbox 2145 1123 2190 1147; x_wconf 89' lang='lat' dir='ltr'>est</span> <span class='ocrx_word' id='word_1_615' title='bbox 2213 1117 2294 1155; x_wconf 89' lang='lat' dir='ltr'>sola;</span> <span class='ocrx_word' id='word_1_616' title='bbox 2318 1117 2351 1147; x_wconf 92' lang='lat' dir='ltr'>in</span> <span class='ocrx_word' id='word_1_617' title='bbox 2375 1117 2478 1157; x_wconf 91' lang='lat' dir='ltr'>dupli-</span> 
     </span>
     <span class='ocr_line' id='line_1_76' title="bbox 1487 1157 2480 1200; baseline 0.004 -12"><span class='ocrx_word' id='word_1_618' title='bbox 1487 1158 1574 1188; x_wconf 91' lang='lat' dir='ltr'>cibus</span> <span class='ocrx_word' id='word_1_619' title='bbox 1589 1168 1663 1188; x_wconf 91' lang='lat' dir='ltr'>vero</span> <span class='ocrx_word' id='word_1_620' title='bbox 1683 1157 1835 1197; x_wconf 86' lang='lat' dir='ltr'>significat</span> <span class='ocrx_word' id='word_1_621' title='bbox 1853 1158 1983 1198; x_wconf 90' lang='lat' dir='ltr'>quidem</span> <span class='ocrx_word' id='word_1_622' title='bbox 1999 1159 2127 1200; x_wconf 85' lang='lat' dir='ltr'>aliquid,</span> <span class='ocrx_word' id='word_1_623' title='bbox 2147 1161 2201 1191; x_wconf 92' lang='lat' dir='ltr'>sed</span> <span class='ocrx_word' id='word_1_624' title='bbox 2220 1171 2286 1191; x_wconf 90' lang='lat' dir='ltr'>non</span> <span class='ocrx_word' id='word_1_625' title='bbox 2305 1161 2480 1192; x_wconf 88' lang='lat' dir='ltr'>secundum</span> 
     </span>
     <span class='ocr_line' id='line_1_77' title="bbox 1486 1202 2051 1242; baseline 0.004 -11"><span class='ocrx_word' id='word_1_626' title='bbox 1486 1212 1529 1240; x_wconf 88' lang='lat' dir='ltr'>se,</span> <span class='ocrx_word' id='word_1_627' title='bbox 1554 1202 1828 1242; x_wconf 86' lang='lat' dir='ltr'>quemadmodum</span> <span class='ocrx_word' id='word_1_628' title='bbox 1852 1202 1973 1232; x_wconf 88' lang='lat' dir='ltr'>dictum</span> <span class='ocrx_word' id='word_1_629' title='bbox 1997 1210 2051 1234; x_wconf 90' lang='lat' dir='ltr'>est.</span> 
     </span>
    </p>

    <p class='ocr_par' dir='ltr' id='par_1_26' title="bbox 1420 1246 2481 1373">
     <span class='ocr_line' id='line_1_78' title="bbox 1420 1246 2480 1287; baseline 0.004 -12"><span class='ocrx_word' id='word_1_630' title='bbox 1420 1246 1476 1276; x_wconf 87' lang='lat' dir='ltr'>Est</span> <span class='ocrx_word' id='word_1_631' title='bbox 1499 1252 1606 1276; x_wconf 85' lang='lat' dir='ltr'>autem</span> <span class='ocrx_word' id='word_1_632' title='bbox 1629 1246 1730 1276; x_wconf 86' lang='lat' dir='ltr'>oratio</span> <span class='ocrx_word' id='word_1_633' title='bbox 1754 1246 1859 1275; x_wconf 86' lang='lat' dir='ltr'>omnis</span> <span class='ocrx_word' id='word_1_634' title='bbox 1883 1246 2012 1286; x_wconf 90' lang='lat' dir='ltr'>quidem</span> <span class='ocrx_word' id='word_1_635' title='bbox 2031 1247 2233 1287; x_wconf 86' lang='lat' dir='ltr'>significativa</span> <span class='ocrx_word' id='word_1_636' title='bbox 2251 1258 2317 1278; x_wconf 92' lang='lat' dir='ltr'>non</span> <span class='ocrx_word' id='word_1_637' title='bbox 2336 1249 2416 1279; x_wconf 90' lang='lat' dir='ltr'>sicut</span> <span class='ocrx_word' id='word_1_638' title='bbox 2433 1249 2480 1279; x_wconf 91' lang='lat' dir='ltr'>in-</span> 
     </span>
     <span class='ocr_line' id='line_1_79' title="bbox 1487 1290 2481 1331; baseline 0.004 -12"><span class='ocrx_word' id='word_1_639' title='bbox 1487 1296 1710 1328; x_wconf 86' lang='lat' dir='ltr'>strumentum,</span> <span class='ocrx_word' id='word_1_640' title='bbox 1725 1290 1790 1327; x_wconf 88' lang='lat' dir='ltr'>sed,</span> <span class='ocrx_word' id='word_1_641' title='bbox 1808 1291 2082 1330; x_wconf 83' lang='lat' dir='ltr'>quemadmodum</span> <span class='ocrx_word' id='word_1_642' title='bbox 2100 1292 2220 1322; x_wconf 90' lang='lat' dir='ltr'>dictum</span> <span class='ocrx_word' id='word_1_643' title='bbox 2235 1299 2290 1331; x_wconf 86' lang='lat' dir='ltr'>est,</span> <span class='ocrx_word' id='word_1_644' title='bbox 2306 1293 2481 1324; x_wconf 88' lang='lat' dir='ltr'>secundum</span> 
     </span>
     <span class='ocr_line' id='line_1_80' title="bbox 1487 1333 1649 1373; baseline 0.006 -10"><span class='ocrx_word' id='word_1_645' title='bbox 1487 1333 1649 1373; x_wconf 87' lang='lat' dir='ltr'>placitum.</span> 
     </span>
    </p>
   </div>
   <div class='ocr_carea' id='block_1_16' title="bbox 1420 1429 2481 1783">
    <p class='ocr_par' dir='ltr' id='par_1_27' title="bbox 1420 1429 2481 1783">
     <span class='ocr_line' id='line_1_81' title="bbox 1421 1429 2480 1469; baseline 0.002 -11"><span class='ocrx_word' id='word_1_646' title='bbox 1421 1429 1484 1458; x_wconf 89' lang='lat' dir='ltr'>lect.</span> <span class='ocrx_word' id='word_1_647' title='bbox 1495 1437 1534 1464; x_wconf 81' lang='lat' dir='ltr'>xv,</span> <span class='ocrx_word' id='word_1_648' title='bbox 1549 1438 1578 1457; x_wconf 95' lang='lat' dir='ltr'>n.</span> <span class='ocrx_word' id='word_1_649' title='bbox 1589 1430 1659 1465; x_wconf 89' lang='lat'>9).-</span> <span class='ocrx_word' id='word_1_650' title='bbox 1670 1439 1695 1466; x_wconf 96' lang='lat'>7.</span> <span class='ocrx_word' id='word_1_651' title='bbox 1707 1429 1925 1466; x_wconf 81' lang='lat' dir='ltr'>Argumentatio</span> <span class='ocrx_word' id='word_1_652' title='bbox 1940 1431 1978 1458; x_wconf 91' lang='lat' dir='ltr'>ad</span> <span class='ocrx_word' id='word_1_653' title='bbox 1992 1430 2175 1466; x_wconf 90' lang='lat' dir='ltr'>probandum</span> <span class='ocrx_word' id='word_1_654' title='bbox 2197 1431 2342 1459; x_wconf 87' lang='lat' dir='ltr'>orationes</span> <span class='ocrx_word' id='word_1_655' title='bbox 2363 1431 2480 1469; x_wconf 88' lang='lat' dir='ltr'>eiusque</span> 
     </span>
     <span class='ocr_line' id='line_1_82' title="bbox 1421 1469 2481 1505; baseline 0.003 -9"><span class='ocrx_word' id='word_1_656' title='bbox 1421 1475 1517 1505; x_wconf 86' lang='lat' dir='ltr'>partes</span> <span class='ocrx_word' id='word_1_657' title='bbox 1538 1478 1600 1496; x_wconf 91' lang='lat' dir='ltr'>esse</span> <span class='ocrx_word' id='word_1_658' title='bbox 1614 1469 1723 1505; x_wconf 91' lang='lat' dir='ltr'>aliquid</span> <span class='ocrx_word' id='word_1_659' title='bbox 1742 1469 1880 1504; x_wconf 87' lang='lat' dir='ltr'>naturale,</span> <span class='ocrx_word' id='word_1_660' title='bbox 1895 1469 2025 1497; x_wconf 88' lang='lat' dir='ltr'>videlicet</span> <span class='ocrx_word' id='word_1_661' title='bbox 2039 1479 2100 1497; x_wconf 93' lang='lat' dir='ltr'>non</span> <span class='ocrx_word' id='word_1_662' title='bbox 2115 1479 2148 1497; x_wconf 91' lang='lat' dir='ltr'>ex</span> <span class='ocrx_word' id='word_1_663' title='bbox 2163 1470 2340 1498; x_wconf 87' lang='lat' dir='ltr'>institutione</span> <span class='ocrx_word' id='word_1_664' title='bbox 2354 1471 2481 1500; x_wconf 89' lang='lat' dir='ltr'>humana</span> 
     </span>
     <span class='ocr_line' id='line_1_83' title="bbox 1422 1508 2478 1546; baseline 0.002 -10"><span class='ocrx_word' id='word_1_665' title='bbox 1422 1508 1600 1545; x_wconf 86' lang='lat' dir='ltr'>significans,</span> <span class='ocrx_word' id='word_1_666' title='bbox 1616 1509 1667 1536; x_wconf 89' lang='lat' dir='ltr'>sed</span> <span class='ocrx_word' id='word_1_667' title='bbox 1690 1509 1863 1536; x_wconf 88' lang='lat' dir='ltr'>naturaliter.</span> <span class='ocrx_word' id='word_1_668' title='bbox 1875 1524 1896 1531; x_wconf 92' lang='lat'><em>-</em></span> <span class='ocrx_word' id='word_1_669' title='bbox 1912 1509 1939 1536; x_wconf 90' lang='lat'>8.</span> <span class='ocrx_word' id='word_1_670' title='bbox 1951 1509 2096 1537; x_wconf 87' lang='lat' dir='ltr'>Refellitur</span> <span class='ocrx_word' id='word_1_671' title='bbox 2119 1510 2247 1545; x_wconf 89' lang='lat' dir='ltr'>praefata</span> <span class='ocrx_word' id='word_1_672' title='bbox 2270 1512 2478 1546; x_wconf 84' lang='lat' dir='ltr'>argumentatio</span> 
     </span>
     <span class='ocr_line' id='line_1_84' title="bbox 1422 1548 2481 1586; baseline 0.002 -10"><span class='ocrx_word' id='word_1_673' title='bbox 1422 1548 1481 1584; x_wconf 86' lang='lat' dir='ltr'>(Cf.</span> <span class='ocrx_word' id='word_1_674' title='bbox 1496 1548 1559 1576; x_wconf 90' lang='lat' dir='ltr'>lect.</span> <span class='ocrx_word' id='word_1_675' title='bbox 1574 1557 1620 1583; x_wconf 85' lang='lat' dir='ltr'>1v,</span> <span class='ocrx_word' id='word_1_676' title='bbox 1644 1558 1673 1576; x_wconf 91' lang='lat' dir='ltr'>n.</span> <span class='ocrx_word' id='word_1_677' title='bbox 1693 1558 1736 1583; x_wconf 83' lang='grc' dir='ltr'>ιι,</span> <span class='ocrx_word' id='word_1_678' title='bbox 1759 1550 1840 1585; x_wconf 86' lang='lat' dir='ltr'>seq.).</span> <span class='ocrx_word' id='word_1_679' title='bbox 1862 1549 2054 1576; x_wconf 88' lang='lat' dir='ltr'>Instrumenta</span> <span class='ocrx_word' id='word_1_680' title='bbox 2082 1558 2132 1576; x_wconf 91' lang='lat' dir='ltr'>seu</span> <span class='ocrx_word' id='word_1_681' title='bbox 2159 1558 2268 1586; x_wconf 87' lang='lat' dir='ltr'>organa</span> <span class='ocrx_word' id='word_1_682' title='bbox 2295 1550 2399 1586; x_wconf 88' lang='lat' dir='ltr'>quibus</span> <span class='ocrx_word' id='word_1_683' title='bbox 2419 1557 2481 1578; x_wconf 90' lang='lat' dir='ltr'>tum</span> 
     </span>
     <span class='ocr_line' id='line_1_85' title="bbox 1420 1588 2481 1625; baseline 0.003 -10"><span class='ocrx_word' id='word_1_684' title='bbox 1420 1597 1523 1623; x_wconf 88' lang='lat' dir='ltr'>voces,</span> <span class='ocrx_word' id='word_1_685' title='bbox 1545 1594 1607 1615; x_wconf 90' lang='lat' dir='ltr'>tum</span> <span class='ocrx_word' id='word_1_686' title='bbox 1629 1588 1693 1616; x_wconf 90' lang='lat' dir='ltr'>soni</span> <span class='ocrx_word' id='word_1_687' title='bbox 1707 1588 1847 1616; x_wconf 88' lang='lat' dir='ltr'>articulati</span> <span class='ocrx_word' id='word_1_688' title='bbox 1861 1588 2023 1616; x_wconf 87' lang='lat' dir='ltr'>formantur</span> <span class='ocrx_word' id='word_1_689' title='bbox 2037 1594 2103 1616; x_wconf 90' lang='lat' dir='ltr'>sunt</span> <span class='ocrx_word' id='word_1_690' title='bbox 2124 1588 2242 1625; x_wconf 89' lang='lat' dir='ltr'>quidem</span> <span class='ocrx_word' id='word_1_691' title='bbox 2262 1589 2415 1618; x_wconf 88' lang='lat' dir='ltr'>naturalia.</span> <span class='ocrx_word' id='word_1_692' title='bbox 2431 1591 2481 1618; x_wconf 87' lang='lat' dir='ltr'>sed</span> 
     </span>
     <span class='ocr_line' id='line_1_86' title="bbox 1421 1627 2481 1665; baseline 0.002 -10"><span class='ocrx_word' id='word_1_693' title='bbox 1421 1634 1519 1655; x_wconf 91' lang='lat' dir='ltr'>tamen</span> <span class='ocrx_word' id='word_1_694' title='bbox 1540 1628 1602 1655; x_wconf 89' lang='lat' dir='ltr'>sola</span> <span class='ocrx_word' id='word_1_695' title='bbox 1622 1627 1710 1655; x_wconf 91' lang='lat' dir='ltr'>virtus</span> <span class='ocrx_word' id='word_1_696' title='bbox 1738 1627 1885 1656; x_wconf 86' lang='lat' dir='ltr'>rationalis</span> <span class='ocrx_word' id='word_1_697' title='bbox 1905 1627 1995 1655; x_wconf 90' lang='lat' dir='ltr'>utitur</span> <span class='ocrx_word' id='word_1_698' title='bbox 2015 1628 2181 1656; x_wconf 87' lang='lat' dir='ltr'>huiusmodi</span> <span class='ocrx_word' id='word_1_699' title='bbox 2197 1629 2320 1665; x_wconf 85' lang='lat' dir='ltr'>organis,</span> <span class='ocrx_word' id='word_1_700' title='bbox 2336 1635 2364 1657; x_wconf 91' lang='lat' dir='ltr'>et</span> <span class='ocrx_word' id='word_1_701' title='bbox 2382 1638 2434 1665; x_wconf 89' lang='lat' dir='ltr'>per</span> <span class='ocrx_word' id='word_1_702' title='bbox 2447 1639 2481 1657; x_wconf 93' lang='lat' dir='ltr'>ea</span> 
     </span>
     <span class='ocr_line' id='line_1_87' title="bbox 1421 1665 2480 1704; baseline 0.003 -10"><span class='ocrx_word' id='word_1_703' title='bbox 1421 1665 1509 1695; x_wconf 88' lang='lat' dir='ltr'>efficit</span> <span class='ocrx_word' id='word_1_704' title='bbox 1524 1667 1686 1695; x_wconf 87' lang='lat' dir='ltr'>orationem</span> <span class='ocrx_word' id='word_1_705' title='bbox 1701 1673 1729 1695; x_wconf 89' lang='lat' dir='ltr'>et</span> <span class='ocrx_word' id='word_1_706' title='bbox 1743 1667 1803 1695; x_wconf 84' lang='lat' dir='ltr'>eius</span> <span class='ocrx_word' id='word_1_707' title='bbox 1822 1674 1930 1704; x_wconf 82' lang='lat' dir='ltr'>partes:</span> <span class='ocrx_word' id='word_1_708' title='bbox 1953 1676 2027 1704; x_wconf 89' lang='lat' dir='ltr'>quae</span> <span class='ocrx_word' id='word_1_709' title='bbox 2042 1667 2108 1695; x_wconf 91' lang='lat' dir='ltr'>ideo</span> <span class='ocrx_word' id='word_1_710' title='bbox 2124 1677 2184 1696; x_wconf 91' lang='lat' dir='ltr'>non</span> <span class='ocrx_word' id='word_1_711' title='bbox 2199 1674 2265 1695; x_wconf 88' lang='lat' dir='ltr'>sunt</span> <span class='ocrx_word' id='word_1_712' title='bbox 2278 1677 2323 1696; x_wconf 89' lang='lat' dir='ltr'>res</span> <span class='ocrx_word' id='word_1_713' title='bbox 2338 1669 2480 1697; x_wconf 90' lang='lat' dir='ltr'>naturales</span> 
     </span>
     <span class='ocr_line' id='line_1_88' title="bbox 1421 1706 2480 1745; baseline 0.003 -11"><span class='ocrx_word' id='word_1_714' title='bbox 1421 1707 1471 1735; x_wconf 88' lang='lat' dir='ltr'>sed</span> <span class='ocrx_word' id='word_1_715' title='bbox 1485 1706 1654 1742; x_wconf 86' lang='lat' dir='ltr'>artificiales,</span> <span class='ocrx_word' id='word_1_716' title='bbox 1669 1707 1707 1735; x_wconf 88' lang='lat' dir='ltr'>ad</span> <span class='ocrx_word' id='word_1_717' title='bbox 1724 1706 1950 1735; x_wconf 82' lang='lat' dir='ltr'>manifestandos</span> <span class='ocrx_word' id='word_1_718' title='bbox 1971 1707 2121 1735; x_wconf 88' lang='lat' dir='ltr'>interiores</span> <span class='ocrx_word' id='word_1_719' title='bbox 2142 1707 2246 1735; x_wconf 90' lang='lat' dir='ltr'>mentis</span> <span class='ocrx_word' id='word_1_720' title='bbox 2268 1714 2424 1745; x_wconf 85' lang='lat' dir='ltr'>conceptus</span> <span class='ocrx_word' id='word_1_721' title='bbox 2444 1709 2480 1737; x_wconf 85' lang='lat' dir='ltr'>ab</span> 
     </span>
     <span class='ocr_line' id='line_1_89' title="bbox 1420 1746 1823 1783; baseline 0 -9"><span class='ocrx_word' id='word_1_722' title='bbox 1420 1746 1483 1783; x_wconf 90' lang='lat' dir='ltr'>ipsa</span> <span class='ocrx_word' id='word_1_723' title='bbox 1503 1746 1614 1775; x_wconf 88' lang='lat' dir='ltr'>ratione</span> <span class='ocrx_word' id='word_1_724' title='bbox 1636 1746 1823 1783; x_wconf 83' lang='lat' dir='ltr'>compositae.</span> 
     </span>
    </p>
   </div>
   <div class='ocr_carea' id='block_1_17' title="bbox 1409 1838 2718 2742">
    <p class='ocr_par' dir='ltr' id='par_1_28' title="bbox 1417 1838 2483 2099">
     <span class='ocr_line' id='line_1_90' title="bbox 1419 1838 2481 1888; baseline 0.003 -13"><span class='ocrx_word' id='word_1_725' title='bbox 1419 1838 1521 1875; x_wconf 92' lang='lat' dir='ltr'>idern</span> <span class='ocrx_word' id='word_1_726' title='bbox 1551 1839 1766 1888; x_wconf 90' lang='lat' dir='ltr'>frequenter</span> <span class='ocrx_word' id='word_1_727' title='bbox 1793 1839 1951 1876; x_wconf 88' lang='lat' dir='ltr'>iteraret.</span> <span class='ocrx_word' id='word_1_728' title='bbox 1983 1841 2094 1877; x_wconf 88' lang='lat' dir='ltr'>Iterat</span> <span class='ocrx_word' id='word_1_729' title='bbox 2111 1847 2239 1876; x_wconf 89' lang='lat' dir='ltr'>tamen</span> <span class='ocrx_word' id='word_1_730' title='bbox 2257 1841 2332 1877; x_wconf 92' lang='lat' dir='ltr'>hoc</span> <span class='ocrx_word' id='word_1_731' title='bbox 2359 1840 2397 1877; x_wconf 94' lang='lat' dir='ltr'>in</span> <span class='ocrx_word' id='word_1_732' title='bbox 2418 1841 2481 1878; x_wconf 92' lang='lat' dir='ltr'>de-</span> 
     </span>
     <span class='ocr_line' id='line_1_91' title="bbox 1419 1891 2480 1941; baseline 0.002 -13"><span class='ocrx_word' id='word_1_733' title='bbox 1419 1891 1590 1928; x_wconf 90' lang='lat' dir='ltr'>finitione</span> <span class='ocrx_word' id='word_1_734' title='bbox 1619 1891 1811 1939; x_wconf 85' lang='lat' dir='ltr'>orationis,</span> <span class='ocrx_word' id='word_1_735' title='bbox 1842 1892 1930 1941; x_wconf 90' lang='lat' dir='ltr'>quia</span> <span class='ocrx_word' id='word_1_736' title='bbox 1958 1892 2178 1940; x_wconf 88' lang='lat' dir='ltr'>significatio</span> <span class='ocrx_word' id='word_1_737' title='bbox 2208 1893 2386 1930; x_wconf 89' lang='lat' dir='ltr'>orationis</span> <span class='ocrx_word' id='word_1_738' title='bbox 2415 1894 2480 1931; x_wconf 90' lang='lat' dir='ltr'>dif-</span> 
     </span>
     <span class='ocr_line' id='line_1_92' title="bbox 1419 1944 2483 1994; baseline 0.003 -14"><span class='ocrx_word' id='word_1_739' title='bbox 1419 1945 1489 1981; x_wconf 87' lang='lat' dir='ltr'>fert</span> <span class='ocrx_word' id='word_1_740' title='bbox 1507 1957 1530 1981; x_wconf 88' lang='lat' dir='ltr'>a</span> <span class='ocrx_word' id='word_1_741' title='bbox 1549 1944 1820 1992; x_wconf 87' lang='lat' dir='ltr'>significatione</span> <span class='ocrx_word' id='word_1_742' title='bbox 1840 1945 2006 1982; x_wconf 90' lang='lat' dir='ltr'>nominis</span> <span class='ocrx_word' id='word_1_743' title='bbox 2026 1953 2062 1982; x_wconf 94' lang='lat' dir='ltr'>et</span> <span class='ocrx_word' id='word_1_744' title='bbox 2079 1945 2206 1992; x_wconf 91' lang='lat' dir='ltr'>verbi,</span> <span class='ocrx_word' id='word_1_745' title='bbox 2227 1946 2315 1994; x_wconf 91' lang='lat' dir='ltr'>quia</span> <span class='ocrx_word' id='word_1_746' title='bbox 2339 1958 2483 1983; x_wconf 89' lang='lat' dir='ltr'>nornen</span> 
     </span>
     <span class='ocr_line' id='line_1_93' title="bbox 1418 1997 2481 2047; baseline 0.002 -13"><span class='ocrx_word' id='word_1_747' title='bbox 1418 1997 1480 2034; x_wconf 91' lang='lat' dir='ltr'>vel</span> <span class='ocrx_word' id='word_1_748' title='bbox 1495 1998 1659 2034; x_wconf 91' lang='lat' dir='ltr'>verbum</span> <span class='ocrx_word' id='word_1_749' title='bbox 1675 1997 1859 2045; x_wconf 89' lang='lat' dir='ltr'>significat</span> <span class='ocrx_word' id='word_1_750' title='bbox 1874 1998 2085 2046; x_wconf 90' lang='lat' dir='ltr'>simplicem</span> <span class='ocrx_word' id='word_1_751' title='bbox 2105 1998 2346 2047; x_wconf 90' lang='lat' dir='ltr'>intellectum,</span> <span class='ocrx_word' id='word_1_752' title='bbox 2362 1999 2481 2036; x_wconf 89' lang='lat' dir='ltr'>oratio</span> 
     </span>
     <span class='ocr_line' id='line_1_94' title="bbox 1417 2050 2279 2099; baseline 0.001 -13"><span class='ocrx_word' id='word_1_753' title='bbox 1417 2062 1512 2087; x_wconf 91' lang='lat' dir='ltr'>vero</span> <span class='ocrx_word' id='word_1_754' title='bbox 1541 2050 1726 2098; x_wconf 89' lang='lat' dir='ltr'>significat</span> <span class='ocrx_word' id='word_1_755' title='bbox 1753 2050 1982 2087; x_wconf 90' lang='lat' dir='ltr'>intellectum</span> <span class='ocrx_word' id='word_1_756' title='bbox 2013 2051 2279 2099; x_wconf 89' lang='lat' dir='ltr'>compositum.</span> 
     </span>
    </p>

    <p class='ocr_par' dir='ltr' id='par_1_29' title="bbox 1409 2103 2718 2732">
     <span class='ocr_line' id='line_1_95' title="bbox 1474 2103 2483 2152; baseline 0.002 -13"><span class='ocrx_word' id='word_1_757' title='bbox 1474 2104 1507 2140; x_wconf 89' lang='lat'>3.</span> <span class='ocrx_word' id='word_1_758' title='bbox 1530 2103 1708 2140; x_wconf 87' lang='lat' dir='ltr'>Secundo</span> <span class='ocrx_word' id='word_1_759' title='bbox 1729 2111 1857 2140; x_wconf 88' lang='lat' dir='ltr'>autern</span> <span class='ocrx_word' id='word_1_760' title='bbox 1875 2103 1983 2152; x_wconf 92' lang='lat' dir='ltr'>ponit</span> <span class='ocrx_word' id='word_1_761' title='bbox 2001 2103 2051 2150; x_wconf 90' lang='lat' dir='ltr'>id,</span> <span class='ocrx_word' id='word_1_762' title='bbox 2067 2103 2105 2140; x_wconf 91' lang='lat' dir='ltr'>in</span> <span class='ocrx_word' id='word_1_763' title='bbox 2125 2116 2201 2152; x_wconf 91' lang='lat' dir='ltr'>quo</span> <span class='ocrx_word' id='word_1_764' title='bbox 2219 2104 2338 2140; x_wconf 90' lang='lat' dir='ltr'>oratio</span> <span class='ocrx_word' id='word_1_765' title='bbox 2359 2104 2483 2142; x_wconf 89' lang='lat' dir='ltr'>differt</span> 
     </span>
     <span class='ocr_line' id='line_1_96' title="bbox 1418 2155 2480 2205; baseline 0.001 -13"><span class='ocrx_word' id='word_1_766' title='bbox 1418 2168 1441 2192; x_wconf 90' lang='lat' dir='ltr'>a</span> <span class='ocrx_word' id='word_1_767' title='bbox 1468 2155 1625 2192; x_wconf 90' lang='lat' dir='ltr'>nomine</span> <span class='ocrx_word' id='word_1_768' title='bbox 1645 2163 1682 2192; x_wconf 92' lang='lat' dir='ltr'>et</span> <span class='ocrx_word' id='word_1_769' title='bbox 1699 2157 1833 2204; x_wconf 90' lang='lat' dir='ltr'>verbo,</span> <span class='ocrx_word' id='word_1_770' title='bbox 1855 2168 1942 2192; x_wconf 88' lang='lat' dir='ltr'>curn</span> <span class='ocrx_word' id='word_1_771' title='bbox 1964 2156 2067 2193; x_wconf 88' lang='lat' dir='ltr'>dicit.</span> <span class='ocrx_word' id='word_1_772' title='bbox 2097 2157 2212 2193; x_wconf 84' lang='lat' dir='ltr'>Cuius</span> <span class='ocrx_word' id='word_1_773' title='bbox 2224 2158 2392 2205; x_wconf 84' lang='lat' dir='ltr'>partium</span> <span class='ocrx_word' id='word_1_774' title='bbox 2413 2157 2480 2194; x_wconf 88' lang='lat' dir='ltr'>ali-</span> 
     </span>
     <span class='ocr_line' id='line_1_97' title="bbox 1417 2209 2479 2258; baseline 0.002 -14"><span class='ocrx_word' id='word_1_775' title='bbox 1417 2209 1508 2256; x_wconf 86' lang='lat' dir='ltr'>quid</span> <span class='ocrx_word' id='word_1_776' title='bbox 1537 2209 1829 2258; x_wconf 75' lang='lat' dir='ltr'>significativum</span> <span class='ocrx_word' id='word_1_777' title='bbox 1863 2214 1916 2245; x_wconf 83' lang='lat' dir='ltr'>est</span> <span class='ocrx_word' id='word_1_778' title='bbox 1946 2209 2148 2257; x_wconf 85' lang='lat' dir='ltr'>separatim</span> <span class='ocrx_word' id='word_1_779' title='bbox 2170 2210 2198 2245; x_wconf 87' lang='grc'>*.</span> <span class='ocrx_word' id='word_1_780' title='bbox 2228 2210 2350 2258; x_wconf 88' lang='lat' dir='ltr'>Supra</span> <span class='ocrx_word' id='word_1_781' title='bbox 2378 2210 2479 2246; x_wconf 89' lang='lat' dir='ltr'>enim</span> 
     </span>
     <span class='ocr_line' id='line_1_98' title="bbox 1418 2261 2481 2310; baseline 0.002 -13"><span class='ocrx_word' id='word_1_782' title='bbox 1418 2261 1560 2298; x_wconf 87' lang='lat' dir='ltr'>dictum</span> <span class='ocrx_word' id='word_1_783' title='bbox 1599 2269 1654 2298; x_wconf 93' lang='lat' dir='ltr'>est</span> <span class='ocrx_word' id='word_1_784' title='bbox 1695 2261 1799 2310; x_wconf 92' lang='lat' dir='ltr'>quod</span> <span class='ocrx_word' id='word_1_785' title='bbox 1841 2274 1928 2310; x_wconf 88' lang='lat' dir='ltr'>pars</span> <span class='ocrx_word' id='word_1_786' title='bbox 1971 2261 2136 2298; x_wconf 84' lang='lat' dir='ltr'>nominis</span> <span class='ocrx_word' id='word_1_787' title='bbox 2177 2274 2255 2298; x_wconf 92' lang='lat' dir='ltr'>non</span> <span class='ocrx_word' id='word_1_788' title='bbox 2298 2262 2481 2310; x_wconf 89' lang='lat' dir='ltr'>significat</span> 
     </span>
     <span class='ocr_line' id='line_1_99' title="bbox 1417 2313 2718 2373; baseline 0.002 -23"><span class='ocrx_word' id='word_1_789' title='bbox 1417 2313 1573 2362; x_wconf 88' lang='lat' dir='ltr'>aliquid</span> <span class='ocrx_word' id='word_1_790' title='bbox 1583 2326 1657 2361; x_wconf 89' lang='lat' dir='ltr'>per</span> <span class='ocrx_word' id='word_1_791' title='bbox 1682 2326 1722 2350; x_wconf 83' lang='lat' dir='ltr'>se</span> <span class='ocrx_word' id='word_1_792' title='bbox 1749 2315 1999 2362; x_wconf 78' lang='lat' dir='ltr'>separatum*</span> <span class='ocrx_word' id='word_1_793' title='bbox 2002 2343 2010 2361; x_wconf 89' lang='lat'>,</span> <span class='ocrx_word' id='word_1_794' title='bbox 2040 2314 2108 2351; x_wconf 93' lang='lat' dir='ltr'>sed</span> <span class='ocrx_word' id='word_1_795' title='bbox 2135 2315 2260 2352; x_wconf 88' lang='lat' dir='ltr'>solum</span> <span class='ocrx_word' id='word_1_796' title='bbox 2289 2315 2394 2363; x_wconf 91' lang='lat' dir='ltr'>quod</span> <span class='ocrx_word' id='word_1_797' title='bbox 2422 2323 2478 2352; x_wconf 91' lang='lat' dir='ltr'>est</span> <span class='ocrx_word' id='word_1_798' title='bbox 2507 2319 2589 2373; x_wconf 51' lang='lat' dir='ltr'><strong>gfff-7</strong></span> <span class='ocrx_word' id='word_1_799' title='bbox 2597 2319 2656 2341; x_wconf 70' lang='lat' dir='ltr'>V0¹¹</span> <span class='ocrx_word' id='word_1_800' title='bbox 2670 2319 2718 2347; x_wconf 85' lang='lat'><strong>¹⁵2⁶</strong></span> 
     </span>
     <span class='ocr_line' id='line_1_100' title="bbox 1417 2352 2718 2415; baseline 0.002 -13"><span class='ocrx_word' id='word_1_801' title='bbox 1417 2366 1661 2403; x_wconf 91' lang='lat' dir='ltr'>coniunctum</span> <span class='ocrx_word' id='word_1_802' title='bbox 1691 2379 1736 2403; x_wconf 87' lang='lat' dir='ltr'>ex</span> <span class='ocrx_word' id='word_1_803' title='bbox 1756 2367 1903 2403; x_wconf 92' lang='lat' dir='ltr'>duabus</span> <span class='ocrx_word' id='word_1_804' title='bbox 1923 2366 2102 2415; x_wconf 84' lang='lat' dir='ltr'>partibus.</span> <span class='ocrx_word' id='word_1_805' title='bbox 2126 2364 2324 2414; x_wconf 90' lang='lat' dir='ltr'>Signanter</span> <span class='ocrx_word' id='word_1_806' title='bbox 2351 2374 2478 2404; x_wconf 91' lang='lat' dir='ltr'>autem</span> <span class='ocrx_word' id='word_1_807' title='bbox 2507 2373 2539 2393; x_wconf 52' lang='grc' dir='ltr'>ία</span> <span class='ocrx_word' id='word_1_808' title='bbox 2551 2352 2718 2399; x_wconf 30' lang='lat' dir='ltr'>*ihm-‘3325&#39;</span> 
     </span>
     <span class='ocr_line' id='line_1_101' title="bbox 1416 2398 2569 2469; baseline 0.002 -14"><span class='ocrx_word' id='word_1_809' title='bbox 1416 2431 1494 2455; x_wconf 93' lang='lat' dir='ltr'>non</span> <span class='ocrx_word' id='word_1_810' title='bbox 1524 2419 1627 2455; x_wconf 90' lang='lat' dir='ltr'>dicit:</span> <span class='ocrx_word' id='word_1_811' title='bbox 1663 2420 1776 2455; x_wconf 84' lang='lat' dir='ltr'>Cuius</span> <span class='ocrx_word' id='word_1_812' title='bbox 1788 2431 1883 2467; x_wconf 84' lang='lat' dir='ltr'>pars</span> <span class='ocrx_word' id='word_1_813' title='bbox 1911 2425 1966 2456; x_wconf 86' lang='lat' dir='ltr'>est</span> <span class='ocrx_word' id='word_1_814' title='bbox 1980 2420 2230 2469; x_wconf 76' lang='lat' dir='ltr'>significativa</span> <span class='ocrx_word' id='word_1_815' title='bbox 2257 2420 2400 2468; x_wconf 85' lang='lat' dir='ltr'>aliquid</span> <span class='ocrx_word' id='word_1_816' title='bbox 2424 2433 2478 2457; x_wconf 83' lang='lat' dir='ltr'>se·</span> <span class='ocrx_word' id='word_1_817' title='bbox 2500 2398 2569 2439; x_wconf 45' lang='grc' dir='ltr'>’μ’</span> 
     </span>
     <span class='ocr_line' id='line_1_102' title="bbox 1409 2471 2478 2522; baseline 0.002 -15"><span class='ocrx_word' id='word_1_818' title='bbox 1409 2477 1561 2519; x_wconf 85' lang='lat' dir='ltr'>parata,</span> <span class='ocrx_word' id='word_1_819' title='bbox 1574 2471 1641 2508; x_wconf 90' lang='lat' dir='ltr'>sed</span> <span class='ocrx_word' id='word_1_820' title='bbox 1656 2472 1761 2508; x_wconf 85' lang='lat' dir='ltr'>cuius</span> <span class='ocrx_word' id='word_1_821' title='bbox 1775 2472 1918 2520; x_wconf 72' lang='lat' dir='ltr'>aliquid</span> <span class='ocrx_word' id='word_1_822' title='bbox 1927 2473 2096 2520; x_wconf 82' lang='lat' dir='ltr'>partium</span> <span class='ocrx_word' id='word_1_823' title='bbox 2111 2478 2166 2509; x_wconf 83' lang='lat' dir='ltr'>est</span> <span class='ocrx_word' id='word_1_824' title='bbox 2175 2473 2478 2522; x_wconf 70' lang='lat' dir='ltr'>significativum,</span> 
     </span>
     <span class='ocr_line' id='line_1_103' title="bbox 1414 2525 2478 2574; baseline 0.002 -14"><span class='ocrx_word' id='word_1_825' title='bbox 1414 2531 1570 2572; x_wconf 91' lang='lat' dir='ltr'>propter</span> <span class='ocrx_word' id='word_1_826' title='bbox 1587 2525 1807 2572; x_wconf 87' lang='lat' dir='ltr'>negationes</span> <span class='ocrx_word' id='word_1_827' title='bbox 1827 2532 1864 2562; x_wconf 88' lang='lat' dir='ltr'>et</span> <span class='ocrx_word' id='word_1_828' title='bbox 1883 2525 1955 2562; x_wconf 86' lang='lat' dir='ltr'>alia</span> <span class='ocrx_word' id='word_1_829' title='bbox 1973 2533 2322 2573; x_wconf 89' lang='lat' dir='ltr'>syncategoremata</span> <span class='ocrx_word' id='word_1_830' title='bbox 2336 2531 2363 2572; x_wconf 86' lang='lat'>⁷,</span> <span class='ocrx_word' id='word_1_831' title='bbox 2379 2538 2478 2574; x_wconf 90' lang='lat' dir='ltr'>quae</span> 
     </span>
     <span class='ocr_line' id='line_1_104' title="bbox 1416 2577 2478 2637; baseline 0.002 -24"><span class='ocrx_word' id='word_1_832' title='bbox 1416 2577 1628 2613; x_wconf 90' lang='lat' dir='ltr'>secundum</span> <span class='ocrx_word' id='word_1_833' title='bbox 1643 2589 1683 2613; x_wconf 92' lang='lat' dir='ltr'>se</span> <span class='ocrx_word' id='word_1_834' title='bbox 1699 2590 1777 2614; x_wconf 92' lang='lat' dir='ltr'>non</span> <span class='ocrx_word' id='word_1_835' title='bbox 1789 2577 1998 2637; x_wconf 81' lang='lat' dir='ltr'>significant</span> <span class='ocrx_word' id='word_1_836' title='bbox 2012 2578 2154 2627; x_wconf 88' lang='lat' dir='ltr'>aliquid</span> <span class='ocrx_word' id='word_1_837' title='bbox 2169 2579 2397 2626; x_wconf 82' lang='lat' dir='ltr'>absolutum,</span> <span class='ocrx_word' id='word_1_838' title='bbox 2410 2579 2478 2616; x_wconf 90' lang='lat' dir='ltr'>sed</span> 
     </span>
     <span class='ocr_line' id='line_1_105' title="bbox 1416 2630 2478 2679; baseline 0.002 -13"><span class='ocrx_word' id='word_1_839' title='bbox 1416 2630 1542 2666; x_wconf 92' lang='lat' dir='ltr'>solum</span> <span class='ocrx_word' id='word_1_840' title='bbox 1555 2630 1818 2667; x_wconf 88' lang='lat' dir='ltr'>habitudinem</span> <span class='ocrx_word' id='word_1_841' title='bbox 1832 2630 1944 2668; x_wconf 90' lang='lat' dir='ltr'>unius</span> <span class='ocrx_word' id='word_1_842' title='bbox 1959 2631 2008 2667; x_wconf 94' lang='lat' dir='ltr'>ad</span> <span class='ocrx_word' id='word_1_843' title='bbox 2023 2631 2193 2668; x_wconf 88' lang='lat' dir='ltr'>alterum.</span> <span class='ocrx_word' id='word_1_844' title='bbox 2211 2631 2289 2668; x_wconf 93' lang='lat' dir='ltr'>Sed</span> <span class='ocrx_word' id='word_1_845' title='bbox 2308 2631 2396 2679; x_wconf 90' lang='lat' dir='ltr'>quia</span> <span class='ocrx_word' id='word_1_846' title='bbox 2411 2631 2478 2668; x_wconf 93' lang='lat' dir='ltr'>du-</span> 
     </span>
     <span class='ocr_line' id='line_1_106' title="bbox 1415 2682 2478 2742; baseline 0.002 -24"><span class='ocrx_word' id='word_1_847' title='bbox 1415 2683 1502 2731; x_wconf 85' lang='lat' dir='ltr'>plex</span> <span class='ocrx_word' id='word_1_848' title='bbox 1522 2690 1577 2719; x_wconf 88' lang='lat' dir='ltr'>est</span> <span class='ocrx_word' id='word_1_849' title='bbox 1596 2682 1817 2742; x_wconf 83' lang='lat' dir='ltr'>significatio</span> <span class='ocrx_word' id='word_1_850' title='bbox 1836 2683 1954 2730; x_wconf 88' lang='lat' dir='ltr'>vocis,</span> <span class='ocrx_word' id='word_1_851' title='bbox 1970 2696 2048 2720; x_wconf 90' lang='lat' dir='ltr'>una</span> <span class='ocrx_word' id='word_1_852' title='bbox 2067 2696 2165 2732; x_wconf 92' lang='lat' dir='ltr'>quae</span> <span class='ocrx_word' id='word_1_853' title='bbox 2185 2684 2343 2720; x_wconf 89' lang='lat' dir='ltr'>refertur</span> <span class='ocrx_word' id='word_1_854' title='bbox 2361 2683 2432 2720; x_wconf 89' lang='lat' dir='ltr'>ad</span> <span class='ocrx_word' id='word_1_855' title='bbox 2423 2696 2478 2720; x_wconf 80' lang='lat' dir='ltr'>in-</span> 
     </span>
    </p>
   </div>
   <div class='ocr_carea' id='block_1_18' title="bbox 1415 2722 2708 2785">
    <p class='ocr_par' dir='ltr' id='par_1_30' title="bbox 1415 2722 2708 2785">
     <span class='ocr_line' id='line_1_107' title="bbox 1415 2722 2708 2785; baseline -0.001 -14"><span class='ocrx_word' id='word_1_856' title='bbox 1415 2736 1606 2772; x_wconf 87' lang='lat' dir='ltr'>tellectum</span> <span class='ocrx_word' id='word_1_857' title='bbox 1639 2735 1896 2784; x_wconf 89' lang='lat' dir='ltr'>compositum</span> <span class='ocrx_word' id='word_1_858' title='bbox 1919 2734 1952 2784; x_wconf 74' lang='lat'>⁸,</span> <span class='ocrx_word' id='word_1_859' title='bbox 1983 2736 2088 2773; x_wconf 74' lang='lat' dir='ltr'>alia*</span> <span class='ocrx_word' id='word_1_860' title='bbox 2111 2749 2208 2785; x_wconf 91' lang='lat' dir='ltr'>quae</span> <span class='ocrx_word' id='word_1_861' title='bbox 2245 2737 2402 2773; x_wconf 88' lang='lat' dir='ltr'>refertur</span> <span class='ocrx_word' id='word_1_862' title='bbox 2429 2737 2515 2774; x_wconf 90' lang='lat' dir='ltr'>ad·</span> <span class='ocrx_word' id='word_1_863' title='bbox 2524 2754 2563 2770; x_wconf 72' lang='lat' dir='ltr'>nc·</span> <span class='ocrx_word' id='word_1_864' title='bbox 2578 2722 2627 2770; x_wconf 57' lang='lat' dir='ltr'>ati-a</span> <span class='ocrx_word' id='word_1_865' title='bbox 2643 2754 2708 2770; x_wconf 73' lang='lat' dir='ltr'>mo.</span> 
     </span>
    </p>
   </div>
   <div class='ocr_carea' id='block_1_19' title="bbox 2507 2216 2712 2243">
    <p class='ocr_par' dir='ltr' id='par_1_31' title="bbox 2507 2216 2712 2243">
     <span class='ocr_line' id='line_1_108' title="bbox 2507 2216 2712 2243; baseline 0.005 -7.114"><span class='ocrx_word' id='word_1_866' title='bbox 2507 2216 2541 2236; x_wconf 77' lang='lat' dir='ltr'>&#39;c</span> <span class='ocrx_word' id='word_1_867' title='bbox 2548 2223 2552 2236; x_wconf 92' lang='lat'>:</span> <span class='ocrx_word' id='word_1_868' title='bbox 2567 2218 2712 2243; x_wconf 80' lang='lat' dir='ltr'>separatum.</span> 
     </span>
    </p>
   </div>
   <div class='ocr_carea' id='block_1_20' title="bbox 1410 2872 2477 3640">
    <p class='ocr_par' dir='ltr' id='par_1_32' title="bbox 1414 2872 2477 3363">
     <span class='ocr_line' id='line_1_109' title="bbox 1471 2872 2477 2909; baseline -0.001 -10"><span class='ocrx_word' id='word_1_869' title='bbox 1471 2872 1496 2907; x_wconf 89' lang='grc' dir='ltr'>β)</span> <span class='ocrx_word' id='word_1_870' title='bbox 1516 2874 1576 2899; x_wconf 90' lang='lat' dir='ltr'>Non</span> <span class='ocrx_word' id='word_1_871' title='bbox 1595 2878 1685 2899; x_wconf 86' lang='lat' dir='ltr'>autem</span> <span class='ocrx_word' id='word_1_872' title='bbox 1699 2875 1792 2907; x_wconf 80' lang='lat' dir='ltr'>posuit</span> <span class='ocrx_word' id='word_1_873' title='bbox 1810 2874 1916 2909; x_wconf 86' lang='lat' dir='ltr'>(scilicet</span> <span class='ocrx_word' id='word_1_874' title='bbox 1933 2875 2012 2900; x_wconf 83' lang='lat' dir='ltr'>verba</span> <span class='ocrx_word' id='word_1_875' title='bbox 2030 2874 2080 2905; x_wconf 86' lang='lat' dir='ltr'>illa,</span> <span class='ocrx_word' id='word_1_876' title='bbox 2100 2882 2155 2899; x_wconf 81' lang='lat' dir='ltr'>vox</span> <span class='ocrx_word' id='word_1_877' title='bbox 2173 2873 2360 2908; x_wconf 69' lang='lat' dir='ltr'>significativa)</span> <span class='ocrx_word' id='word_1_878' title='bbox 2381 2874 2406 2898; x_wconf 85' lang='lat' dir='ltr'>in</span> <span class='ocrx_word' id='word_1_879' title='bbox 2421 2874 2477 2899; x_wconf 80' lang='lat' dir='ltr'>eius</span> 
     </span>
     <span class='ocr_line' id='line_1_110' title="bbox 1417 2907 2477 2943; baseline 0 -10"><span class='ocrx_word' id='word_1_880' title='bbox 1417 2908 1525 2942; x_wconf 88' lang='lat' dir='ltr'>(scilicet</span> <span class='ocrx_word' id='word_1_881' title='bbox 1542 2909 1625 2943; x_wconf 90' lang='lat' dir='ltr'>verbi)</span> <span class='ocrx_word' id='word_1_882' title='bbox 1650 2910 1844 2942; x_wconf 82' lang='lat' dir='ltr'>definitione...</span> <span class='ocrx_word' id='word_1_883' title='bbox 1869 2911 1952 2935; x_wconf 79' lang='lat' dir='ltr'>Iterat</span> <span class='ocrx_word' id='word_1_884' title='bbox 1975 2913 2062 2935; x_wconf 85' lang='lat' dir='ltr'>tamen</span> <span class='ocrx_word' id='word_1_885' title='bbox 2081 2910 2130 2934; x_wconf 87' lang='lat' dir='ltr'>hoc</span> <span class='ocrx_word' id='word_1_886' title='bbox 2145 2907 2263 2942; x_wconf 85' lang='lat' dir='ltr'>(nempe,</span> <span class='ocrx_word' id='word_1_887' title='bbox 2282 2917 2332 2933; x_wconf 89' lang='lat' dir='ltr'>vox</span> <span class='ocrx_word' id='word_1_888' title='bbox 2350 2908 2477 2942; x_wconf 82' lang='lat' dir='ltr'>significa-</span> 
     </span>
     <span class='ocr_line' id='line_1_111' title="bbox 1415 2944 2475 2978; baseline -0.001 -9"><span class='ocrx_word' id='word_1_889' title='bbox 1415 2944 1477 2978; x_wconf 88' lang='lat' dir='ltr'>tiva)</span> <span class='ocrx_word' id='word_1_890' title='bbox 1498 2945 1524 2969; x_wconf 86' lang='lat' dir='ltr'>in</span> <span class='ocrx_word' id='word_1_891' title='bbox 1540 2944 1691 2977; x_wconf 82' lang='lat' dir='ltr'>definitione</span> <span class='ocrx_word' id='word_1_892' title='bbox 1709 2945 1838 2970; x_wconf 81' lang='lat' dir='ltr'>orationis</span> <span class='ocrx_word' id='word_1_893' title='bbox 1856 2950 1903 2970; x_wconf 89' lang='lat' dir='ltr'>etc.</span> <span class='ocrx_word' id='word_1_894' title='bbox 1923 2946 1948 2970; x_wconf 87' lang='lat' dir='ltr'>S.</span> <span class='ocrx_word' id='word_1_895' title='bbox 1964 2945 2079 2969; x_wconf 85' lang='lat' dir='ltr'>Thomas</span> <span class='ocrx_word' id='word_1_896' title='bbox 2099 2952 2151 2968; x_wconf 91' lang='lat' dir='ltr'>non</span> <span class='ocrx_word' id='word_1_897' title='bbox 2170 2944 2229 2969; x_wconf 89' lang='lat' dir='ltr'>dicit</span> <span class='ocrx_word' id='word_1_898' title='bbox 2246 2949 2332 2968; x_wconf 85' lang='lat' dir='ltr'>utrum</span> <span class='ocrx_word' id='word_1_899' title='bbox 2351 2950 2376 2968; x_wconf 82' lang='lat' dir='ltr'>et</span> <span class='ocrx_word' id='word_1_900' title='bbox 2395 2952 2475 2976; x_wconf 86' lang='lat' dir='ltr'>quare</span> 
     </span>
     <span class='ocr_line' id='line_1_112' title="bbox 1417 2978 2476 3020; baseline -0.001 -16"><span class='ocrx_word' id='word_1_901' title='bbox 1417 2979 1489 3004; x_wconf 91' lang='lat' dir='ltr'>iteret</span> <span class='ocrx_word' id='word_1_902' title='bbox 1507 2980 1680 3012; x_wconf 89' lang='lat' dir='ltr'>Philosophus</span> <span class='ocrx_word' id='word_1_903' title='bbox 1699 2981 1775 3007; x_wconf 81' lang='lat' dir='ltr'>etiam</span> <span class='ocrx_word' id='word_1_904' title='bbox 1795 2981 1842 3005; x_wconf 85' lang='lat' dir='ltr'>alia</span> <span class='ocrx_word' id='word_1_905' title='bbox 1860 2980 1938 3020; x_wconf 52' lang='grc' dir='ltr'>ιρι-δα</span> <span class='ocrx_word' id='word_1_906' title='bbox 1957 2980 1994 3005; x_wconf 83' lang='lat' dir='ltr'>ad</span> <span class='ocrx_word' id='word_1_907' title='bbox 2006 2980 2148 3011; x_wconf 82' lang='lat' dir='ltr'>placitum,</span> <span class='ocrx_word' id='word_1_908' title='bbox 2164 2987 2230 3011; x_wconf 83' lang='lat' dir='ltr'>quae</span> <span class='ocrx_word' id='word_1_909' title='bbox 2244 2984 2269 3003; x_wconf 88' lang='lat' dir='ltr'>et</span> <span class='ocrx_word' id='word_1_910' title='bbox 2287 2979 2312 3003; x_wconf 90' lang='lat' dir='ltr'>in</span> <span class='ocrx_word' id='word_1_911' title='bbox 2331 2978 2476 3004; x_wconf 86' lang='lat' dir='ltr'>definitione</span> 
     </span>
     <span class='ocr_line' id='line_1_113' title="bbox 1417 3013 2476 3047; baseline -0.001 -8"><span class='ocrx_word' id='word_1_912' title='bbox 1417 3015 1527 3039; x_wconf 86' lang='lat' dir='ltr'>nominis</span> <span class='ocrx_word' id='word_1_913' title='bbox 1547 3015 1630 3047; x_wconf 87' lang='lat' dir='ltr'>posita</span> <span class='ocrx_word' id='word_1_914' title='bbox 1649 3021 1716 3040; x_wconf 90' lang='lat' dir='ltr'>sunt.</span> <span class='ocrx_word' id='word_1_915' title='bbox 1737 3016 1809 3045; x_wconf 91' lang='lat' dir='ltr'>Quae</span> <span class='ocrx_word' id='word_1_916' title='bbox 1828 3015 1931 3040; x_wconf 89' lang='lat' dir='ltr'>verba</span> <span class='ocrx_word' id='word_1_917' title='bbox 1925 3024 1949 3039; x_wconf 90' lang='lat' dir='ltr'>m</span> <span class='ocrx_word' id='word_1_918' title='bbox 1969 3014 2086 3039; x_wconf 88' lang='lat' dir='ltr'>versione</span> <span class='ocrx_word' id='word_1_919' title='bbox 2105 3014 2181 3038; x_wconf 87' lang='lat' dir='ltr'>latina</span> <span class='ocrx_word' id='word_1_920' title='bbox 2203 3022 2255 3038; x_wconf 92' lang='lat' dir='ltr'>non</span> <span class='ocrx_word' id='word_1_921' title='bbox 2273 3013 2410 3045; x_wconf 84' lang='lat' dir='ltr'>habentur,</span> <span class='ocrx_word' id='word_1_922' title='bbox 2430 3014 2476 3038; x_wconf 91' lang='lat' dir='ltr'>sed</span> 
     </span>
     <span class='ocr_line' id='line_1_114' title="bbox 1416 3048 2476 3091; baseline -0.001 -17"><span class='ocrx_word' id='word_1_923' title='bbox 1416 3055 1545 3082; x_wconf 89' lang='lat' dir='ltr'>ponuntur</span> <span class='ocrx_word' id='word_1_924' title='bbox 1562 3050 1588 3074; x_wconf 90' lang='lat' dir='ltr'>in</span> <span class='ocrx_word' id='word_1_925' title='bbox 1606 3055 1674 3075; x_wconf 84' lang='lat' dir='ltr'>textu</span> <span class='ocrx_word' id='word_1_926' title='bbox 1693 3058 1796 3091; x_wconf 81' lang='lat' dir='ltr'>graeco:</span> <span class='ocrx_word' id='word_1_927' title='bbox 1817 3048 1882 3075; x_wconf 76' lang='grc' dir='ltr'>κατὰ</span> <span class='ocrx_word' id='word_1_928' title='bbox 1897 3048 2028 3081; x_wconf 80' lang='grc' dir='ltr'>συνθήκην.</span> <span class='ocrx_word' id='word_1_929' title='bbox 2047 3050 2184 3074; x_wconf 88' lang='lat' dir='ltr'>Sciendum</span> <span class='ocrx_word' id='word_1_930' title='bbox 2199 3054 2238 3073; x_wconf 87' lang='lat' dir='ltr'>est</span> <span class='ocrx_word' id='word_1_931' title='bbox 2256 3056 2318 3081; x_wconf 88' lang='lat' dir='ltr'>ergo</span> <span class='ocrx_word' id='word_1_932' title='bbox 2331 3049 2410 3073; x_wconf 87' lang='lat' dir='ltr'>verba</span> <span class='ocrx_word' id='word_1_933' title='bbox 2429 3049 2476 3073; x_wconf 83' lang='lat' dir='ltr'>ista</span> 
     </span>
     <span class='ocr_line' id='line_1_115' title="bbox 1416 3084 2475 3116; baseline -0.001 -7"><span class='ocrx_word' id='word_1_934' title='bbox 1416 3093 1468 3109; x_wconf 91' lang='lat' dir='ltr'>non</span> <span class='ocrx_word' id='word_1_935' title='bbox 1487 3085 1572 3109; x_wconf 92' lang='lat' dir='ltr'>solum</span> <span class='ocrx_word' id='word_1_936' title='bbox 1591 3085 1616 3109; x_wconf 91' lang='lat' dir='ltr'>in</span> <span class='ocrx_word' id='word_1_937' title='bbox 1635 3085 1753 3110; x_wconf 82' lang='lat' dir='ltr'>versione</span> <span class='ocrx_word' id='word_1_938' title='bbox 1771 3085 1910 3110; x_wconf 88' lang='lat' dir='ltr'>Boethiana</span> <span class='ocrx_word' id='word_1_939' title='bbox 1924 3093 1974 3109; x_wconf 94' lang='lat' dir='ltr'>non</span> <span class='ocrx_word' id='word_1_940' title='bbox 1990 3084 2103 3115; x_wconf 86' lang='lat' dir='ltr'>inveniri,</span> <span class='ocrx_word' id='word_1_941' title='bbox 2118 3085 2164 3109; x_wconf 89' lang='lat' dir='ltr'>sed</span> <span class='ocrx_word' id='word_1_942' title='bbox 2178 3092 2263 3116; x_wconf 93' lang='lat' dir='ltr'>neque</span> <span class='ocrx_word' id='word_1_943' title='bbox 2278 3084 2354 3108; x_wconf 86' lang='lat' dir='ltr'>etiam</span> <span class='ocrx_word' id='word_1_944' title='bbox 2373 3084 2398 3108; x_wconf 89' lang='lat' dir='ltr'>in</span> <span class='ocrx_word' id='word_1_945' title='bbox 2412 3084 2475 3108; x_wconf 89' lang='lat' dir='ltr'>Am-</span> 
     </span>
     <span class='ocr_line' id='line_1_116' title="bbox 1416 3118 2474 3152; baseline -0.001 -8"><span class='ocrx_word' id='word_1_946' title='bbox 1416 3119 1511 3150; x_wconf 83' lang='lat' dir='ltr'>moni0,</span> <span class='ocrx_word' id='word_1_947' title='bbox 1531 3120 1576 3152; x_wconf 93' lang='lat' dir='ltr'>qui</span> <span class='ocrx_word' id='word_1_948' title='bbox 1595 3121 1685 3144; x_wconf 86' lang='lat' dir='ltr'>eadem</span> <span class='ocrx_word' id='word_1_949' title='bbox 1704 3121 1783 3145; x_wconf 88' lang='lat' dir='ltr'>verba</span> <span class='ocrx_word' id='word_1_950' title='bbox 1801 3120 1832 3144; x_wconf 88' lang='lat' dir='ltr'>ab</span> <span class='ocrx_word' id='word_1_951' title='bbox 1851 3120 1989 3144; x_wconf 83' lang='lat' dir='ltr'>Aristotele</span> <span class='ocrx_word' id='word_1_952' title='bbox 2004 3120 2183 3152; x_wconf 87' lang='lat' dir='ltr'>praetermissa</span> <span class='ocrx_word' id='word_1_953' title='bbox 2202 3126 2261 3143; x_wconf 91' lang='lat' dir='ltr'>esse</span> <span class='ocrx_word' id='word_1_954' title='bbox 2280 3119 2340 3143; x_wconf 91' lang='lat' dir='ltr'>dicit</span> <span class='ocrx_word' id='word_1_955' title='bbox 2357 3118 2417 3150; x_wconf 87' lang='lat' dir='ltr'>(De</span> <span class='ocrx_word' id='word_1_956' title='bbox 2435 3119 2474 3143; x_wconf 89' lang='lat' dir='ltr'>in-</span> 
     </span>
     <span class='ocr_line' id='line_1_117' title="bbox 1416 3154 2474 3195; baseline -0.001 -16"><span class='ocrx_word' id='word_1_957' title='bbox 1416 3158 1563 3186; x_wconf 74' lang='lat' dir='ltr'>terpretat„</span> <span class='ocrx_word' id='word_1_958' title='bbox 1574 3154 1598 3187; x_wconf 68' lang='grc' dir='ltr'>ξ.</span> <span class='ocrx_word' id='word_1_959' title='bbox 1605 3155 1646 3179; x_wconf 88' lang='lat' dir='ltr'>De</span> <span class='ocrx_word' id='word_1_960' title='bbox 1656 3155 1823 3180; x_wconf 82' lang='lat' dir='ltr'>enunciativa</span> <span class='ocrx_word' id='word_1_961' title='bbox 1837 3155 1988 3186; x_wconf 82' lang='lat' dir='ltr'>oratione).·</span> <span class='ocrx_word' id='word_1_962' title='bbox 1997 3154 2050 3179; x_wconf 90' lang='lat' dir='ltr'>imo</span> <span class='ocrx_word' id='word_1_963' title='bbox 2064 3162 2126 3178; x_wconf 90' lang='lat' dir='ltr'>vero</span> <span class='ocrx_word' id='word_1_964' title='bbox 2139 3154 2163 3178; x_wconf 92' lang='lat' dir='ltr'>in</span> <span class='ocrx_word' id='word_1_965' title='bbox 2178 3154 2305 3178; x_wconf 86' lang='lat' dir='ltr'>nonnullis</span> <span class='ocrx_word' id='word_1_966' title='bbox 2321 3154 2393 3178; x_wconf 88' lang='lat' dir='ltr'>codd.</span> <span class='ocrx_word' id='word_1_967' title='bbox 2401 3162 2474 3195; x_wconf 82' lang='lat' dir='ltr'>grae-</span> 
     </span>
     <span class='ocr_line' id='line_1_118' title="bbox 1416 3186 2475 3222; baseline -0.001 -9"><span class='ocrx_word' id='word_1_968' title='bbox 1416 3190 1452 3214; x_wconf 90' lang='lat' dir='ltr'>cis</span> <span class='ocrx_word' id='word_1_969' title='bbox 1467 3190 1546 3214; x_wconf 89' lang='lat' dir='ltr'>verba</span> <span class='ocrx_word' id='word_1_970' title='bbox 1559 3190 1601 3214; x_wconf 88' lang='lat' dir='ltr'>illa</span> <span class='ocrx_word' id='word_1_971' title='bbox 1611 3198 1662 3214; x_wconf 92' lang='lat' dir='ltr'>non</span> <span class='ocrx_word' id='word_1_972' title='bbox 1677 3190 1809 3214; x_wconf 86' lang='lat' dir='ltr'>habentur.</span> <span class='ocrx_word' id='word_1_973' title='bbox 1825 3190 1898 3215; x_wconf 89' lang='lat' dir='ltr'>Unde</span> <span class='ocrx_word' id='word_1_974' title='bbox 1912 3190 2064 3214; x_wconf 89' lang='lat' dir='ltr'>Theodorus</span> <span class='ocrx_word' id='word_1_975' title='bbox 2075 3189 2179 3214; x_wconf 86' lang='lat' dir='ltr'>Waitz&#39;</span> <span class='ocrx_word' id='word_1_976' title='bbox 2174 3197 2199 3213; x_wconf 78' lang='lat' dir='ltr'>in</span> <span class='ocrx_word' id='word_1_977' title='bbox 2212 3197 2258 3213; x_wconf 91' lang='lat' dir='ltr'>sua</span> <span class='ocrx_word' id='word_1_978' title='bbox 2272 3186 2335 3222; x_wconf 77' lang='grc' dir='ltr'>Περὶ</span> <span class='ocrx_word' id='word_1_979' title='bbox 2350 3186 2475 3222; x_wconf 73' lang='grc' dir='ltr'>ἑρμενείας</span> 
     </span>
     <span class='ocr_line' id='line_1_119' title="bbox 1416 3222 2475 3258; baseline -0.001 -10"><span class='ocrx_word' id='word_1_980' title='bbox 1416 3224 1526 3249; x_wconf 89' lang='lat' dir='ltr'>editione</span> <span class='ocrx_word' id='word_1_981' title='bbox 1540 3232 1555 3248; x_wconf 93' lang='lat' dir='ltr'>a</span> <span class='ocrx_word' id='word_1_982' title='bbox 1568 3229 1637 3249; x_wconf 85' lang='lat' dir='ltr'>textu</span> <span class='ocrx_word' id='word_1_983' title='bbox 1654 3225 1816 3249; x_wconf 81' lang='lat' dir='ltr'>Aristotelico</span> <span class='ocrx_word' id='word_1_984' title='bbox 1833 3232 1863 3249; x_wconf 91' lang='lat' dir='ltr'>ea</span> <span class='ocrx_word' id='word_1_985' title='bbox 1882 3224 2002 3257; x_wconf 87' lang='lat' dir='ltr'>expungit</span> <span class='ocrx_word' id='word_1_986' title='bbox 2018 3222 2085 3258; x_wconf 82' lang='lat' dir='ltr'>(pag.</span> <span class='ocrx_word' id='word_1_987' title='bbox 2100 3223 2168 3258; x_wconf 84' lang='lat'>125),</span> <span class='ocrx_word' id='word_1_988' title='bbox 2183 3224 2359 3256; x_wconf 89' lang='lat' dir='ltr'>rationemque</span> <span class='ocrx_word' id='word_1_989' title='bbox 2378 3231 2475 3256; x_wconf 83' lang='lat' dir='ltr'>expun-</span> 
     </span>
     <span class='ocr_line' id='line_1_120' title="bbox 1416 3258 2474 3292; baseline -0.001 -9"><span class='ocrx_word' id='word_1_990' title='bbox 1416 3259 1506 3283; x_wconf 90' lang='lat' dir='ltr'>ctionis</span> <span class='ocrx_word' id='word_1_991' title='bbox 1524 3259 1606 3283; x_wconf 93' lang='lat' dir='ltr'>reddit</span> <span class='ocrx_word' id='word_1_992' title='bbox 1628 3259 1654 3283; x_wconf 91' lang='lat' dir='ltr'>in</span> <span class='ocrx_word' id='word_1_993' title='bbox 1678 3259 1794 3290; x_wconf 86' lang='lat' dir='ltr'>Scholiis,</span> <span class='ocrx_word' id='word_1_994' title='bbox 1809 3267 1867 3292; x_wconf 87' lang='lat' dir='ltr'>pag.</span> <span class='ocrx_word' id='word_1_995' title='bbox 1884 3259 1929 3284; x_wconf 82' lang='lat'>331</span> <span class='ocrx_word' id='word_1_996' title='bbox 1948 3259 2031 3290; x_wconf 87' lang='lat' dir='ltr'>aiens,</span> <span class='ocrx_word' id='word_1_997' title='bbox 2051 3259 2174 3290; x_wconf 86' lang='lat' dir='ltr'>brevitati,</span> <span class='ocrx_word' id='word_1_998' title='bbox 2197 3267 2250 3291; x_wconf 84' lang='lat' dir='ltr'>qua</span> <span class='ocrx_word' id='word_1_999' title='bbox 2267 3259 2418 3282; x_wconf 85' lang='lat' dir='ltr'>Aristoteles</span> <span class='ocrx_word' id='word_1_1000' title='bbox 2437 3258 2474 3282; x_wconf 91' lang='lat' dir='ltr'>uti</span> 
     </span>
     <span class='ocr_line' id='line_1_121' title="bbox 1416 3291 2475 3326; baseline -0.001 -8"><span class='ocrx_word' id='word_1_1001' title='bbox 1416 3295 1493 3323; x_wconf 88' lang='lat' dir='ltr'>solet,</span> <span class='ocrx_word' id='word_1_1002' title='bbox 1513 3302 1605 3326; x_wconf 88' lang='lat' dir='ltr'>parum</span> <span class='ocrx_word' id='word_1_1003' title='bbox 1619 3295 1769 3324; x_wconf 88' lang='lat' dir='ltr'>convenire,</span> <span class='ocrx_word' id='word_1_1004' title='bbox 1788 3299 1819 3318; x_wconf 88' lang='lat' dir='ltr'>ut</span> <span class='ocrx_word' id='word_1_1005' title='bbox 1837 3302 1958 3326; x_wconf 81' lang='lat' dir='ltr'>expresse</span> <span class='ocrx_word' id='word_1_1006' title='bbox 1977 3294 2042 3318; x_wconf 88' lang='lat' dir='ltr'>dicat</span> <span class='ocrx_word' id='word_1_1007' title='bbox 2056 3295 2127 3326; x_wconf 90' lang='lat' dir='ltr'>quod</span> <span class='ocrx_word' id='word_1_1008' title='bbox 2141 3294 2213 3318; x_wconf 87' lang='lat' dir='ltr'>facile</span> <span class='ocrx_word' id='word_1_1009' title='bbox 2227 3294 2381 3325; x_wconf 84' lang='lat' dir='ltr'>intelligatur</span> <span class='ocrx_word' id='word_1_1010' title='bbox 2395 3291 2475 3326; x_wconf 79' lang='lat' dir='ltr'>(Ari-</span> 
     </span>
     <span class='ocr_line' id='line_1_122' title="bbox 1414 3313 2123 3369; baseline 0 -16"><span class='ocrx_word' id='word_1_1011' title='bbox 1414 3313 1516 3353; x_wconf 78' lang='lat' dir='ltr'>stotet&#39;is</span> <span class='ocrx_word' id='word_1_1012' title='bbox 1538 3328 1674 3361; x_wconf 82' lang='lat' dir='ltr'>Organon,</span> <span class='ocrx_word' id='word_1_1013' title='bbox 1693 3336 1796 3361; x_wconf 86' lang='lat' dir='ltr'>graece,</span> <span class='ocrx_word' id='word_1_1014' title='bbox 1817 3337 1842 3361; x_wconf 89' lang='lat' dir='ltr'>p.</span> <span class='ocrx_word' id='word_1_1015' title='bbox 1858 3329 1904 3353; x_wconf 88' lang='lat'>1.</span> <span class='ocrx_word' id='word_1_1016' title='bbox 1885 3329 2015 3361; x_wconf 87' lang='lat' dir='ltr'>Lipsiae</span> <span class='ocrx_word' id='word_1_1017' title='bbox 2038 3328 2123 3369; x_wconf 88' lang='lat'>1844).</span> 
     </span>
    </p>

    <p class='ocr_par' dir='ltr' id='par_1_33' title="bbox 1414 3361 2473 3527">
     <span class='ocr_line' id='line_1_123' title="bbox 1467 3361 2472 3397; baseline -0.002 -9"><span class='ocrx_word' id='word_1_1018' title='bbox 1467 3363 1494 3397; x_wconf 89' lang='grc' dir='ltr'>γ)</span> <span class='ocrx_word' id='word_1_1019' title='bbox 1514 3363 1550 3388; x_wconf 87' lang='lat' dir='ltr'>Et</span> <span class='ocrx_word' id='word_1_1020' title='bbox 1567 3363 1622 3387; x_wconf 81' lang='lat' dir='ltr'>alia</span> <span class='ocrx_word' id='word_1_1021' title='bbox 1640 3367 1898 3396; x_wconf 78' lang='lat' dir='ltr'>syncategoremata.</span> <span class='ocrx_word' id='word_1_1022' title='bbox 1917 3361 2156 3397; x_wconf 71' lang='grc' dir='ltr'>Συγκατηγὸρημα,</span> <span class='ocrx_word' id='word_1_1023' title='bbox 2182 3368 2211 3387; x_wconf 94' lang='lat' dir='ltr'>ut</span> <span class='ocrx_word' id='word_1_1024' title='bbox 2228 3370 2278 3387; x_wconf 85' lang='lat' dir='ltr'>vox</span> <span class='ocrx_word' id='word_1_1025' title='bbox 2297 3363 2353 3395; x_wconf 86' lang='lat' dir='ltr'>ipsa</span> <span class='ocrx_word' id='word_1_1026' title='bbox 2371 3362 2472 3393; x_wconf 84' lang='lat' dir='ltr'>indicat,</span> 
     </span>
     <span class='ocr_line' id='line_1_124' title="bbox 1415 3381 2473 3430; baseline -0.001 -8"><span class='ocrx_word' id='word_1_1027' title='bbox 1415 3406 1467 3423; x_wconf 88' lang='lat' dir='ltr'>non</span> <span class='ocrx_word' id='word_1_1028' title='bbox 1487 3406 1516 3423; x_wconf 83' lang='lat' dir='ltr'>ex</span> <span class='ocrx_word' id='word_1_1029' title='bbox 1535 3406 1564 3422; x_wconf 87' lang='lat' dir='ltr'>se</span> <span class='ocrx_word' id='word_1_1030' title='bbox 1583 3398 1678 3430; x_wconf 87' lang='lat' dir='ltr'>aliquid</span> <span class='ocrx_word' id='word_1_1031' title='bbox 1697 3397 1829 3430; x_wconf 85' lang='lat' dir='ltr'>significat,</span> <span class='ocrx_word' id='word_1_1032' title='bbox 1849 3399 1895 3422; x_wconf 86' lang='lat' dir='ltr'>sed</span> <span class='ocrx_word' id='word_1_1033' title='bbox 1909 3406 1961 3422; x_wconf 86' lang='lat' dir='ltr'>una</span> <span class='ocrx_word' id='word_1_1034' title='bbox 1980 3406 2039 3422; x_wconf 92' lang='lat' dir='ltr'>cum</span> <span class='ocrx_word' id='word_1_1035' title='bbox 2058 3399 2115 3422; x_wconf 91' lang='lat' dir='ltr'>alio.</span> <span class='ocrx_word' id='word_1_1036' title='bbox 2135 3381 2289 3422; x_wconf 86' lang='lat' dir='ltr'>Huiusmodi</span> <span class='ocrx_word' id='word_1_1037' title='bbox 2308 3402 2370 3421; x_wconf 89' lang='lat' dir='ltr'>sunt</span> <span class='ocrx_word' id='word_1_1038' title='bbox 2382 3404 2473 3426; x_wconf 84' lang='lat' dir='ltr'>omne,</span> 
     </span>
     <span class='ocr_line' id='line_1_125' title="bbox 1414 3433 2473 3465; baseline -0.002 -7"><span class='ocrx_word' id='word_1_1039' title='bbox 1414 3434 1522 3461; x_wconf 84' lang='lat' dir='ltr'>nullum,</span> <span class='ocrx_word' id='word_1_1040' title='bbox 1537 3433 1639 3465; x_wconf 78' lang='lat' dir='ltr'>aliquid</span> <span class='ocrx_word' id='word_1_1041' title='bbox 1652 3437 1707 3462; x_wconf 71' lang='lat' dir='ltr'>etc„</span> <span class='ocrx_word' id='word_1_1042' title='bbox 1727 3440 1794 3465; x_wconf 85' lang='lat' dir='ltr'>quae</span> <span class='ocrx_word' id='word_1_1043' title='bbox 1814 3437 1874 3457; x_wconf 90' lang='lat' dir='ltr'>sunt</span> <span class='ocrx_word' id='word_1_1044' title='bbox 1892 3433 2031 3465; x_wconf 83' lang='lat' dir='ltr'>particulae</span> <span class='ocrx_word' id='word_1_1045' title='bbox 2049 3433 2148 3457; x_wconf 82' lang='lat' dir='ltr'>additae</span> <span class='ocrx_word' id='word_1_1046' title='bbox 2167 3433 2315 3456; x_wconf 89' lang='lat' dir='ltr'>nominibus</span> <span class='ocrx_word' id='word_1_1047' title='bbox 2334 3437 2363 3456; x_wconf 92' lang='lat' dir='ltr'>ut</span> <span class='ocrx_word' id='word_1_1048' title='bbox 2381 3439 2473 3456; x_wconf 89' lang='lat' dir='ltr'>eorum</span> 
     </span>
     <span class='ocr_line' id='line_1_126' title="bbox 1414 3467 2473 3500; baseline 0 -8"><span class='ocrx_word' id='word_1_1049' title='bbox 1414 3467 1564 3500; x_wconf 85' lang='lat' dir='ltr'>significatio</span> <span class='ocrx_word' id='word_1_1050' title='bbox 1584 3468 1774 3498; x_wconf 86' lang='lat' dir='ltr'>determinetur,</span> <span class='ocrx_word' id='word_1_1051' title='bbox 1789 3475 1844 3498; x_wconf 88' lang='lat' dir='ltr'>seu,</span> <span class='ocrx_word' id='word_1_1052' title='bbox 1859 3472 1889 3491; x_wconf 90' lang='lat' dir='ltr'>ut</span> <span class='ocrx_word' id='word_1_1053' title='bbox 1901 3468 1936 3492; x_wconf 91' lang='lat' dir='ltr'>ait</span> <span class='ocrx_word' id='word_1_1054' title='bbox 1954 3475 1975 3492; x_wconf 91' lang='lat' dir='ltr'>s.</span> <span class='ocrx_word' id='word_1_1055' title='bbox 1986 3467 2110 3499; x_wconf 83' lang='lat' dir='ltr'>Thomas,</span> <span class='ocrx_word' id='word_1_1056' title='bbox 2124 3467 2276 3500; x_wconf 76' lang='lat' dir='ltr'>significant</span> <span class='ocrx_word' id='word_1_1057' title='bbox 2293 3467 2473 3492; x_wconf 82' lang='lat' dir='ltr'>habitudinem</span> 
     </span>
     <span class='ocr_line' id='line_1_127' title="bbox 1415 3503 1686 3527; baseline -0.004 0"><span class='ocrx_word' id='word_1_1058' title='bbox 1415 3503 1492 3527; x_wconf 85' lang='lat' dir='ltr'>unius</span> <span class='ocrx_word' id='word_1_1059' title='bbox 1510 3503 1547 3527; x_wconf 83' lang='lat' dir='ltr'>ad</span> <span class='ocrx_word' id='word_1_1060' title='bbox 1564 3503 1686 3527; x_wconf 83' lang='lat' dir='ltr'>alterum.</span> 
     </span>
    </p>

    <p class='ocr_par' dir='ltr' id='par_1_34' title="bbox 1410 3535 2472 3640">
     <span class='ocr_line' id='line_1_128' title="bbox 1465 3535 2472 3571; baseline -0.001 -9"><span class='ocrx_word' id='word_1_1061' title='bbox 1465 3537 1489 3571; x_wconf 79' lang='grc' dir='ltr'>ὃ)</span> <span class='ocrx_word' id='word_1_1062' title='bbox 1504 3537 1548 3562; x_wconf 78' lang='lat' dir='ltr'>Ad</span> <span class='ocrx_word' id='word_1_1063' title='bbox 1562 3537 1720 3562; x_wconf 83' lang='lat' dir='ltr'>intellectum</span> <span class='ocrx_word' id='word_1_1064' title='bbox 1734 3537 1914 3569; x_wconf 76' lang='lat' dir='ltr'>compositum.</span> <span class='ocrx_word' id='word_1_1065' title='bbox 1928 3537 1980 3561; x_wconf 89' lang='lat' dir='ltr'>Iam</span> <span class='ocrx_word' id='word_1_1066' title='bbox 1999 3544 2077 3569; x_wconf 84' lang='lat' dir='ltr'>supra</span> <span class='ocrx_word' id='word_1_1067' title='bbox 2093 3535 2168 3570; x_wconf 87' lang='lat' dir='ltr'>(lect.</span> <span class='ocrx_word' id='word_1_1068' title='bbox 2181 3544 2218 3567; x_wconf 79' lang='lat' dir='ltr'>nr,</span> <span class='ocrx_word' id='word_1_1069' title='bbox 2232 3545 2256 3561; x_wconf 92' lang='lat' dir='ltr'>n.</span> <span class='ocrx_word' id='word_1_1070' title='bbox 2267 3536 2289 3565; x_wconf 85' lang='lat'>3,</span> <span class='ocrx_word' id='word_1_1071' title='bbox 2300 3541 2352 3561; x_wconf 88' lang='lat' dir='ltr'>not.</span> <span class='ocrx_word' id='word_1_1072' title='bbox 2359 3535 2389 3570; x_wconf 71' lang='grc' dir='ltr'>ὃ)</span> <span class='ocrx_word' id='word_1_1073' title='bbox 2401 3537 2472 3561; x_wconf 90' lang='lat' dir='ltr'>novi-</span> 
     </span>
     <span class='ocr_line' id='line_1_129' title="bbox 1411 3572 2470 3604; baseline 0 -8"><span class='ocrx_word' id='word_1_1074' title='bbox 1411 3573 1475 3596; x_wconf 86' lang='lat' dir='ltr'>tium</span> <span class='ocrx_word' id='word_1_1075' title='bbox 1491 3573 1641 3597; x_wconf 88' lang='lat' dir='ltr'>monuimus</span> <span class='ocrx_word' id='word_1_1076' title='bbox 1656 3573 1814 3598; x_wconf 80' lang='lat' dir='ltr'>intellectum</span> <span class='ocrx_word' id='word_1_1077' title='bbox 1825 3572 1872 3597; x_wconf 86' lang='lat' dir='ltr'>dici</span> <span class='ocrx_word' id='word_1_1078' title='bbox 1886 3572 2059 3604; x_wconf 80' lang='lat' dir='ltr'>compositum</span> <span class='ocrx_word' id='word_1_1079' title='bbox 2075 3580 2127 3596; x_wconf 88' lang='lat' dir='ltr'>non</span> <span class='ocrx_word' id='word_1_1080' title='bbox 2140 3572 2244 3604; x_wconf 88' lang='lat' dir='ltr'>quidem</span> <span class='ocrx_word' id='word_1_1081' title='bbox 2256 3572 2412 3601; x_wconf 64' lang='lat' dir='ltr'>subiet-rive,</span> <span class='ocrx_word' id='word_1_1082' title='bbox 2424 3572 2470 3596; x_wconf 89' lang='lat' dir='ltr'>sed</span> 
     </span>
     <span class='ocr_line' id='line_1_130' title="bbox 1410 3607 2471 3640; baseline -0.001 -8"><span class='ocrx_word' id='word_1_1083' title='bbox 1410 3607 1550 3632; x_wconf 73' lang='lat' dir='ltr'>obiective:</span> <span class='ocrx_word' id='word_1_1084' title='bbox 1563 3607 1624 3640; x_wconf 86' lang='lat' dir='ltr'>quia</span> <span class='ocrx_word' id='word_1_1085' title='bbox 1638 3607 1664 3632; x_wconf 88' lang='lat' dir='ltr'>in</span> <span class='ocrx_word' id='word_1_1086' title='bbox 1683 3607 1776 3632; x_wconf 89' lang='lat' dir='ltr'>iudicio</span> <span class='ocrx_word' id='word_1_1087' title='bbox 1790 3611 1830 3632; x_wconf 85' lang='lat' dir='ltr'>est</span> <span class='ocrx_word' id='word_1_1088' title='bbox 1843 3615 1931 3632; x_wconf 84' lang='lat' dir='ltr'>revera</span> <span class='ocrx_word' id='word_1_1089' title='bbox 1949 3612 2021 3632; x_wconf 89' lang='lat' dir='ltr'>actus</span> <span class='ocrx_word' id='word_1_1090' title='bbox 2035 3607 2145 3640; x_wconf 87' lang='lat' dir='ltr'>simplex</span> <span class='ocrx_word' id='word_1_1091' title='bbox 2158 3614 2316 3639; x_wconf 81' lang='lat' dir='ltr'>componens</span> <span class='ocrx_word' id='word_1_1092' title='bbox 2335 3614 2383 3632; x_wconf 82' lang='lat' dir='ltr'>seu</span> <span class='ocrx_word' id='word_1_1093' title='bbox 2408 3614 2471 3632; x_wconf 92' lang='lat' dir='ltr'>con-</span> 
     </span>
    </p>
   </div>
  </div>
 </body>
</html>
