2548 4192
176 302 329 328 CCLXXVl

177 377 282 410 gatam
302 377 467 399 censuram
483 377 567 397 anno
590 368 669 397 1325
689 367 726 396 ab
744 366 905 406 Stephano
926 365 963 395 de
979 365 1148 395 Bourretto
1166 363 1248 394 eius-

177 415 251 444 dem
281 412 439 444 Ecclesiae
462 411 630 449 Antistite,
663 416 821 451 quatenus
850 410 1003 450 tangebat
1025 413 1084 438 aut
1113 413 1251 448 tangere

176 458 383 490 asserebatur
397 466 510 487 sanam
528 456 706 487 doctrinam
726 455 831 485 sancti
851 455 1004 490 Thomae,
1030 452 1175 492 superius
1197 452 1250 482 ad-

177 503 369 533 notavimus.
395 502 430 531 In
455 510 548 530 causa
572 500 704 530 demum
728 498 854 529 Ioannis
879 499 917 527 de
939 498 1144 534 Montesorm,
1168 506 1250 537 quae

176 557 292 587 magna
315 546 498 577 animorum
521 544 723 575 contentione
743 552 828 572 anno
850 542 931 583 1387
949 541 1063 580 agitata
1087 541 1157 578 fuit,
1182 541 1251 571 Nos

177 592 328 622 millesies
346 591 497 626 diximus,
514 588 699 629 inquiebant
717 587 905 617 Parisienses
930 586 1086 623 doctores,
1111 586 1252 625 qualiter

176 646 203 667 s.
220 637 358 666 Thomae
371 635 550 665 doctrinam
568 634 600 662 in
617 632 702 662 dicta
718 637 829 661 nostra
846 630 1111 661 condemnatione
1127 627 1251 671 (contra

177 677 424 721 Montesonum)
457 686 658 717 nequaquam
683 675 911 715 reprobamus:
935 674 1110 714 eademque
1135 674 1251 704 conde-

177 724 298 754 mnatio
315 721 557 763 quatuordecim
573 720 735 750 dumtaxat
751 719 898 749 articulos
916 718 1066 749 continet.
1092 718 1176 748 Hinc
1193 718 1251 748 du-

178 769 299 799 bitandi
315 768 404 798 Iocus
420 772 466 797 est
481 763 702 807 (Mazzuchelli
721 764 815 794 verba
831 761 924 805 sunt)
948 768 1007 794 aut
1029 763 1159 793 Villanii
1175 773 1251 793 nar-

178 814 333 843 rationem
350 822 370 841 a
388 821 463 842 vero
478 809 631 840 abludere
651 813 709 839 aut
725 809 857 848 privato
875 807 1014 848 quodam
1040 807 1157 837 iudicio
1172 808 1251 838 scri—

170 863 291 897 ptoque
305 856 478 886 Robertum
495 854 535 884 de
549 853 670 884 Bardis
686 854 822 894 triginta
840 858 870 883 et
885 858 955 883 octo
971 853 1074 883 theses
1089 861 1109 881 a
1131 851 1251 882 Thoma

174 905 399 941 propugnatas
424 898 638 939 improbasse,
665 907 749 938 quae
773 898 905 927 minime
930 898 990 937 ipsi
1015 896 1214 927 arridebant.

244 946 280 975 ΙΙ.
307 945 439 975 Strenue
468 942 623 984 pugnanti
646 942 864 973 Mazzuchello
893 941 974 971 vires
1003 941 1116 971 addere
1139 941 1251 979 liceat,

177 997 212 1020 ut
235 999 316 1030 quae
340 999 471 1019 censura
487 998 505 1018 a
522 987 660 1018 Villanio
685 986 875 1023 obtruditur,
900 986 1026 1026 penitus
1046 986 1250 1016 convellatur.

175 1033 417 1074 Amplissimam
437 1032 571 1064 Carolus
591 1031 756 1071 Duplessis
781 1031 965 1070 d'Argentre
989 1040 1082 1070 saepe
1106 1031 1252 1061 laudatus

176 1079 209 1109 in
232 1079 338 1109 lucem
353 1077 485 1118 protulit
503 1077 727 1107 Collectionem
749 1075 939 1106 iudiciorum
964 1073 1136 1117 (Ecclesiae
1161 1082 1191 1106 et
1206 1075 1253 1105 in-

177 1123 316 1163 signium
339 1122 605 1159 Academiarum,
629 1121 710 1151 inter
733 1120 808 1150 alias
832 1119 1013 1150 Parisiensis
1038 1127 1068 1150 et
1091 1119 1253 1150 Oxonien-

178 1168 218 1198 sis
242 1165 315 1209 etc.)
339 1167 379 1198 de
403 1168 493 1198 novis
511 1166 686 1202 erroribus,
704 1166 759 1205 qui
774 1165 814 1195 ab
831 1165 922 1195 initio
937 1165 1117 1195 duodecimi
1132 1165 1254 1195 saeculi

172 1218 246 1253 post
269 1212 532 1242 Incarnationem
555 1210 647 1240 Verbi
667 1219 768 1250 usque
782 1209 826 1239 ad
846 1219 967 1239 annum
985 1209 1062 1248 1713
1078 1210 1255 1250 proscripti

176 1262 252 1287 sunt
276 1262 305 1287 et
329 1257 440 1287 notati.
474 1255 536 1286 Sed
565 1255 647 1285 inter
677 1254 753 1285 haec
784 1254 899 1284 iudicia
925 1253 1095 1293 vestigium
1126 1254 1254 1284 nullum

178 1310 327 1332 censurae
350 1301 383 1330 in
402 1300 465 1331 vita
481 1299 612 1330 Roberti
629 1299 666 1329 de
681 1298 791 1329 Bardis
807 1305 1012 1328 memoratae.
1038 1298 1181 1328 Huiusce
1196 1299 1253 1329 viri

177 1353 263 1386 gesta
286 1345 377 1385 plura
405 1344 498 1375 refert
517 1344 654 1374 Bulaeus
678 1350 769 1374 tomo
794 1343 836 1373 IV
860 1342 1019 1373 Historiae
1035 1342 1253 1373 Universitatis

177 1389 357 1420 Parisiensis
389 1396 419 1419 et
448 1389 481 1419 in
512 1388 655 1428 catalogo
685 1387 858 1418 illustrium
881 1386 1166 1425 Academicorum,
1197 1388 1253 1428 qui

177 1441 297 1475 prostat
312 1434 345 1464 in
362 1434 445 1464 calce
462 1433 604 1464 eiusdem
621 1432 712 1469 tomi,
730 1431 784 1462 ubi
804 1431 880 1462 haec
898 1431 1070 1461 habentur:
1094 1431 1253 1462 Robertus

177 1479 217 1509 de
239 1479 371 1516 Bardis,
396 1479 508 1509 doctor
531 1479 562 1507 in
588 1477 760 1517 theologia,
786 1475 973 1515 subscripsit
996 1485 1083 1505 anno
1099 1475 1182 1506 1332
1198 1475 1252 1506 de-

178 1523 397 1554 terminationi
411 1523 591 1553 Facultatis
607 1521 805 1564 theologicae
821 1525 934 1550 contra
948 1521 1139 1550 sententiam
1156 1519 1252 1550 Ioan-

178 1569 228 1598 nis
241 1567 348 1598 XXII
358 1567 398 1598 de
413 1567 507 1597 tarda
524 1567 644 1597 visione
657 1565 812 1605 beatifica.
837 1564 927 1594 Idem
943 1574 1030 1594 anno
1040 1563 1253 1605 1336factus

178 1613 394 1643 cancellarius
414 1611 647 1641 Universitatis.
669 1609 754 1639 Obiit
769 1618 844 1639 vero
865 1618 952 1638 anno
967 1608 1053 1649 1349
1075 1610 1166 1649 eique
1180 1619 1252 1640 suc-

178 1658 271 1687 cessit
294 1657 341 1686 M.
366 1656 507 1686 Ioannes
536 1655 575 1685 de
604 1655 747 1684 Assiaco.
780 1652 832 1683 Ad
863 1663 984 1683 annum
1013 1654 1094 1692 1343
1119 1654 1252 1685 Litteras

178 1701 351 1732 Clementis
367 1701 409 1731 VI
434 1699 559 1730 Summi
575 1697 737 1729 Pontificis
761 1697 854 1728 refert
874 1697 960 1727 idem
983 1697 1140 1736 Bulaeus,
1166 1699 1253 1729 datas

177 1746 371 1776 cancellario
400 1744 565 1774 Ecclesiae
587 1743 800 1779 Parisiensis‚
833 1742 889 1783 qui
913 1747 991 1772 tunc
1014 1748 1104 1781 erat,
1137 1743 1253 1773 eodem

175 1790 296 1820 Bulaeo
320 1789 509 1826 adnotante,
534 1789 691 1829 magister
713 1786 935 1826 Robertusbde
957 1786 1093 1825 Bardis,
1120 1794 1155 1818 ut
1179 1798 1253 1828 pro-

175 1841 318 1864 moveret
334 1833 373 1863 ad
388 1833 523 1873 gradum
542 1831 713 1872 magisterii
730 1831 905 1871 Rogerium
922 1831 960 1862 de
977 1831 1139 1863 Palhariis.
1165 1832 1252 1863 Haec

174 1889 261 1918 vero,
286 1889 353 1909 non
377 1878 437 1908 alia
461 1877 603 1908 eiusdem
626 1876 756 1908 Roberti
780 1883 867 1916 gesta
889 1876 923 1906 in
942 1876 1069 1908 laudata
1093 1877 1252 1907 Universi—

175 1924 245 1954 tatis
264 1922 444 1953 Parisiensis
460 1921 590 1952 historia
613 1927 832 1952 recensentur:
857 1931 962 1962 eoque
985 1921 1138 1961 temporis
1157 1921 1252 1952 inter-

175 1968 274 2006 vallo,
305 1978 379 1998 cum
402 1967 508 2007 plures
532 1966 565 1996 in
590 1975 739 1996 erroneos
763 1965 913 1996 articulos
936 1966 1017 1996 latae
1041 1966 1158 1997 fuerint
1182 1976 1252 1997 cen-

177 2023 278 2051 surae,
303 2012 390 2043 nulla
409 2010 545 2042 occurrit
568 2021 649 2051 quae
673 2009 794 2041 Alberti
812 2010 920 2050 Magni
937 2021 972 2041 ac
989 2010 1137 2041 Thomae
1153 2011 1253 2052 Aqui—

177 2058 257 2088 natis
282 2058 384 2088 theses
409 2055 574 2086 notaverit.

243 2102 387 2142 Dignum
407 2108 452 2131 est
468 2099 752 2137 animadversione,
777 2098 955 2129 Robertum
979 2099 1018 2130 de
1034 2099 1144 2130 Bardis
1168 2100 1201 2131 in
1217 2110 1253 2131 ea

178 2156 262 2177 anno
279 2147 360 2176 1332
373 2152 482 2176 contra
496 2143 684 2175 sententiam
699 2144 738 2173 de
752 2143 839 2174 tarda
854 2143 976 2174 visione
990 2144 1132 2176 beatifica
1142 2146 1255 2176 Facul-

178 2191 248 2223 tatis
265 2189 462 2230 theologicae
477 2189 744 2220 determinatione
759 2187 974 2228 subscriptum
995 2189 1057 2229 legi
1079 2190 1253 2228 doctorem,

178 2236 325 2266 nondum
344 2233 583 2266 cancellarium:
608 2242 675 2273 quo
699 2239 775 2263 tunc
799 2242 932 2263 munere
955 2233 1146 2274 fungebatur
1165 2235 1254 2266 Guil-

176 2281 291 2311 lelmus
307 2278 495 2310 Bernardus.
516 2276 676 2308 Discimus
692 2287 767 2308 vero
785 2277 823 2308 ab
839 2277 969 2308 laudato
985 2278 1117 2317 Bulaeo,
1135 2290 1255 2311 munus

176 2325 261 2355 istud
285 2325 323 2355 ab
348 2333 432 2354 anno
459 2323 539 2362 1349
569 2321 801 2353 administrasse
825 2322 979 2352 loannem
1002 2323 1042 2353 de
1059 2324 1191 2355 Assiaco
1215 2325 1256 2355 ad

177 2379 299 2400 annum
324 2368 417 2406 1360,
442 2366 644 2398 Guimerium
667 2366 825 2398 Bonifacii
844 2367 884 2397 ad
903 2376 1026 2398 annum
1050 2370 1144 2410 1370,
1164 2369 1255 2400 Ioan-

178 2424 252 2444 nem
269 2413 307 2443 de
324 2412 438 2443 Calore
462 2412 502 2442 ad
525 2421 646 2441 annum
674 2411 768 2450 1380,
793 2412 947 2443 Ioannem
963 2412 1199 2444 Blanchardum
1215 2414 1255 2444 ad

178 2468 299 2489 annum
330 2456 431 2498 1387,
462 2456 615 2486 loannem
639 2455 906 2496 Guignecurtium
935 2457 975 2487 ad
999 2467 1122 2488 annum
1150 2458 1253 2499 1389,

178 2504 308 2533 Petrum
325 2501 362 2531 de
379 2500 502 2531 Alliaco
522 2500 561 2530 ad
577 2510 698 2530 annum
720 2501 814 2540 1395,
831 2510 898 2541 quo
914 2501 982 2541 ipse
999 2502 1254 2534 cancellariatum

179 2546 311 2577 eiuravit
326 2546 358 2576 in
375 2544 507 2585 gratiam
522 2544 649 2575 Ioannis
666 2544 827 2576 Gersonis.
849 2545 1015 2582 Quorsum
1031 2546 1108 2578 haec
1124 2546 1254 2578 omnia?

179 2592 223 2622 Ut
239 2591 362 2632 liquido
379 2595 483 2631 pateat
513 2598 651 2619 errorem
670 2589 832 2629 propinari
853 2599 871 2620 a
887 2589 1026 2621 Villanio
1046 2598 1077 2622 et
1095 2592 1253 2631 Landino,

179 2636 235 2677 qui
252 2635 429 2666 Robertum
452 2634 490 2664 de
506 2632 615 2663 Bardis
639 2633 814 2664 cancellarii
830 2634 1011 2665 Parisiensis
1035 2645 1166 2666 munere
1183 2636 1255 2668 fun—

181 2688 269 2711 ctum
291 2686 418 2710 narrant
441 2677 530 2709 annis
549 2677 756 2718 quadraginta
788 2676 842 2720 (la
863 2679 959 2718 quale
981 2680 1178 2711 cancellaria
1196 2691 1255 2722 go-

181 2727 279 2757 verno
303 2725 390 2755 circa
414 2723 494 2754 anni
507 2728 565 2759 4ο,
591 2721 633 2753 ait
649 2722 820 2753 Villanius:
845 2723 870 2753 il
892 2723 987 2763 quale
1001 2723 1048 2764 fu
1064 2726 1256 2756 cancelliere

180 2770 264 2800 dello
282 2769 388 2800 studio
405 2778 469 2808 per
484 2767 515 2798 lo
530 2767 639 2809 spazio
658 2767 692 2798 di
707 2772 870 2807 quaranta
886 2768 977 2805 anni,
995 2768 1037 2798 ait
1053 2768 1253 2812 Landinus):

180 2824 246 2855 quo
271 2824 308 2844 ex
330 2823 464 2844 numero
481 2821 533 2842 sex
557 2818 588 2843 et
610 2811 720 2852 viginti
744 2812 818 2843 anni
835 2811 984 2842 demendi
1007 2819 1091 2843 sunt.
1117 2814 1254 2844 Mortem

181 2858 295 2888 obiisse
311 2858 488 2888 Robertum
510 2867 595 2889 anno
617 2856 698 2896 1349
717 2863 847 2888 testatur
862 2856 1018 2887 Bulaeus:
1043 2867 1109 2887 non
1127 2865 1256 2898 apparet

180 2902 363 2933 emortualis
380 2912 481 2933 annus
500 2903 532 2933 in
549 2901 658 2932 codice
675 2900 814 2940 Villanii,
837 2911 937 2942 quem
951 2901 1071 2941 publici
1090 2902 1167 2932 iuris
1184 2902 1257 2934 fecit

181 2947 434 2978 Mazzuchellus:
465 2947 551 2978 hunc
581 2956 656 2977 vero
689 2956 811 2977 annum
839 2945 957 2977 Christi
986 2947 1068 2987 ¹392
1100 2946 1256 2978 definiunt

180 2991 315 3022 Michael
338 2991 545 3027 Pocciantius,
558 2991 675 3022 saeculi
699 2991 776 3022 sexti
799 2990 914 3022 decimi
938 2991 1072 3031 scriptor
1095 2998 1126 3022 et
1141 2991 1254 3022 Hiero-

182 3046 297 3076 nymus
314 3036 418 3076 Negti.
444 3039 495 3067 An
511 3047 586 3076 ergo
610 3036 768 3068 Robertus
791 3045 877 3066 anno
900 3035 982 3075 1349
998 3045 1096 3076 quem
1108 3036 1256 3076 designat

181 3081 390 3111 emortualem
405 3081 554 3119 Bulaeus,
574 3080 682 3121 potius
706 3080 880 3112 cancellarii
904 3089 1023 3111 munus
1047 3078 1254 3111 abdicaverit?

180 3124 308 3155 Praesto
326 3125 403 3155 mihi
420 3136 486 3156 non
503 3133 577 3157 sunt
593 3132 814 3163 monumenta,
838 3124 929 3166 queis
946 3124 1123 3164 difficultas,
1149 3125 1174 3155 si
1191 3135 1254 3166 qua

519 286 978 325 DISSERTATIONES
1008 284 1257 322 CRITICAE
1287 284 1343 320 IN
1373 286 1411 322 S.
1437 287 1682 324 THOMAM
1709 288 2034 335 AQUINATEM

1306 371 1362 400 est,
1387 371 1457 395 tuto
1482 367 1620 406 expediri
1637 374 1742 408 queat.
1766 370 1810 398 At
1832 369 1858 398 si
1881 369 2039 399 iudicium
2063 368 2245 399 censorium
2262 368 2295 399 in
2311 369 2386 400 arti-

1306 408 1396 439 culos
1420 419 1569 440 erroneos
1594 409 1746 453 (dixerim
1763 411 1837 455 ego)
1861 412 1995 443 inveniri
2012 414 2139 444 nullum
2156 420 2271 454 potest,
2296 413 2386 454 quod

1306 453 1447 484 Roberto
1465 454 1503 484 de
1519 455 1639 493 Bardis,
1665 456 1744 486 dum
1768 457 1942 487 cancellarii
1960 468 2092 488 munere
2109 458 2309 497 fungebatur,
2326 467 2385 498 pro

1306 507 1342 527 ea
1365 497 1572 529 tribuendum
1596 500 1645 537 sit,
1671 510 1734 541 qua
1758 501 1972 540 potiebantur,
1996 502 2117 532 Bulaeo
2142 502 2313 537 adnotante
2337 509 2385 532 to—

1306 551 1361 572 mo
1384 542 1413 579 1,
1439 553 1518 573 saec.
1537 544 1567 581 1,
1594 544 1812 575 dissertatione
1841 545 1971 586 quinta,
1997 546 2171 576 cancellarii
2196 546 2384 577 parisienses

1306 586 1471 617 facultate:
1495 587 1560 617 iam
1584 598 1623 618 eo
1646 587 1796 619 fidentius
1820 590 2031 620 adserendum
2056 590 2180 621 videtur
2203 590 2290 621 haud
2314 601 2384 622 um-

1306 640 1405 670 quam
1429 641 1596 662 censuram
1619 633 1776 674 aliquam,
1801 633 2004 675 maximeque
2027 634 2061 664 in
2084 635 2281 675 Aquinatem
2303 635 2385 666 inter

1307 674 1441 705 Caelites
1465 686 1572 706 recens
1596 684 1801 717 cooptatum,
1825 678 1980 709 latam-ab
2005 688 2043 709 eo
2068 678 2184 718 fuisse,
2204 679 2302 710 veluti
2327 681 2383 710 do-

1307 726 1392 749 ctore
1411 719 1587 758 parisiensi,
1612 721 1667 762 qui
1687 729 1810 761 poterat
1833 722 1965 763 quidem
1988 733 2046 763 pro
2071 724 2143 754 data
2167 723 2334 755 occasione
2350 724 2384 754 in
2415 743 2417 745 ·
2445 749 2448 752 .

1307 763 1478 794 consilium
1507 765 1634 803 vocari,
1672 766 1861 797 sententiam
1891 766 1970 797 ferre
2000 777 2035 797 ac
2067 766 2286 798 definitionem
2317 779 2383 799 non

1307 814 1440 848 poterat.

1375 852 1463 889 Quid
1487 859 1533 883 est
1548 863 1624 883 vero
1641 855 1731 894 quod
1746 854 1814 894 ipse
1831 860 1908 894 post
1922 856 2123 896 Magistrum
2140 855 2381 887 Sententiarum

1308 894 1408 938 (dopo
1433 897 1457 927 il
1480 897 1625 928 Maestro
1644 898 1728 929 delle
1743 898 1910 940 Sentenze,
1927 906 1964 930 ut
1982 900 2025 930 ait
2041 899 2227 943 Villanius),
2253 901 2382 931 damna—

1307 941 1386 971 verit
1404 939 1486 971 etc.?
1509 944 1561 972 An
1585 941 1680 972 fuerit
1701 942 1780 983 ipse,
1801 943 1857 983 qui
1877 943 2070 974 celeberrimi
2086 944 2218 975 huiusce
2235 945 2384 975 Auctoris

1308 995 1425 1016 naevos
1456 986 1638 1025 patefecerit
1667 997 1703 1017 ac
1733 987 1829 1017 etiam
1853 985 2030 1018 notaverit?
2060 989 2112 1018 Ad
2141 988 2383 1031 quatuordecim

1308 1031 1413 1070 capita
1433 1040 1488 1061 eos
1504 1038 1631 1061 revocat
1654 1038 1781 1062 sanctus
1805 1032 1988 1062 Antoninus
2006 1032 2040 1062 in
2057 1032 2201 1071 Summa,
2223 1039 2310 1073 parte
2329 1033 2384 1072 lv,

1308 1074 1402 1105 titulo
1425 1085 1473 1113 xi,
1503 1075 1604 1116 capite
1627 1083 1692 1113 vm;
1717 1082 1748 1106 et
1774 1085 1834 1107 sex
1856 1086 1957 1117 supra
1982 1078 2098 1118 viginti
2120 1084 2329 1108 numerantur
2351 1077 2384 1108 in

1309 1119 1470 1150 additione
1486 1120 1526 1150 ad
1542 1120 1650 1160 ipsum
1665 1120 1853 1161 Magistrum
1870 1121 1954 1162 typis
1970 1131 2094 1160 excusa,
2120 1129 2155 1153 ut
2173 1121 2384 1154 Bellarminus

1308 1164 1453 1195 adnotat:
1479 1171 1510 1195 at
1526 1164 1712 1195 huiusmodi
1730 1165 2018 1196 animadversiones
2034 1176 2131 1197 nemo
2151 1166 2303 1197 hactenus
2319 1167 2384 1197 Ro-

1308 1209 1397 1239 berto
1427 1209 1465 1239 de
1488 1209 1820 1241 Bardis-adiudicavit.
1846 1210 1932 1247 Quid
1957 1217 2004 1241 est
2026 1218 2186 1251 praeterea
2208 1211 2298 1252 quod
2316 1210 2385 1252 ipse

1308 1253 1512 1284 damnaverit
1535 1255 1672 1295 triginta
1697 1260 1728 1284 et
1749 1260 1819 1285 octo
1836 1265 1975 1293 errores,
2000 1265 2042 1286 ex
2064 1255 2195 1286 Alberto
2211 1256 2338 1296 Magno
2355 1260 2386 1286 et

1313 1298 1433 1328 Thoma
1456 1299 1618 1339 Aquinate
1633 1299 1826 1340 decerptos?
1848 1301 1899 1329 An
1916 1300 2004 1330 solus
2021 1300 2099 1340 ipse,
2124 1310 2165 1330 an
2181 1300 2219 1330 ab
2237 1299 2385 1330 Antistite

1307 1342 1472 1372 Parisiensi
1496 1343 1529 1373 in
1554 1342 1724 1373 consilium
1747 1351 1889 1382 vocatus,
1914 1354 1954 1374 an
1979 1344 2113 1384 simplex
2137 1345 2250 1375 doctor
2273 1350 2303 1374 et
2319 1353 2385 1374 ma-

1308 1386 1413 1426 gister,
1430 1397 1470 1417 an
1487 1387 1663 1418 cancellarii
1680 1398 1812 1419 munere
1829 1386 1986 1428 fungens?
2010 1389 2260 1430 Haeepraeterit
2276 1388 2387 1419 omnia

1308 1431 1475 1463 Villanius,
1499 1433 1551 1462 An
1576 1432 1728 1463 solemnis
1750 1432 1827 1463 haec
1851 1433 1946 1464 fuerit
1962 1431 2209 1464 condemnatio?
2233 1434 2295 1464 Sed
2318 1439 2386 1464 acta

1307 1475 1435 1515 publica
1445 1482 1475 1506 et
1486 1484 1697 1508 monumenta
1711 1477 1916 1517 proferuntur
1930 1478 2028 1509 nulla.
2044 1480 2096 1509 An
2112 1478 2272 1518 privatum
2285 1477 2386 1518 ipsius

1308 1519 1438 1550 Roberti
1463 1519 1525 1550 dici
1549 1520 1660 1551 debeat
1684 1531 1814 1552 examen
1834 1529 1864 1553 et
1882 1520 2059 1553 iudicium?
2083 1523 2166 1554 Illud
2189 1533 2265 1563 ergo
2288 1522 2385 1554 Villa-

1308 1563 1380 1594 nius
1404 1564 1544 1594 nimium
1567 1564 1749 1605 amplificat.
1774 1566 1828 1596 Ait
1851 1566 1954 1597 enim:
1985 1566 2036 1597 Fu
2067 1567 2102 1598 di
2127 1573 2218 1598 tanta
2242 1568 2386 1598 autorita

1308 1606 1522 1650 (ampullatur
1541 1607 1688 1652 nempe),
1712 1610 1769 1640 che
1791 1615 1903 1651 questa
1927 1620 2065 1642 erronea
2086 1611 2197 1642 danna
2217 1612 2289 1642 ione
2304 1609 2385 1654 (uti—

1308 1663 1371 1693 que
1391 1662 1522 1683 erronea
1537 1659 1568 1684 et
1582 1653 1763 1684 damnanda
1785 1654 1855 1694 ipsa
1878 1655 2103 1686 condemnatio
2121 1623 2221 1699 foretS
2246 1665 2386 1686 nessuno

1302 1698 1361 1738 poi
1383 1698 1425 1728 ha
1449 1698 1556 1728 ardito
1580 1699 1612 1728 in
1637 1699 1734 1729 alcun
1758 1708 1858 1739 passo
1882 1700 2052 1739 riprovare
2081 1698 2203 1743 (pergit
2226 1700 2386 1740 ampullas

1308 1742 1406 1772 nimia
1430 1741 1621 1772 confidentia
1644 1743 1796 1783 proiicere
1820 1742 2006 1786 Villanius).

1375 1787 1442 1818 Tot
1457 1797 1532 1826 ergo
1550 1787 1633 1818 vitiis
1656 1798 1730 1818 cum
1755 1795 1870 1818 scateat
1893 1788 2030 1819 narratio
2046 1787 2206 1819 florentini
2226 1788 2386 1828 historici;

1309 1831 1416 1862 nullus
1433 1831 1545 1862 dubito
1561 1831 1639 1872 quin
1657 1831 1752 1862 etiam
1768 1833 1861 1863 cubet
1876 1842 1962 1863 error
1980 1832 2013 1863 in
2031 1843 2067 1864 ea
2083 1833 2271 1864 narrationis
2286 1840 2386 1874 parte,

1308 1885 1390 1916 quae
1406 1875 1503 1906 latam
1519 1886 1686 1907 censuram
1709 1876 1802 1908 refert
1824 1877 1857 1907 in
1881 1877 2007 1918 triginta
2030 1884 2062 1908 et
2085 1885 2159 1909 octo
2181 1877 2302 1909 Alberti
2319 1878 2386 1909 Ma-

1307 1920 1362 1960 gni
1385 1927 1416 1951 et
1439 1920 1587 1951 Thomae
1610 1921 1778 1962 Aquinatis
1802 1922 1915 1952 theses.
1943 1921 2106 1952 Fabellam
2129 1932 2204 1962 ergo
2231 1921 2332 1953 sciens
2356 1928 2388 1953 et

1307 1964 1418 1995 volens
1438 1965 1620 2005 procuderit
1638 1965 1805 2004 Villanius,
1829 1976 1928 2007 quam
1944 1965 1996 1996 alii
2013 1974 2088 2007 post
2102 1966 2210 2007 ipsum
2227 1962 2386 1997 cecinere?

1308 2009 1468 2049 Deceptus
1484 2009 1610 2040 erravit:
1635 2009 1855 2052 originemque
1873 2010 1985 2042 erroris
2002 2011 2081 2042 mihi
2097 2010 2208 2042 videor
2223 2011 2385 2042 detexisse.

1307 2053 1420 2084 Paucis
1444 2054 1721 2085 animadvertenda
1744 2065 1911 2096 propono,
1935 2065 2018 2096 quae
2041 2055 2152 2087 latiore
2172 2065 2319 2086 sermone
2335 2065 2386 2087 ca-

1308 2098 1373 2140 pite
1388 2109 1410 2128 11
1425 2105 1567 2130 enarrata
1589 2105 1679 2130 sunt:
1698 2099 1872 2130 Robertum
1892 2099 1932 2130 de
1947 2100 2150 2132 Kildwardbi
2168 2100 2386 2143 Archiepiscof

1309 2153 1389 2184 pum
1413 2142 1675 2174 Cantuariensem
1698 2143 1731 2174 in
1764 2143 1880 2184 Anglia
1903 2145 2039 2186 triginta
2064 2150 2095 2176 et
2125 2155 2224 2176 unum
2256 2145 2307 2176 vel
2330 2146 2387 2176 tri-
2423 2178 2425 2184 A
2460 2168 2463 2172 .

1307 2190 1422 2230 ginta,
1453 2195 1489 2219 ut
1511 2187 1564 2219 alii
1588 2195 1768 2226 numerant,
1793 2199 1879 2219 anno
1910 2198 1991 2231 ¹277
2021 2189 2188 2221 damnasse
2216 2189 2386 2230 articulos,
2418 2221 2420 2225 ,

1309 2243 1451 2274 quorum
1474 2233 1622 2264 nonnulli
1646 2233 1869 2274 philosophica
1892 2233 2040 2264 Thomae
2064 2234 2215 2275 dogmata
2238 2233 2387 2267 enuncia·
2403 2266 2435 2279 x„

1310 2279 1400 2308 bant:
1425 2278 1507 2309 hanc
1531 2287 1708 2315 censuram,
1733 2278 1858 2308 tametsi
1881 2277 2074 2309 ornatissimi
2096 2278 2156 2309 viri
2179 2288 2250 2309 eam
2266 2278 2387 2320 impro-
2416 2282 2419 2283 ’

1309 2323 1429 2361 barem,
1454 2333 1472 2353 a
1495 2322 1613 2353 Ioanne
1632 2322 1772 2353 Pekamo
1796 2322 1829 2353 in
1853 2323 2000 2353 eamdem
2023 2322 2138 2354 Sedem
2162 2323 2294 2354 suffecto
2311 2333 2387 2354 con-

1309 2366 1468 2398 firmatam
1484 2377 1551 2398 esse
1567 2377 1653 2398 anno
1683 2367 1784 2407 1284,
1802 2374 1833 2398 et
1846 2377 1932 2398 anno
1960 2367 2041 2398 1286
2066 2367 2145 2399 alios
2169 2373 2240 2399 octo
2263 2366 2388 2399 additos

1310 2411 1406 2442 fuisse
1430 2412 1468 2442 ab
1493 2412 1609 2442 eodem
1631 2411 1772 2442 Pekamo
1795 2411 2027 2454 damnatosque
2048 2412 2209 2451 articulos,
2224 2412 2281 2454 qui
2297 2412 2388 2443 Tha-

1309 2466 1381 2487 mae
1405 2453 1583 2487 doctrinam
1606 2456 1646 2487 de
1669 2456 1789 2487 unitate
1813 2455 1934 2487 formae
1957 2457 2170 2488 substantialis
2199 2457 2232 2488 in
2255 2456 2389 2488 homine

1309 2511 1344 2532 ac
1367 2501 1442 2531 inde
1456 2501 1592 2532 deducta
1605 2501 1797 2532 consectaria
1820 2501 2121 2542 complectebantur.
2145 2501 2265 2533 Nactus
2280 2501 2396 2543 itaque*

1310 2545 1404 2576 fuerit
1419 2545 1576 2577 Villanius
1591 2545 1845 2586 manuscriptum
1861 2546 2035 2587 quemdam
2052 2546 2234 2587 catalogum
2249 2547 2387 2588 triginta
2420 2580 2425 2586 Ι,

1310 2596 1340 2621 et
1362 2595 1432 2621 octo
1458 2590 1644 2621 huiusmodi
1669 2590 1894 2621 articulorum:
1923 2590 2112 2632 inscriptum
2134 2589 2244 2631 legerit
2266 2590 2387 2622 Rober—

1309 2640 1376 2665 tum
1400 2635 1490 2665 istius
1507 2644 1672 2672 censurae,
1697 2635 1786 2675 quod
1803 2635 1843 2665 ad
1858 2634 2015 2666 maiorem
2034 2635 2242 2667 articulorum
2264 2641 2388 2675 partem

1309 2679 1430 2716 attinet,
1454 2685 1634 2710 auctorem:
1664 2678 1836 2720 ipsumque
1862 2679 2000 2720 denique
2023 2680 2205 2720 cognbmen
2229 2679 2270 2710 de
2292 2678 2386 2710 Kild-

1308 2723 1444 2761 wardbi,
1469 2730 1524 2754 aut
1543 2722 1662 2754 difficili
1679 2722 1914 2763 compendiaria
1929 2730 2006 2754 nota
2021 2723 2186 2764 scriptum,
2205 2729 2260 2754 aut
2275 2722 2385 2753 litteris

1309 2767 1567 2798 evanescentibus
1595 2768 1822 2805 obscuratum,
1851 2773 1907 2798 aut
1930 2767 2092 2808 praecipiti
2120 2767 2216 2798 oculo
2245 2767 2384 2807 lectum,

1310 2811 1478 2842 mutaverit
1500 2811 1533 2842 in
1550 2809 1785 2852 cognomen'de
1799 2811 1923 2842 Bardi:
1945 2812 2090 2854 adeoque
2106 2811 2202 2842 latam
2218 2821 2386 2842 censuram

1309 2856 1398 2886 illam
1421 2866 1439 2886 a
1461 2856 1599 2887 Roberto
1623 2856 1662 2887 de
1684 2855 1820 2895 Bardis,
1850 2856 1928 2887 dum
1952 2856 2076 2888 Parisiis
2105 2856 2231 2896 degeret
2259 2862 2290 2887 et
2313 2865 2384 2890 can-

1311 2900 1426 2931 cellarii
1449 2900 1634 2941 fungeretur
1656 2910 1799 2938 munere,
1824 2900 1996 2933 crediderit.
2022 2900 2143 2939 Quidni
2167 2900 2254 2932 enim
2270 2909 2318 2930 res
2341 2899 2386 2931 ita

1309 2955 1342 2975 se
1358 2943 1493 2976 habeat?
1516 2945 1735 2976 Articulorum
1760 2946 1896 2986 triginta
1913 2951 1944 2976 et
1963 2951 2033 2977 octo
2056 2955 2221 2984 numerus,
2246 2945 2402 2986 Thomae

1309 2990 1546 3031 Aquinatisac
1570 2989 1664 3021 etiam
1687 2990 1812 3020 Alberti
1835 2989 1978 3021 doctrina
2007 2990 2040 3021 in
2072 2990 2191 3021 eisdem
2215 2996 2384 3028 contenta,

1310 3034 1648 3075 nomenque-Roberti
1670 3034 1726 3076 qui
1750 3044 1915 3065 censuram
1939 3034 2022 3073 tulit,
2047 3034 2259 3066 conveniunt:
2285 3044 2320 3065 ac
2339 3032 2384 3074 fa-

1309 3079 1367 3109 cile
1384 3079 1517 3110 demum
1533 3079 1593 3111 fuit
1613 3089 1794 3120 cognomen
1810 3079 1850 3110 de
1871 3079 2076 3111 Kildivardbi
2099 3079 2141 3110 ob
2161 3089 2224 3118 eas,
2241 3087 2320 3120 quas
2336 3077 2383 3119 iu·

1308 3123 1450 3163 nuirnus,
1468 3133 1577 3155 causas
1592 3123 1625 3155 in
1641 3123 1722 3155 illud
1737 3130 1934 3155 commutare
1949 3124 1989 3156 de
2004 3124 2118 3156 Bardi.
2136 3124 2224 3157 Haec
2241 3122 2324 3154 satia.
2404 3124 2407 3129 ’
