2788 4204
72 428 81 436 ⁹
91 427 162 449 Num.
177 434 200 453 ⁴·

71 537 184 564 'etpern

71 589 79 598 ·
94 587 206 609 Ostendit
213 594 261 609 om.
273 594 286 609 a

71 620 240 640 meiuoqnsr.
246 626 256 630 -
263 620 285 635 ci

69 641 232 695 &quomodo
239 642 284 663 loc.

73 696 80 703 ·
90 693 161 715 Num.
177 700 197 722 3.

71 854 253 878 Ἀιωκικιρετι
263 854 285 873 el

69 878 104 901 ad
112 879 185 900 aliam
195 881 237 905 (ΑΒ,
248 878 284 899 al-

69 907 165 931 teram).
177 917 193 921 -
205 905 283 928 codd.

70 937 119 953 om.
129 933 216 954 autem.

168 1013 184 1038 t

69 1063 200 1086 'Scientiae
207 1069 246 1086 om
251 1070 280 1086 .c.

1122 287 1233 324 CAP.
1264 288 1370 334 xm,
1401 287 1552 324 LECT.
1583 288 1692 324 xxv

311 366 474 415 pertinet
491 366 592 414 quia,
620 373 657 402 et
675 365 725 403 ad
743 365 856 402 aliam
879 371 1038 414 propter
1056 366 1164 414 quid,·
1191 365 1261 402 ibi:
1290 366 1380 403 Hoc

312 420 411 456 enim
441 420 562 467 ipsum
580 419 601 440 *
625 427 693 456 etc.
725 418 836 456 Circa
862 418 1032 467 primum
1062 419 1140 455 duo
1169 418 1275 455 facit:
1305 419 1379 467 pri-

313 484 391 519 mo,
412 472 576 509 ostendit
596 472 794 520 quomodo
814 472 1031 521 praedictae
1056 472 1233 509 scientiae
1253 484 1294 522 se
1313 473 1378 509 ha-

307 526 428 576 ‚beant
446 525 496 562 ad
514 525 681 563 invicem
700 525 914 563 secundum
934 527 955 546 ‘
975 526 1169 571 ordinem;
1194 527 1376 574 secundo,

313 578 478 615 ostendit
513 579 672 627 qualiter
705 580 724 598 ⁴⁶
758 591 799 617 se
836 579 1002 616 habeant
1035 579 1085 616 ad
1118 578 1284 616 invicem
1322 593 1379 617 se-

314 631 484 668 cundum
513 628 839 678 convenientiam
869 632 941 669 ibi:
969 634 1067 669 Fere
1094 638 1218 670 autem
1248 634 1378 671 univo-

313 696 382 722 cae
411 685 431 706 *
459 691 527 721 etc.

368 749 402 774 2.
432 737 532 774 Dicit
560 750 648 786 ergo
668 739 794 787 primo
824 739 929 787 quod
954 739 1175 776 huiusmodi
1201 740 1377 777 scientiae

312 798 400 828 sunt
427 790 587 837 (scilicet
615 792 664 829 ad
692 804 855 841 quarum
879 804 998 829 unam
1017 792 1178 841 pertinet
1202 794 1306 842 quia,
1328 794 1378 831 ad

312 843 426 880 aliam
454 851 583 881 autem
609 846 630 864 ⁴*
651 851 810 894 propter
836 846 946 893 quid)
974 858 1226 895 quaecunque
1255 847 1308 884 sic
1336 860 1376 884 se

311 897 454 934 habent
468 897 517 934 ad
531 897 709 947 invicem,
726 899 831 948 quod
850 899 966 935 altera
986 906 1042 936 est
1060 899 1130 936 sub
1151 900 1277 937 altera.
1300 901 1376 938 Sed

311 950 595 998 intelligendum
625 953 680 989 est
706 964 826 989 unam
854 952 1048 989 scientiam
1070 965 1152 989 esse
1172 953 1242 989 sub
1263 954 1377 990 altera

312 1003 510 1052 dupliciter
528 1009 554 1042 ⁷.
575 1005 663 1042 Uno
689 1005 821 1051 modo,
846 1004 1002 1054 quando
1031 1005 1244 1042 subiectum
1263 1007 1376 1043 unius

310 1056 488 1094 scientiae
503 1065 560 1094 est
574 1058 720 1106 species
739 1057 896 1095 subiecti
918 1058 1122 1106 superioris
1142 1058 1319 1095 scientiae
1338 1060 1375 1104 *;

269 1124 273 1127 ⁴
309 1109 406 1146 sicut
428 1109 568 1146 animal
588 1117 645 1147 est
663 1110 808 1159 species
828 1110 998 1159 corporis
1017 1111 1212 1158 naturalis,
1233 1118 1270 1148 et
1288 1111 1375 1148 ideo

64 1226 159 1251 'Codd.
177 1239 188 1245 ·
205 1235 226 1250 P:
243 1228 280 1250 ΑΙ.

62 1257 142 1277 am
155 1254 232 1277 mode.

63 1335 71 1344 ·
78 1333 202 1356 Sdenttae
229 1339 278 1356 om.

63 1359 134 1391 codd.
140 1362 205 1390 ‚texe-
211 1388 214 1389 .
220 1362 290 1386 cim„

63 1386 282 1436 gfff-warman-

137 1606 143 1621 :
157 1599 236 1622 lineis.

61 1864 74 1876 “
83 1869 110 1886 n:
124 1865 216 1892 :pectes
231 1865 280 1886 tri·

309 1162 465 1198 scientia
493 1162 541 1198 de
573 1162 800 1200 animalibus
829 1171 885 1201 est
917 1164 988 1200 sub
1017 1163 1171 1200 scientia
1204 1164 1374 1201 naturali.

308 1214 395 1252 Alio
415 1214 535 1251 modo
562 1215 600 1262 ³⁸,
631 1216 786 1264 quando
812 1216 1026 1253 subiectum
1052 1216 1238 1252 inferioris
1257 1217 1376 1253 scien-

308 1266 402 1314 tiae,
438 1279 517 1319 nqn
556 1275 613 1305 est
645 1269 791 1317 species
824 1269 982 1306 subiecti
1019 1269 1224 1317 superioris
1258 1269 1376 1306 scien—

307 1320 380 1357 tiae
402 1321 441 1366 *;
471 1320 540 1358 sed
559 1321 774 1358 subiectum
802 1321 988 1358 inferioris
1016 1322 1194 1359 scientiae
1221 1334 1377 1371 compa-

306 1380 411 1410 ratur
441 1373 490 1410 ad
520 1374 733 1411 subiectum
763 1374 967 1423 superioris
987 1374 1028 1421 ⁴⁸,
1059 1375 1154 1412 sicut
1182 1372 1376 1412 materiale

308 1426 358 1464 ad
381 1427 553 1464 formale.
579 1428 629 1464 Et
651 1428 727 1464 hoc
746 1427 865 1465 modo
886 1427 1020 1476 accipit
1038 1427 1100 1464 hic
1118 1440 1237 1465 unam
1257 1429 1376 1466 scien—

307 1479 399 1516 tiam
420 1491 504 1516 esse
523 1480 594 1517 sub
620 1481 747 1527 altera,
778 1480 873 1518 sicut
899 1481 1140 1529 speculativa,
1170 1481 1266 1518 idest
1287 1493 1376 1530 per-

305 1533 484 1581 spectiva,
501 1545 542 1570 se
557 1534 672 1570 habet
691 1533 740 1571 ad
759 1534 1019 1581 geometriam.
1037 1534 1258 1571 Geometria
1273 1535 1375 1572 enim

306 1593 364 1623 est
383 1585 431 1623 de
455 1585 587 1623 linea*
601 1593 639 1623 et
661 1586 741 1623 aliis
765 1586 1108 1635 magnitudinibus:
1138 1588 1376 1636 perspectiva

307 1645 437 1676 autem
470 1646 528 1676 est
555 1639 654 1676 circa
686 1639 827 1677 lineam
856 1640 1147 1677 determinatam
1180 1641 1230 1678 ad
1258 1648 1376 1678 mate-

307 1690 421 1738 riam,
451 1691 548 1729 idest
576 1692 675 1730 circa
702 1693 842 1730 lineam
870 1693 1064 1730 visualem.
1099 1693 1218 1730 Linea
1246 1701 1374 1731 autem

305 1744 462 1782 visualis
477 1757 556 1782 non
571 1753 627 1782 est
642 1746 787 1794 species
807 1746 929 1783 lineae
949 1746 1177 1795 simpliciter,
1195 1747 1291 1783 sicut
1304 1759 1375 1784 nec

305 1798 513 1846 triangulus
532 1798 678 1847 ligneus
697 1806 753 1836 est
778 1799 924 1847 species
949 1799 1143 1847 trianguli:
1173 1812 1251 1836 non
1271 1800 1374 1837 enim

306 1851 476 1899 ligneum
495 1859 552 1888 est
570 1851 783 1889 differentia
799 1853 819 1874 *
831 1852 1016 1900 trianguli.
1038 1853 1087 1889 Et
1106 1852 1276 1889 similiter
1294 1865 1375 1890 ma-

306 1904 515 1951 chinativa,
545 1904 643 1942 idest
670 1904 826 1942 scientia
851 1905 898 1942 de
928 1904 1110 1942 faciendis
1138 1905 1325 1942 machinis
1344 1903 1373 1954 ὃ,

306 1968 348 1994 se
375 1957 492 1994 habet
523 1957 573 1995 ad
605 1958 922 2005 stereometriam,
962 1957 1059 1995 idest
1092 1958 1142 1995 ad
1179 1958 1374 1996 scientiam

307 2022 406 2059 quae
421 2017 478 2047 est
502 2010 550 2047 de
570 2011 920 2048 mensurationibus
934 2016 945 2032 ‘
965 2023 1186 2060 corporum.
1213 2013 1262 2048 Et
1280 2012 1376 2049 haec

305 2063 462 2101 scientia
494 2063 629 2101 dicitur
665 2076 749 2101 esse
778 2065 848 2101 sub
878 2064 1033 2101 scientia
1060 2077 1130 2113 per
1157 2064 1375 2113 applicatio-

306 2128 396 2154 nem
425 2117 595 2154 formalis
623 2117 673 2155 ad
700 2117 905 2155 materiale.
936 2118 1040 2154 Nam
1061 2130 1265 2155 mensurae
1294 2131 1376 2155 cor-

359 2281 387 2318 γ)
407 2282 462 2308 Sed
481 2282 682 2315 intelligendum
696 2285 736 2307 est
751 2287 799 2307 etc.
808 2283 907 2308 -Haec
921 2283 1005 2314 lectio,
1020 2281 1088 2316 quae
1103 2289 1143 2309 est
1156 2285 1275 2310 omnium
1294 2286 1377 2317 codd.,

306 2317 432 2344 sufficitur
441 2318 547 2343 Pianae:
558 2318 618 2343 Hoc
627 2321 716 2343 autem
727 2318 859 2351 contingit
874 2318 1023 2350 dupliciter.
1038 2319 1094 2344 Uno
1104 2320 1209 2352 quidem
1221 2321 1299 2346 modo
1310 2327 1378 2346 etc.-

306 2354 389 2379 Codd.
407 2353 629 2383 AEGILNQRST
648 2358 674 2378 et
691 2361 716 2385 p.
731 2361 767 2378 m.
781 2353 803 2378 D
817 2361 871 2378 om.
886 2357 926 2379 est
931 2361 940 2382 ,¹
959 2355 981 2379 Α
1001 2355 1059 2379 loco
1078 2357 1126 2379 τοῦ
1143 2355 1280 2381 scientiam
1299 2356 1378 2382 habet

306 2397 359 2414 non
377 2389 452 2419 bene⁷
471 2388 599 2420 speciem‚·
618 2388 642 2413 G
661 2396 713 2413 non
731 2393 814 2413 recte:
833 2395 889 2414 esse
906 2389 954 2414 sub
972 2390 1059 2414 altera
1077 2393 1117 2415 est
1136 2391 1285 2422 dupliciter.

360 2423 385 2457 ὃ)
406 2424 448 2449 De
458 2423 597 2458 faciendis
616 2423 782 2448 machinis.—
795 2424 877 2449 Codd.
896 2424 1145 2456 ABCEHIMOQST
1163 2431 1189 2450 et
1203 2434 1228 2458 p.
1239 2434 1274 2452 m.
1295 2427 1317 2452 D
1332 2428 1379 2452 ad-'

305 2461 384 2485 dunt:
403 2462 430 2484 et
449 2459 570 2492 ingeniis.
590 2459 676 2489 Quam
695 2459 832 2484 lectionem
851 2460 968 2490 innuunt,
978 2465 1098 2492 corrupte
1117 2461 1234 2494 legendo,
1250 2462 1286 2486 G:
1305 2466 1331 2487 et
1344 2463 1376 2487 li-

305 2495 381 2529 gnis;
399 2499 425 2519 et
438 2494 478 2519 N:
497 2497 524 2519 et
541 2501 635 2527 genus.
654 2494 720 2518 Hinc
739 2494 841 2525 additio,
861 2498 888 2519 et
905 2495 1027 2528 ingeniis,
1047 2496 1122 2520 datur
1141 2504 1156 2521 a
1180 2498 1376 2529 quatuordecim

305 2530 476 2556 codicibus.-
489 2529 663 2554 Cohaerenter
681 2530 713 2554 ad
728 2529 794 2554 hanc
812 2530 950 2554 lectionem
968 2530 1034 2555 insta
1048 2531 1128 2563 (quae
1146 2532 1321 2564 requiruntur
1339 2533 1376 2558 ad

306 2565 465 2597 machinas)
489 2565 564 2590 codd.
590 2564 879 2595 ABCEHIKLMOQS:
908 2566 946 2590 ad
971 2566 1108 2591 machinas
1134 2570 1161 2591 et
1186 2568 1315 2601 ingenia,·
1338 2568 1375 2593 D:

303 2604 333 2627 et
345 2601 372 2626 in
387 2608 408 2634 g
421 2600 566 2633 (spatium)
581 2607 649 2632 per‚·
668 2600 706 2625 G:
725 2603 752 2625 et
771 2600 797 2625 in
816 2601 965 2633 geometria
970 2609 980 2630 ‚·
998 2601 1035 2626 N:
1054 2605 1081 2627 et
1099 2602 1236 2635 ingenius:
1253 2603 1291 2628 T:
1307 2603 1376 2629 idest

303 2636 333 2662 in
369 2636 424 2661 nia.

334 2643 381 2704 ges)
402 2671 478 2701 Quae
495 2673 535 2696 est
554 2670 587 2696 de
605 2671 846 2696 mensurationibus
865 2676 942 2696 etc.-·
954 2671 1018 2697 GK.-
1037 2680 1105 2705 quae
1128 2676 1169 2698 est
1193 2673 1226 2698 de
1251 2681 1376 2699 mensura

303 2707 440 2732 communi
457 2713 530 2738 corp.
539 2718 559 2726 κ
570 2706 669 2738 Deinde
683 2707 759 2731 codd.
773 2706 858 2731 GHIK
872 2707 930 2731 loco
943 2708 992 2732 τοῦ
1006 2708 1043 2732 Et
1056 2708 1120 2733 haec
1132 2708 1255 2739 scientia,
1272 2710 1374 2742 legunt:

306 2740 381 2767 Haec
399 2741 469 2767 enim
488 2741 599 2766 scientia
605 2749 614 2772 ;
633 2742 674 2766 alii
693 2742 780 2766 codd.:
800 2742 887 2772 Haec,
906 2743 948 2767 vel
968 2743 1032 2773 Hic,
1053 2743 1133 2768 etiam
1147 2744 1267 2769 scientia.

358 2775 384 2810 ζ)
404 2777 477 2802 Idest
493 2777 605 2802 scientia
623 2777 727 2802 navalis
747 2777 903 2802 etc-*Haec
921 2778 1002 2803 verba
1018 2778 1098 2803 habet
1116 2779 1136 2803 P
1156 2787 1216 2804 cum
1235 2780 1374 2811 codicibus,

305 2817 414 2845 excepto
431 2817 519 2837 tamen
538 2812 571 2843 G,
590 2813 635 2845 qui
653 2812 741 2843 verba,
761 2813 829 2837 idest
846 2813 957 2838 scientia
983 2814 1102 2844 navalis,
1128 2821 1196 2847 quae
1221 2816 1375 2841 considerat

305 2848 385 2881 signa
402 2847 571 2880 apparentia,
586 2848 689 2872 omittit.
702 2848 791 2872 Codex
805 2848 854 2872 iste
867 2849 989 2873 minimae
1007 2854 1048 2874 est
1062 2850 1227 2880 auctoritatis,
1242 2855 1272 2875 ut
1286 2859 1316 2876 ex
1331 2852 1375 2876 ad-

305 2883 400 2908 notatis
419 2883 500 2907 lector
519 2882 636 2916 collegit3
656 2891 686 2908 ac
703 2888 836 2916 praeterea
854 2885 972 2916 repetitio
989 2885 1123 2916 vocabuli,
1141 2886 1316 2917 apparentia,
1337 2886 1374 2911 fa-

305 2918 355 2942 cile
372 2922 459 2950 potest
472 2918 599 2950 explicare
611 2918 781 2943 omissionem
795 2919 964 2951 praedictam;
978 2920 1090 2952 denique
1104 2925 1247 2952 contextus»,
1261 2925 1288 2946 et
1300 2922 1375 2947 simi-

307 2952 369 2978 uter
377 2958 436 2983 etc.,
451 2953 559 2985 requirit
572 2961 640 2986 quae
653 2953 673 2977 P
689 2958 714 2978 et
728 2954 769 2978 alii
783 2954 858 2979 codd.
867 2954 1030 2980 uniformiter
1043 2955 1147 2986 habent,
1157 2961 1235 2989 atque
1249 2958 1374 2982 mendum

306 2988 365 3013 cod.
384 2987 409 3013 G
427 2986 684 3013 continnae—Haud
704 2989 874 3014 dubitandum
892 2990 968 3022 igitur
982 2997 1041 3015 esse
1060 2998 1198 3016 censemus
1215 2993 1286 3024 quod
1301 3000 1375 3017 men-

307 3023 388 3047 dosus
407 3023 441 3047 sit
459 3023 550 3047 citatus
575 3024 655 3048 codex
673 3023 712 3054 G,
731 3024 856 3056 quodque
874 3030 1012 3057 propterea
1029 3026 1140 3058 genuina
1158 3027 1185 3051 S.
1204 3026 1323 3052 Thomae
1342 3028 1377 3052 sit

306 3058 391 3089 lectio,
411 3065 478 3091 quae
497 3066 512 3082 a
530 3058 550 3082 P
570 3065 630 3083 curn
648 3059 724 3083 codd.
743 3058 964 3090 exhibetur.-At‚
981 3060 1023 3085 his
1042 3062 1141 3093 positis,
1154 3062 1217 3094 quid
1236 3070 1375 3088 commune

306 3092 404 3118 habent
421 3090 454 3117 τὰ
493 3091 614 3127 αινὸμενα
634 3101 694 3118 cum
707 3094 818 3119 scientia
833 3095 932 3124 navali,
946 3099 976 3120 ut
994 3096 1020 3120 S.
1039 3095 1156 3121 Thomas
1176 3097 1374 3130 interpretatur?

361 3129 427 3153 Huic
446 3128 470 3152 d‘
500 3128 586 3153 cultati
604 3133 633 3153 ut
650 3129 832 3161 respondeam,
851 3134 913 3154 noto
932 3131 958 3155 in
975 3135 1046 3155 textu
1065 3131 1211 3156 Aristotelis
1226 3140 1279 3157 non
1292 3134 1375 3158 scien-

306 3163 356 3188 tias
375 3163 577 3194 subalternatas,
595 3164 643 3188 sed
661 3171 751 3188 earum
769 3165 870 3190 obiecta
888 3165 920 3190 ad
939 3166 1058 3191 scientias
1077 3167 1284 3192 subalternantes
1303 3176 1375 3192 com—

307 3199 399 3231 parari.
417 3198 477 3223 Non
495 3199 564 3223 enim
583 3199 656 3223 dicit:
677 3196 732 3224 οἷον
751 3197 766 3231 ἦ
787 3195 888 3231 ὀπτική,
908 3201 955 3225 sed
973 3198 1031 3226 οἷον
1050 3199 1082 3226 τὰ
1103 3197 1207 3233 «immi,
1227 3208 1252 3227 et
1271 3204 1322 3233 sic,
1342 3201 1373 3228 τὰ

306 3231 446 3268 μηχανικὰ,
466 3231 499 3258 τὰ
520 3230 654 3268 ἁρμονικὰ,
674 3242 704 3259 ac
722 3235 834 3268 denique
852 3233 884 3259 τὰ
899 3234 1050 3270 φαινόμενα.
1065 3237 1133 3267 Quia
1145 3245 1208 3262 vero
1223 3245 1253 3262 ex
1267 3238 1374 3262 obiectis

307 3269 425 3301 propriis,
444 3269 470 3293 in
488 3276 556 3301 quae
573 3269 732 3299 ordinantur,
747 3271 867 3295 scientiae
882 3276 907 3295 et
920 3271 1137 3303 specificationem
1152 3273 1277 3304 accipiunt
1291 3278 1317 3297 et
1330 3274 1374 3298 de-

307 3305 523 3335 nominationem,
542 3303 638 3329 factum
657 3309 705 3335 est,
719 3306 743 3329 ni
762 3305 852 3336 fallor,
869 3311 900 3330 ut
917 3306 943 3330 in
961 3307 1124 3331 versionibus
1143 3307 1299 3340 quibusdam
1318 3308 1375 3332 lati-

307 3340 356 3370 nis,
367 3340 408 3364 vel
424 3339 517 3364 harum
531 3340 675 3370 occasione,
685 3341 790 3365 nomina
799 3341 960 3366 obiectorum
975 3342 1150 3374 acciperentur
1159 3350 1207 3375 pro
1221 3343 1375 3367 eorumdem

305 3375 468 3399 obiectorum
487 3375 613 3405 scientiis;
633 3376 777 3408 praecipue,
797 3374 858 3408 quia
875 3376 967 3401 eadem
995 3385 1103 3409 prorsus
1132 3378 1273 3402 desinentia
1297 3378 1375 3403 latine

305 3411 481 3443 designantur,
496 3410 559 3442 quin
572 3417 681 3434 casuum
699 3411 930 3442 grammaticalium
943 3411 1086 3442 diversitas,
1100 3412 1134 3436 ob
1150 3413 1315 3437 articulorum
1330 3413 1374 3438 de-

307 3445 413 3476 fectum,
426 3445 565 3470 indicetur.
585 3446 650 3470 Hinc
661 3442 822 3471 ‘mech'anica
841 3447 953 3475 scientia,
968 3451 994 3471 et
1007 3447 1159 3472 mechanica
1176 3448 1285 3478 obiecta,
1299 3453 1347 3472 etc.
1357 3461 1376 3468 -

306 3481 348 3511 At,
368 3481 478 3513 acceptis
497 3481 639 3511 vocabulis,
659 3476 762 3511 ὁπτικὰ,
781 3479 925 3516 μηχανικὰ,
946 3478 1081 3515 ἁρμονικὰ,
1101 3490 1149 3514 pro
1163 3483 1283 3513 scientiis,
1297 3484 1374 3508 etiam

305 3516 464 3541 vocabulum
484 3514 635 3550 φαινόμενα,
655 3517 680 3540 vi
700 3516 800 3541 formae
819 3517 949 3547 orationis,
969 3525 1021 3541 non
1046 3525 1093 3549 pro
1118 3517 1225 3542 obiectis
1245 3518 1374 3549 scientiae,

307 3552 355 3576 sed
373 3559 421 3584 pro
440 3552 545 3576 scientia
569 3552 625 3583 ipsa
643 3552 693 3576 τῶν
717 3550 893 3586 φαινομένων,
913 3556 968 3577 erat
986 3552 1172 3585 accipiendum.
1196 3553 1263 3578 Hinc
1288 3561 1373 3585 appa-

306 3587 410 3617 rentia,
430 3587 505 3619 quasi
523 3594 619 3611 nomen
634 3586 825 3611 substantivum
839 3592 865 3612 et
878 3587 1036 3612 abstractum
1050 3588 1164 3620 positum
1183 3589 1215 3613 ad
1235 3589 1373 3622 designan-

305 3621 368 3646 dam
386 3622 532 3653 seleutiam,
551 3627 577 3647 et
598 3622 676 3647 simul
694 3627 723 3647 ut
741 3623 894 3647 adiectivum
913 3623 945 3648 ad
964 3623 1122 3656 designanda
1148 3623 1225 3648 huius
1252 3624 1372 3649 scientiae

2424 293 2498 340 237

1433 378 1574 414 porum
1612 366 1831 416 simpliciter
1865 374 2134 416 comparantur
2159 368 2178 390 *
2210 368 2260 406 ad
2301 381 2500 407 mensuras

1434 419 1623 467 lignorum
1653 427 1690 457 et
1717 420 1876 457 aliarum
1905 421 2163 468 materierum,
2185 434 2282 470 quae
2304 423 2499 471 requirun-

1433 479 1493 509 tur
1521 472 1570 509 ad
1594 473 1789 510 machinas
1811 474 1841 521 *‚
1861 485 1932 522 per
1950 474 2243 523 applicationem
2263 475 2431 512 formalis
2451 476 2500 513 ad

1433 526 1639 563 materiale.
1670 527 1718 563 Et
1746 526 1915 563 similiter
1933 539 1974 563 se
1993 528 2109 564 habet
2126 528 2370 575 harmonica,
2404 528 2500 566 idest

1433 578 1600 627 musica,
1630 579 1678 616 acl
1707 580 1995 617 arithmeticam.
2030 581 2134 617 Nam
2163 581 2309 618 musica
2337 581 2500 630 applicat

1433 643 1638 669 numerum
1674 633 1874 670 formalem
1904 636 2039 682 (quem
2075 634 2289 671 considerat
2322 634 2499 671 arithme-

1431 684 1546 731 ticus)
1575 685 1625 722 ad
1653 686 1870 732 materiam,
1900 686 1998 723 idest
2025 687 2074 724 ad
2102 699 2230 724 sonos.
2261 688 2310 724 Et
2329 687 2497 724 similiter

1432 749 1473 773 se
1497 738 1612 774 habet
1639 740 1872 786 apparentia,
1894 739 1991 776 idest
2005 740 2159 777 scientia
2182 740 2328 777 navalis
2347 739 2373 787 ς,
2399 752 2497 789 quae

1432 791 1647 828 considerat
1674 791 1779 839 signa
1799 792 2019 840 apparentia
2038 793 2246 830 serenitatis
2265 794 2327 830 vel
2351 801 2497 842 tempe-

1431 843 1545 891 statis,
1576 844 1625 881 ad
1653 845 1912 892 astrologiam,
1943 858 2041 894 quae
2062 846 2276 883 considerat
2303 854 2432 884 motus
2461 854 2498 884 et

1431 896 1523 933 situs
1551 905 1752 934 astrorum.

1486 950 1520 986 3.
1541 950 1690 987 Deinde
1711 962 1799 986 cum
1821 950 1926 987 dicit:
1950 953 2048 987 Fere
2065 957 2190 988 autem
2211 953 2394 989 univocae
2413 959 2496 999 etc.,

1431 1003 1595 1039 ostendit
1623 1003 1781 1051 qualiter
1802 1008 1841 1040 s'e
1857 1004 1998 1040 habent
2020 1004 2235 1052 praedictae
2257 1005 2433 1042 scientiae
2449 1006 2499 1043 ad

1430 1055 1596 1092 invicem
1620 1055 1833 1092 secundum
1859 1057 2182 1103 convenientiam,
2209 1057 2373 1095 dicens*
2388 1059 2494 1107 quod

1430 1108 1508 1144 fere
1536 1108 1758 1145 huiusmodi
1786 1108 1964 1145 scientiae
1993 1117 2080 1146 sunt
2106 1110 2294 1147 univocae
2325 1112 2375 1148 ad
2401 1112 2496 1149 invi-

1432 1172 1528 1196 cem.
1540 1160 1640 1197 Dicit
1650 1169 1777 1197 autem
1783 1163 1884 1210 fere,
1897 1162 1985 1210 quia
1996 1163 2282 1200 communicant
2291 1164 2329 1200 in
2339 1165 2497 1201 nomine

1431 1213 1590 1260 generis,
1608 1214 1673 1250 et*
1687 1223 1766 1250 non
1785 1214 1823 1250 in
1843 1215 2000 1251 nomine
2020 1216 2170 1264 speciei.
2186 1217 2373 1254 Dicuntur
2393 1218 2495 1254 enim

1431 1278 1567 1302 omnes
1581 1266 1795 1315 praedictae
1816 1267 1993 1304 scientiae
2012 1273 2026 1291 '¹
2046 1270 2348 1316 mathematicae;
2379 1283 2494 1319 quae-

1432 1319 1522 1355 dam
1539 1319 1695 1368 quidem
1711 1320 1799 1368 quia
1814 1328 1901 1357 sunt
1916 1321 1963 1357 de
1979 1321 2148 1358 subiecto
2165 1319 2352 1359 abstract'o
2373 1336 2395 1359 a
2414 1336 2493 1360 ma-

1431 1372 1540 1419 teria,
1556 1380 1598 1409 ut
1612 1373 1821 1420 geometria
1836 1381 1873 1410 et
1891 1374 2137 1421 arithmetica,
2161 1387 2259 1423 quae
2279 1375 2497 1424 simpliciter

1431 1426 1722 1463 mathematicae
1738 1434 1841 1472 sunt;
1858 1427 2049 1475 quaedam
2060 1435 2188 1464 autem
2199 1441 2268 1476 per
2278 1429 2496 1477 applicatio-

1430 1491 1520 1516 nem
1549 1479 1823 1528 principiorum
1852 1480 2211 1518 mathematicorum
2245 1481 2294 1518 ad
2328 1494 2388 1518 res
2416 1495 2496 1519 ma-

1430 1532 1598 1579 teriales,
1635 1532 1730 1570 sicut
1762 1533 1964 1581 astrologia
1997 1533 2131 1570 dicitur
2165 1534 2432 1571 mathematica
2461 1543 2497 1572 et

1431 1586 1545 1623 etiam
1574 1586 1719 1623 navalis
1741 1586 1760 1607 *
1779 1586 1953 1633 scientia,
1989 1594 2026 1623 et
2053 1587 2223 1624 similiter
2251 1588 2494 1636 harmonica,

1429 1639 1527 1676 idest
1545 1639 1703 1686 musica,
1725 1639 1859 1676 dicitur
1878 1639 2157 1687 mathemetica,
2188 1648 2225 1677 et
2244 1653 2342 1689 quae
2363 1649 2418 1678 est
2437 1654 2494 1678 se-

1431 1692 1600 1730 cundum
1629 1692 1813 1739 auditum,
1843 1692 1939 1730 idest
1965 1693 2130 1741 practica
2149 1694 2317 1731 musicae
2338 1696 2374 1742 θ’,
2396 1706 2495 1743 quae

1431 1745 1624 1794 cognoscit
1639 1758 1685 1782 ex
1698 1746 1719 1767 *
1734 1745 1963 1794 experientia
1978 1746 2128 1783 auditus
2139 1748 2356 1784 sonos.-Ve1
2370 1755 2496 1796 potest

1431 1799 1503 1836 dici
1532 1799 1638 1848 quod
1666 1806 1753 1835 sunt
1779 1799 1986 1845 univocae,
2017 1799 2106 1847 quia
2134 1799 2248 1836 etiam
2274 1800 2312 1837 in
2338 1801 2494 1838 nomine

1430 1852 1569 1901 speciei
1598 1852 1843 1889 conveniunt.
1873 1853 1977 1888 Nam
2007 1860 2042 1889 et
2061 1853 2205 1889 navalis
2226 1853 2359 1890 dicitur
2378 1862 2495 1890 astro-

1429 1905 1549 1954 logia,
1580 1913 1616 1942 et
1642 1905 1807 1954 practica
1839 1905 2007 1942 musicae
2042 1905 2176 1943 dicitur
2203 1906 2360 1943 musica.
2396 1907 2496 1944 Dicit

1430 1967 1559 1996 autem
1576 1960 1679 2007 fere,
1708 1958 1797 2007 quia
1825 1959 1900 1995 hoc
1929 1971 2006 1995 non
2036 1959 2216 2007 contingit
2243 1960 2281 1996 in
2303 1960 2494 2007 omnibus,

1430 2012 1499 2050 sed
1526 2012 1565 2048 in
1592 2011 1766 2060 pluribus
1784 2009 1808 2048 ⁰.

1482 2078 1519 2113 4.
1545 2065 1695 2102 Deinde
1716 2077 1804 2101 cum
1825 2064 1929 2102 dicit:
1949 2065 2039 2101 Hoc
2057 2065 2156 2102 enim
2176 2066 2296 2113 ipsum
2317 2073 2399 2112 etc.,
2417 2078 2496 2102 ma-

1430 2119 1579 2156 nifestat
1607 2118 1806 2167 quomodo
1830 2118 1868 2154 in
1889 2117 2090 2166 praedictis
2117 2118 2280 2155 scientiis
2304 2118 2354 2155 ad
2376 2131 2494 2155 unam

1430 2286 1544 2311 obiecta:
1563 2282 1730 2318 Apparentia
1731 2302 1775 2310 .....
1793 2285 1947 2310 considerat
1970 2285 2049 2318 signa
2071 2286 2233 2317 apparentia
2253 2291 2316 2316 etc.,
2336 2292 2364 2311 ut
2387 2295 2409 2311 s.
2423 2287 2494 2312 Tho-

1430 2329 1487 2346 mas
1506 2322 1548 2346 ait.

1483 2357 1554 2382 Haec
1582 2357 1614 2381 de
1640 2356 1777 2381 vocabulo.
1795 2356 1836 2380 Ad
1855 2363 1911 2380 rem
1931 2360 2016 2380 autem
2044 2357 2114 2396 quod
2134 2357 2238 2387 attinet,
2257 2364 2310 2381 non
2329 2362 2369 2382 est
2387 2357 2495 2382 dubium

1428 2400 1508 2424 penes
1528 2393 1680 2424 interpretes
1699 2391 1770 2424 quod
1788 2391 1940 2415 Aristoteles
1960 2399 2006 2423 per
2031 2399 2064 2415 τοι
2088 2390 2229 2425 φαινόμενα
2255 2393 2371 2425 designet
2395 2393 2495 2418 obiecta

1428 2428 1552 2452 nauticae.
1571 2427 1731 2451 Themistius
1751 2427 1776 2450 in
1794 2426 1804 2451 1
1824 2427 1934 2455 Foster„
1955 2426 2017 2458 Cap.
2032 2434 2092 2456 xxx,
2112 2426 2183 2451 hisce
2201 2427 2288 2451 verbis
2306 2428 2409 2460 exponit
2427 2428 2495 2453 hunc

1427 2463 1574 2487 Aristotelis
1589 2463 1690 2487 locum:
1710 2471 1725 2485 (ι
1737 2462 1826 2492 Quum
1841 2462 1961 2486 scientiae
1975 2462 2010 2486 ita
2022 2462 2136 2486 vicissim
2151 2469 2180 2486 se
2193 2462 2296 2492 habent,
2311 2468 2340 2487 ut
2353 2471 2404 2488 una
2423 2464 2494 2488 alteri

1429 2506 1443 2521 a
1464 2498 1566 2523 subdita
1585 2498 1624 2528 sit,
1639 2503 1668 2522 ut
1685 2497 1846 2530 perspectiva
1865 2497 2029 2529 geometriae,
2049 2497 2203 2522 machinatio
2222 2499 2423 2528 stereometriae‚
2437 2506 2494 2523 mu-

1430 2543 1442 2556 »
1464 2534 1524 2564 sica,
1535 2541 1603 2565 quae
1617 2533 1648 2557 ab
1663 2533 1767 2557 arbitrio
1782 2533 1882 2557 aurium
1896 2537 1997 2557 constat
2011 2530 2062 2566 (Cf.
2075 2541 2100 2557 n.
2111 2532 2188 2566 seq.),
2203 2534 2318 2558 musicae
2331 2541 2397 2566 quae
2412 2534 2437 2558 in
2451 2542 2494 2558 co-

1429 2577 1443 2592 ,
1463 2569 1576 2602 gnitione
1593 2569 1699 2593 rationis
1717 2568 1802 2600 posita
1815 2573 1862 2598 est,
1878 2575 1962 2600 eoque
1980 2567 2162 2592 mathematica
2181 2568 2278 2598 dicitur,
2292 2569 2393 2594 nautica
2411 2574 2493 2594 astro-

1429 2613 1443 2627 »
1464 2605 1555 2637 legiae.
1567 2613 1581 2627 »
1602 2604 1661 2634 Seu,
1680 2609 1709 2628 ut
1727 2604 1752 2628 in
1777 2603 1892 2636 margine
1917 2607 2034 2633 notatur,
2054 2600 2096 2628 καὶ
2116 2601 2161 2635 τὴν
2180 2601 2299 2635 ναυτικήν
2319 2599 2494 2638 ἀστρολογίαν

1427 2635 1491 2673 πρὸς
1506 2637 1550 2671 τὴν
1565 2635 1742 2673 μάθηματικήν
1762 2638 1821 2670 (Ed.
1837 2639 1887 2669 cit„
1901 2646 1960 2670 pag.
1973 2646 2014 2669 20,
2034 2638 2306 2672 seq.).—-Philoponus
2322 2640 2347 2663 in
2362 2640 2492 2670 IPoster.,

1427 2674 1443 2707 ἕ
1462 2675 1522 2700 Alio
1541 2678 1629 2700 autem
1650 2674 1729 2699 modo
1748 2673 1839 2708 differt
1857 2679 1906 2699 etc.
1927 2672 1970 2710 (in
1988 2674 2029 2698 cit.
2042 2674 2085 2699 lat.
2100 2674 2141 2698 ed.
2155 2682 2213 2706 pag.
2226 2673 2270 2707 57,
2291 2675 2340 2699 col.
2357 2673 2397 2709 2):
2418 2676 2494 2708 «Ap-

1429 2720 1442 2733 »
1462 2710 1589 2742 parentia*
1602 2710 1662 2734 dicit
1683 2707 1775 2734 e‘orum
1800 2717 1867 2742 quae
1892 2714 2015 2741 apparent
2037 2709 2263 2739 observationem,
2289 2717 2356 2742 quae
2377 2718 2391 2735 a
2409 2711 2494 2735 nautis

1429 2755 1442 2768 2
1462 2744 1505 2776 fit,
1525 2743 1665 2779 φαινόμενα
1689 2743 1758 2778 λέγει
1782 2742 1827 2776 τὴν
1852 2742 2028 2778 παρατήρησιν
2051 2745 2101 2768 τῶν
2121 2743 2278 2778 φαινομένων
2301 2742 2346 2776 τὴν
2370 2742 2420 2770 ὑπὸ
2444 2747 2493 2770 τῶν

1429 2791 1442 2803 ι
1462 2781 1561 2805 ναυτῶν
1579 2779 1726 2814 ymerii-vnn
1746 2785 1775 2804 ut
1793 2780 1864 2813 quod
1881 2779 1931 2804 hac
1949 2780 1990 2804 die
2008 2780 2103 2804 oriatur
2121 2780 2170 2804 hoc
2189 2785 2301 2810 astrum,
2321 2785 2347 2804 et
2365 2781 2397 2805 de
2411 2782 2493 2805 omni-

1429 2826 1442 2839 »
1463 2816 1512 2841 bus
1532 2816 1598 2846 aliis,
1618 2823 1685 2848 quae
1704 2823 1734 2840 ex
1752 2815 1933 2840 observatione
1952 2815 2049 2845 sciunt,
2069 2812 2124 2839 οἷον
2144 2812 2184 2839 ὅτι
2207 2814 2266 2849 τῇδε
2286 2817 2318 2849 τῇ·
2335 2814 2417 2849 ἡμέρᾳ
2435 2815 2493 2841 τόδε

1429 2861 1442 2874 »
1463 2848 1493 2876 τὸ
1515 2847 1609 2884 ἄστρον
1629 2849 1773 2882 ἐπιτέλλει,
1797 2847 1839 2875 καὶ
1858 2848 1914 2884 περὶ
1934 2851 1984 2874 τῶν
2004 2846 2091 2875 ἄλλων
2110 2846 2213 2875 πάντων
2240 2847 2303 2883 ἃπερ
2326 2848 2353 2875 ἐκ
2378 2859 2493 2884 παρατη-

1429 2896 1442 2909 ι
1463 2885 1557 2920 ρήσεως
1572 2883 1661 2911 ἴσασιν
1677 2896 1690 2909 2
1712 2886 1776 2918 (Ed.
1797 2886 1855 2910 Aldi
1880 2886 1998 2915 Manutii,
2024 2884 2088 2918 pag!
2105 2893 2162 2909 100.
2180 2898 2199 2904 ·-
2217 2886 2330 2910 Venetiis
2342 2904 2348 2915 ‚
2372 2882 2460 2921 1504).
2474 2901 2494 2906 —

1427 2923 1572 2946 Averroes:
1593 2931 1606 2944 ‹
1619 2922 1729 2946 Scientia
1747 2921 1898 2946 iudiciorum
1917 2921 2051 2945 stellarum
2069 2921 2212 2951 marmana,
2233 2928 2299 2953 quae
2318 2920 2388 2945 videt
2406 2926 2432 2945 et
2450 2929 2492 2945 ex-

1429 2967 1442 2980 »
1463 2958 1568 2989 peritur,
1589 2958 1656 2989 apud
1674 2957 1807 2982 scientiam
1825 2956 1977 2981 iudiciorum
1995 2956 2129 2980 stellarum
2148 2956 2314 2980 doctrinalem
2330 2964 2344 2979 :a
2365 2953 2404 2992 (ln
2418 2956 2427 2980 1
2442 2957 2493 2981 Po-

1426 2996 1499 3022 ster„
1516 2993 1618 3017 Comm.
1633 3000 1688 3023 xxx,
1707 2992 1755 3016 Ed.
1771 2993 1820 3022 cit„
1841 2992 1890 3016 col.
1907 2991 1941 3023 3).
1953 3005 1972 3010 -
1987 2992 2017 3016 Β.
2033 2991 2154 3015 Albertus
2169 2991 2277 3023 Magnus
2297 2991 2340 3023 (in
2354 2992 2363 3015 1
2379 2992 2491 3020 Postera,

1427 3027 1515 3053 Tract.
1528 3035 1566 3057 111,
1582 3036 1637 3060 cap.
1652 3027 1714 3060 v11):
1735 3036 1749 3050 ‹<
1762 3027 1796 3051 Et
1810 3027 1876 3051 sicut
1890 3027 1995 3051 scientia
2012 3027 2108 3051 navalis
2124 3026 2201 3058 (quae
2216 3027 2362 3058 apparentia
2374 3027 2491 3059 vocatur)

1429 3073 1442 3086 ι
1463 3071 1493 3087 se
1511 3063 1590 3087 habet
1603 3063 1635 3087 ad
1655 3063 1829 3095 astrologiam,
1849 3067 1974 3094 quantum
1994 3062 2025 3086 ad
2044 3062 2113 3086 illam
2133 3066 2232 3093 partem
2252 3069 2319 3094 quae
2338 3067 2378 3086 est
2397 3061 2429 3086 de
2448 3069 2493 3086 an-

1429 3108 1442 3121 »
1462 3098 1530 3130 gulis
1550 3103 1576 3122 et
1594 3098 1626 3122 de
1645 3098 1792 3122 diversitate
1811 3102 1945 3129 aspectus:
1965 3097 1997 3121 ad
2012 3097 2078 3121 hanc
2092 3098 2160 3121 enim
2174 3097 2271 3121 navalis
2286 3097 2429 3121 secundum
2448 3105 2493 3129 ap-

1429 3143 1442 3156 »
1462 3133 1605 3165 parentiam
1618 3134 1643 3157 in
1658 3133 1740 3157 stellis
1753 3133 1808 3157 vias
1827 3133 1931 3157 navium
1950 3133 2103 3165 imaginatur
2123 3137 2149 3156 et
2162 3132 2245 3164 dirigit
2257 3141 2269 3155 »
2291 3131 2371 3165 (Opp.
2386 3131 2464 3157 Tom.
2474 3140 2491 3163 ι,

1426 3176 1485 3201 pag.
1502 3167 1561 3199 564,
1576 3169 1627 3192 col.
1644 3167 1679 3200 2).

1481 3203 1532 3227 Sed
1545 3208 1571 3227 et
1584 3203 1695 3235 ipsemet
1707 3203 1861 3227 Aristoteles
1875 3203 2059 3235 expositionem
2078 3203 2245 3235 interpretum
2264 3201 2412 3227 confirmat:
2431 3210 2492 3227 nam

1427 3238 1574 3262 immediate
1593 3238 1658 3262 infra
1671 3238 1753 3262 addit:
1773 3238 1839 3262 sicut
1851 3238 1990 3270 astrologia
2003 3245 2070 3270 quae
2083 3245 2135 3262 non
2150 3238 2236 3262 solum
2250 3237 2429 3262 mathematica
2443 3242 2491 3268 est,

1427 3273 1473 3298 sed
1493 3273 1571 3297 etiam
1589 3273 1702 3297 nautica:
1723 3269 1779 3297 οἷον
1800 3267 1960 3306 ἀστρολογία
1979 3271 1994 3303 ἦ
2014 3281 2040 3297 τε
2061 3270 2222 3306 μαθηματικὴ
2237 3270 2280 3296 καὶ
2299 3271 2314 3303 ἡ
2333 3269 2447 3304 ναυτικὴ.

1481 3308 1507 3340 η)
1528 3308 1664 3333 Dicuntur
1682 3308 1751 3332 enim
1771 3313 1819 3332 etc.
1835 3321 1854 3327 —-
1871 3308 1918 3332 Est
1936 3308 2011 3332 lectio
2030 3308 2087 3332 cod.
2103 3308 2141 3336 Μ,
2162 3313 2187 3332 et
2203 3307 2322 3332 cohaeret
2341 3315 2400 3332 cum
2418 3315 2492 3340 prae-

1428 3343 1586 3368 cedentibus.
1610 3343 1765 3375 Assignatur
1790 3343 1859 3367 enirn
1877 3343 1941 3367 ratio
1961 3350 2006 3367 cur
2030 3343 2174 3375 praedictae
2193 3343 2313 3368 scientiae
2331 3343 2490 3376 astrologia,

1427 3378 1538 3403 scientia
1557 3378 1660 3402 navalis
1680 3383 1744 3408 etc.,
1764 3378 1954 3402 communicent
1972 3378 1998 3402 in
2017 3379 2120 3402 nomine
2139 3378 2258 3410 generice
2277 3378 2487 3403 mathematicae.

1426 3413 1475 3437 Alii
1491 3413 1565 3437 codd.
1580 3413 1670 3445 legunt
1683 3420 1742 3437 cum
1755 3413 1788 3442 M,
1805 3413 1851 3437 sed
1865 3421 1918 3437 om.
1932 3413 2066 3438 scientiae.
2075 3426 2094 3432 —-
2107 3413 2172 3437 Cod.
2187 3413 2225 3438 0:
2242 3413 2376 3438 Dicuntur
2390 3416 2488 3443 autem,

1427 3448 1474 3472 sed
1498 3447 1576 3472 habet
1602 3445 1632 3472 τὸ
1655 3448 1812 3479 praedictae
1830 3448 1939 3472 aliorum
1958 3448 2047 3478 codd.;
2071 3448 2107 3472 P:
2132 3448 2266 3473 Dicuntur
2289 3451 2378 3473 autem
2402 3455 2492 3474 omnes

1427 3483 1554 3508 scientiae
1573 3483 1782 3508 mathematicae.

1481 3516 1504 3550 θ)
1519 3518 1580 3543 Non
1595 3518 1728 3551 contingit
1741 3518 1908 3543 etc—Codd.
1923 3518 2056 3543 CEGHO:
2071 3526 2123 3543 non
2138 3518 2262 3544 convenit
2275 3519 2301 3543 in
2318 3518 2377 3550 (G1.·
2385 3526 2439 3543 om.
2453 3518 2491 3552 in)

1426 3553 1555 3578 omnibus.
1565 3568 1584 3572 -
1593 3553 1642 3578 GI:
1652 3553 1699 3578 sed
1709 3553 1988 3585 pluribus.—-Erronee
2003 3558 2090 3578 autem
2103 3554 2139 3578 K:
2153 3554 2201 3579 sed
2215 3554 2241 3578 in
2256 3554 2403 3586 speciebus5
2418 3559 2444 3579 et
2453 3555 2492 3579 M:

1425 3588 1473 3613 sed
1488 3588 1514 3613 in
1529 3589 1763 3620 simplicibus.·-In
1777 3589 1900 3621 principio
1915 3596 1971 3621 seq.
1986 3589 2085 3614 numeri
2101 3588 2267 3623 (manifestat
2284 3589 2415 3622 quomodo
2431 3589 2492 3622 etc.)

1426 3624 1501 3649 codd.
1513 3624 1619 3649 ABGIO
1630 3629 1656 3649 et
1665 3632 1687 3649 s.
1695 3632 1730 3649 m.
1738 3624 1770 3649 S:
1784 3624 1939 3658 manifestat
1951 3624 2066 3657 qualiter
2078 3630 2135 3656 etc.;
2150 3624 2315 3655 CEKNQRT
2325 3629 2351 3650 et
2359 3633 2385 3657 p.
2393 3632 2428 3650 m.
2437 3625 2493 3650 DS:

2529 383 2559 403 'At
2566 386 2742 406 mensurantur.

2528 493 2535 501 '
2552 492 2587 514 Cf.
2603 497 2652 514 not.
2669 490 2691 515 δ.

2526 1070 2535 1078 '
2549 1069 2622 1092 Codd.
2638 1082 2654 1086 -
2669 1077 2693 1091 r:
2717 1073 2740 1092 et

2525 1096 2589 1117 dicit.

2524 1232 2534 1242 ⁸
2550 1231 2581 1253 Et
2598 1238 2647 1254 orn.
2658 1233 2735 1258 codd..

2524 1264 2574 1279 exc.
2591 1265 2623 1285 ος
2641 1265 2672 1280 c:
2689 1266 2735 1281 mm

2523 1286 2609 1307 autem.

2622 1322 2637 1344 η

2524 1602 2531 1610 ·
2541 1601 2629 1623 Codd.·
2639 1609 2704 1624 ΡΑσικ
2714 1607 2736 1624 et

2523 1633 2542 1648 ε.
2551 1634 2582 1649 m.
2593 1634 2620 1649 u:
2635 1631 2735 1650 natura-

2522 1654 2579 1675 lis...
2589 1661 2604 1675 u
2614 1662 2619 1675 z
2630 1657 2654 1676 et
2667 1656 2736 1677 etiam

2523 1680 2631 1702 liar-mon.

2523 1708 2531 1716 ¹
2548 1707 2621 1729 Codd.
2631 1719 2640 1723 -
2651 1714 2675 1729 γε
2687 1714 2735 1729 mu-

2522 1734 2580 1755 sica.
2600 1745 2610 1750 -
2634 1734 2670 1757 Cf.
2697 1735 2734 1756 lin.

2523 1766 2587 1782 num.

2522 1787 2533 1796 '⁵
2554 1786 2591 1807 Ex
2610 1793 2658 1808 om.
2673 1793 2734 1812 aeq:

2523 1819 2549 1844 oq:
2558 1819 2603 1840 per
2613 1815 2735 1841 experien-

2524 1842 2588 1860 llam.
