2788 4204
78 361 294 406 tassetan
321 352 524 389 tificatione
548 354 567 374 *

83 412 143 432 hanc
158 417 188 435 nr:
201 418 246 438 per
263 412 294 436 h.)

82 438 271 473 yotfficalionejm.

82 464 295 518 ἀπξὲῖηιὲὶιέηιὲῗέἇ

82 545 89 551 “
100 549 114 564 1:
130 550 176 564 non
191 544 239 569 517,-
253 543 293 565 sed

84 576 186 590 erronee.

82 598 89 605 ·
107 602 131 617 n:
148 596 209 617 unde
223 596 295 621 bene,-

80 629 106 643 ες
122 622 175 644 ideo
190 629 205 643 a
215 623 293 650 princ.

82 734 90 740 ⁶
101 732 136 754 Cf.
150 739 227 759 supra,
238 739 262 756 n,
273 738 293 760 3.

79 787 87 793 “
94 785 177 806 Posita
188 792 216 806 ex
223 785 291 806 codd.

82 839 89 847 ’
101 837 176 859 Codd.
188 849 198 853 -
209 844 233 859 p:
249 839 292 858 est.

82 864 156 885 Codd.
173 870 220 885 om.
237 864 292 884 sim-

76 890 171 918 pliciter
177 891 282 916 [Ct'.text.,¹
287 906 292 911 .

81 1002 91 1011 ⁸
104 1001 138 1022 Cf.
150 1007 226 1028 suproy
238 1007 260 1021 n.
271 1007 291 1028 3.

79 1161 86 1168 '
103 1159 177 1190 Codcl.
194 1162 254 1185 (cxc.
269 1166 290 1180 m

78 1191 134 1210 Lot:
170 1193 183 1206 n
208 1192 289 1207 conse-

79 1212 208 1238 quentibus.

80 1239 89 1249 ⁸
105 1238 168 1260 Lect.
178 1244 240 1259 xxm.

80 1535 87 1541 ·
97 1539 118 1554 o:
131 1536 154 1554 et
163 1534 225 1554 circa
238 1533 289 1555 hoc.

79 1695 85 1701 “
104 1700 126 1714 1:
143 1694 202 1714 m'hil
222 1694 290 1714 aliud

77 1720 114 1741 sit.
128 1732 137 1735 -
148 1727 197 1745 an
213 1721 288 1741 omitt.

76 1752 136 1767 (3888.

79 2123 117 2142 ἰιι
136 2121 176 2143 ille
192 2122 285 2143 dicitur.

74 2372 81 2379 '
91 2378 149 2392 nuo:
169 2372 286 2399 definitio-

72 2404 121 2419 nem
137 2398 284 2421 demonstra-

72 2425 150 2446 tionis.

72 2452 79 2459 ·
84 2457 98 2471 t:
105 2452 221 2481 concludi!
226 2459 285 2479 eam,

73 2481 93 2498 et
123 2480 179 2499 mira
208 2480 284 2501 omitt.

71 2510 131 2525 eam.

328 220 398 256 152

320 306 485 336 utuntur.
517 299 558 336 Si
585 300 669 348 quis
694 300 807 337 etiam
837 309 935 337 recte
970 300 1192 347 consideret,
1220 301 1292 337 hac
1321 313 1388 337 no-

595 353 715 401 magis
744 354 951 390 ostenditur
988 353 1079 401 quid
1112 353 1294 400 significet
1321 366 1388 390 no-

321 418 422 452 men,
435 418 552 454 quam
573 406 741 443 directe*
760 407 899 454 aliquid
918 406 1162 453 significetur:
1188 419 1267 443 non
1287 407 1388 444 enirn

321 459 490 496 notificat
509 459 716 506 scientiam,
738 459 785 496 de
805 472 880 507 qua
898 458 1051 507 proprie
1070 467 1198 507 posset
1218 460 1387 497 definitio

322 512 517 560 assignari,
549 525 636 549 cum
665 512 710 548 sit
729 514 748 531 κ·
778 511 922 561 species
951 511 1106 548 alicuius
1134 513 1291 559 generis,
1322 514 1388 551 sed

322 566 490 602 notificat
517 566 642 614 ipsum
661 565 767 601 scire.
798 564 908 602 Unde
930 565 998 601 et*
1018 577 1039 600 a
1059 565 1244 614 principio
1275 567 1385 603 dixit:

321 620 425 655 Scire
452 624 576 655 autem
597 618 798 666 opinamur
817 625 898 664 etc.,
921 626 956 654 et
975 630 1054 654 non
1083 618 1187 655 dixit:
1210 620 1313 657 Scire
1334 628 1389 657 est

321 671 460 719 aliquid
488 672 559 708 tale
587 672 648 708 vel
676 671 748 707 tale
768 667 792 707 ξ.

374 737 409 772 7.
442 725 586 770 Quarto
605 724 641 770 ³²²,
674 723 746 760 ibi:
782 724 909 765 Quare
937 724 1042 760 cuius
1071 731 1157 771 etc.,
1198 727 1389 764 concludit

321 777 518 825 quoddam
535 777 775 813 corollarium
792 789 837 813 ex
855 777 1074 814 definitione
1094 778 1218 826 posita
1234 780 1265 826 ⁹²⁶,
1292 780 1385 817 scili-

321 837 379 866 cet
398 830 502 878 quod
521 829 611 866 illud
623 859 632 876 ‚
655 830 701 867 de
722 843 798 879 quo
819 830 1038 879 simpliciter
1055 831 1217 868 habetur
1232 833 1252 851 ⁴*
1267 833 1386 871 scien-

319 883 388 930 tia,
419 890 567 931 oportet
596 895 678 920 esse
707 884 975 932 necessarium,
1004 884 1143 921 scilicet
1171 885 1386 934 quod.non

320 936 509 984 contingat
537 936 641 973 aliter
670 949 709 973 se
738 938 880 974 habere
900 943 923 974 ⁰.

374 991 408 1026 8.
426 990 618 1036 Quinto*,
630 990 699 1027 ibi:
716 991 757 1027 Si
770 991 918 1039 quidem
934 999 1016 1037 etc.,
1034 991 1239 1039 respondet
1253 993 1386 1031 tacitae

318 1043 541 1091 quaestioni,
562 1051 689 1080 utrum
718 1044 856 1081 scilicet
884 1044 930 1081 sit
957 1044 1090 1093 aliquis
1119 1044 1213 1081 alius
1245 1047 1387 1084 modus

318 1096 459 1133 sciendi
479 1109 501 1133 a
520 1097 725 1145 praedicto.
757 1097 874 1144 Quod
899 1098 1082 1146 promittit
1101 1110 1140 1133 se
1160 1098 1198 1135 ln
1227 1112 1386 1149 sequen-

316 1150 416 1186 tibus
445 1152 464 1169 *
494 1150 702 1187 dicturum:
735 1158 789 1187 est
818 1151 919 1187 enim
948 1151 1042 1188 scire
1072 1150 1186 1188 etiam
1209 1164 1282 1200 per
1300 1154 1387 1203 effe-

318 1209 428 1249 ctum,
441 1211 482 1240 ut
496 1203 590 1240 infra
604 1204 747 1252 patebit
758 1205 790 1241 ³².
807 1204 980 1241 Dicimur
995 1204 1109 1241 etiam
1125 1204 1251 1253 aliquo
1267 1207 1387 1244 modo

319 1257 412 1293 scire
433 1257 514 1306 ipsa
532 1257 715 1306 principia
739 1257 1101 1305 indemonstrabilia,
1123 1270 1288 1306 quorum
1308 1273 1387 1298 non

318 1318 373 1346 est
402 1310 572 1359 accipere
608 1323 774 1347 causam.
811 1311 888 1348 Sed
919 1311 1096 1359 proprius
1134 1319 1171 1348 et
1197 1313 1387 1360 perfectus

319 1363 460 1401 sciendi
489 1364 628 1401 modus
658 1371 714 1400 est
745 1364 809 1411 qui
837 1364 1051 1413 praedictus
1082 1372 1147 1401 est.

371 1429 406 1464 9.
427 1417 577 1454 Deinde
611 1430 698 1454 curn
729 1417 833 1454 dicit:
858 1417 1030 1454 Dicimus
1057 1423 1183 1454 autem
1214 1424 1295 1464 etc.,
1322 1419 1386 1456 de-

317 1470 399 1506 finit
418 1471 680 1519 syllogismum
702 1470 1046 1507 demonstrativum
1061 1475 1080 1492 ⁷²
1098 1483 1168 1519 per
1188 1483 1386 1519 compara—

316 1523 459 1560 tionem
480 1524 529 1560 ad
548 1525 667 1560 finem
687 1536 812 1569 suum,
835 1523 899 1572 qui
920 1531 975 1560 est
992 1524 1099 1560 scire.
1123 1524 1232 1560 Circa
1247 1526 1267 1546 *
1280 1526 1386 1573 quod

316 1577 385 1613 tria
406 1577 502 1614 facit.
515 1598 538 1604 -
551 1577 693 1622 Primo,
715 1577 821 1625 ponit
844 1576 950 1625 quod
977 1578 1074 1614 scire
1093 1586 1148 1614 est
1166 1578 1253 1614 finis
1273 1580 1385 1626 syllo-

315 1629 425 1677 gismi
454 1630 740 1667 demonstrativi
760 1630 839 1667 sive
869 1630 1026 1667 effectus
1056 1631 1146 1676 eius,
1175 1643 1263 1668 cum
1290 1633 1388 1670 scire

316 1683 405 1719 nihil
426 1684 630 1721 aliudesse
646 1683 820 1720 videatur
835 1684 867 1730 *,
889 1696 1006 1732 quam
1026 1684 1230 1733 intelligere
1250 1685 1402 1723 verita-.

315 1744 392 1773 tem
423 1737 578 1774 alicuius
614 1737 866 1774 conclusionis
901 1750 970 1786 per
1005 1737 1383 1777 demonstrationem.

370 1791 561 1838 Secundo,
592 1790 659 1827 ibi:
680 1791 1048 1828 Demonstrationem
1069 1797 1194 1829 autem
1215 1800 1298 1840 etc.,
1321 1793 1385 1831 de-

314 1843 397 1881 finit
415 1845 679 1893 syllogismum
701 1844 1044 1882 demonstrativum
1073 1859 1142 1895 per
1164 1846 1385 1884 huiusmodi

314 1897 451 1934 finem:
473 1898 601 1935 dicens
630 1898 735 1947 quod
760 1898 1032 1937 demonstratio
1063 1907 1118 1937 est
1143 1900 1385 1948 syllogismus

315 1951 525 1999 scientialis,
546 1952 642 1989 idest
661 1952 801 1989 faciens
831 1952 936 1989 scire.

368 2006 517 2052 Tertio,
548 2006 703 2054 exponit
730 2007 805 2042 hoc
831 2005 936 2055 quod
965 2005 1108 2042 dixerat
1134 2006 1385 2052 scientialem,·

313 2058 385 2095 ibi:
415 2060 490 2096 Sed
523 2060 750 2096 scientialem
780 2068 862 2106 etc.,
893 2059 1023 2096 dicens
1052 2060 1157 2108 quod
1185 2059 1384 2098 scientialis

313 2112 553 2160 syllogismus
583 2114 717 2150 dicitur
730 2114 760 2159 *,
778 2113 990 2151 secundum
1021 2125 1137 2162 quem
1164 2113 1316 2160 scimus,
1345 2114 1383 2151 in

313 2174 497 2213 quantum
528 2167 652 2216 ipsum
680 2167 880 2212 habemus,
905 2180 953 2205 ne
982 2167 1077 2203 forte
1110 2166 1244 2216 aliquis
1273 2168 1384 2216 syllo-

312 2219 476 2267 gismum
492 2221 723 2258 scientialem
739 2221 970 2269 intelligeret,
987 2233 1064 2269 quo
1085 2220 1211 2269 aliqua
1231 2220 1385 2258 scientia

297 2281 489 2319 ‚uteretun

372 2339 428 2364 10.
460 2327 608 2364 Deinde
639 2340 726 2365 cum
752 2327 855 2365 dicit:
882 2328 925 2364 Si
950 2328 1067 2377 igitur
1094 2332 1149 2364 est
1173 2327 1269 2364 scire
1297 2335 1379 2373 etc.,

313 2380 502 2417 concludit
530 2393 575 2417 ex
603 2381 803 2429 praedictis
836 2381 1099 2418 definitionem
1133 2380 1339 2428 syllogismi
1365 2381 1386 2402 *

313 2434 599 2470 demonstrativi
628 2447 673 2471 ex
693 2435 850 2471 materia
879 2442 1084 2484 sumptam.
1106 2435 1156 2471 Et
1184 2434 1282 2471 circa
1310 2435 1384 2471 hoc

313 2487 390 2524 duo
416 2487 516 2524 facit:
537 2487 675 2536 primo,
703 2488 892 2525 concludit
906 2489 946 2534 *3
967 2488 1149 2534 secundo,
1171 2487 1384 2525 manifestat

366 2628 390 2661 Ε)
410 2629 447 2653 Et
465 2636 515 2653 non
537 2628 623 2653 dixit.-
636 2628 703 2653 scire
715 2631 755 2653 est
773 2628 876 2660 aliquid
889 2628 942 2653 tale
956 2629 996 2653 vel
1014 2628 1075 2653 tale.
1090 2628 1156 2653 Edit.
1176 2629 1268 2654 Piana:
1284 2633 1311 2655 et
1329 2637 1380 2655 non

313 2665 399 2690 dixit:
413 2665 480 2689 scire
492 2668 531 2689 est
545 2663 648 2696 aliquid
661 2664 720 2688 tale.
731 2677 749 2683 -
759 2663 841 2688 Codd.
855 2664 915 2688 BM:
929 2667 955 2688 et
968 2671 1019 2689 non
1034 2663 1121 2688 dixit:
1132 2664 1200 2689 scire
1212 2665 1315 2698 aliquid
1329 2666 1381 2690 tale

312 2701 354 2726 vel
373 2699 554 2726 tale-Codri.
568 2699 741 2729 CDEKLQS:
761 2702 787 2724 et
806 2707 857 2724 non
873 2699 962 2724 dixit.-
980 2699 1047 2724 scire
1061 2699 1129 2724 em'm
1149 2700 1252 2732 aliquid
1270 2701 1323 2726 tale
1342 2701 1382 2726 vel

312 2737 365 2761 tale
371 2743 379 2765 ,¹
399 2736 445 2761 sed
464 2735 489 2759 in
503 2736 560 2760 cod.
574 2735 595 2759 D
614 2735 683 2760 enim
702 2735 793 2767 corrig.
807 2734 832 2758 in
845 2738 899 2759 est:
918 2735 986 2760 enim
1002 2742 1049 2768 pro
1061 2738 1101 2759 est
1115 2735 1233 2760 existimo
1247 2735 1382 2769 irrepsisse

311 2772 336 2796 in
350 2771 420 2796 hisce
435 2771 508 2796 codd.
518 2785 538 2790 —
548 2770 635 2795 Lectio
648 2778 662 2795 a
678 2770 752 2794 nobis
766 2770 885 2803 adoptata
900 2770 1017 2802 explicita
1031 2775 1070 2794 est
1083 2770 1108 2794 in
1122 2771 1196 2795 codd.
1211 2771 1266 2796 aliis
1280 2777 1382 2804 praeter

311 2807 483 2832 citatos-H:
503 2806 529 2831 in
545 2806 680 2838 principio
700 2806 772 2830 dixit
789 2806 961 2831 Aristoteles:
981 2805 1056 2831 Scire
1070 2810 1117 2830 etc.

364 2843 438 2867 Nunc
448 2847 534 2867 autem
548 2850 577 2866 ea
588 2849 654 2874 quae
668 2842 792 2866 docentur
804 2842 835 2866 ab
850 2841 988 2866 Aristotele
1001 2846 1026 2866 et
1038 2846 1203 2874 exponuntur
1216 2850 1230 2867 a
1243 2849 1265 2866 s.
1278 2841 1381 2867 Thoma

311 2878 443 2911 paulisper
466 2882 526 2902 sunt
544 2877 738 2902 consideranda.
762 2877 950 2901 Animadvertit
974 2884 1036 2909 ergo
1055 2885 1076 2901 s.
1089 2876 1206 2912 Thomas
1231 2878 1300 2910 quod
1324 2878 1381 2903 Ari-

310 2914 416 2938 stoteles
436 2921 488 2937 non
508 2913 563 2937 sine
577 2912 684 2937 consilio
699 2912 758 2937 dixit
770 2913 838 2937 scire
851 2912 1001 2944 opinamur,
1016 2920 1067 2937 non
1081 2917 1168 2937 autem
1188 2913 1256 2938 scire
1274 2917 1314 2938 est
1331 2913 1381 2938 ali-

311 2949 375 2981 quid
393 2950 446 2974 tale
465 2949 505 2974 vel
523 2949 585 2974 tale.
605 2948 744 2978 Quodnam
763 2947 828 2973 inter
847 2954 983 2980 utramque
999 2948 1109 2972 sormam
1130 2947 1283 2973 discrimen?
1302 2949 1380 2974 Maxi-

310 2993 383 3009 mum
411 2984 527 3017 profecto
551 2989 576 3008 et
600 2993 614 3009 a
639 2983 797 3016 philosopho
822 2984 972 3008 notandum.
999 2983 1101 3008 Etenim
1126 2983 1174 3008 alia
1199 2989 1239 3008 est
1267 2983 1380 3009 definitio

311 3020 462 3050 nominalis,
485 3020 532 3044 alia
557 3019 670 3044 definitio
696 3019 785 3050 realis;
813 3019 895 3052 prima
914 3019 977 3051 quid
999 3019 1104 3044 nomine
1122 3019 1210 3051 aliquo
1232 3019 1382 3052 designetur

311 3056 434 3086 declarat;
460 3055 538 3080 altera
562 3056 624 3088 quid
647 3055 680 3079 sit
704 3063 745 3079 res
771 3053 912 3086 significata
936 3062 984 3087 per
1007 3062 1104 3080 nomen
1124 3054 1278 3080 manifestat.
1298 3055 1380 3080 Porro

310 3099 331 3115 s.
344 3090 460 3115 Thomas
480 3095 549 3115 recte
568 3096 638 3115 notat
657 3090 688 3115 ab
706 3090 846 3115 Aristotele
865 3090 891 3114 in
910 3089 959 3114 hoc
978 3097 1087 3114 numero
1106 3090 1169 3115 tradi
1189 3090 1270 3122 magis
1291 3090 1380 3116 defini-

310 3126 406 3151 tionem
427 3126 597 3156 nominalem‚
620 3134 667 3150 seu
687 3126 749 3158 quid
769 3124 894 3158 significet
912 3133 1007 3150 nomen
1027 3133 1080 3158 quo
1104 3125 1198 3150 directe
1223 3125 1382 3158 significatur

309 3162 384 3190 scire,
398 3169 475 3194 quam
495 3160 668 3186 definitionem
682 3162 787 3191 realem,
807 3169 858 3194 qua
878 3160 1022 3186 notificatur
1040 3161 1102 3194 quid
1121 3161 1154 3185 sit
1171 3161 1238 3186 scire
1257 3161 1282 3186 in
1301 3169 1338 3193 se,
1351 3167 1381 3187 ut

310 3205 404 3229 nempe
423 3202 463 3222 est
481 3204 522 3221 res
541 3197 677 3229 quaedam,
697 3204 744 3222 seu
763 3201 835 3221 actus
853 3197 895 3221 vel
914 3196 1016 3221 habitus
1029 3196 1144 3221 animae:
1164 3201 1189 3221 et
1207 3196 1266 3222 hinc
1280 3197 1379 3222 Aristo-

310 3233 382 3262 teles,
395 3233 487 3257 volens
507 3231 660 3256 confirmare
673 3240 748 3257 suam
765 3231 939 3256 definitionem
955 3233 1002 3257 τοῦ
1015 3232 1083 3257 scire
1097 3239 1176 3264 supra
1190 3232 1317 3264 traditam,
1332 3240 1379 3266 per

310 3267 415 3300 aliquod
428 3268 600 3292 extrinsecum
613 3268 649 3292 rei
665 3267 790 3297 definitae,
806 3268 837 3292 ad
852 3275 1019 3292 communem
1032 3267 1140 3292 recurrit
1154 3275 1231 3292 usum
1246 3268 1378 3300 loquendi,

310 3310 362 3335 quo
376 3311 437 3327 vere
457 3302 573 3327 statuitur
588 3303 700 3328 nominis
717 3301 882 3335 significatio:
897 3303 1084 3328 vocabulorum
1104 3302 1172 3327 enim
1185 3302 1336 3335 significatio
1349 3311 1380 3329 ex

310 3338 412 3362 arbitrio
431 3338 568 3363 hominum
588 3343 636 3369 est,
651 3343 680 3363 ut
694 3338 816 3371 probatur
831 3338 856 3363 in
871 3339 880 3363 l
900 3338 963 3364 Peri
976 3338 1092 3363 hermen.
1107 3335 1180 3371 (lect.
1193 3346 1227 3370 tv,
1241 3338 1266 3364 n'.
1290 3337 1342 3374 ια).

363 3374 518 3398 Addendum
541 3379 627 3398 tamen
647 3374 717 3406 quod
735 3374 803 3399 scire
822 3374 955 3407 dupliciter
974 3373 1042 3398 sumi
1061 3374 1086 3398 in
1106 3373 1235 3406 praesenti
1257 3378 1380 3407 potest.—

311 3408 369 3432 Uno
388 3409 467 3433 modo
486 3414 614 3441 quatenus
634 3414 674 3434 est
692 3409 798 3443 effectus
822 3409 1048 3434 demonstrationis
1068 3407 1145 3443 (scire
1164 3409 1232 3434 enim
1258 3414 1298 3434 est
1316 3417 1378 3434 con—

311 3443 434 3468 clusionis
454 3443 659 3476 demonstratae)
680 3445 767 3469 dicens
792 3449 893 3469 motum
913 3453 959 3470 seu
980 3452 1132 3478 processum
1155 3444 1260 3469 rationis
1280 3444 1378 3470 discur-

312 3478 390 3502 rentis
410 3486 423 3503 a
443 3487 519 3503 causa
538 3480 563 3504 in
583 3484 725 3510 causatum,
739 3488 833 3512 nempe
852 3488 866 3505 a
879 3480 1029 3513 praemissis
1044 3480 1075 3504 ad
1095 3480 1298 3505 conclusionem.
1318 3479 1378 3511 Quo

312 3520 391 3537 sensu
405 3514 472 3538 scire
485 3522 535 3539 non
551 3520 637 3546 potest
652 3514 749 3539 definiri
765 3514 912 3540 definitione
929 3515 1031 3548 proprie
1044 3515 1118 3546 dicta,
1132 3515 1193 3548 quia
1205 3515 1271 3540 sicut
1283 3515 1375 3540 caeteri

313 3553 407 3577 motus,
427 3557 478 3573 non
498 3555 536 3574 est
555 3550 653 3581 species
673 3549 780 3574 alicuius
799 3550 912 3581 generis:
937 3555 962 3575 et
976 3550 1035 3575 ideo
1053 3550 1085 3574 ab
1099 3550 1236 3575 Aristotele
1254 3550 1322 3576 scire
1334 3550 1378 3575 de-

313 3583 422 3607 claratur
445 3583 591 3609 definitione
615 3585 749 3615 nominali,
769 3593 827 3609 cum
848 3585 893 3610 ait:
920 3585 995 3610 Scire
1017 3588 1106 3610 autem
1126 3585 1276 3617 opinamur.
1289 3585 1377 3610 -Alio

909 222 1294 258 POSTERIORUM
1322 222 1752 260 ANALYTICORUM
1781 224 1875 260 LIB.
1907 226 1920 260 I

1446 313 1549 347 eam;
1578 300 1645 337 ibi:
1673 302 1811 338 Verum
1841 302 1989 350 quidem
2018 303 2136 353 igitur
2154 311 2299 354 oportet
2316 307 2427 343 esse*
2443 314 2512 346 etc.
2542 324 2626 346 unfra
2640 331 2707 354 n.13.

1446 354 1556 391 Circa
1583 354 1753 403 primum
1773 354 1841 391 tria
1860 355 1957 394 facit.
1979 357 2122 404 Primo,
2142 358 2251 406 ponit
2279 372 2515 409 consequen-

1444 407 1548 453 tiam,
1565 419 1640 455 qua
1661 408 1992 445 demonstrationis
2012 411 2214 448 materialis
2236 412 2404 450 definitio
2426 427 2515 451 con-

1446 461 1607 497 cluditur
1635 473 1680 497 ex
1699 461 1917 510 praemissis
1931 463 1965 510 ³²,
1988 463 2117 504 dicens
2137 465 2242 513 quod
2271 466 2301 502 si
2325 467 2422 503 scire
2441 468 2516 504 hoc

1445 514 1629 561 significat
1640 515 1746 562 quod
1767 515 1942 563 dix1mus,
1963 516 2113 564 scilicet,
2134 530 2289 556 causam
2306 521 2363 556 rei
2375 532 2515 570 cogno-

1443 579 1548 604 scere
1576 575 1659 615 etc.,
1680 581 1836 605 necesse
1857 577 1913 606 est
1940 570 2046 617 quod
2072 571 2370 611 demonstrativa
2399 574 2502 611 scien

1444 620 1506 667 tia,
1527 621 1623 658 idest
1656 634 1754 670 quae
1781 634 1852 670 per
1893 622 2258 662 demonstrationem
2292 627 2516 675 acquiritur,

1443 674 1627 722 procedat
1655 687 1700 711 ex
1719 675 2044 723 propositionibus
2067 679 2183 725 veris,
2198 680 2334 727 primis
2355 681 2375 701 '¹‘
2394 689 2430 717 et
2449 682 2517 718 im-

1444 728 1624 773 mediatis,
1645 727 1742 764 idest
1761 741 1859 776 quae
1888 741 1966 766 non
1986 742 2055 778 per
2082 731 2238 780 aliquod
2256 733 2429 771 medium
2452 734 2516 771 de-

1444 788 1722 827 monstrantur,
1761 782 1830 818 sed
1866 794 1936 830 per
1978 783 2123 832 seipsas
2161 794 2248 822 sunt
2293 787 2516 824 manifestae

1445 836 1556 882 (quae
1586 834 1742 882 quidem
1772 835 2010 872 immediatae
2038 837 2228 885 dicuntur,
2263 839 2301 875 in
2329 848 2516 888 quantum

1445 894 1573 924 carent
1605 887 1735 924 medio
1770 888 2054 926 demonstrante
2074 891 2109 938 *3
2130 892 2283 939 primae
2317 901 2446 930 autem
2479 893 2518 929 in

1444 940 1576 977 ordine
1610 941 1659 977 ad
1688 941 1778 977 alias
1797 942 1817 963 '¹‘
1835 943 2127 991 propositiones,
2164 957 2264 993 quae
2297 958 2366 994 per
2395 958 2459 983 eas
2476 946 2519 967 *²²

1442 994 1688 1042 probantur);
1719 1002 1756 1031 et
1783 995 1919 1032 iterum
1950 1008 1996 1033 ex
2014 997 2235 1046 notioribus,
2263 1006 2299 1036 et
2316 997 2517 1048 prioribus,

1444 1055 1481 1083 et
1509 1047 1631 1084 causis
1660 1048 1925 1086 conclusionis.

1503 1112 1560 1137 ιι.
1584 1101 1782 1148 Secundo,
1811 1101 1881 1138 ibi:
1909 1102 1971 1139 Sic
1998 1103 2097 1140 enim
2117 1110 2228 1141 erunt
2259 1112 2342 1151 etc.,
2365 1112 2519 1142 excusat

1443 1165 1483 1190 se
1504 1154 1552 1190 ab
1573 1154 1765 1191 additione
1785 1155 1935 1192 alterius
1955 1156 2172 1206 particulae,
2189 1170 2289 1206 quae
2312 1158 2518 1195 videbatur

1444 1207 1721 1255 apponenda*:
1749 1209 1855 1256 quod
1884 1209 2023 1246 scilicet
2052 1210 2324 1248 demonstratio
2355 1224 2400 1248 ex
2427 1224 2515 1260 pro-

1442 1260 1532 1308 priis
1559 1260 1751 1310 principiis
1784 1262 2020 1310 procederet.
2057 1263 2135 1300 Sed
2169 1264 2250 1312 ipse
2285 1264 2374 1301 dicit
2409 1265 2515 1313 quod

1442 1314 1518 1349 hoc
1545 1313 1758 1362 intelligitur
1784 1327 1853 1363 per
1891 1327 1950 1362 ea,
1980 1328 2078 1364 quae
2114 1317 2248 1354 dicta*
2277 1325 2374 1354 sunt.
2409 1319 2514 1355 Nam

1443 1366 1505 1402 si*
1523 1367 1803 1415 propositiones
1820 1368 2152 1407 demonstrationis
2172 1378 2258 1407 sunt
2274 1383 2411 1408 causae
2427 1383 2516 1408 con-

1443 1420 1632 1467 clusionis,
1662 1433 1817 1458 necesse
1847 1430 1903 1459 est
1931 1423 2036 1470 quod
2065 1423 2137 1460 sint
2154 1424 2309 1473 propria
2331 1424 2516 1473 principia

1444 1472 1539 1509 eius:
1569 1481 1719 1521 oportet
1754 1474 1857 1512 enim
1891 1488 2024 1513 causas
2053 1489 2135 1513 esse
2158 1478 2177 1498 *
2208 1477 2515 1527 proportionatas

1442 1525 1639 1562 effectibus
1661 1527 1690 1563 ‘¹².
1999 1547 2003 1549 ·

1502 1590 1559 1616 12.
1580 1579 1730 1626 Tertio,
1751 1579 1820 1616 ibi:
1841 1580 2094 1630 Syllogismus
2117 1583 2265 1630 quidem
2287 1590 2369 1629 etc.,
2395 1583 2515 1620 mani-

1441 1632 1550 1669 festat
1562 1633 1797 1681 praemissae
1811 1634 1832 1654 *
1847 1635 2141 1682 consequentiae
2161 1636 2438 1683 necessitatem,
2460 1635 2514 1673 di—

1442 1698 1531 1722 cens
1568 1686 1675 1734 quod
1702 1686 1788 1723 licet
1822 1687 2063 1735 syllogismus
2096 1701 2175 1725 non
2208 1689 2373 1737 requirat
2405 1701 2515 1738 prae·-

1441 1738 1576 1776 missas
1597 1740 1617 1760 *
1637 1739 1873 1777 conditiones
1893 1740 1931 1777 in
1949 1741 2289 1790 propositionibus,
2311 1755 2358 1779 ex
2377 1742 2515 1792 quibus
2542 1757 2553 1769 ·
2568 1763 2596 1780 o:
2607 1757 2759 1786 praestem.

1439 1792 1622 1842 procedit,
1649 1793 1802 1841 requirit
1829 1802 1960 1831 tamen
1989 1807 2052 1831 eas
2087 1795 2382 1833 demonstratio:
2412 1796 2517 1834 aliter

1442 1845 1544 1883 enim
1572 1859 1652 1883 non
1680 1847 1819 1883 faceret
1846 1846 2054 1885 scientiam.

1501 1901 1558 1936 13.
1579 1899 1729 1937 Deinde
1763 1913 1851 1937 cum
1872 1900 1974 1937 dicit:
2003 1902 2141 1939 Verum
2161 1902 2309 1950 quidem
2330 1909 2412 1949 etc.,
2433 1914 2515 1939 ma·
2713 1940 2716 1943 Δ

1440 1952 1588 1989 nifestat
1618 1953 1783 2002 positam
1801 1954 1821 1975 *
1840 1953 2114 2002 definitionem,
2134 1955 2379 1992 manifestans
2400 1955 2514 1993 etiam
2542 1969 2758 1997 ammonem,-

1440 2006 1545 2054 quod
1573 2006 1793 2043 immediate
1823 2007 1977 2054 dixerat,
1995 2008 2133 2045 scilicet
2160 2008 2266 2056 quod
2285 2008 2355 2045 nisi
2373 2009 2514 2058 *prae·
2541 2001 2558 2036 2‘
2559 1996 2755 2048 12:323&erss

1440 2060 1578 2096 missae
1600 2060 1836 2097 conditiones
1857 2061 2169 2098 demonstrationi
2188 2062 2375 2108 adessent,
2395 2061 2514 2100 scien-

1440 2113 1531 2150 tiam
1547 2114 1670 2150 facere
1686 2126 1764 2150 non
1774 2122 1903 2163 posset
1916 2115 1945 2151 *.
1965 2115 2095 2152 Primo
2111 2127 2214 2163 erg0,
2235 2115 2399 2152 ostendit
2407 2115 2514 2163 quod
2541 2130 2633 2153 ‘eodm
2645 2137 2689 2153 -.η
2699 2137 2757 2160 ρο»

2544 480 2553 490 ·“
2564 485 2591 500 o:
2604 480 2742 506 praemissa
2748 496 2757 507 ,

2545 511 2636 532 nempe.
2644 506 2760 528 definitio-

2544 538 2573 553 ne
2588 539 2616 553 ex
2630 532 2683 554 fine.

2544 693 2552 701 ·
2565 697 2608 712 n:
2623 692 2648 713 et
2658 691 2755 719 primis.

2544 907 2555 918 ⁵
2569 912 2615 928 ao:
2637 907 2661 928 in
2682 913 2758 935 quan-

2546 935 2592 954 tum
2609 934 2716 955 sciuntur
2729 934 2762 956 st*—

2545 966 2575 980 ne
2608 959 2685 982 medio
2717 960 2759 982 de-

2545 988 2630 1007 monet.

2546 1014 2555 1022 '¹
2566 1018 2592 1034 1³:
2608 1012 2672 1034 tuas.

2545 1039 2566 1050 '¹
2577 1045 2604 1061 n:
2619 1039 2692 1061 αἰίαε.

2545 1225 2594 1272 ἑῶυ
2610 1230 2664 1248 eus
2672 1225 2762 1248 adden·

2542 1330 2554 1342 ⁶
2563 1335 2588 1352 a:
2600 1329 2692 1358 posita.
2716 1341 2720 1349 ·

2544 1388 2553 1396 ·
2562 1386 2652 1409 Codd.-
2659 1393 2682 1410 n
2691 1387 2759 1416 quic.

2544 1494 2553 1503 ·
2560 1493 2756 1521 Codri-(exea).-

2544 1526 2569 1542 νε
2586 1526 2639 1551 esse
2653 1526 2759 1547 causae,-

2543 1553 2558 1568 1.
2572 1550 2649 1569 omitt.
2667 1553 2758 1569 cauas

2543 1579 2606 1595 eue-

2543 1599 2592 1646 ἱππ
2607 1599 2659 1621 suls
2673 1599 2759 1628 effecu-

2557 1631 2595 1648 tu.

2543 1652 2553 1662 ·
2563 1657 2582 1674 t:
2593 1652 2743 1680 praedictae.

1440 2179 1593 2216 semper
1619 2167 1791 2216 procedit
1811 2180 1856 2204 ex
1875 2167 1972 2204 veris
2001 2168 2051 2205 ad
2078 2169 2154 2205 hoc
2186 2168 2292 2217 quod
2316 2168 2513 2207 scientiam
2541 2159 2602 2180 ’ω’

1440 2220 1567 2257 faciat:
1588 2220 1677 2269 quia
1705 2221 1811 2269 quod
1839 2234 1918 2258 non
1947 2229 2028 2268 est,
2045 2234 2124 2259 non
2157 2229 2214 2258 est
2236 2221 2333 2263 ,scire
2352 2223 2388 2268 *;
2418 2221 2513 2259 sicut
2540 2236 2754 2260 ὀοαψ-ηκοκ
2781 2269 2785 2272 ι

1440 2273 1670 2311 diametrum
1704 2286 1787 2311 esse
1821 2283 2096 2323 symmetrum,
2134 2275 2232 2325 idest
2265 2287 2508 2313 commensu-
2539 2263 2673 2318 &5¹:512
2691 2265 2756 2286 “m

1440 2327 1598 2364 rabilem
1626 2327 1731 2364 lateri
1748 2328 1767 2349 *
1786 2328 1959 2376 quadrati
1979 2328 2176 2375 (dicuntur
2199 2327 2303 2365 enim
2323 2327 2509 2376 quantita·
2538 2344 2554 2392 L
2556 2343 2633 2392 3301.
2641 2345 2756 2392 βιῶ..)

1438 2389 1494 2418 tes
1523 2381 1939 2428 incommensurabiles,
1960 2394 2123 2430 quarum
2144 2394 2223 2419 non
2249 2389 2374 2431 potest
2393 2381 2512 2431 accipi

1439 2434 1563 2483 aliqua
1592 2447 1772 2471 mensura
1806 2435 2044 2481 communis;
2074 2443 2110 2472 et
2137 2435 2358 2472 huiusmodi
2390 2447 2510 2484 quan-

1438 2488 1559 2525 titates
1588 2495 1694 2535 sunt,
1724 2500 1887 2537 quarum
1916 2501 1996 2526 non
2024 2497 2079 2526 est
2111 2488 2309 2538 proportio
2338 2488 2388 2526 ad
2415 2487 2510 2526 invi-

2538 2396 2610 2425 Merg.
2616 2403 2655 2418 nu:
2662 2398 2755 2423 costae,-

2538 2429 2564 2446 οε
2579 2423 2614 2446 ad
2626 2425 2715 2446 cotem.

1435 2630 1515 2655 modo
1534 2634 1621 2663 potest
1644 2629 1723 2663 accipi
1748 2629 1867 2655 absolute
1886 2629 2032 2654 secundum
2052 2630 2124 2662 quod
2149 2634 2188 2654 est
2206 2633 2278 2654 setus
2298 2629 2464 2662 intelligentis
2483 2630 2510 2655 in

1435 2665 1522 2689 animo
1541 2664 1662 2696 existens,
1677 2673 1728 2690 non
1748 2665 1821 2698 quasi
1841 2669 1929 2689 motus
1945 2672 1975 2690 ex
1988 2664 2139 2697 praemissis
2154 2665 2186 2689 ad
2201 2665 2404 2696 conclusionem,
2420 2666 2466 2690 sed
2480 2670 2511 2691 ut

1435 2700 1461 2724 in
1480 2700 1650 2733 possessione
1669 2700 1844 2725 conclusionis
1859 2700 1998 2733 quiescens
2019 2699 2068 2732 (Cf.
2083 2700 2140 2724 lect.
2151 2707 2168 2729 r,
2184 2708 2209 2725 n.
2223 2707 2254 2732 4,
2270 2705 2322 2725 not.
2336 2708 2366 2734 γ,
2386 2706 2411 2726 et
2429 2708 2509 2733 supra

1436 2740 1489 2760 not.
1502 2735 1538 2768 η).
1558 2735 1590 2760 Et
1609 2735 1657 2760 hoc
1677 2743 1756 2760 sensu
1776 2740 1910 2768 acceptum
1929 2735 1997 2760 scire
2014 2740 2102 2768 potest
2121 2734 2219 2760 definiri
2237 2734 2386 2761 definitione
2405 2736 2510 2769 proprie

1436 2771 1509 2802 dicta,
1529 2775 1554 2795 et
1568 2778 1647 2804 supra
1661 2769 1795 2795 definitum
1815 2776 1866 2796 est:
1887 2770 1963 2796 Scire
1978 2773 2018 2795 est
2031 2778 2138 2795 causam
2158 2771 2200 2795 rei
2212 2778 2383 2804 cognoscere,
2403 2774 2430 2796 et
2444 2778 2508 2804 quo-

1436 2806 1507 2831 niam
1528 2805 1599 2831 illius
1617 2809 1657 2831 est
1674 2813 1763 2834 causa,
1783 2809 1810 2831 et
1828 2813 1880 2831 non
1899 2805 2031 2839 contingit
2049 2806 2130 2831 aliter
2146 2813 2174 2831 se
2192 2806 2293 2832 habere
2309 2805 2358 2842 (Cf.
2373 2807 2477 2832 Domin.
2492 2814 2508 2832 ι

1435 2841 1455 2866 F
1457 2841 1554 2866 landria
1568 2841 1593 2866 in
1609 2841 1618 2866 l
1633 2841 1786 2871 Posterior„
1802 2849 1847 2874 qu.
1865 2849 1924 2872 vni,
1944 2841 2015 2866 artic.
2036 2840 2071 2875 2).

1489 2876 1515 2909 ο)
1535 2876 1643 2902 Scilicet
1660 2877 1732 2910 quod
1750 2884 1802 2902 non
1821 2877 1962 2910 contingat
1979 2877 2059 2902 aliter
2080 2883 2109 2902 se
2126 2876 2232 2902 habere.
2252 2877 2323 2902 Haec
2341 2877 2422 2902 verba
2436 2877 2504 2903 desi-

1435 2912 1556 2937 derantur
1573 2912 1598 2937 in
1618 2912 1658 2937 ed.
1679 2912 1765 2943 Piana,
1778 2917 1803 2937 et
1821 2912 1979 2937 restituimus
1999 2920 2028 2937 ex
2054 2913 2176 2938 omnibus
2196 2912 2341 2938 codicibus:
2365 2917 2509 2938 consonant

1434 2947 1503 2972 enim
1523 2947 1605 2979 magis
1624 2947 1702 2972 textui
1720 2947 1865 2979 Aristoteli,
1893 2953 1918 2973 et
1936 2955 1951 2973 a
1970 2955 1991 2972 s.
2010 2947 2113 2973 ‘thoma
2131 2948 2259 2973 adduntur
2277 2948 2308 2973 ad
2327 2948 2507 2982 explicandum

1435 2982 1497 3015 quid
1511 2983 1544 3007 sit
1558 2983 1686 3008 obiectum
1702 2983 1878 3008 necessarium
1892 2983 1924 3008 ad
1934 2983 2066 3008 scientiam
2082 2983 2243 3016 requisitum.
2258 2983 2295 3008 Ea
2310 2983 2416 3017 insuper
2429 2983 2508 3009 habet

1435 3018 1586 3043 Dominicus
1601 3026 1615 3043 a
1629 3018 1747 3043 Flandria
1764 3016 1827 3052 (Op.
1842 3023 1868 3043 et
1882 3019 1930 3044 loc.
1946 3026 2018 3052 prox.
2033 3018 2095 3052 cin),
2115 3019 2189 3044 cuius
2202 3023 2358 3044 consuetum
2374 3024 2415 3044 eet
2426 3018 2507 3044 verbo

1434 3053 1491 3086 ipsa
1509 3061 1531 3079 s.
1545 3053 1664 3079 'l'homae
1683 3062 1818 3087 usurpare,
1837 3059 1892 3079 tum
1912 3054 1938 3079 in
1957 3055 2111 3080 declarando
2129 3054 2277 3086 Aristotele,
2297 3058 2352 3079 tum
2366 3054 2507 3088 praecipue

1410 3097 1414 3100 ·
1434 3089 1460 3114 in
1479 3090 1631 3122 exponenda
1648 3089 1764 3121 Angelici
1784 3090 1908 3115 doctrina.

1487 3125 1516 3158 π)
1538 3125 1640 3158 Desinit
1662 3125 1847 3159 syllogismum
1873 3125 2112 3151 demonstrativum
2133 3132 2186 3158 per
2209 3125 2436 3158 comparationem
2453 3124 2505 3150 etc.

1433 3159 1626 3185 Demonstratio
1639 3168 1691 3185 non
1704 3165 1744 3186 est
1762 3159 1906 3194 proprietas
1925 3161 1962 3186 rei
1981 3161 2067 3192 scitae,
2082 3161 2129 3186 sed
2148 3165 2188 3186 est
2205 3160 2407 3186 instrumentum
2422 3159 2503 3186 noeto

1433 3195 1587 3226 intellectus,
1610 3195 1636 3220 in
1655 3195 1783 3229 praesenti
1803 3196 1966 3221 conditione:
1989 3203 2031 3221 res
2050 3195 2119 3221 enim
2139 3201 2200 3221 sunt
2217 3203 2265 3230 per
2283 3202 2312 3221 se
2330 3195 2505 3221 indistrentee

1432 3236 1462 3256 ut
1479 3231 1511 3256 ab
1526 3231 1656 3256 intellectu
1674 3236 1759 3256 creato
1778 3236 1975 3263 cognoscantur,
1995 3239 2082 3265 neque
2096 3232 2229 3264 postulant
2242 3235 2271 3256 ut
2284 3230 2371 3264 potius
2385 3229 2504 3256 discum

1433 3274 1513 3300 quam
1526 3266 1636 3299 simplici
1649 3265 1743 3292 mentis
1753 3266 1853 3297 intuitu,
1865 3267 1921 3292 sine
1933 3274 1984 3300 ope
1993 3274 2089 3300 nempe
2101 3266 2308 3297 ratiocinationis,
2321 3265 2503 3298 intelligantur.

1433 3302 1500 3327 Hinc
1524 3302 1594 3327 idem
1617 3301 1764 3333 obiectum,
1790 3302 1861 3335 quod
1885 3302 1988 3327 nonnisi
2012 3302 2204 3328 ratiocinatione
2227 3306 2255 3327 et
2278 3301 2428 3336 imperfecte
2451 3307 2503 3325 nos

1433 3337 1619 3369 contingimus,
1643 3337 1726 3370 angeli
1745 3337 1855 3370 simplici
1882 3337 1974 3363 intuitu
1998 3342 2024 3363 et
2042 3337 2156 3371 perfecte
2180 3337 2412 3371 comprehendunt.
2434 3335 2502 3366 Quia

1432 3381 1494 3405 ergo
1509 3372 1694 3398 demonstratio
1708 3378 1749 3398 est
1761 3372 1904 3398 intellectus
1923 3373 2003 3398 nostri
2023 3373 2223 3398 instrumentum
2238 3373 2270 3398 ad
2285 3371 2426 3397 discursive
2440 3377 2502 3395 eon—

1432 3408 1590 3433 cludendum
1601 3408 1625 3433 in
1636 3408 1742 3434 materia
1754 3408 1911 3440 necessaria;
1927 3413 1952 3434 et
1965 3408 2167 3434 instrumentum
2177 3412 2280 3441 oportet
2294 3413 2355 3433 etse
2366 3405 2501 3432 conforme

1431 3443 1511 3469 utenti
1531 3443 1583 3474 ἰΙΙο,
1596 3448 1622 3469 et
1636 3444 1858 3477 proportionatum
1871 3448 1926 3468 tum
1941 3443 2062 3469 materiae
2074 3443 2139 3469 cirea
2152 3450 2231 3477 quarn
2243 3446 2368 3472 vereatur,
2381 3445 2438 3466 tum
2455 3439 2500 3466 fini

1432 3479 1598 3512 assequendo
1616 3484 1722 3512 propter
1740 3486 1820 3512 quem
1839 3479 1995 3511 assumtum-3
2022 3478 2080 3504 hinc
2098 3483 2168 3504 recte
2186 3478 2330 3503 declaratur
2346 3480 2436 3501 naum
2454 3476 2499 3501 de-

1432 3514 1625 3539 monstrationis
1640 3520 1666 3539 et
1677 3514 1837 3539 conditiones
1851 3514 1906 3539 eius
1920 3514 2086 3548 assignantur
2095 3514 2192 3548 exflne
2205 3511 2311 3546 (nempe
2322 3510 2410 3546 seire),
2420 3518 2500 3544 quem

1430 3549 1574 3575 intellectus
1594 3549 1813 3575 demonstratione
1831 3555 1907 3574 utens
1926 3549 2030 3582 assequi
2051 3549 2159 3574 intendit
2177 3546 2229 3582 (Cf.
2248 3547 2360 3573 &letan-
2379 3546 2405 3572 in
2424 3546 2434 3571 l
2449 3546 2500 3572 n»—

1431 3585 1545 3614 sterior„
1559 3592 1614 3618 cap.
1626 3592 1668 3615 111,
1688 3585 1714 3618 §-
1727 3586 1770 3610 An
1789 3585 1918 3618 quaelibet
1935 3583 2087 3617 propositio
2104 3583 2247 3611 secundm
2265 3589 2294 3609 se
2311 3585 2375 3608 nota
2393 3581 2462 3616 etc.).
2481 3598 2483 3602 -
