2788 4204
63 474 72 483 ·
84 472 274 494 Commen.s.Th.

63 500 113 521 lect.
120 498 274 520 tv.-Ed.Did.

63 526 274 552 1ib.v‚cap.1v‚n.1.

63 581 72 588 '¹
81 579 188 605 Categor.
197 583 273 604 cap.111

63 607 99 630 (v)
115 605 150 625 De
165 605 273 626 substan-

63 632 105 656 tia,
117 637 138 652 n.
150 637 182 652 22.

63 660 72 667 “
84 663 118 679 αν.
127 661 148 678 et
155 657 206 678 edd.
216 657 275 678 Ven.

65 696 75 700 -
82 690 118 705 AB:
125 684 211 705 dicitur
218 689 274 704 ora-

63 711 96 731 tio
106 716 163 731 vera
172 710 209 731 vel
219 710 274 739 sal-

62 742 99 757 sa.

65 764 73 772 ·
84 768 139 784 ABG:
150 761 272 790 quomodo.

62 842 70 850 ·
81 848 108 862 o:
122 841 239 869 quoniam.

60 952 68 960 ’
79 950 153 972 Codd.
161 962 169 966 -
179 957 213 971 P.:
227 955 269 970 an-

58 977 159 1005 ditor-is.-

61 1114 68 1122 '
77 1119 118 1134 Aac
125 1112 271 1134 omittscien—

60 1139 113 1160 dum
129 1141 165 1160 est
180 1138 249 1166 quod.

159 1371 172 1396 δ

58 1482 66 1490 ·
77 1481 139 1502 Lect.
147 1484 269 1507 praec.n.3.

59 1584 68 1591 “
78 1588 92 1603 Λ
103 1589 108 1602 :
123 1581 156 1602 ad
176 1581 271 1602 audien-

59 1608 111 1629 dum
135 1607 172 1628 vel
194 1609 271 1628 atten-

58 1634 164 1655 ciendum.

57 1798 64 1806 ⁸
75 1802 129 1818 Aac:
140 1796 267 1817 intellectus

55 1823 268 1848 (internum?›me11-

55 1851 85 1870 tis
95 1851 233 1876 conceptum.

158 1959 168 1975 Ε

52 2224 60 2231 ’
67 2227 109 2244 ,mc
115 2221 265 2243 ominaliae.

54 2488 63 2497 ·
73 2486 158 2508 Oratio
165 2492 192 2507 ex
199 2485 267 2507 codd.

306 229 356 274 34

361 307 394 343 3.
416 306 560 342 Dicitur
597 313 724 342 autem
754 305 791 341 in
821 304 1083 341 enunciatione
1119 315 1201 339 esse
1229 313 1367 338 verum

304 360 366 395 vel
387 359 534 406 falsum,
557 359 651 395 sicut
669 359 706 395 in
725 359 834 407 signo
854 357 1060 394 intellectus
1084 355 1165 391 veri
1185 355 1246 391 vel
1268 354 1366 391 falsi:

305 412 372 449 sed
407 411 501 448 sicut
534 411 572 447 in
608 412 768 448 subiecto
805 417 859 446 est
891 421 1027 446 verum
1061 409 1123 444 vel
1159 408 1294 444 falsum
1329 407 1367 443 in

305 472 444 511 mente,
465 472 506 500 ut
522 464 654 500 dicitur
673 464 710 500 in
730 464 780 499 VI
810 462 1095 509 Metaphysicae
1113 461 1144 507 *⁷
1174 461 1212 497 in
1241 473 1281 496 re
1302 472 1366 496 au-

304 525 381 553 tem
397 517 491 554 sicut
522 517 559 552 in
592 529 725 553 causa:
754 515 842 564 quia
861 523 901 550 ut
930 514 1062 550 dicitur
1081 514 1118 550 in
1139 513 1233 550 libro
1253 514 1368 550 Ρναε-

304 571 598 607 dicamentorum
621 570 656 614 ³¹⁸,
684 569 730 604 ab
752 581 797 604 eo
828 567 932 615 quod
951 579 1010 603 res
1037 574 1092 603 est
1110 568 1171 603 vel
1191 579 1270 603 non
1300 574 1365 613 est,

304 623 422 660 oratio
451 634 543 659 vera
569 622 631 658 vel
660 621 752 657 falsa
781 628 835 656 est
849 620 879 657 ²¹⁶.

354 688 391 722 4.
408 675 555 711 Deinde
573 686 660 710 cum
677 673 778 710 dicit:
796 673 886 710 Non
902 670 1026 710 a‘utem
1042 673 1079 709 in
1100 673 1271 709 omnihus
1282 679 1364 719 etc„

303 728 464 765 ostendit
488 727 592 775 quod
609 728 628 748 *
647 739 716 775 per
741 727 839 763 hanc
860 725 1121 763 definitionem
1151 725 1364 762 enunciatio

303 781 426 818 differt
453 781 500 816 ab
523 780 602 816 aliis
631 779 875 816 orationibus.
898 781 946 816 Et
965 779 1120 827 quidem
1151 779 1198 816 de
1228 780 1363 816 oratio—

301 833 410 870 nibus
439 832 667 881 imperfectis
696 832 939 869 manifestum
968 839 1023 868 est
1056 832 1161 880 quod
1180 832 1199 852 ²¹²
1218 844 1296 869 non
1317 833 1363 869 si-

299 886 477 934 gnificant
495 898 631 922 verum
651 886 713 922 vel
738 886 886 944 salsum,
909 885 996 934 quia
1016 898 1104 921 cum
1124 898 1202 921 non
1228 885 1364 922 faciant

298 939 508 988 perfectum
537 951 692 975 sensum
720 938 759 974 in
788 939 916 975 animo
946 938 1130 975 audientis
1154 939 1185 985 ³¹²,
1206 939 1362 975 manife-

299 1000 398 1029 stum
428 999 483 1028 est
515 991 620 1040 quod
647 992 812 1050 perfecte
833 1004 911 1028 non
940 991 1154 1039 exprimunt
1177 968 1363 1028 iudicium

299 1045 463 1091 rationis,
490 1044 528 1081 in
557 1057 633 1104 quo
664 1045 829 1081 consistit
857 1057 993 1081 verum
1022 1045 1084 1081 vel
1118 1045 1265 1081 falsum.
1294 1045 1362 1081 His

299 1098 407 1145 igitur
422 1097 709 1146 praetermissis
730 1097 928 1134 sciendum
946 1105 1001 1134 est
1022 1097 1156 1146 quod*
1173 1098 1362 1146 perfectae

300 1151 490 1198 orationis,
512 1163 610 1199 quae
631 1151 797 1198 complet
825 1150 1061 1197 sententiam,
1083 1150 1251 1200 quinque
1277 1159 1363 1188 sunt

300 1204 455 1252 species,
476 1203 653 1241 videlicet
672 1203 935 1250 Enuneiafiva,
952 1204 1216 1252 Deprecafiva,
1239 1206 1361 1253 Impe-

300 1257 429 1303 rativa,
451 1256 721 1304 Interrogativa
750 1264 786 1292 et
809 1257 994 1293 Vocativa
1024 1258 1134 1303 (Non
1156 1264 1283 1294 tamen
1307 1258 1361 1294 in-

298 1310 543 1358 telligendum
572 1317 627 1346 est
655 1309 760 1358 quod
789 1310 913 1346 solum
942 1322 1085 1346 nomen
1113 1311 1276 1347 vocativi
1303 1323 1361 1347 ea-

299 1376 362 1400 sus
396 1363 440 1399 sit
469 1361 482 1384 ⁸
516 1362 693 1400 vocativa
732 1362 872 1399 oratio:
903 1362 990 1411 quia
1033 1370 1183 1410 oportet
1221 1363 1361 1411 aliquid

298 1416 462 1464 partium
500 1416 679 1452 orationis
717 1415 927 1463 significare
956 1415 1096 1463 aliquid
1136 1416 1359 1463 separatim,

299 1469 393 1505 sicut
421 1481 535 1517 supra
564 1469 705 1505 dictum
731 1476 786 1504 est
800 1468 836 1513 *ς
858 1468 926 1504 sed
944 1480 1014 1516 per
1032 1468 1254 1505 vocativum
1273 1481 1360 1516 pro-

297 1529 468 1567 vocatur,
490 1522 570 1558 sive
599 1521 779 1557 excitatur
798 1521 947 1558 animus
967 1521 1152 1558 audientis
1176 1521 1225 1557 ad
1245 1529 1361 1558 atten-

299 1574 468 1611 dendum
492 1575 532 1619 *;
567 1586 646 1610 non
679 1581 806 1610 autem
841 1581 896 1610 est
927 1574 1105 1611 vocativa
1141 1574 1261 1610 oratio
1291 1574 1361 1611 nisi

296 1628 405 1675 plura
434 1627 725 1674 coniungantur3
754 1634 796 1663 ut
815 1639 903 1664 cum
925 1627 1028 1675 dico,
1056 1639 1077 1663 o
1098 1628 1193 1663 hone
1219 1629 1359 1674 Petre).

298 1681 446 1717 Harum
483 1687 609 1716 autern
649 1679 865 1717 orationum
894 1681 975 1717 sola
1017 1680 1256 1717 enunciativa
1284 1689 1360 1728 est,

295 1732 334 1768 in
363 1745 438 1780 qua
456 1732 646 1770 invenitur
663 1745 801 1769 verum
819 1734 882 1770 vel
903 1734 1051 1781 falsum,
1073 1733 1161 1782 quia
1180 1734 1261 1782 ipsa
1281 1735 1362 1771 sola

296 1786 467 1822 absolute
487 1786 671 1833 significat
695 1794 922 1835 conceptum
947 1787 1156 1824 intellectus
1173 1787 1203 1835 *‚
1220 1787 1258 1823 in
1283 1800 1359 1836 quo

275 1846 351 1875 *est
374 1851 511 1875 verum
539 1840 601 1876 vel
631 1839 780 1875 falsum.

352 1893 384 1928 5.
411 1892 488 1929 Sed
523 1892 610 1941 quia
647 1892 854 1929 intellectus
887 1893 950 1929 vel
980 1893 1094 1940 ratio,
1124 1905 1202 1930 non
1235 1893 1360 1929 solum

296 1944 458 1993 concipit
472 1945 510 1981 in
530 1945 655 1993 seipso
670 1945 869 1982 veritatem
886 1945 937 1982 rei
953 1953 1100 1983 tanturn
1115 1952 1136 1992 ⁸,
1159 1946 1227 1983 sed
1247 1946 1360 1982 etiam

295 1998 344 2034 ad
364 1998 443 2034 eius
473 1998 643 2035 officium
671 1998 832 2046 pertinet
859 1999 1071 2035 secundum
1092 2012 1205 2036 suum
1227 2012 1360 2036 conce-

293 2058 402 2099 ptum
431 2051 503 2087 alia
536 2052 694 2099 dirigere
719 2058 756 2087 et
779 2051 971 2096 ordinare;
997 2052 1084 2089 ideo
1114 2065 1270 2089 necesse
1295 2053 1363 2090 fuit

295 2103 400 2151 quod
428 2104 523 2140 sicut
540 2117 610 2153 per
638 2104 918 2142 enunciativam
939 2105 1151 2142 orationem
1176 2105 1360 2154 significa-

294 2164 354 2193 tur
371 2157 452 2205 ipse
472 2157 609 2194 mentis
630 2165 847 2205 conceptus,
864 2157 914 2194 ita
935 2158 1047 2195 etiam
1068 2166 1194 2195 essent
1212 2159 1360 2208 aliquae

294 2209 388 2246 aliae
404 2210 423 2229 ⁶
440 2210 629 2247 orationes
649 2210 902 2258 significantes
922 2211 1097 2249 ordinem
1117 2212 1282 2260 rationis,
1304 2225 1360 2249 se-

295 2263 464 2299 cundum
485 2275 600 2311 quam
630 2263 701 2300 alia
721 2262 940 2311 diriguntur.
962 2264 1141 2312 Dirigitur
1166 2273 1294 2302 autem
1315 2278 1361 2303 ex

295 2315 439 2352 ratione
458 2316 569 2353 unius
589 2315 755 2353 hominis
784 2317 877 2353 alius
905 2317 1025 2354 homo
1044 2317 1100 2354 ad
1127 2318 1213 2355 tria:
1234 2318 1359 2367 primo

296 2368 464 2417 quidem,
476 2369 525 2406 ad
544 2369 817 2406 attendendum
834 2377 978 2415 mente;
996 2378 1032 2407 et
1051 2370 1098 2408 ad
1114 2372 1189 2407 hoc
1199 2372 1361 2420 pertinet

295 2422 466 2458 vocativa
487 2423 625 2459 oratio:
651 2422 894 2470 seeund0,ad
914 2424 1226 2471 respondendum
1243 2438 1359 2472 voce3

297 2482 333 2511 et
353 2474 401 2511 ad
419 2475 494 2511 hoe
513 2475 674 2523 pertinet
692 2475 812 2512 oratio
837 2476 1138 2525 interrogativa*
1150 2490 1158 2513 :
1179 2478 1299 2525 tertio,
1312 2479 1361 2516 ad

298 2527 565 2576 exequendum
594 2528 632 2564 in
661 2540 795 2576 opere;
817 2536 853 2564 et
882 2529 930 2565 ad
953 2529 1027 2565 hoc
1055 2530 1216 2577 pertinet
1244 2544 1362 2580 quan-

298 2677 312 2692 »
328 2668 414 2700 gratia,
429 2672 457 2691 ut
471 2666 668 2691 ratiocinationis
683 2674 743 2699 pars
757 2668 930 2700 praeponitur,
940 2669 1090 2700 propositio
1103 2675 1217 2700 vocatur,
1237 2671 1360 2703 quoniam

298 2713 312 2727 ι
328 2708 446 2728 constare
465 2702 682 2727 ratiocinationem
697 2710 727 2727 ex
743 2702 842 2727 duabus
858 2704 1079 2736 propositionibus
1094 2705 1247 2730 arbitramur
1258 2715 1271 2729 x
1287 2704 1361 2738 (Phi-

298 2740 386 2771 lopon.
401 2738 552 2766 ἱηΙΡν-ἱονυ
568 2745 623 2770 cap.
634 2745 660 2767 11
672 2737 783 2763 col.18.-
792 2738 830 2763 Cf.
846 2746 868 2763 c.
880 2746 896 2768 1,
908 2739 957 2763 col.
972 2746 1029 2764 10.-
1041 2739 1106 2764 Ven.
1118 2739 1204 2774 1560).
1218 2741 1291 2770 Quae
1301 2749 1361 2766 cum

298 2775 332 2799 ita
346 2774 404 2802 sint,
414 2773 547 2797 vocabulis
560 2773 711 2798 enunciatio
721 2778 746 2797 et
755 2774 905 2805 propositio
921 2774 1070 2806 promiscue
1084 2779 1190 2799 utuntur
1200 2775 1360 2808 philosophi.

349 2808 375 2843 δ)
395 2809 496 2833 Nomen
516 2808 631 2833 vocativi
642 2815 719 2833 casus
730 2808 766 2834 sit
785 2814 831 2833 etc.
845 2823 856 2827 -
870 2809 960 2834 Codd.:
976 2817 1068 2834 nomen
1084 2810 1198 2835 vocativi
1211 2818 1287 2836 casus
1297 2819 1362 2843 pro—

296 2845 380 2869 latum
394 2844 429 2869 sit
448 2844 613 2876 eto—Supra
627 2844 693 2868 ΑΒΕ
708 2844 809 2875 legunt:
825 2851 876 2869 non
895 2845 964 2869 enim
980 2845 1179 2878 intelligendum
1199 2849 1252 2871 est.-
1270 2851 1296 2872 ετ
1309 2854 1363 2870 non

297 2880 371 2905 datur
390 2887 404 2906 a
423 2887 444 2903 s.
459 2879 561 2903 Thoma
576 2878 640 2904 ratio
654 2886 734 2911 quare
749 2880 814 2904 inter
833 2880 932 2912 species
951 2880 1074 2904 orationis
1094 2880 1221 2913 perfectae
1235 2881 1268 2905 sit
1282 2882 1362 2906 adnu-

297 2915 419 2939 meranda
428 2914 555 2943 vocativa;
571 2914 616 2939 sed
631 2914 770 2946 explicatur
785 2915 889 2947 quando
903 2915 1027 2940 habeatur
1045 2916 1128 2940 oratio
1145 2916 1268 2941 vocativa.
1289 2917 1363 2941 Unde

305 2950 369 2974 ectio
384 2950 425 2981 P.‚
447 2957 498 2974 non
509 2953 610 2979 tamen,
632 2954 672 2974 est
694 2950 838 2981 retinenda,
855 2958 922 2983 quae
947 2955 987 2975 est
1011 2950 1088 2975 etiam
1112 2951 1221 2976 aliorum
1245 2952 1319 2977 codd.
1339 2956 1364 2976 et

1057 226 1175 261 PERI
1205 223 1551 260 HERMENEIAS
1591 225 1684 261 LIB.
1716 226 1729 261 1

1422 309 1503 338 tum
1524 302 1572 339 ad
1592 302 1786 340 inferiores
1807 305 1927 341 oratio
1948 305 2189 353 imperativa;
2209 311 2393 353 quantum
2423 316 2487 340 au-

1422 362 1499 391 tem
1529 355 1578 392 ad
1606 356 1820 404 superiores
1855 358 1975 394 oratio
2009 358 2261 406 deprecativa,
2288 357 2336 393 ad
2371 369 2487 405 quam

1423 408 1613 445 reducitur
1631 409 1651 429 *
1670 410 1790 446 oratio
1811 411 1992 459 optativa:
2013 411 2100 459 quia
2121 418 2294 459 respectu
2318 409 2486 458 superio-

1422 460 1482 507 ris,
1504 461 1623 498 homo
1653 475 1731 499 non
1759 463 1873 500 habet
1900 463 1980 500 vim
2009 463 2211 510 motivam,
2239 463 2309 500 nisi
2336 475 2406 512 per
2425 475 2486 499 ex-

1421 515 1658 562 pressionem
1678 515 1735 551 sui
1756 516 1941 554 desiderii.
1961 516 2062 563 Quia
2081 517 2190 564 igitur
2209 517 2300 554 istae
2326 523 2488 565 quatuor

1422 567 1601 604 orationis
1621 568 1765 616 species
1785 581 1863 606 non
1883 569 2093 617 significant
2111 569 2237 618 ipsum
2259 577 2486 617 conceptum

1421 620 1641 666 intellectus,
1658 621 1696 657 in
1712 634 1788 670 quo
1806 629 1861 658 est
1874 635 2011 659 verum
2027 623 2089 659 vel
2109 623 2257 670 falsum,
2270 624 2338 660 sed
2353 634 2486 670 quem-

1422 673 1510 709 dam
1527 673 1702 710 ordinem
1717 674 1766 710 ad
1780 675 1855 711 hoc
1871 683 2188 724 consequentem;
2205 676 2292 713 inde
2309 682 2364 713 est
2381 675 2486 723 quod

1420 725 1458 762 in
1478 727 1580 762 nulla
1603 736 1746 763 earum'
1761 727 1951 764 invenitur
1977 740 2114 764 verum
2142 729 2204 765 vel
2234 730 2391 776 falsum,
2418 728 2486 765 sed

1420 779 1545 815 solum
1561 779 1598 815 in
1615 780 1864 826 enunciativa‚
1882 793 1980 829 quae
1996 780 2180 828 significat
2197 781 2236 818 id
2252 782 2357 830 quod
2375 793 2486 818 mens

1421 832 1468 868 de
1484 832 1597 868 rebus
1619 832 1781 880 concipit
1800 831 1824 869 ζ.
1847 834 1896 869 Et
1914 833 2002 870 inde
2023 841 2079 869 est
2098 834 2203 882 quod
2222 847 2358 871 omnes
2377 834 2484 871 modi

1420 885 1647 931 orationum,
1669 885 1706 921 in
1727 885 1864 934 quibus
1883 886 2073 923 invenitur
2091 899 2229 923 verum
2248 888 2310 924 vel
2335 888 2483 933 falsum,

1419 939 1489 974 sub
1524 938 1788 975 enunciatione
1818 939 2076 976 continentur:
2111 951 2227 988 quarn
2254 940 2411 989 quidam
2431 939 2484 976 di-

1420 999 1508 1028 cunt
1528 992 1766 1028 indicativam
1792 992 1854 1028 vel
1873 993 2150 1040 suppositivam.
2181 993 2400 1030 Dubitativa
2419 1004 2484 1029 au-

1418 1052 1495 1080 tem
1520 1044 1569 1081 ad
1593 1044 2122 1093 interrogativarnreducitur,
2144 1046 2238 1083 sicut
2257 1054 2294 1084 et
2315 1045 2485 1095 optativa

1418 1098 1466 1134 ad
1487 1097 1780 1145 deprecativam.

1472 1152 1507 1187 6.
1529 1150 1678 1187 Deinde
1698 1163 1786 1187 cum
1807 1151 1911 1188 dicit:
1938 1152 2118 1189 Caeterae
2135 1152 2252 1202 igitur
2270 1152 2483 1200 relinquan-

1417 1209 1479 1240 tur
1506 1211 1592 1250 etc.‚
1624 1203 1787 1240 ostendit
1825 1204 1929 1252 quod
1963 1205 2011 1242 de
2040 1205 2121 1242 sola
2155 1205 2395 1243 enunciativa
2429 1212 2485 1241 est

1418 1257 1630 1304 agendmm
1661 1264 1697 1293 et
1726 1256 1813 1293 dicit
1841 1257 1946 1305 quod
1979 1258 2073 1295 aliae
2106 1267 2270 1307 quatuor
2304 1257 2484 1295 orationis

1417 1309 1562 1357 species
1591 1317 1678 1346 sunt
1705 1309 1996 1358 relinquendae,
2027 1320 2213 1359 quantum
2245 1311 2407 1360 pertinet
2434 1311 2483 1348 ad

1415 1369 1657 1411 praesentem
1676 1363 1943 1400 intentionem:
1964 1363 2053 1413 quia
2072 1377 2205 1402 earum
2231 1364 2482 1401 consideratio

1418 1415 1704 1452 convenientior
1737 1423 1793 1452 est
1826 1417 2034 1454 rhetoricae
2066 1418 2128 1454 vel
2161 1418 2333 1467 poeticae
2364 1417 2482 1454 scien-

1415 1469 1500 1505 tiae.
1519 1468 1596 1504 Sed
1615 1468 1855 1505 enunciativa
1869 1471 1889 1489 ⁴*
1906 1470 2025 1507 oratio
2044 1471 2253 1518 praesentis
2268 1470 2482 1508 considera-

1416 1521 1557 1558 tionis*
1579 1528 1644 1557 est.
1662 1521 1780 1558 Cuius
1796 1521 1889 1558 ratio
1910 1530 1976 1569 est,
1994 1523 2082 1572 quia
2101 1523 2353 1561 consideratio
2369 1523 2482 1560 huius

1417 1574 1499 1611 libri
1529 1573 1669 1610 directe
1698 1574 1892 1611 ordinatur
1915 1575 1965 1612 ad
1993 1576 2189 1613 scientiam
2219 1576 2481 1614 demonstrati-

2516 418 2524 426 ·
2534 422 2600 439 Anco:
2610 418 2680 440 etiam
2688 424 2727 440 re-

2515 443 2615 465 ducitur.

2511 1483 2520 1492 ·
2531 1482 2722 1506 Codd.:aeedooea

2510 1509 2668 1532 mundativa.

2510 1541 2519 1550 ·
2529 1542 2570 1562 nt:
2578 1540 2723 1563 huntionis.

1416 1640 1519 1674 vam,
1540 1627 1579 1663 in
1603 1639 1679 1675 qua
1707 1627 1857 1664 animus
1884 1628 2051 1665 hominis
2069 1641 2139 1677 per
2158 1629 2345 1666 rationem
2373 1628 2482 1666 indu·
2522 1629 2527 1635 '

1417 1680 1511 1716 citur
1538 1680 1587 1717 ad
1621 1680 1935 1717 consentiendum
1964 1694 2058 1718 vero
2089 1694 2134 1718 ex
2168 1682 2226 1719 his
2263 1694 2362 1731 quae
2397 1689 2484 1719 sunt

1415 1733 1569 1782 propria
1597 1734 1671 1779 rei;
1698 1741 1734 1770 et
1752 1734 1839 1770 ideo
1860 1734 2140 1772 demonstrator
2155 1735 2175 1755 ⁴*
2195 1747 2273 1772 non
2291 1735 2407 1772 utitur
2434 1734 2484 1772 ad

1416 1799 1529 1823 suurn
1558 1787 1677 1824 finem
1706 1786 1776 1823 nisi
1801 1787 2048 1825 enunciativis
2077 1788 2322 1835 orationibus,
2343 1787 2483 1836 signifi-

1417 1840 1587 1876 cantibus
1616 1852 1675 1876 res
1710 1840 1922 1877 secundum
1951 1841 2056 1890 quod
2091 1853 2223 1878 earum
2255 1841 2394 1878 veritas
2427 1848 2484 1878 est

1415 1893 1453 1930 in
1477 1892 1615 1929 anima.
1647 1893 1725 1930 Sed
1755 1893 1883 1930 rhetor
1912 1901 1949 1930 et
1979 1898 2093 1942 poeta
2116 1894 2300 1931 inducunt
2317 1894 2338 1915 *
2357 1894 2406 1931 ad
2425 1906 2483 1931 as—

1416 1946 1656 1983 sentiendum
1677 1946 1711 1983 ei
1740 1946 1845 1994 quod
1864 1946 2074 1994 intendunt,
2095 1959 2173 1984 non
2197 1948 2323 1984 solum
2347 1959 2417 1996 per
2436 1959 2482 1984 ea

1417 2011 1515 2048 quae
1535 2006 1621 2036 sunt
1638 1999 1794 2048 propria
1813 1999 1877 2046 rei,
1899 1999 1967 2037 sed
1996 1999 2109 2036 etiarn
2128 2012 2198 2048 per
2217 2000 2482 2050 dispositiones

1416 2052 1618 2089 audientis.>
1657 2050 1768 2089 Unde
1806 2053 1976 2089 rhetores
2013 2059 2050 2089 et
2085 2057 2222 2101 po‘e'tae
2255 2053 2482 2102 plerumque

1416 2118 1575 2143 movere
1604 2105 1795 2142 auditores
1823 2105 1992 2142 nituntur
2015 2106 2035 2125 ⁵
2062 2105 2314 2154 provocando
2343 2118 2411 2142 eos
2433 2105 2484 2143 ad

1416 2159 1560 2208 aliquas
1579 2158 1787 2207 passiones,
1803 2166 1845 2195 ut
1859 2158 2115 2207 Philosophus
2135 2158 2224 2195 dicit
2241 2158 2280 2195 in
2298 2171 2367 2196 sua
2382 2159 2483 2196 Rhe-

1415 2212 1543 2249 torica.
1566 2213 1615 2249 Et
1641 2211 1729 2249 ideo
1769 2211 2019 2248 consideratio
2049 2211 2234 2248 dictarum
2269 2211 2484 2260 specierum

1416 2265 1616 2312 orationis,
1655 2277 1753 2314 quae
1785 2265 1946 2313 pertinet
1972 2265 1993 2285 '¹‘
2025 2265 2074 2301 ad
2106 2264 2386 2302 ordinationem
2419 2277 2484 2302 au-

1416 2318 1550 2356 dientis
1578 2318 1617 2354 in
1645 2317 1806 2367 aliquid,
1842 2317 1940 2354 cadit
1973 2317 2126 2366 proprie
2160 2317 2231 2355 sub
2270 2317 2484 2356 considera-

1415 2372 1518 2408 tione
1547 2370 1756 2408 rhetoricae
1788 2371 1850 2407 vel
1882 2370 2074 2419 poeticae,
2109 2370 2254 2408 ratione
2282 2370 2340 2408 sui
2374 2370 2484 2419 signi-

1417 2424 1539 2469 ficati;
1570 2424 1619 2461 ad
1648 2423 1992 2460 considerationem
2025 2431 2154 2461 autem
2187 2423 2422 2472 grammatici
2447 2424 2483 2471 ⁸,

1417 2484 1531 2527 prout
1566 2477 1825 2514 consideratur
1856 2476 1895 2513 in
1929 2476 1983 2513 eis
2016 2489 2183 2525 congrua
2215 2489 2360 2514 vocum
2395 2489 2484 2514 con·

1420 2538 1585 2568 structio.

1415 2671 1533 2695 omnium
1552 2671 1610 2695 edd.
1625 2670 1723 2694 Ven.-
1736 2669 1803 2693 Infra
1821 2668 1895 2692 codd.
1914 2668 1957 2692 BC
1976 2667 2078 2699 legunt·
2097 2668 2160 2700 quia
2178 2670 2283 2700 oportet
2300 2667 2403 2700 aliquid
2415 2675 2483 2700 par

1416 2706 1481 2731 tium
1500 2705 1653 2738 significare
1670 2704 1823 2736 separatim.

1469 2740 1491 2775 ε)
1516 2740 1636 2772 Concipit
1664 2740 1689 2764 in
1713 2739 1799 2771 seipso
1823 2737 1962 2763 veritatem
1988 2737 2027 2762 rei
2051 2740 2164 2762 tantum.
2190 2738 2350 2762 Adverbium
2379 2741 2483 2764 tantum

1417 2777 1491 2800 deest
1515 2776 1540 2800 in
1559 2775 1634 2800 codd.
1659 2782 1760 2799 necnon
1784 2774 1810 2798 in
1832 2773 1932 2798 Veneta
1951 2772 2062 2797 editione
2080 2780 2094 2798 c
2113 2778 2138 2797 et
2162 2773 2241 2798 altera
2260 2772 2484 2798 Venet.1526.-

1417 2811 1483 2836 Illud
1501 2810 1597 2835 habent
1615 2810 1672 2834 edd.
1692 2810 1808 2834 Venetae
1821 2809 1863 2838 ab,
1884 2815 1950 2840 quas
1970 2808 2088 2840 sequitur
2108 2808 2221 2833 Pianm-
2233 2809 2333 2834 Revera
2352 2813 2413 2842 post
2431 2816 2483 2834 ηοη

1416 2847 1514 2875 solum,
1535 2845 1685 2870 adverbium
1705 2848 1808 2870 tantum
1828 2844 1972 2869 redundare
1989 2843 2100 2868 videtur.

1470 2880 1496 2914 ζ)
1518 2881 1592 2911 Quae
1610 2880 1743 2913 significat
1762 2880 1790 2904 id
1808 2880 1879 2912 quod
1898 2886 1970 2904 mens
1989 2878 2022 2904 de
2040 2879 2117 2904 rebus
2139 2879 2261 2911 concipit.
2286 2879 2426 2912 Perspicua
2444 2884 2484 2904 oet

1418 2916 1480 2942 haec
1496 2916 1579 2946 lectio,
1595 2923 1674 2948 quam
1689 2923 1719 2940 ex
1738 2916 1812 2940 codd.
1829 2914 2016 2940 restituimus·
2028 2914 2119 2939 Pinna:
2139 2922 2206 2947 quae
2224 2914 2358 2948 significat
2371 2914 2400 2940 id
2412 2914 2485 2950 quod

1419 2952 1452 2977 de
1470 2951 1547 2976 rebus
1564 2951 1719 2983 concipitur.

2511 1746 2559 1794 ᾖα
2562 1788 2569 1794 ·
2575 1745 2724 1768 demonstra-

2511 1904 2520 1913 ·
2531 1903 2606 1926 Codd.
2614 1914 2626 1920 -
2635 1910 2665 1926 m:
2679 1904 2723 1927 du-

2509 1933 2571 1953 cunt.

2510 2114 2724 2163 ‘ame

2511 2165 2601 2189 ditores
2610 2167 2635 2189 fu
2644 2173 2723 2189 um.

2512 2278 2521 2287 “’
2531 2282 2587 2299 nc:
2597 2279 2695 2306 npectat.

2512 2420 2523 2435 '¹
2531 2427 2572 2444 te:
2578 2422 2724 2450 mmu-

2512 2454 2563 2471 cae.
