2788 4204
95 380 106 388 ⁹
121 378 191 400 Num.
201 384 224 406 9.

97 591 106 600 ·
121 590 185 611 Lect.
196 596 273 617 praec.

96 617 118 628 ⁴*
134 617 204 638 Num.
215 617 237 638 8.

95 755 105 766 ⁸
119 760 156 776 111:
171 754 224 775 hoc.

95 967 106 977 ⁸*
121 966 191 988 Num.
201 971 221 994 5.

96 1132 105 1141 ·
120 1129 191 1151 Num.
200 1134 222 1157 3.

97 1186 196 1218 ‘Codd.-
205 1193 225 1208 r:
235 1186 309 1214 Quae-

96 1216 164 1235 rtlur.

196 1240 211 1274 β

193 1400 210 1425 Υ

94 1427 103 1436 ·
125 1431 295 1447 autemut-uos:

111 1453 201 1479 ropria.
222 1458 256 1477 Λα
272 1452 295 1473 h.

103 1485 138 1500 ac.

95 1507 106 1517 ⁸*
121 1512 140 1527 ιι
156 1505 179 1526 si
193 1505 254 1533 quis.

96 1561 190 1586 'Codd.,
198 1558 309 1587 exc.0Q.'-

94 1595 119 1610 P:
135 1590 293 1610 convertatur.

95 1668 106 1679 ’¹
121 1668 174 1689 Hoc
187 1674 214 1689 ex
229 1667 307 1694 codd.,

95 1701 146 1716 exe.
156 1701 170 1715 n
181 1699 233 1722 etp.
243 1701 274 1716 m.
286 1701 306 1716 c.

94 1776 103 1783 ·
127 1773 196 1801 Quod
218 1775 255 1794 est
278 1780 307 1795 ex

92 1806 306 1825 ACDERLMNOQST.G

92 1827 114 1848 h.
133 1828 182 1852 lac.;
198 1834 231 1848 ri:
249 1828 305 1854 quia

93 1856 130 1875 est
142 1860 196 1874 esse
210 1854 233 1875 ei
244 1853 307 1881 quod

91 1880 148 1908 quid
162 1882 204 1901 est.
277 1907 282 1911 .

93 1911 99 1917 “
109 1913 221 1928 ευεικηοε
228 1915 233 1928 .-
240 1913 307 1934 quta,-

92 1941 106 1955 r
114 1940 159 1955 non
171 1937 240 1955 recte:
249 1934 305 1960 quia

93 1963 185 1986 autem;
204 1960 259 1981 item
276 1966 305 1981 u:

91 1988 146 2015 quia
154 1987 198 2008 hoc
204 1986 308 2015 estquod

92 2016 135 2035 est.

93 2201 102 2210 ·
117 2200 179 2221 Lect.
190 2206 212 2222 111
227 2203 249 2221 et
263 2206 295 2222 iv.

92 2314 101 2325 ’
112 2313 143 2334 Et
151 2319 199 2335 om.
210 2319 244 2335 εὶ.-
253 2313 307 2335 Hoc

94 2347 121 2361 ex
138 2340 206 2361 codd.

93 2367 102 2375 ·
111 2373 156 2388 roi:
163 2366 307 2388 demonstra-

92 2394 172 2415 tionis.

338 236 416 282 344

337 314 442 363 quod
458 315 560 351 nullo
580 313 700 351 modo
715 314 820 362 quod
835 314 926 362 quid
942 321 997 350 est
1012 312 1263 350 demonstrari
1277 312 1407 361 possit;

338 368 405 406 ibi:
441 368 609 410 Qualiter
633 368 750 417 igitur
777 368 955 415 definiens
976 369 995 389 *
1015 375 1082 403 etc.
1106 366 1216 403 Circa
1239 366 1408 415 primum

341 422 417 459 duo
438 421 540 458 facit:
561 421 699 470 primo,
716 420 857 457 inducit
876 420 1039 457 rationes
1058 419 1233 468 proprias
1251 419 1300 456 ad
1319 431 1407 468 pro-

338 474 528 525 positum;
562 474 730 511 secundo
743 503 752 521 ,
793 474 935 510 inducit
971 473 1183 521 quamdam
1221 473 1408 509 rationem

341 539 589 565 communem
611 528 660 564 ad
679 527 717 563 id
732 527 837 574 quod
852 539 952 563 nunc
970 526 1115 572 dicitur,
1132 534 1169 562 et
1184 526 1232 562 ad
1248 526 1286 562 id
1301 526 1406 574 quod

340 595 454 631 supra
472 583 491 603 ³*
512 581 653 618 dictum
674 587 745 625 est;
770 580 838 616 ibi:
863 580 926 616 Ad
946 585 1121 628 utrosque
1139 585 1266 616 autem
1278 580 1321 600 *²⁸
1337 586 1406 616 etc.

340 636 449 672 Circa
482 634 649 683 primum
685 633 761 670 duo
795 633 896 669 facit:
931 633 1075 682 primo,
1112 633 1275 670 ostendit
1302 633 1408 682 quod

339 701 417 725 non
451 694 574 736 potest
608 686 858 723 demonstrari
892 687 998 734 quod
1030 686 1122 735 quid
1156 695 1211 723 est
1238 699 1307 735 per
1334 687 1410 723 hoc

339 742 443 790 quod
472 739 676 788 accipiatur
703 739 741 776 id
762 741 782 761 *
811 740 917 789 quod
952 740 1115 790 pertinet
1142 740 1192 777 ad
1221 740 1408 778 rationem

339 796 419 832 eius
447 794 551 843 quod
580 792 671 841 quid
701 801 771 840 est;
800 795 982 840 secundo,
1013 793 1176 831 ostendit
1194 794 1301 842 quod
1329 807 1408 832 non

338 856 461 897 potest
490 847 742 884 demonstrari
774 848 879 895 quod
907 847 997 896 quid
1029 856 1084 885 est
1115 848 1227 885 huius
1255 848 1330 895 rei,
1361 861 1407 885 ex

337 903 411 938 hoc
443 901 548 948 quod
586 900 767 949 accipitur
800 902 906 950 quod
940 901 1030 950 quid
1066 910 1120 938 est
1153 902 1304 938 alterius
1333 902 1407 948 rei;

337 955 410 992 ibi:
439 955 504 991 Ex
530 955 781 1003 suppositione
809 961 934 992 autem
956 956 975 977 *
1001 963 1068 992 etc.
1100 955 1210 992 Circa
1237 955 1408 1004 primum

338 1008 413 1046 duo
443 1007 544 1045 facit:
573 1008 721 1057 primo,
746 1017 880 1046 movet
907 1009 1188 1058 quaestionem;
1218 1009 1406 1056 secundo,

335 1070 619 1109 argumentatur
638 1062 687 1100 ad
709 1063 969 1112 propositum;
998 1063 1070 1111 ibi:
1094 1064 1174 1100 Aut
1185 1063 1320 1100 iterum
1345 1075 1407 1100 ac-

335 1116 422 1164 cszit
440 1116 459 1136 *
480 1124 549 1153 etc.

390 1180 424 1205 2.
447 1168 606 1216 Quaerit
625 1170 645 1190 ²³²
672 1181 761 1216 ergo
790 1168 933 1217 prim0,
963 1177 1092 1206 utrum
1122 1168 1314 1217 contingat
1343 1169 1407 1206 de-

335 1230 547 1259 monstrare
567 1222 658 1271 quid
682 1223 731 1259 sit
752 1222 896 1271 aliquid
912 1221 930 1252 Ρ
951 1223 1157 1260 secundum
1185 1235 1294 1260 suam
1322 1224 1407 1260 sub-

334 1276 521 1322 stantiam,
544 1288 588 1313 ex
608 1275 671 1312 tali
690 1276 962 1325 suppositione,
978 1289 1048 1325 per
1067 1289 1185 1325 quam
1205 1277 1410 1326 accipiatur

335 1329 437 1378 quod
462 1330 552 1378 quid
577 1335 662 1366 erat
686 1342 765 1366 esse
792 1329 947 1366 alicuius
977 1330 1040 1376 rei,
1064 1329 1195 1366 exiliis
1225 1330 1408 1368 conditio-

336 1383 447 1420 nibus
462 1388 476 1410 ⁷
491 1395 590 1431 quae
605 1391 692 1420 sunt
710 1383 888 1432 propriae
906 1384 926 1405 *
945 1383 979 1420 ei
994 1383 1100 1432 quod
1119 1383 1211 1431 quid
1228 1391 1293 1420 est.
1310 1385 1407 1421 Puta

337 1437 367 1474 si
387 1437 518 1485 aliquis
540 1438 559 1458 ’¹‘
578 1437 715 1485 probet
734 1437 839 1485 quod
859 1437 1000 1474 animal
1020 1437 1212 1485 gressibile
1236 1437 1343 1487 bipes
1363 1438 1409 1474 sit

337 1491 442 1539 quod
461 1491 552 1539 quid
582 1498 636 1527 est
653 1490 832 1537 hominis,
854 1490 1044 1539 accipiens
1061 1503 1133 1540 pro
1153 1491 1282 1528 medio
1303 1491 1408 1540 quod

336 1545 431 1582 haec
447 1545 540 1582 ratio
563 1544 794 1582 convertitur
809 1545 829 1566 ³²
846 1557 935 1582 cum
957 1545 1127 1592 homine,
1145 1551 1181 1581 et
1197 1552 1343 1582 constat
1363 1557 1408 1582 ex

335 1611 472 1647 genere
494 1606 529 1635 et
548 1597 770 1635 differentia.
792 1599 900 1636 Haec
918 1606 1047 1636 autem
1067 1599 1149 1636 sola
1167 1598 1409 1647 requiruntur

335 1652 383 1689 ad
403 1653 478 1689 hoc
490 1653 509 1674 *
526 1652 631 1701 quod
645 1652 737 1700 quid
753 1659 820 1699 est,
837 1660 873 1689 et
891 1659 1014 1689 toturn
1040 1653 1116 1690 hoc
1137 1652 1244 1700 quod
1264 1652 1407 1690 dietum

336 1714 400 1752 est,
419 1714 474 1743 est
491 1705 691 1755 proprium
712 1705 745 1742 ei
760 1706 865 1754 quod
880 1705 971 1754 quid
988 1713 1054 1753 est,
1071 1705 1160 1754 quia
1180 1714 1235 1743 est
1248 1718 1327 1743 esse
1346 1706 1407 1754 illi,

334 1759 472 1796 scilicet
501 1759 535 1796 ei
564 1759 669 1809 quod
698 1766 754 1796 est
775 1760 794 1781 *
814 1760 920 1808 quod
949 1759 1040 1808 quid
1070 1767 1141 1796 est:
1167 1759 1275 1808 quasi
1309 1759 1409 1797 dicat

334 1813 470 1862 quod*
489 1814 565 1850 hoc
593 1813 697 1862 quod
719 1820 774 1849 est
793 1825 876 1850 esse
897 1814 1085 1850 rationem
1106 1813 1406 1861 convertibilem,

334 1880 381 1904 ex
409 1879 546 1915 genere
576 1874 612 1903 et
639 1866 859 1904 differentiis
889 1875 1140 1915 constantem,
1163 1874 1218 1904 est
1247 1867 1407 1904 omnino

333 1921 436 1958 idem
466 1921 499 1957 ei
519 1921 622 1969 quod
651 1920 743 1969 quid
773 1929 838 1957 est.

390 1976 423 2011 3.
452 1974 601 2013 Deinde
636 1987 725 2011 cum
758 1974 860 2011 dicit:
890 1974 951 2010 An
981 1973 1116 2010 iterum
1149 1974 1292 2022 accepit
1323 1981 1406 2021 etc.⁷

335 2028 462 2066 obiicit
490 2029 538 2065 ad
565 2028 799 2077 praedictam
829 2027 1093 2076 quaestionem
1120 2027 1268 2064 duabus
1298 2027 1408 2064 ratio-

333 2082 460 2128 nibus,
491 2082 694 2119 ostendens
723 2082 828 2130 quod
857 2093 935 2118 non
959 2089 1084 2130 potest
1112 2081 1214 2130 quod
1240 2081 1331 2130 quid
1356 2087 1411 2118 est

333 2135 528 2185 praedicto
557 2135 676 2173 modo
698 2134 960 2173 demonstrari.
983 2135 1159 2182 Quarum
1182 2134 1309 2183 prima
1338 2143 1404 2182 est,

334 2189 422 2239 quia
438 2189 531 2226 sicut
543 2189 743 2238 praemissi
755 2188 776 2210 *
795 2188 903 2227 modi
918 2188 1206 2226 demonstrandi
1227 2188 1408 2226 deficiunt

334 2243 372 2280 in
391 2243 466 2280 hoc
494 2243 599 2291 quod
618 2243 805 2292 accipiunt
824 2242 861 2279 id
881 2243 985 2290 quod
1004 2242 1207 2291 quaeritur,
1224 2242 1274 2279 ita
1295 2250 1350 2279 est
1369 2242 1407 2279 in

333 2297 542 2347 proposito.
559 2296 753 2346 Accipitur
772 2296 873 2333 enim
894 2303 931 2332 et
946 2297 966 2318 ’⁸²
985 2295 1023 2332 in
1042 2297 1117 2333 hoc
1133 2296 1252 2332 modo
1267 2296 1407 2344 proba-

334 2350 445 2387 tionis
466 2352 486 2372 *
506 2350 610 2399 quod
631 2350 722 2399 quid
752 2358 830 2387 erat
859 2361 957 2396 esse;
982 2357 1075 2399 puta
1104 2349 1197 2387 dum
1226 2349 1407 2399 accipitur

335 2404 439 2454 quod
459 2403 584 2442 omnis
604 2404 697 2441 ratio
718 2403 983 2450 convertibilis,
1005 2411 1182 2440 constans
1203 2415 1248 2440 ex
1267 2415 1407 2456 genere

335 2465 372 2494 et
386 2457 616 2503 differentiis,
633 2457 817 2506 significat
836 2457 940 2505 quod
955 2456 1047 2506 quid
1062 2464 1134 2494 est:
1156 2464 1192 2494 et
1211 2457 1261 2494 ita
1276 2457 1406 2494 incon-

334 2511 492 2548 veniens
513 2519 568 2548 est
586 2511 774 2560 probatio.
796 2512 963 2548 Necesse
984 2518 1040 2547 est
1059 2509 1160 2548 enim
1180 2510 1219 2548 id
1238 2511 1286 2548 ad
1301 2510 1407 2559 quod

336 2564 608 2602 demonstratio
629 2564 832 2610 inducitur,
859 2577 937 2601 non
958 2575 1174 2613 supponere
1199 2563 1307 2612 quasi
1326 2576 1407 2601 me-

335 2617 459 2666 dium;
476 2619 543 2656 sed
561 2618 687 2668 potius
705 2630 775 2667 per
794 2617 893 2655 aliud
913 2617 1085 2654 medium
1105 2619 1379 2656 demonstrare.

335 2752 405 2785 quod
419 2750 558 2784 requiritur
571 2750 603 2775 ad
617 2750 688 2783 quod
703 2750 765 2783 quid
779 2754 827 2780 est,
841 2754 871 2774 ut
884 2757 906 2774 s.
921 2749 1038 2775 Thomas
1053 2749 1097 2774 ait.
1117 2749 1191 2780 Quae
1205 2749 1312 2782 quidem
1326 2757 1406 2782 quae-

334 2789 384 2812 stio
403 2787 520 2819 generica
539 2787 565 2811 in
584 2787 648 2811 duas
667 2786 729 2810 alias
749 2785 929 2810 subdividitur.
950 2785 1016 2810 Nam
1040 2785 1061 2810 si
1081 2786 1151 2817 quod
1177 2785 1239 2817 quid
1262 2790 1302 2810 est
1320 2790 1407 2817 potest

335 2823 506 2848 demonstrari
524 2830 571 2855 per
595 2821 784 2852 definitionem,
804 2821 854 2846 hoc
873 2822 921 2846 erit
938 2821 980 2845 vel
1009 2823 1041 2852 ι’,
1061 2821 1209 2853 accipiendo
1230 2819 1405 2845 definitionem

334 2858 487 2884 definitionis
503 2858 538 2890 (et
552 2857 615 2883 haec
634 2859 656 2882 ι·
666 2865 725 2890 pars
739 2857 883 2890 disputatur
897 2856 1025 2891 prioribus
1040 2856 1163 2887 numeriS,
1178 2863 1202 2887 π,
1219 2855 1242 2886 3,
1255 2856 1299 2888 4);
1318 2856 1358 2881 vel
1372 2857 1405 2887 2⁰,

333 2894 483 2927 accipiendo
502 2892 676 2918 definitionem
695 2892 849 2918 contrariam
869 2892 1008 2918 definitioni
1029 2892 1145 2922 subiecti,
1161 2891 1236 2916 cuius
1251 2892 1322 2925 quod
1341 2891 1404 2924 quid

334 2936 374 2956 est
392 2930 623 2955 demonstrandum
643 2928 789 2962 suscipitur.
804 2928 837 2953 Et
850 2929 882 2953 de
897 2928 944 2953 hac
963 2928 1077 2952 secunda
1092 2927 1244 2960 quaestione
1263 2935 1351 2952 sermo
1366 2932 1406 2952 est

334 2974 359 2991 n.
377 2965 389 2991 5
410 2970 435 2990 et
454 2965 615 2998 seqq.-ffis
635 2964 778 2997 disputatis,
793 2963 922 2996 colligitur
941 2972 966 2988 n.
988 2970 1004 2997 9
1024 2971 1054 2988 ex
1073 2963 1225 2996 praemissis
1251 2963 1322 2995 quod
1341 2963 1405 2996 quid

335 3007 374 3026 est
388 3001 459 3026 nullo
478 3001 558 3026 modo
577 3007 664 3033 posse,
681 3000 714 3024 uti
733 3001 842 3029 videtur,
858 2999 1037 3025 demonstrari.

388 3035 413 3069 β)
435 3037 629 3062 Demonstrare
653 3035 718 3068 quid
742 3035 778 3060 sit
802 3035 905 3067 aliquid
930 3040 977 3060 etc.
992 3047 1014 3052 -
1029 3034 1100 3065 FlQ:
1126 3035 1311 3059 demonstrare
1334 3033 1406 3067 quod

335 3073 400 3105 quid
417 3076 457 3097 est
475 3079 541 3101 sec.;
556 3072 594 3096 H:
614 3071 686 3104 quod
704 3071 770 3104 quid
787 3071 822 3096 sit
840 3078 918 3096 sec.-
930 3070 1042 3095 Textus:
1059 3067 1089 3095 τὸ
1110 3068 1135 3095 τί
1154 3067 1208 3095 ἐστι
1227 3068 1285 3095 κατ’
1304 3066 1404 3100 οὐσίαν,

334 3108 406 3141 quod
424 3108 488 3140 quid
505 3110 545 3132 est
562 3107 707 3132 secundum
726 3107 911 3136 substantiam,
930 3107 970 3131 vel
990 3106 1148 3131 essentiam.-
1161 3106 1187 3130 in
1206 3105 1299 3130 ultimo
1318 3110 1403 3130 autem

334 3152 403 3169 νει-5.
423 3143 498 3168 huius
519 3143 634 3167 lectionis
647 3142 799 3167 Aristoteles
814 3142 891 3166 habet
904 3139 948 3173 τὴν
964 3138 1054 3166 οὗσίαν
1069 3139 1082 3173 ἦ
1099 3138 1129 3166 τὸ
1150 3139 1174 3166 τί
1188 3138 1266 3172 ἔστιν,
1280 3141 1404 3166 substan-

335 3179 399 3204 tiam
419 3182 467 3204 aut
486 3178 557 3211 quod
575 3178 641 3211 quid
659 3181 705 3203 est.
726 3178 803 3202 Notat
817 3178 957 3207 Zabaoella,
974 3177 997 3201 in
1019 3177 1038 3201 11
1053 3177 1164 3205 Foster„
1178 3185 1232 3210 cap.
1243 3184 1267 3207 v,
1283 3177 1327 3201 sol.
1347 3183 1403 3208 124,

335 3216 383 3239 col.
401 3222 424 3246 2,
440 3214 510 3248 quod
525 3222 571 3246 per
588 3214 668 3238 verba
686 3213 830 3239 secundum
849 3213 1033 3238 substantiam.
1051 3212 1110 3237 κατ’
1130 3210 1233 3242 οὐσίαν,
1251 3213 1332 3237 voluit
1351 3212 1402 3237 sor-

334 3255 404 3275 tasse
422 3250 575 3274 Aristoteles
600 3249 705 3274 reiicere
723 3256 738 3273 a
755 3249 884 3282 praesenti
905 3248 1109 3273 consideratione
1129 3249 1199 3273 illam
1218 3247 1403 3279 definitionem,

335 3294 402 3318 quae
421 3286 504 3310 solam
524 3286 635 3310 declarat
654 3285 766 3310 nominis
786 3283 998 3317 significationem
1018 3284 1067 3316 (Cf.
1089 3283 1134 3309 lib.
1153 3284 1171 3315 1,
1193 3285 1250 3309 lect.
1265 3291 1292 3314 11,
1307 3292 1334 3309 n.
1350 3283 1363 3308 5
1379 3289 1404 3308 et

335 3327 387 3346 not.
403 3320 442 3354 3):
464 3321 496 3346 de
515 3320 562 3346 hac
582 3320 649 3345 enim
670 3319 816 3345 definitione
835 3328 922 3344 sermo
946 3327 997 3344 non
1018 3324 1071 3350 est,
1091 3319 1137 3344 sed
1157 3320 1190 3344 de
1208 3319 1251 3344 illa
1275 3326 1343 3353 quae
1362 3326 1403 3344 es-

335 3357 444 3382 sentiam
470 3356 505 3381 rei
531 3355 665 3388 significat.
684 3356 717 3380 Et
735 3356 760 3380 b.
781 3355 905 3380 Albertus
923 3356 1023 3387 Magn-z
1043 3364 1057 3379 ι
1073 3355 1258 3385 Quaerendum
1283 3360 1337 3385 est,
1363 3354 1404 3380 in-

337 3402 349 3415 ,
366 3393 434 3425 quit,
460 3398 547 3417 utrum
567 3392 599 3416 sit
618 3392 795 3416 demonstrare
814 3392 886 3424 quod
909 3391 972 3424 quid
991 3396 1031 3416 est
1049 3391 1194 3416 secundum
1219 3390 1403 3420 substantiam,

338 3437 350 3450 ›
365 3427 413 3452 hoc
433 3433 472 3452 est
491 3426 665 3452 definitionem
684 3427 879 3452 substantialem
891 3436 905 3450 n
921 3426 966 3459 (ln
986 3426 1006 3451 11
1025 3427 1137 3456 Foster„
1156 3425 1242 3451 Tract.
1257 3433 1283 3456 n,
1299 3433 1355 3459 cap.
1368 3433 1404 3456 xv,

336 3471 394 3495 pag.
410 3461 470 3492 621,
486 3464 534 3487 col.
555 3463 587 3495 ι).

389 3499 414 3531 γ)
436 3499 474 3523 Ex
494 3498 545 3523 illis
563 3498 758 3523 conditionibus
777 3498 934 3522 ete—Duae
949 3497 1109 3522 conditiones
1125 3505 1192 3530 quae
1211 3497 1330 3530 propriae
1343 3501 1405 3522 sunt

338 3532 485 3563 definitioni,
500 3539 638 3565 tanguntur
651 3542 666 3558 a
684 3541 706 3558 s.
720 3533 835 3558 Thoma:
851 3541 901 3558 una
914 3538 954 3558 est
968 3534 1039 3565 quod
1059 3532 1172 3558 definitio
1191 3538 1291 3558 constet
1309 3540 1404 3566 genere

337 3569 454 3600 proximo
468 3574 493 3593 et
512 3569 652 3593 differentia
666 3569 769 3598 ultima;
786 3569 864 3593 altera
878 3574 918 3593 est
937 3569 1008 3600 quod
1023 3567 1136 3593 definitio
1155 3573 1180 3593 et
1194 3567 1326 3593 definitum
1342 3576 1404 3593 con-

334 3608 476 3629 vertantur.
488 3604 554 3628 Hinc
567 3612 629 3629 vera
638 3603 751 3629 definitio
763 3604 875 3629 hominis
885 3609 933 3634 est,
946 3603 1048 3629 animal
1060 3603 1208 3629 rationale.-
1222 3603 1323 3629 animal
1335 3603 1404 3628 enim

916 234 1302 272 POSTERIORUM
1328 214 1772 271 ANALYTICORUMv
1787 235 1881 271 LIB.
1913 235 1945 271 II

1517 323 1555 359 4.
1574 312 1792 350 Secundam
1813 312 2000 350 rationem
2019 313 2128 363 ponit
2147 313 2219 351 ibi:
2249 315 2423 364 Amplius
2444 317 2542 353 sicut

1464 376 1584 413 neque
1607 366 1644 402 in
1673 366 1896 416 syllogismo
1926 375 2014 413 etc.;
2036 380 2136 416 quae
2165 368 2326 417 sumitur
2345 381 2391 406 ex
2410 370 2538 407 simili-

1462 418 1593 455 tudine
1607 419 1827 467 syllogismi.
1846 421 1946 457 Cum
1968 421 2070 458 enim
2090 421 2225 470 aliquis
2241 422 2446 470 syllogizat,
2459 436 2539 468 non

1464 480 1615 520 oportet
1634 473 1738 521 quod
1759 471 1773 494 ⁸
1792 473 1952 522 accipiat
1976 474 2240 512 definitionem
2260 476 2468 523 syllogismi
2489 477 2537 514 ad

1464 525 1784 573 syllogizandum;
1805 527 1892 575 quia
1915 539 1959 564 ea
1976 539 2021 564 ex
2041 528 2178 577 quibus
2197 529 2370 578 procedit
2388 530 2538 578 syllogi-

1464 590 1582 626 smus,
1602 580 1678 616 hoc
1706 580 1827 617 modo
1856 592 1897 617 se
1925 581 2079 629 habent,
2100 582 2205 631 quod
2235 594 2388 631 semper
2416 583 2537 632 quod-

1463 632 1554 670 libet
1582 645 1718 670 eorum
1748 642 1803 671 est
1830 642 1895 671 aut
1913 640 1988 671 tota
2010 637 2236 685 propositio,
2257 636 2355 673 idest
2386 636 2539 674 univer-

1464 685 1550 722 salis
1583 698 1651 723 seu
1679 687 1819 734 maior,
1854 695 1919 724 aut
1947 695 2003 724 est
2030 701 2145 738 pars,
2175 689 2272 726 idest
2304 690 2539 739 particularis

1463 751 1531 776 seu
1559 740 1696 786 minor,
1718 752 1817 789 quae
1846 740 2008 778 sumitur
2035 744 2106 779 sub
2140 743 2289 780 maiori.
2317 745 2367 780 Et
2394 744 2445 780 ita
2473 744 2538 781 de-

1463 792 1584 830 finitio
1605 794 1815 842 syllogismi
1833 806 1913 831 non
1934 802 1989 831 est
2007 795 2148 844 aliquid
2168 809 2304 833 eorum
2334 809 2380 834 ex
2400 797 2538 846 quibus

1462 846 1637 895 procedit
1664 848 1919 895 syllogismus.
1954 848 2004 885 Et
2031 849 2200 886 similiter
2227 849 2259 887 si
2287 850 2420 898 aliquis
2446 851 2539 888 velit

1463 900 1686 948 syllogizare
1714 901 1816 949 quod
1842 901 1933 949 quid
1958 907 2044 938 erat
2068 914 2147 939 esse
2174 902 2331 940 alicuius
2359 903 2430 951 rei,
2460 916 2540 941 non

1463 961 1614 1003 oportet
1633 954 1738 1003 quod
1758 954 1917 1004 accipiat
1935 955 2026 1003 quid
2047 955 2093 992 sit
2111 956 2216 1004 quod
2232 956 2323 1005 quid
2340 965 2419 994 erat
2439 969 2538 994 esse:

1463 1007 1531 1044 sed
1560 1014 1712 1056 oportet
1730 1008 1805 1044 hoc
1825 1019 1999 1045 seorsum
2021 1009 2190 1046 haberi*
2210 1009 2249 1047 in
2268 1018 2410 1058 mente,
2429 1022 2538 1060 prae-

1462 1068 1519 1098 ter
1548 1073 1593 1098 ea
1625 1073 1725 1110 quae
1752 1070 1948 1110 ponuntur
1975 1061 2015 1099 in
2043 1062 2264 1100 definitione
2298 1064 2361 1101 vel
2389 1064 2540 1113 syllogi-

1463 1127 1562 1152 smo.
1583 1115 1817 1152 Huiusmodi
1846 1115 1949 1153 enim
1978 1115 2143 1154 rationes
2171 1117 2381 1166 syllogismi
2410 1126 2447 1155 et
2474 1118 2540 1156 de-

1462 1168 1644 1206 finitionis
1673 1181 1713 1206 se
1741 1170 1885 1206 habent
1903 1169 1942 1206 in
1969 1169 2189 1208 definiendo
2211 1179 2247 1208 et
2265 1171 2538 1220 syllogizando,

1463 1222 1558 1260 sicut
1586 1223 1737 1271 regulae
1766 1223 1866 1270 artis,
1887 1223 1936 1260 ad
1956 1236 2052 1272 quas
2072 1224 2186 1261 debet
2213 1225 2383 1274 aspicere
2408 1225 2539 1263 artifex

1462 1276 1502 1313 in
1530 1277 1741 1326 operandO.
1766 1277 1911 1314 Artifex
1940 1285 2069 1315 autem
2088 1278 2108 1299 *
2127 1278 2193 1326 qui
2212 1279 2300 1316 facit
2332 1280 2538 1328 cultellum,

1462 1342 1543 1367 non
1561 1330 1649 1367 facit
1663 1331 1860 1380 operando
1882 1332 2064 1380 regulam,
2081 1332 2294 1370 secundum
2309 1345 2427 1381 quam
2448 1345 2539 1382 ope-

1463 1391 1587 1421 ratur:
1617 1384 1686 1421 sed
1717 1385 1930 1422 secundum
1969 1386 2160 1433 regulam,
2200 1399 2318 1435 quam
2351 1386 2469 1424 habet
2500 1386 2540 1424 in

1464 1445 1605 1484 mente,
1627 1437 1818 1475 examinat
1837 1451 1887 1475 an
1911 1440 2082 1476 cultellus
2102 1440 2202 1477 bene
2223 1439 2269 1477 sit
2288 1440 2420 1478 factus.
2448 1442 2502 1478 lta
2518 1441 2538 1462 ⁸

1464 1490 1579 1528 etiam
1608 1491 1667 1527 ille
1686 1491 1752 1539 qui
1777 1492 1972 1540 syllogizat
2004 1505 2083 1530 non
2102 1493 2239 1543 accipit
2258 1493 2445 1531 rationem
2466 1495 2539 1543 syl-

1463 1544 1613 1592 logismi
1642 1544 1680 1581 in
1708 1545 1987 1593 syllogizando:
2018 1546 2087 1583 sed
2115 1559 2185 1595 per
2209 1547 2397 1584 rationem
2425 1549 2538 1597 syllo-

1463 1597 1574 1646 gismi
1592 1603 1605 1618 ‘
1632 1598 1825 1635 examinat
1852 1598 2116 1647 syllogismum
2145 1600 2288 1637 factum
2321 1613 2371 1638 an
2396 1601 2443 1638 sit
2470 1602 2539 1639 bo-

1462 1664 1546 1689 nus.
1578 1644 1689 1690 Unde
1718 1652 1750 1689 si
1777 1651 1912 1701 aliquis
1941 1653 2104 1701 dubitet,
2133 1653 2355 1702 syllogismo
2376 1655 2396 1676 *
2425 1654 2538 1703 facto,

1464 1717 1513 1742 an
1541 1705 1587 1742 sit
1614 1705 1878 1754 syllogizatum
1906 1707 1969 1743 vel
2004 1719 2104 1754 non,
2138 1707 2278 1756 poterit
2311 1707 2539 1757 syllogizans

1464 1759 1635 1807 obviare,
1648 1759 1888 1797 ostendendo
1909 1760 2014 1809 quod
2029 1760 2075 1797 sit
2089 1761 2353 1809 syllogizatum
2370 1761 2396 1809 ζ,
2414 1770 2539 1800 osten-
2580 1767 2587 1770 “

1464 1813 1593 1851 dendo
1613 1813 1718 1862 quod
1748 1813 1991 1862 syllogismus
2020 1814 2067 1851 sit
2084 1815 2158 1851 tale
2177 1814 2332 1863 aliquid.
2360 1815 2541 1854 Similiter

1465 1866 1579 1904 etiam
1608 1867 1642 1903 ei
1670 1867 1735 1916 qui
1764 1867 1924 1905 intendit
1951 1867 2174 1916 syllogizare
2203 1868 2310 1917 quod
2338 1869 2431 1918 quid
2460 1877 2541 1908 erat

1465 1931 1565 1968 esse,
1593 1920 1772 1958 convenit
1796 1928 1838 1958 ut
1856 1921 1996 1958 habeat
2015 1933 2191 1959 seorsum
2219 1921 2258 1959 in
2278 1929 2406 1960 mente
2428 1923 2539 1961 ratio-

1463 1986 1554 2012 nem
1575 1973 1655 2011 eius
1670 1974 1776 2023 quod
1800 1974 1894 2023 quid
1914 1983 1994 2012 erat
2012 1987 2116 2012 esse:
2137 1983 2179 2012 ut
2198 1975 2229 2012 si
2248 1971 2383 2025 aliquis
2411 1975 2512 2014 dicat
2524 1982 2540 2002 ⁸

1463 2027 1569 2077 quod
1585 2040 1665 2065 non
1681 2035 1736 2064 est
1751 2028 2014 2076 syllogizatum
2030 2028 2136 2078 quod
2151 2028 2245 2077 quid
2255 2038 2335 2067 erat
2349 2042 2444 2077 esse,
2456 2030 2539 2079 ipse

1464 2081 1564 2119 dicat
1591 2081 1696 2130 quod
1717 2081 1856 2129 immo,
1882 2081 1971 2131 quia
1991 2083 2064 2119 tale
2089 2082 2233 2130 aliquid
2253 2083 2408 2132 ponitur
2431 2083 2540 2132 quod

1463 2135 1554 2185 quid
1585 2143 1664 2172 erat
1692 2147 1787 2173 esse.
1819 2135 1882 2172 Sic
1911 2147 2001 2184 ergo
2038 2143 2143 2185 patet
2174 2136 2279 2185 quod
2314 2137 2540 2186 syllogizans

1462 2188 1569 2238 quod
1589 2188 1682 2237 quid
1702 2197 1780 2226 erat
1796 2201 1891 2236 esse,
1909 2201 2034 2238 neque
2044 2190 2065 2211 *
2075 2189 2190 2227 debet
2203 2201 2357 2227 sumere
2373 2190 2466 2239 quid
2481 2199 2538 2229 est

1461 2242 1715 2292 syllogismus,
1733 2254 1859 2291 neque
1883 2242 1975 2291 quid
1996 2251 2052 2280 est
2070 2243 2176 2292 quod
2192 2243 2284 2293 quid
2307 2252 2387 2282 erat
2411 2256 2494 2283 esse
2504 2245 2536 2283 *.

1520 2297 1552 2334 5.
1569 2296 1719 2334 Deinde
1739 2308 1830 2334 cum
1850 2295 1959 2333 dicit:
1987 2297 2039 2333 Et
2054 2297 2089 2333 si
2105 2309 2156 2334 ex
2172 2297 2424 2346 suppositione
2453 2305 2537 2346 etc„

1461 2349 1626 2387 ostendit
1640 2350 1746 2398 quod
1762 2362 1841 2388 non
1854 2357 1981 2399 potest
1999 2350 2254 2388 demonstrari
2268 2351 2370 2400 quod
2382 2352 2474 2400 quid
2486 2358 2542 2390 est

1460 2403 1574 2441 unius
1603 2403 1657 2440 rei
1686 2415 1731 2441 ex
1748 2404 1769 2425 ¹*
1791 2404 1893 2453 quod
1910 2404 2001 2453 quid
2017 2409 2073 2440 est
2098 2403 2250 2441 alterius
2279 2404 2343 2442 rei.
2370 2406 2420 2442 Et
2438 2405 2537 2443 circa
2563 2419 2575 2431 ·

1461 2458 1536 2494 hoc
1565 2457 1643 2495 duo
1664 2457 1767 2494 facit:
1787 2457 1927 2507 primo,
1947 2457 2128 2507 proponit
2156 2458 2261 2507 quod
2282 2458 2457 2507 intendit3
2478 2472 2535 2496 se-

1465 2511 1603 2558 cundo,
1627 2511 1766 2560 probat
1784 2511 2045 2560 propositum;
2066 2511 2137 2549 ibi:
2157 2512 2308 2550 Etenim
2327 2512 2419 2550 hic*
2438 2513 2536 2551 acci-

1451 2565 1568 2613 piens
1587 2572 1656 2602 etc.
1678 2564 1780 2603 Dicit
1799 2577 1890 2612 ergo
1909 2564 2036 2614 primo
2056 2565 2162 2613 quod
2183 2564 2298 2602 etiam
2311 2566 2331 2587 *
2351 2578 2430 2603 non
2447 2579 2537 2616 pro-

1465 2619 1577 2655 batur
1594 2618 1696 2667 quod
1713 2618 1805 2667 quid
1830 2623 1898 2664 est,
1918 2618 1949 2655 si
1979 2618 2113 2667 aliquis
2141 2618 2231 2655 velit
2263 2619 2338 2656 hoc
2370 2619 2536 2667 probare

1459 2753 1499 2774 est
1517 2756 1599 2781 genus
1618 2749 1766 2781 proximum
1785 2748 1914 2779 hominis,
1933 2749 1994 2781 quia
2012 2749 2077 2774 illud
2095 2749 2247 2774 immediate
2269 2749 2379 2775 habetur
2401 2751 2488 2776 statim
2507 2759 2538 2777 ac

1458 2784 1618 2809 subtrahitur
1635 2784 1778 2809 differentia
1797 2784 1964 2816 (rationale),
1979 2792 2030 2817 qua
2045 2785 2077 2809 ab
2092 2784 2148 2810 aliis
2164 2785 2339 2810 animantibus
2353 2785 2434 2811 homo
2448 2787 2537 2820 speeie

1459 2820 1630 2851 distinguitur.
1654 2819 1754 2845 Deinde
1771 2819 1850 2844 homo
1870 2817 2041 2853 (delinitum)
2061 2825 2087 2845 et
2104 2820 2208 2846 animal
2227 2821 2360 2846 rationale
2379 2819 2536 2857 (definitio)

1458 2861 1649 2886 convertuntur,
1663 2855 1724 2888 quia
1742 2860 1768 2880 et
1785 2863 1846 2880 vere
1865 2855 1951 2880 omnis
1970 2855 2048 2881 homo
2067 2859 2107 2881 est
2125 2856 2227 2882 animal
2246 2857 2387 2887 rationale,
2411 2862 2437 2883 et
2459 2865 2538 2884 omne

1458 2891 1560 2916 animal
1578 2891 1710 2916 rationale
1728 2894 1768 2916 est
1786 2891 1874 2916 homo.

1511 2925 1536 2959 δ)
1556 2926 1616 2951 Νοη
1636 2929 1743 2958 oportet
1762 2926 1834 2958 quod
1852 2932 1930 2951 etc.-
1941 2926 1972 2951 Fi
1987 2934 2040 2951 om.
2056 2934 2164 2952 erronee
2184 2934 2252 2957 nom·
2270 2927 2293 2952 D
2307 2935 2333 2961 p.
2347 2935 2397 2953 m.:
2416 2929 2489 2962 syll„
2505 2931 2537 2955 ut

1458 2965 1564 2995 oportet
1581 2962 1709 2994 accipiat:
1728 2965 1758 2986 ue
1776 2965 1883 2994 oportet
1901 2967 1989 2987 utrum
2009 2963 2151 2996 corrigatur
2170 2963 2196 2988 in
2215 2963 2275 2988 non'
2288 2966 2395 2995 oportet
2409 2967 2447 2995 ut,
2461 2971 2495 2990 aa
2509 2965 2536 2990 in

1458 3001 1564 3030 oportet
1578 3001 1607 3023 ut
1622 3005 1682 3027 non,
1694 3005 1746 3022 non
1762 2998 1843 3030 liquet
1848 3005 1856 3028 ;
1871 3005 1919 3031 pro
1934 3005 1996 3027 non,
2008 2998 2028 3022 L
2043 3006 2069 3031 p.
2083 3006 2127 3024 m.:
2140 2998 2176 3029 αἱ,
2187 3006 2209 3023 s.
2220 3007 2266 3024 m.:
2282 3002 2312 3024 ut
2317 3006 2326 3028 ‚·
2340 3000 2381 3024 M:
2395 2999 2460 3032 (om.
2469 2999 2534 3035 non)

1458 3037 1564 3065 oportet
1583 3034 1694 3058 ut.-B:
1713 3033 1830 3065 accipiat
1848 3034 1988 3059 rationem.
2011 3034 2080 3059 Alibi
2101 3033 2128 3068 (1
2142 3034 2240 3063 Periti„
2261 3035 2320 3060 lect.
2333 3042 2363 3066 x,
2383 3041 2437 3061 not.
2451 3033 2482 3070 ι)
2497 3036 2536 3062 di-

1457 3069 1541 3094 ximus
1561 3069 1586 3094 in
1606 3069 1754 3094 huiusmodi
1774 3069 1853 3094 rebus
1873 3069 2005 3094 rationem
2020 3075 2046 3094 et
2059 3070 2240 3103 definitionem
2258 3077 2339 3103 penes
2359 3070 2532 3106 philosophos

1458 3105 1527 3130 idem
1540 3112 1648 3137 prorsus
1667 3103 1821 3137 significare.
1837 3104 1876 3130 ef.
1891 3105 1956 3130 insi-a
1974 3105 2000 3130 in
2019 3105 2069 3130 hoc
2088 3106 2145 3138 ipso
2164 3113 2283 3131 numero.

1510 3141 1532 3173 ε)
1553 3141 1605 3166 Per
1624 3140 1755 3166 rationem
1771 3140 1960 3175 syllogismI.—·
1970 3141 2040 3166 l-laec
2054 3141 2141 3172 verba,
2157 3141 2253 3174 quibus
2268 3146 2337 3168 caret
2351 3141 2379 3172 Ρ,
2394 3141 2535 3176 recipimus

1458 3176 1483 3201 in
1499 3181 1586 3201 nostra
1600 3176 1709 3201 lectione
1721 3176 1870 3201 auctoritate
1886 3176 1969 3206 codd„
1981 3183 2034 3201 exc.
2048 3176 2077 3207 Ε,
2088 3177 2133 3210 qui
2148 3175 2207 3202 hab.
2223 3177 2270 3202 lac.
2286 3177 2344 3202 Non
2359 3177 2450 3202 leviter
2464 3177 2535 3204 enim

1457 3212 1489 3236 ad
1508 3211 1718 3273 perspictzitatem
1737 3211 1879 3237 sententiae
1898 3212 2042 3238 conferunt.
2053 3226 2073 3231 —
2086 3213 2121 3237 B:
2146 3213 2289 3238 examinat
2306 3220 2341 3238 an
2360 3213 2535 3247 syllogismus

1469 3251 1545 3273 actus
1563 3248 1599 3272 sit
1633 3254 1710 3273 onus.
2456 3273 2458 3277 .

1449 3248 1472 3281 s
1510 3282 1536 3312 ζ)
1558 3283 1730 3308 Ostendendo
1748 3282 1821 3316 quod
1839 3283 1875 3308 sit
1887 3283 2088 3317 syllogizatum.
2102 3296 2120 3302 —
2130 3282 2217 3308 Placet
2231 3282 2294 3309 haec
2309 3283 2386 3310 lectio
2397 3283 2474 3311 codd.
2488 3284 2534 3310 Ac

1458 3318 1672 3349 DELMNOQST
1685 3323 1712 3343 et
1725 3326 1746 3343 s.
1761 3327 1796 3344 m.
1809 3318 1833 3347 13
1853 3318 1877 3343 Η
1890 3326 1939 3351 pro
1953 3318 2117 3344 ostendendo
2132 3319 2183 3353 leg.
2193 3319 2308 3345 dicendo
2314 3326 2323 3349 ,·
2342 3319 2367 3345 G
2380 3326 2434 3345 non
2448 3324 2533 3345 rectu

1457 3355 1621 3380 ostendendo
1633 3354 1698 3387 quid
1709 3354 1745 3380 sit
1758 3354 1934 3389 syllogistica.
1950 3355 1969 3379 Ρ
1983 3354 2078 3380 omittit
2095 3354 2210 3388 praefata
2223 3355 2303 3380 vei-bn
2317 3362 2378 3381 eum
2391 3354 2471 3381 ants
2485 3355 2532 3380 sed

1457 3390 1520 3415 haec
1538 3390 1647 3415 omissio
1666 3395 1752 3424 potest
1767 3390 1885 3423 explicari
1905 3398 1935 3415 ex
1954 3398 2062 3415 recursu
2076 3390 2194 3415 eiusdem
2213 3389 2334 3416 vocabuli
2358 3389 2531 3420 ostendendo.

1457 3426 1558 3450 Revera
1571 3426 1597 3450 in
1611 3426 1628 3455 1,
1639 3426 1674 3451 sit
1686 3425 1876 3459 syllogizatum
1891 3425 2056 3451 ostendendo
2069 3424 2215 3459 quod'add.
2225 3433 2307 3459 marg.
2315 3425 2410 3451 —Post
2421 3426 2531 3452 ulmenam

1457 3461 1628 3491 ostendendo,
1644 3462 1678 3486 B:
1699 3461 1771 3494 quod
1788 3462 1824 3486 sit
1843 3462 1896 3487 tale
1914 3461 2017 3494 aliquid
2037 3462 2209 3495 syllogismus
2215 3470 2225 3492 ,·
2244 3461 2281 3487 0:
2301 3461 2400 3487 scilicet
2411 3460 2483 3494 quod
2495 3460 2532 3486 sit

1457 3497 1511 3522 tale
1529 3496 1647 3529 aliquid5
1666 3497 1701 3521 D:
1722 3497 1775 3522 tale
1793 3497 1867 3529 quid.

1510 3532 1538 3565 η)
1556 3533 1590 3558 Ut
1603 3533 1628 3557 si
1641 3532 1737 3565 aliquis
1754 3532 1827 3559 dicat
1841 3538 1916 3558 etc.·-
1926 3533 2000 3558 Hanc
2014 3533 2152 3558 lectionem
2167 3533 2186 3559 Ρ
2201 3532 2298 3558 habent
2311 3531 2422 3558 codices.
2436 3538 2489 3556 exc.
2499 3531 2529 3562 Β,

1458 3567 1502 3601 qui
1522 3575 1574 3593 non
1594 3573 1662 3593 recte
1681 3567 1772 3593 habet:
1793 3571 1822 3593 ut
1840 3568 1864 3593 si
1881 3568 1979 3601 aliquis
1998 3570 2079 3601 negat
2097 3567 2146 3594 hoc
2165 3575 2216 3594 non
2236 3574 2292 3593 esse
2307 3567 2379 3600 quod
2393 3565 2458 3600 quid
2470 3569 2531 3591 erat

1458 3610 1520 3634 esse,
1541 3610 1624 3636 neque
1643 3603 1718 3629 debet
1736 3610 1840 3630 sumere
1859 3609 1916 3635 etc„
1936 3603 2095 3629 intermediis
2114 3610 2169 3630 om.

2564 1018 2575 1030 ’
2591 1024 2613 1039 rt
2620 1025 2626 1040 t
2641 1018 2739 1041 habere.

2565 1288 2665 1315 ⁸Codd..
2672 1294 2782 1316 excom-.-

2565 1322 2592 1337 P:
2608 1315 2677 1338 enin.

2565 1439 2577 1451 ⁸
2610 1439 2667 1462 odd.
2684 1451 2695 1457 -
2709 1446 2735 1463 r:
2750 1439 2785 1462 Et

2565 1466 2610 1488 ita.

2566 1662 2575 1671 '
2586 1661 2662 1684 codd.
2679 1668 2730 1684 exo.
2741 1668 2783 1684 o.-

2565 1687 2660 1717 r:desy
2717 1689 2782 1711 'smo.

2665 1769 2681 1799 t

2566 2198 2574 2208 ”
2587 2197 2681 2221 Codd.·
2689 2204 2714 2220 r:
2725 2204 2783 2221 non.

2565 2251 2574 2260 ¹
2588 2257 2622 2273 n:
2637 2257 2712 2280 neque
2725 2251 2786 2280 qnid

2565 2277 2630 2306 qnod
2642 2280 2696 2300 erat
2710 2284 2773 2302 esse.

2563 2425 2641 2473 0055„
2650 2426 2701 2470 ἓξὲξ.
2707 2428 2729 2474 ’12
2734 2421 2784 2470 2¹2¹}

2563 2479 2592 2496 eo
2605 2474 2677 2502 quod.

2563 2527 2574 2539 ¹*
2588 2526 2660 2549 Num.
2670 2533 2720 2555 aeq.

2562 2580 2574 2593 ⁸
2587 2579 2667 2602 Etiam
2675 2586 2780 2606 ommes.
