2788 4204
536 307 547 321 ὅ
561 304 625 354 2<
641 294 716 332 icut
740 295 826 332 dicit
849 295 1067 331 Aristoteles
1083 300 1100 315 α
1121 294 1159 330 in
1181 293 1366 342 principio

368 314 402 324 ’ἡ
412 324 421 331 -
458 312 468 318 ³
485 308 516 335 QZ·

370 370 424 386 »,
467 350 537 411 {²⁴
567 346 590 363 ὲ
613 370 619 385 9
639 348 926 396 Metaphysicae
952 348 989 393 ³¹²,
1019 346 1222 383 hominum
1249 359 1366 394 genus

385 407 394 420 *
407 403 416 413 ⁸
489 385 603 429 *⁵²⁴⁸
641 410 718 438 arte
735 409 770 437 et
782 400 986 437 rationibus
1001 399 1111 436 vivit:
1124 399 1162 435 in
1174 411 1250 447 quo
1261 399 1366 436 vide-

365 439 403 519 ti<

63 353 74 363 ⁴
88 352 171 378 Lib.1,
187 358 237 380 cap.
254 359 277 380 ι,

63 379 274 427 ἓῑὲῄῐὲἒέἐῖἷέω·

589 463 625 505 ige
640 461 698 490 tur
717 454 970 502 Philosophus
994 460 1147 499 tangere
1168 452 1366 500 quoddam

461 548 472 562 ⁷)
500 549 532 557 Ὺ
532 497 802 560 hominis
830 505 1028 554 proprium
1057 517 1134 553 quo
1160 518 1182 541 a
1212 505 1366 542 caeteris

603 560 605 564 ’
639 559 862 597 animalibus
884 558 1016 595 differt.
1040 557 1123 594 Alia
1153 557 1254 594 enirn
1288 558 1366 595 ani-

303 618 415 655 malia
426 615 594 664 quodam
605 612 761 650 naturali
772 612 945 648 instinctu
961 610 1009 647 ad
1021 623 1110 647 suos
1127 619 1232 648 actus
1250 623 1365 661 agun-

302 679 361 708 tur
375 672 412 715 *3
433 671 551 706 homo
572 675 699 703 autern
724 665 876 702 rationis
898 664 1036 701 iudicio
1057 664 1095 700 in
1116 664 1191 701 suis
1211 664 1366 701 actioni-

303 725 373 760 bus
392 724 412 744 *
441 721 615 768 dirigitur.
642 720 690 756 Et
715 718 800 755 inde
822 725 877 754 est
905 717 1009 765 quod
1038 717 1087 754 ad
1107 725 1211 754 actus
1230 718 1366 754 huma-

302 790 371 814 nos
392 775 542 812 faciliter
563 781 598 809 et
617 772 786 809 ordinate
802 770 1054 820 perficiendos
1075 770 1247 807 diversae
1268 779 1366 808 artes

302 828 527 867 deserviunt.
540 826 642 863 Nihil
653 825 755 862 enim
766 824 866 861 aliud
877 837 936 860 ars
949 836 1029 860 esse
1045 823 1204 870 videtur,
1217 836 1332 871 quarn
1345 824 1365 845 *

302 890 400 919 certa
430 879 615 918 ordinatio
645 878 796 915 rationis
826 877 1023 925 quomodo
1052 877 1071 898 '¹‘
1095 889 1164 926 per
1192 877 1365 914 determi-

300 943 387 972 nata
406 933 534 971 media
553 933 601 970 ad
630 932 800 969 debitum
828 931 947 967 finem
976 938 1080 967 actus
1103 930 1261 967 humani
1282 943 1365 979 per-

299 988 453 1025 veniant
467 987 497 1023 *.
520 986 631 1023 Ratio
656 993 783 1022 autern
814 996 891 1021 non
916 984 1040 1020 solum
1065 983 1222 1031 dirigere
1242 991 1366 1032 potest

300 1041 519 1078 inferiorum
539 1039 703 1088 partium
723 1046 839 1084 actus,
857 1037 923 1074 sed
940 1037 1053 1073 etiam
1069 1045 1173 1073 actus
1194 1037 1250 1073 sui
1271 1037 1365 1074 dire—

301 1095 398 1131 ctiva
414 1102 479 1130 est.
500 1094 584 1129 Hoc
606 1092 707 1129 enim
725 1099 779 1128 est
798 1090 995 1139 proprium
1015 1090 1261 1127 intellectivae
1281 1103 1365 1139 par-

299 1148 360 1194 tis,
384 1155 425 1184 ut
444 1147 482 1183 in
502 1146 665 1194 seipsam
687 1145 706 1166 *²
727 1144 954 1181 reflectatur:
977 1156 1067 1180 nam
1087 1143 1292 1180 intellectus
1312 1144 1364 1180 in-

299 1201 424 1248 telligit
443 1199 610 1248 seipsum
631 1206 666 1235 et
689 1197 855 1235 similiter
884 1197 977 1233 ratio
1003 1196 1050 1233 de
1076 1209 1145 1233 suo
1160 1197 1180 1217 ³²
1195 1204 1281 1233 actu
1310 1209 1366 1234 ra-

299 1254 468 1290 tiocinari
495 1260 629 1302 potest.
661 1251 734 1288 Si*
753 1251 861 1298 igitur
890 1262 933 1286 ex
958 1250 1049 1295 hoc,
1071 1249 1175 1297 quod
1205 1250 1298 1286 ratio
1319 1250 1366 1287 de

299 1315 385 1344 actu
413 1319 550 1343 manus
579 1305 829 1350 ratiocinatur,
860 1303 1063 1340 adinventa
1084 1310 1138 1339 est
1157 1315 1217 1339 ars
1237 1303 1366 1340 aedifi-

60 1374 271 1406 ‘?Q.-(;odd.:ae-
301 1360 440 1397 catoria
465 1362 483 1379 ⁴⁶
508 1359 569 1395 vel
598 1358 751 1404 fabrilis,
781 1369 849 1405 per
878 1368 972 1404 quas
1000 1356 1120 1392 homo
1150 1355 1303 1392 faciliter
1331 1363 1367 1392 et

59 1400 188 1461 dorcam?
300 1414 469 1451 ordinate
485 1411 704 1449 huiusmodi
719 1418 822 1447 actus
843 1421 1016 1446 exercere
1035 1407 1206 1457 potestF3
1230 1408 1365 1445 eadem

300 1467 442 1503 ratione
463 1478 522 1502 ars
548 1465 738 1513 quaedam
758 1462 969 1500 necessaria
1000 1469 1064 1507 est,
1086 1473 1185 1509 quae
1207 1461 1252 1498 sit
1271 1461 1366 1498 dire-

300 1520 397 1557 ctiva
416 1519 531 1568 ipsius
550 1527 654 1555 actus
675 1516 837 1562 rationis,
859 1527 926 1564 per
946 1527 1062 1563 quam
1087 1514 1225 1551 scilicet
1245 1515 1365 1551 homo

299 1573 337 1610 in
365 1573 446 1621 ipso
476 1580 561 1609 actu
597 1571 748 1608 rationis
778 1569 947 1606 ordinate
967 1569 1007 1615 *,
1029 1567 1183 1604 faciliter
1222 1575 1257 1604 et
1285 1567 1365 1604 sine

63 678 71 686 ·
83 682 108 697 a:
117 676 181 703 fines
201 681 275 703 agun-

63 705 116 728 tur;
126 709 186 724 oxa-r
194 710 198 724 :
207 704 274 723 actus

63 729 201 757 diriguntur
215 737 224 754 ;
260 735 274 750 o

63 762 123 777 corr.
130 756 152 776 in
160 757 274 783 aguntur.

62 784 273 804 Ἀευεοικι-Μκοετ.

63 820 73 825 -
84 816 109 830 P:
125 809 242 836 operibus.

62 837 71 846 '¹
86 842 104 856 1:
125 835 185 856 nihil
208 834 275 856 aliud

61 864 99 883 est
111 868 162 888 arx,
174 868 250 889 quam.

61 890 69 898 “
78 889 165 910 Codd.·
172 895 211 913 PQ:
218 893 272 916 qua.

61 1003 71 1013 '⁸
83 1008 194 1027 Bonoqas.
207 1013 217 1018 —
227 1008 271 1024 aco

61 1036 140 1051 untur:
146 1029 272 1056 pervenia-

61 1058 115 1081 tur,·
130 1062 173 1077 pn:
188 1061 271 1083 perve-

61 1083 128 1103 niun!
132 1090 141 1108 ;
150 1089 175 1103 a:
185 1088 270 1109 perve-

60 1109 119 1130 niat.

59 1162 69 1192 ἦ
87 1161 178 1183 Codd.·
187 1168 230 1187 PQ:
246 1168 272 1183 se

59 1194 152 1245 {editoe
161 1221 188 1236 se
197 1215 272 1236 ratio>

59 1247 119 1266 cm.,·
137 1247 178 1262 KL:
190 1241 219 1262 de
228 1247 272 1262 suo

59 1268 184 1289 intellectu.

60 1296 68 1302 “
78 1294 165 1315 Codd.-
175 1301 204 1316 au
213 1302 218 1315 :
227 1294 272 1319 sic,-

59 1324 81 1342 ct
89 1321 112 1342 si
118 1321 140 1342 in
147 1321 182 1342 sic
188 1320 271 1348 corrig.

57 1348 81 1368 in
95 1354 116 1369 c.
125 1360 134 1363 -
146 1354 170 1369 P:
186 1348 253 1369 sicut.

60 1578 68 1585 ·
76 1581 222 1600 OEnxmosr.
230 1586 240 1590 -
248 1581 270 1596 a:

58 1604 83 1623 et
101 1602 211 1623 ordinate
217 1609 226 1627 ‚·
244 1608 269 1623 γε

57 1629 206 1657 ets⁴³‘³¹'¹¹'²²‘r·
299 1638 424 1663 errore
452 1625 643 1674 procedat.

56 1682 158 1730 {tch‘zdedc-
167 1687 268 1730 gstpgsssj
352 1691 386 1715 2.
409 1680 457 1715 Et
471 1680 565 1715 haec
581 1690 640 1714 ars
657 1684 740 1714 est
752 1675 910 1725 Logica,
932 1674 1027 1712 idest
1043 1674 1232 1711 rationalis
1247 1673 1364 1710 scien-

57 1749 67 1757 ·
82 1754 108 1769 0:
124 1754 153 1770 ex
167 1754 203 1770 eo.
295 1732 356 1769 tia.
388 1733 498 1778 Quae
518 1744 596 1768 non
616 1731 740 1768 solum
768 1728 955 1766 rationalis
977 1735 1032 1764 est
1052 1740 1097 1764 ex
1116 1729 1191 1764 hoc
1207 1728 1239 1775 *,
1261 1727 1365 1776 quod

349 1943 376 1977 α)
398 1944 473 1969 Sicut
497 1943 561 1968 dicit
578 1942 734 1967 Aristoteles
753 1942 779 1966 in
790 1941 925 1973 principio
947 1941 1157 1974 Metaphysicae.
1177 1941 1285 1965 Codd.·
1298 1940 1363 1964 Edd.

295 1979 373 2004 Piana
388 1985 412 2004 et
426 1979 539 2003 Venetae
554 1978 648 2003 saeculi
663 1978 722 2007 XV;
737 1977 806 2002 sicut
820 1977 884 2002 dicit
894 1977 1068 2008 Philosophus
1081 1977 1107 2001 in
1114 1976 1205 2008 primo
1219 1976 1363 2009 Metaphy-

295 2015 373 2040 sicae.
392 2015 554 2047 Adoptamus
574 2014 725 2044 lectionem,
745 2013 902 2038 Aristoteles
927 2012 952 2037 in
972 2012 1108 2044 principio
1131 2012 1217 2044 potius
1237 2019 1316 2044 quam
1336 2011 1362 2036 in

290 2050 390 2082 primo,
410 2055 465 2074 tum
485 2057 514 2074 ex
533 2049 647 2074 unanimi
666 2049 741 2073 codd.
756 2055 895 2079 consensu,
910 2053 964 2072 tum
984 2048 1044 2080 quia
1062 2055 1152 2072 revera
1170 2047 1322 2072 Aristoteles
1338 2046 1363 2071 in

290 2085 426 2118 principio
445 2084 635 2117 Metaphysicae
653 2084 729 2108 habet
747 2083 826 2108 verba
845 2083 885 2108 hic
905 2091 919 2107 a
938 2091 959 2107 s.
975 2081 1078 2108 Thoma
1090 2083 1244 2115 trarl'scripta
1262 2082 1363 2114 (homi-

297 2129 359 2145 num
378 2128 462 2153 genus
475 2124 534 2145 arte
547 2124 573 2145 et
589 2120 735 2144 rationibus
755 2119 845 2151 vivit),
866 2118 962 2143 scilicet
975 2118 1019 2143 lib.
1034 2119 1052 2148 1,
1068 2126 1123 2151 cap.
1138 2126 1155 2148 1,
1171 2126 1196 2142 n.
1218 2117 1246 2142 3:
1261 2115 1302 2143 Τὰ
1318 2115 1362 2151 μὲν

296 2151 341 2181 οὖν
361 2152 433 2181 ἄλλα
457 2154 512 2185 ταίῗς
538 2153 689 2189 φαντασίαις
711 2154 744 2188 ζῇ·
767 2152 810 2179 καὶ
830 2154 887 2183 ταῖς
906 2152 1032 2188 μνήμαις,
1057 2151 1186 2187 ἐμπειρίας
1209 2151 1237 2178 δὲ
1263 2152 1362 2188 μετέχει

297 2190 397 2226 μικρὸν
417 2188 447 2216 τὸ
467 2189 493 2215 δὲ
513 2193 562 2215 τῶν
583 2186 719 2224 ἀνθρώπων
733 2189 806 2223 γένος
826 2187 869 2214 καὶ
885 2189 962 2224 τέχνῃ
982 2187 1024 2214 καὶ
1048 2188 1192 2223 λογισμοῖς.

350 2225 375 2261 β)
395 2227 557 2252 Huiusmodi
571 2229 645 2251 actus
660 2233 785 2251 exercere
794 2229 893 2257 potest.
909 2226 979 2250 Haec
998 2225 1074 2250 lectio
1089 2230 1128 2250 est
1141 2224 1259 2249 omniurn
1278 2224 1362 2254 codd„

297 2267 403 2295 excepto
422 2263 457 2292 B,
477 2262 520 2294 qui
539 2262 629 2286 habet:
653 2265 728 2286 actus
752 2264 874 2289 exercet;
900 2261 939 2285 O:
963 2264 1038 2286 actus
1061 2263 1152 2292 potest
1175 2267 1315 2288 exercere;
1330 2259 1363 2283 P:

294 2298 372 2322 huius
387 2301 462 2322 actus
479 2304 605 2323 exercere
626 2300 753 2329 potest.-
769 2296 941 2321 Praetulimus
958 2296 1094 2321 lectionem
1113 2295 1262 2320 unanimem
1278 2295 1362 2325 codd„

296 2333 355 2365 quia
375 2338 446 2357 actus
466 2341 566 2363 manus,
587 2333 618 2357 de
637 2332 730 2365 quibus
750 2339 837 2357 sermo
856 2336 909 2361 est,
929 2331 1104 2356 deservientes
1125 2338 1221 2364 nempe
1239 2330 1362 2363 operibus

297 2369 365 2398 artis,
385 2368 478 2393 melius
498 2367 691 2400 designat.·-Et
709 2367 820 2392 novitius
840 2372 910 2392 notet
933 2367 1134 2400 pulcherrimam
1153 2366 1292 2396 rationem,
1311 2374 1362 2399 qua

296 2409 352 2428 tum
372 2404 511 2428 necessitas
539 2409 593 2428 tum
613 2403 685 2434 origo
710 2403 820 2434 Logicae
843 2402 922 2427 veluti
945 2403 979 2427 ob
1004 2403 1094 2427 oculos
1119 2407 1258 2435 ponuntur.
1278 2401 1362 2426 Etiam

296 2439 370 2463 bruta
389 2439 492 2471 organis
508 2447 522 2463 a
541 2444 630 2463 natura
649 2439 808 2463 instruuntur
826 2438 857 2462 ad
873 2438 1000 2471 quaedam
1019 2446 1099 2471 opera
1117 2436 1281 2470 perficienda,
1296 2444 1363 2470 quae

297 2474 347 2499 illis
367 2474 512 2499 necessaria
530 2480 591 2499 sunt
609 2474 644 2498 ad
663 2474 742 2498 vitam
767 2474 984 2503 conservandam
1004 2478 1029 2498 at
1047 2480 1152 2505 semper
1171 2473 1263 2498 eodem
1283 2472 1363 2497 modo

297 2515 384 2542 agunt,
404 2517 487 2542 neque
506 2517 602 2541 organa
621 2510 652 2533 ad
671 2509 767 2534 maiora
787 2513 864 2541 atque
883 2509 1035 2541 perfectiora
1050 2508 1196 2540 attingenda
1214 2513 1362 2540 temporum

297 2553 438 2578 progressu
458 2545 608 2569 evehuntur.
630 2545 703 2569 Ratio
722 2550 761 2569 est
780 2544 840 2576 quia
859 2544 933 2568 bruta
951 2544 1054 2568 nonnisi
1078 2543 1213 2574 sensibus,
1226 2543 1364 2568 ‘individua

297 2581 436 2605 materialia
455 2581 622 2604 solummodo
641 2579 854 2612 percipientibus,
874 2585 898 2603 et
918 2579 1037 2604 instinctu
1057 2580 1088 2604 ad
1109 2586 1188 2603 unum
1209 2579 1291 2611 (quod
1310 2586 1362 2603 non

297 2616 402 2649 proprie
416 2616 619 2649 perfectionem,
640 2615 686 2639 sed
705 2615 787 2647 magis
805 2614 1030 2640 conseruationem
1046 2619 1071 2639 et
1084 2614 1310 2647 propagationem
1326 2614 1363 2638 di-

298 2650 352 2685 ces)
372 2650 476 2681 ferente,
496 2656 583 2683 agunt.
599 2650 756 2683 Oppositum
776 2650 801 2674 in
820 2650 969 2674 hominibus
984 2650 1081 2674 accidit.
1096 2649 1223 2679 Quamvis
1241 2649 1311 2674 enim
1325 2649 1362 2674 in-

298 2686 391 2711 stinctu
411 2687 524 2719 quodam
538 2686 614 2711 etiam
634 2685 758 2720 homines'
765 2686 797 2710 ad
816 2685 901 2717 aliqua
916 2685 1036 2715 deantur,
1051 2690 1079 2709 ut
1093 2685 1119 2709 in
1134 2684 1273 2709 infantibus
1288 2692 1363 2717 prae-

298 2722 372 2754 cipue
390 2722 477 2746 videre
492 2727 538 2752 est,
558 2721 724 2746 nihilominus
737 2721 801 2746 ratio
815 2721 913 2745 actibus
927 2725 1030 2756 praeest
1044 2725 1069 2745 et
1082 2720 1138 2752 ipsa
1152 2718 1248 2752 organa
1266 2725 1362 2750 nostra,

297 2758 386 2790 pedes,
401 2765 503 2788 manus,
518 2762 605 2789 guttur
623 2763 648 2781 et
662 2757 776 2789 linguam
795 2756 903 2786 ordinat,
917 2763 1060 2788 eorumque
1079 2755 1221 2780 actionibus
1236 2755 1362 2787 quodam-

298 2793 376 2818 modo
395 2792 550 2817 admiscetur
568 2797 597 2817 ut
615 2791 720 2817 faciliter
738 2796 763 2816 et
781 2791 896 2816 ordinate
922 2795 1099 2816 exerceantur:
1119 2795 1188 2822 patet
1210 2790 1361 2823 praesertim

297 2827 322 2852 in
341 2833 416 2852 cantu
435 2832 460 2852 et
474 2828 500 2852 in
514 2827 691 2852 instrumentis
706 2826 882 2851 musicalibus.
897 2827 954 2851 Hoc
969 2831 1055 2851 autem
1070 2825 1124 2850 fieri
1137 2833 1190 2850 non
1210 2830 1300 2858 posset
1313 2825 1362 2850 nisi

296 2863 360 2888 ratio
379 2863 460 2896 probe
478 2871 525 2896 per
544 2863 670 2896 quaedam
684 2862 838 2887 universalia
856 2861 980 2894 principia
994 2866 1162 2893 cognosceret
1176 2861 1297 2891 subiecta,
1313 2859 1362 2885 hoc

296 2903 343 2928 est,
358 2906 455 2931 organa
474 2906 607 2928 sensuum,
623 2905 767 2930 eorumque
785 2905 862 2922 usum
882 2903 907 2922 et
926 2897 1160 2922 destinationem.·-
1171 2897 1205 2921 At
1222 2903 1285 2921 vero
1297 2896 1361 2921 ratio

296 2934 372 2958 etiarn
397 2934 509 2967 seipsam
529 2941 575 2966 per
597 2933 762 2958 reflexionem
786 2933 932 2965 cognoscin
952 2940 999 2957 nec
1025 2940 1076 2956 non
1094 2931 1212 2964 proprias
1231 2931 1361 2962 actiones,

296 2977 363 3002 quae
382 2970 414 2994 ad
433 2970 642 3002 consequendam
661 2969 794 2994 veritatem
812 2968 963 2993 ordinantur
982 2975 997 2992 a
1015 2973 1114 2992 natura.
1129 2967 1198 3000 Ergo
1217 2967 1283 2992 sicut
1297 2967 1362 2992 ratio

294 3004 395 3030 ordinat
413 3010 484 3030 actus
503 3005 610 3029 aliarum
629 3004 779 3029 facultatum
798 3004 830 3028 ad
849 3003 967 3036 proprios
986 3002 1063 3034 fines,
1083 3002 1117 3027 ita
1135 3007 1161 3027 et
1183 3002 1302 3028 ordinare
1320 3010 1370 3028 se-.

296 3039 380 3072 ipsam
393 3040 469 3065 debet
483 3040 509 3064 in
523 3040 635 3065 veritatis
650 3039 838 3072 cognitionem
851 3039 931 3072 idque
945 3042 1016 3063 tanto
1031 3037 1120 3063 maiori
1136 3037 1266 3071 diligentia
1277 3043 1302 3063 et
1315 3045 1363 3063 vo-

295 3075 400 3108 luptate,
420 3081 516 3108 quanto
535 3075 611 3100 huius
630 3074 798 3100 ordinationis
816 3073 874 3099 finis
894 3072 950 3107 (qui
969 3079 1008 3099 est
1027 3073 1149 3106 perfectio
1172 3073 1316 3098 intellectus
1335 3073 1361 3098 in

295 3110 439 3142 cognitione
454 3111 575 3142 veritatis,
595 3116 620 3135 et
638 3110 761 3143 perfectio
775 3109 914 3134 voluntatis
933 3109 959 3134 in
974 3108 1180 3142 consequutione
1195 3107 1266 3144 boni)
1284 3109 1361 3142 longe

295 3146 406 3170 nobilior
424 3151 464 3170 est
482 3146 658 3179 corporalibus
678 3151 755 3178 atque
774 3145 928 3170 animalibus
947 3145 1031 3169 bonis.

347 3182 373 3215 γ)
393 3181 478 3206 F'm'mi
497 3181 549 3206 duo
567 3184 630 3206 sunt
644 3181 763 3209 rationis,
778 3180 921 3206 secundum
941 3180 1013 3213 quod
1028 3183 1068 3205 est
1082 3179 1228 3205 intellectus
1241 3179 1360 3212 quidam.

295 3216 440 3241 Intellectus
459 3222 485 3242 et
503 3217 566 3241 ratio
585 3224 637 3241 non
657 3217 720 3241 duas
740 3216 870 3240 distinctas
890 3216 915 3240 in
935 3215 1020 3240 anima
1035 3219 1122 3240 nostra
1141 3215 1274 3240 facultates
1294 3215 1360 3240 desi-

295 3257 381 3283 gnant,
401 3252 447 3277 sed
467 3252 518 3277 duo
531 3251 615 3277 officia
633 3252 674 3276 vel
694 3251 807 3276 actiones
822 3251 938 3276 eiusdem
958 3251 1084 3276 facultatis
1099 3256 1202 3275 nostrae
1220 3250 1360 3282 rationalis,

295 3294 361 3319 quae
380 3287 438 3312 ideo
456 3287 490 3312 ob
510 3287 682 3312 diversitatem
701 3285 846 3311 officiorum
871 3286 985 3311 diversas
1005 3286 1227 3311 denominationes
1247 3286 1361 3311 sortitur.

296 3322 445 3347 Intellectus
463 3323 533 3348 enim
546 3322 691 3355 simplicem
706 3327 731 3347 et
749 3322 895 3347 absolutam
910 3322 1083 3354 cognitionem
1102 3322 1237 3353 designare
1250 3321 1359 3352 videtur,

295 3357 350 3381 sive
360 3358 470 3389 cognitio
481 3358 524 3382 illa
534 3358 566 3383 sit
576 3358 685 3391 simplex
696 3357 869 3391 apprehensio
880 3365 926 3382 seu
937 3357 1112 3390 intelligentia
1122 3354 1174 3394 (cf.
1185 3357 1330 3382 Periherm.
1341 3357 1358 3388 1,

296 3392 353 3417 lect.
368 3400 385 3423 1,
400 3401 424 3417 n.
444 3391 476 3426 1),
496 3393 551 3418 sive
564 3393 597 3418 sit
611 3393 740 3423 iudicium,
760 3400 813 3425 quo
833 3400 906 3417 mens
922 3392 1055 3426 componit
1066 3393 1108 3418 vel
1124 3392 1212 3418 dividit
1230 3392 1360 3426 praedica-

295 3432 350 3451 tum
369 3433 393 3452 et
411 3428 556 3453 subiectum
575 3428 653 3460 (ila).
668 3428 750 3454 Ratio
768 3436 830 3453 vero
851 3428 998 3453 discursum
1013 3428 1144 3461 quendam
1165 3427 1292 3461 designat,
1307 3435 1360 3461 quo

296 3469 326 3486 ex
344 3470 397 3486 uno
416 3463 442 3487 in
461 3463 528 3488 aliud
548 3464 758 3496 cognoscendum
777 3463 862 3488 anima
880 3462 992 3488 humana
1011 3463 1140 3496 pertingit.
1158 3463 1236 3494 Hinc,
1256 3468 1359 3497 sumpta

296 3498 412 3530 analogia
431 3505 460 3522 ex
479 3504 560 3528 motu,
579 3499 722 3524 intellectus
742 3503 782 3523 est
800 3498 953 3531 principium
973 3503 998 3524 et
1015 3498 1141 3523 terminus
1160 3506 1207 3524 seu
1226 3499 1301 3531 quies
1320 3506 1360 3523 ra-

295 3531 386 3557 tionis:
407 3533 575 3565 principium,
596 3533 656 3566 quia
675 3539 761 3558 motus
788 3533 893 3558 rationis
913 3533 999 3566 incipit
1018 3533 1049 3558 ab
1069 3534 1197 3559 intellectu
1220 3534 1360 3567 principio—

296 3574 367 3598 rum;
387 3568 511 3592 terminus
531 3576 577 3593 seu
597 3568 684 3601 quies,
704 3569 763 3600 quia
782 3569 846 3593 ratio
865 3569 896 3593 ad
915 3569 1026 3594 eundem
1045 3569 1204 3594 intellectum
1223 3569 1359 3602 principio-

1407 2753 1480 2779 ·fides
1499 2765 1511 2777 ›
1531 2754 1666 2788 (Venetiis
1689 2753 1769 2788 1489,
1788 2754 1845 2780 sine
1861 2755 1958 2788 pagin.
1978 2762 2048 2780 num.
2067 2769 2085 2774 -
2103 2754 2142 2780 Cf.
2161 2755 2194 2780 ib.
2214 2763 2239 2780 n.
2257 2754 2303 2789 39,

885 215 1271 252 POSTERIORUM
1298 215 1729 252 ANALYTICORUM
1758 217 1852 253 LIB.
1884 217 1910 253 I.

1423 301 1479 330 est
1498 295 1709 332 secundum
1731 295 1916 332 rationem
1937 297 2056 344 (quod
2077 303 2131 333 est
2151 297 2330 334 omnibus
2350 298 2491 335 artibus

1423 349 1663 394 commune);
1680 348 1746 385 sed
1758 348 1871 384 etiam
1882 349 1902 369 *
1910 360 1955 385 ex
1968 350 2054 396 hoc,
2064 350 2169 398 quod
2186 357 2241 386 est
2256 350 2353 387 circa
2365 351 2491 399 ipsum
2521 372 2529 380 ·

1422 407 1550 436 actum
1579 400 1731 438 rationis
1760 401 1854 437 sicut
1883 401 1979 439 circa
2007 403 2203 451 propriam
2232 403 2443 440 materiam.

1478 453 1511 489 3.
1543 454 1592 490 Et
1627 453 1713 490 ideo
1751 453 1902 491 videtur
1939 467 2020 492 esse
2058 469 2118 493 ars
2147 456 2304 502 artium,
2335 456 2424 504 quia
2453 457 2490 494 in

1422 513 1507 542 actu
1537 506 1556 526 *
1587 506 1739 544 rationis
1776 519 1847 544 nos
1885 508 2026 556 dirigit,
2056 522 2078 545 a
2107 522 2185 557 quo
2223 521 2358 546 omnes
2392 518 2490 546 artes

1420 559 1643 607 procedunt.
1666 560 1828 609 Oportet
1847 561 1955 609 igitur
1983 562 2148 610 Logicae
2171 570 2297 611 partes
2318 562 2489 611 accipere

1421 612 1633 650 secundum
1663 613 1918 651 diversitatem
1947 623 2102 652 actuum
2131 615 2294 652 rationis.

1474 677 1510 711 4.
1529 667 1625 703 Sunt
1644 674 1772 703 autem
1789 667 1941 704 rationis
1961 675 2035 705 tres
2050 676 2173 705 actus:
2194 681 2361 717 quorum
2376 668 2489 718 primi

1421 717 1498 754 duo
1527 727 1614 756 sunt
1642 719 1814 766 rationis,
1836 720 2048 757 secundum
2077 722 2182 769 quod
2202 730 2256 758 est
2283 722 2488 758 intellectus

1421 770 1578 819 quidam
1604 777 1630 808 ⁷.
1661 772 1746 809 Una
1775 772 1877 809 enim
1907 773 2003 810 actio
2041 774 2248 811 intellectus
2277 782 2332 811 est
2359 775 2487 812 intelli-

1421 824 1547 871 gentia
1574 825 1594 846 '¹‘
1622 825 1906 862 indivisibilium
1935 827 2016 863 sive
2049 827 2400 876 incomplexorum,
2431 840 2487 864 se-

1422 878 1728 927 cundumlquam
1749 878 1912 927 concipit
1930 879 2021 928 quid
2050 887 2105 916 est
2125 892 2194 916 res.
2217 881 2265 917 Et
2283 881 2377 917 haec
2398 893 2487 929 ope-

1421 930 1515 967 ratio
1545 944 1567 967 a
1600 931 1829 979 quibusdam
1865 932 1998 969 dicitur
2030 932 2246 970 informatio
2282 933 2488 970 intellectus

1421 983 1500 1020 sive
1521 984 1739 1032 imaginatio
1758 997 1827 1033 per
1846 985 2075 1023 intellectum
2096 984 2120 1022 ὃ.
2143 987 2192 1022 Et
2211 987 2258 1023 ad
2277 987 2377 1023 hanc
2398 998 2488 1035 ope-

1421 1037 1607 1074 rationem
1623 1037 1774 1074 rationis
1791 1038 1985 1076 ordinatur
2004 1039 2186 1086 doctrina,
2208 1052 2325 1087 quam
2345 1039 2456 1076 tradit
2469 1041 2490 1061 *

1420 1090 1640 1127 Aristoteles
1661 1091 1699 1128 in
1719 1091 1814 1128 libro
1833 1092 2245 1130 Praedicamentorum.
2266 1114 2290 1121 -
2314 1092 2491 1130 Secunda

1419 1156 1513 1180 vero
1531 1145 1701 1192 operatio
1718 1144 1923 1182 intellectus
1939 1153 1996 1182 est
2009 1146 2236 1195 compositio
2247 1147 2336 1183 *vel
2352 1146 2488 1183 divisio

1420 1196 1639 1245 intellectus,
1660 1198 1699 1234 in
1718 1210 1793 1245 qua
1814 1206 1868 1235 est
1887 1198 1964 1235 iam
1993 1211 2129 1243 verum
2148 1200 2209 1236 vel
2231 1199 2250 1220 *
2271 1199 2418 1236 falsum.
2441 1200 2490 1236 Et

1420 1250 1509 1287 huic
1529 1250 1682 1288 rationis
1709 1251 1807 1288 actui
1835 1252 2000 1289 deservit
2020 1252 2206 1299 doctrina,
2234 1264 2350 1301 quam
2378 1252 2490 1289 tradit

1420 1302 1638 1340 Aristoteles
1654 1304 1692 1340 in
1707 1304 1802 1341 libro
1817 1306 1907 1342 Peri
1923 1306 2167 1342 hermeneias.
2180 1327 2204 1333 -
2224 1306 2376 1342 Tertius
2394 1317 2488 1342 vero

1421 1364 1525 1393 actus
1546 1357 1700 1394 rationis
1720 1365 1775 1394 est
1794 1358 2006 1395 secundum
2031 1359 2067 1395 id
2092 1358 2195 1407 quod
2217 1366 2272 1395 est
2290 1358 2488 1407 proprium

1421 1409 1586 1456 rationis,
1616 1410 1754 1447 scilicet
1773 1411 1982 1448 discurrere
2007 1413 2055 1449 ab
2075 1424 2152 1448 uno
2173 1412 2212 1448 in
2232 1411 2346 1458 aliud,
2367 1419 2408 1448 ut
2421 1423 2491 1460 per

1420 1461 1459 1499 id
1474 1463 1578 1510 quod
1594 1470 1650 1499 est
1668 1470 1803 1500 notum
1818 1464 2023 1502 deveniat*
2037 1465 2076 1502 in
2088 1465 2345 1512 cognitionem
2358 1464 2487 1512 ignoti.

1421 1515 1469 1551 Et
1497 1515 1585 1552 huic
1605 1516 1703 1552 actui
1732 1517 1950 1554 deserviunt
1973 1518 2105 1566 reliqui
2121 1518 2141 1539 *
2157 1518 2240 1555 libri
2261 1518 2437 1565 Logicae.

1478 1569 1510 1605 5.
1532 1569 1816 1606 Attendendum
1846 1578 1900 1607 est
1919 1578 2046 1608 autem
2076 1571 2180 1620 quod
2199 1578 2304 1607 actus
2334 1570 2489 1607 rationis

1421 1620 1561 1658 similes
1581 1629 1678 1670 sunt,
1699 1630 1884 1671 quantum
1905 1623 1952 1660 ad
1977 1623 2129 1673 aliquid,
2150 1623 2295 1660 actibus
2319 1631 2486 1660 naturae.

1421 1674 1531 1711 Unde
1553 1683 1589 1712 et
1607 1687 1667 1712 ars
1686 1675 1853 1713 imitatur
1871 1684 2046 1714 naturam
2061 1677 2101 1714 in
2120 1683 2306 1726 quantum
2325 1683 2451 1725 potest
2463 1681 2487 1713 ³.

1422 1729 1465 1764 In
1493 1728 1638 1765 actibus
1658 1736 1785 1766 autern
1815 1737 1969 1767 naturae
1989 1730 2180 1767 invenitur
2204 1729 2336 1779 triplex
2364 1729 2488 1766 diver-

1417 1948 1476 1965 rum
1496 1940 1646 1966 terminatur
1660 1949 1706 1974 per
1720 1941 1788 1966 viam
1803 1941 1981 1966 resolutionis:
1997 1949 2027 1966 ex
2042 1941 2099 1974 ipsa
2113 1941 2183 1975 enim
2198 1942 2336 1966 collatione
2351 1941 2488 1975 principio-

1417 1984 1476 2000 rum
1495 1976 1527 2003 ad
1545 1976 1726 2001 conclusiones
1741 1977 1849 2002 assentit
1863 1977 2074 2002 conclusionibus
2087 1978 2244 2002 resolvendo
2259 1985 2303 2002 eas
2316 1977 2342 2001 in
2356 1977 2487 2010 principia,

1418 2016 1443 2036 et
1453 2011 1487 2036 ibi
1502 2010 1588 2043 figitur
1602 2017 1690 2037 motus
1705 2012 1839 2044 cogitantis
1852 2017 1878 2038 et
1887 2012 2018 2045 quietatur
2029 2011 2183 2047 (Qq.dispp.
2198 2013 2239 2038 De
2254 2013 2374 2042 veritate,
2392 2020 2436 2045 qu.
2445 2019 2488 2038 xxv

1419 2047 1460 2071 De
1471 2046 1544 2079 fide,
1563 2047 1633 2072 artic.
1647 2044 1677 2082 1).
1697 2047 1788 2072 Merito
1811 2055 1873 2081 ergo
1893 2047 2034 2073 s.Thomas
2054 2048 2115 2073 dicit
2132 2047 2204 2081 quod
2223 2048 2274 2073 duo
2289 2053 2360 2073 actus
2374 2053 2435 2074 sunt
2447 2056 2487 2073 ra-

1417 2082 1494 2106 tionis
1508 2082 1651 2107 secundum
1662 2082 1734 2115 quod
1745 2086 1785 2108 est
1800 2082 1946 2108 Intellectus
1960 2083 2078 2116 quidam.
2085 2097 2104 2102 —
2114 2083 2180 2114 Quia
2189 2091 2252 2108 vero
2261 2083 2418 2116 paucissima
2427 2088 2488 2108 sunt

1417 2125 1484 2151 quae
1503 2117 1634 2143 intellectu
1649 2117 1796 2143 immediate
1810 2126 1825 2144 a
1839 2118 1914 2143 nobis
1934 2119 2142 2152 conspiciuntur,
2156 2123 2182 2143 et
2193 2117 2248 2143 fere
2262 2118 2350 2143 omnia
2367 2125 2435 2151 opus
2448 2122 2489 2144 at

1417 2158 1446 2177 ut
1464 2153 1568 2179 ratione
1587 2161 1602 2178 a
1620 2153 1696 2178 nobis
1715 2153 1915 2187 investigentur3
1934 2154 1994 2179 hinc
2013 2162 2044 2179 ex
2058 2153 2191 2179 communi
2210 2154 2346 2179 hominum
2365 2160 2491 2180 sermone

1418 2189 1527 2214 dicimur
1541 2189 1693 2218 rationales,
1709 2189 1796 2221 potius
1811 2197 1890 2223 quam
1905 2189 2058 2215 intellectiui
2077 2189 2129 2222 (Cf.
2143 2189 2195 2223 Qq.
2209 2189 2294 2223 dispp.
2310 2188 2352 2215 De
2364 2189 2486 2223 veritate,

1417 2232 1461 2257 qu.
1474 2232 1507 2249 xv
1522 2224 1563 2250 De
1582 2224 1686 2250 ratione
1704 2224 1837 2257 superiori
1854 2228 1880 2251 et
1899 2225 2028 2259 inferiori,
2042 2225 2112 2251 artic.
2127 2224 2157 2259 ι).

1469 2258 1495 2293 ὃ)
1513 2261 1538 2284 Α
1556 2260 1713 2292 quibusdam
1733 2260 1832 2286 dIcitur
1851 2260 2007 2294 informatio
2023 2260 2177 2290 intellectus,
2192 2260 2247 2286 sive
2266 2260 2426 2294 imaginatio
2434 2251 2489 2293 per

1417 2295 1586 2320 intellectum.
1599 2295 1670 2320 Haec
1683 2295 1823 2328 Angelicus
1842 2295 1901 2321 dicit
1915 2295 2054 2327 recitando,
2069 2295 2106 2321 uti
2124 2300 2195 2329 patet
2207 2303 2237 2321 ex
2255 2295 2378 2328 loquendi
2392 2296 2486 2321 modo:

1416 2338 1434 2355 a
1453 2331 1609 2363 quibusdam
1625 2331 1870 2356 ascitum-Arabes
1886 2337 1971 2356 autem
1991 2331 2040 2356 hoc
2055 2331 2178 2364 loquendi
2192 2331 2272 2356 modo
2289 2331 2436 2362 utebantur,
2450 2331 2487 2357 uti

1417 2365 1494 2391 habet
1508 2366 1619 2399 ipsemet
1633 2374 1653 2391 s.
1668 2365 1798 2392 Thomas:
1809 2375 1823 2391 ι
1835 2367 1916 2392 Has...
1928 2367 1992 2392 duas
2002 2367 2167 2400 operationes
2178 2367 2322 2393 intellectus
2333 2366 2487 2401 Aristoteles

1419 2410 1432 2424 »
1449 2402 1562 2433 assignat
1576 2402 1601 2426 in
1617 2402 1647 2426 lIl
1659 2402 1700 2427 De
1714 2402 1813 2428 anima.
1824 2402 1909 2427 Unam
1924 2402 2021 2428 scilicet
2035 2410 2115 2436 quam
2127 2407 2203 2428 vocat
2216 2401 2412 2435 intelligentiam
2421 2401 2486 2427 indi-

2554 356 2630 394 Codd.
2656 373 2732 395 omitt.

2520 398 2598 419 etiam.

2519 530 2528 539 ·
2543 535 2730 557 acuuntur-noar.

2518 566 2529 571 -
2537 562 2564 577 o:
2580 563 2630 578 cum
2640 559 2709 584 actu,·
2720 564 2733 579 Ρ

2518 589 2559 604 rsa:
2575 583 2599 605 in
2619 585 2704 606 actum.

2616 789 2632 814 Υ

2517 845 2525 853 ·
2533 850 2553 865 ai
2561 844 2734 867 :intellecta-a.-

2518 870 2554 892 cf.
2568 871 2607 892 lib.
2623 871 2731 899 1Pertn„

2516 902 2599 928 lect.1,
2616 906 2664 927 not.
2685 908 2709 925 α.

2590 1014 2591 1017 =
2614 999 2628 1024 ὃ

2516 1056 2525 1064 ·
2540 1061 2581 1077 ae:
2598 1055 2672 1078 docet.

2517 1164 2728 1195 ·‚‹:f.1²ert11.,1ib.1,
2769 1155 2773 1159 ’

2502 1202 2510 1210 =
2517 1198 2569 1218 lect.
2580 1202 2611 1223 m,
2626 1200 2676 1219 not.
2686 1193 2708 1219 δ.

2517 1227 2525 1234 “
2536 1233 2673 1250 acuamur:
2686 1230 2716 1251 et.

2516 1474 2559 1495 'In
2569 1480 2619 1497 mar
2635 1474 2731 1497 maddi-

1419 2447 1431 2459 »
1448 2437 1597 2467 visibilium,
1611 2445 1663 2470 qua
1681 2437 1800 2462 videlicet
1815 2437 1960 2462 intellectus
1975 2437 2144 2472 apprehendit
2157 2437 2230 2470 quod
2243 2437 2308 2471 quid
2323 2438 2496 2470 &tomenta
2520 2451 2525 2454 -

1419 2482 1431 2494 x
1449 2473 1531 2505 tiam)
1550 2473 1656 2498 alicuius
1675 2472 1720 2503 rei,
1735 2477 1761 2498 et
1779 2472 1844 2498 hanc
1862 2473 1961 2498 Arabes
1983 2478 2076 2498 vocant
2095 2473 2278 2498 formationem
2301 2472 2488 2506 vei-‘imagin-

1418 2516 1431 2531 »
1447 2508 1544 2532 tionem
1563 2515 1610 2541 per
1628 2508 1796 2534 intellectum.
1818 2508 1904 2545 Aliam
1922 2516 1986 2533 vero
2005 2509 2091 2542 ponit,
2111 2508 2208 2535 scilicet
2225 2508 2442 2541 compositionem
2461 2513 2488 2534 et

1418 2552 1431 2566 »
1448 2543 1599 2568 divisionem
1614 2543 1799 2573 intellectuum.
1810 2552 1889 2577 quam
1903 2544 2003 2569 Arabes
2021 2549 2114 2569 vocant
2127 2543 2314 2569 credulitatem*
2323 2544 2365 2569 vel
2383 2542 2462 2569 fidem
2471 2551 2486 2567 s

1418 2577 1479 2611 (Qq.
1499 2578 1597 2611 dispp.,
1622 2587 1665 2611 qu.
1686 2579 1727 2604 De
1749 2579 1881 2612 spiritual.
1901 2582 2026 2610 creatur„
2044 2579 2114 2604 artic.
2132 2586 2158 2604 tx
2175 2579 2208 2604 ad
2227 2577 2263 2612 6).
2282 2578 2351 2604 Alibi
2375 2576 2488 2612 denique

1417 2612 1471 2650 (De
1490 2614 1615 2643 veritate,
1630 2622 1674 2646 qu.
1687 2622 1729 2639 xiv
1748 2614 1790 2640 De
1798 2615 1865 2648 fide,
1881 2614 1950 2639 artic.
1961 2613 1979 2648 ι)
1995 2614 2147 2639 nominatim
2163 2614 2221 2639 citat
2234 2614 2386 2639 Averroem.
2401 2614 2434 2638 Et
2445 2621 2486 2639 re-

1415 2656 1476 2674 vera
1500 2649 1672 2682 philosophus
1691 2649 1740 2674 iste
1758 2649 1784 2676 in
1803 2650 1835 2675 111
1855 2650 1897 2675 De
1915 2650 2015 2679 anima,
2035 2658 2061 2675 n.
2077 2656 2118 2680 21,
2136 2649 2164 2682 §-
2178 2649 2317 2674 For-mare.
2335 2649 2401 2674 Cum
2414 2656 2486 2675 cont·

1411 2684 1499 2716 plevit
1517 2684 1655 2717 notificare
1674 2689 1722 2710 etc.
1741 2684 1813 2711 dicit:
1829 2694 1842 2708 t
1858 2684 1995 2710 Famosior
2013 2684 2214 2710 differentiarum
2229 2692 2276 2718 per
2288 2692 2353 2717 quas
2366 2684 2486 2710 dividitur

1416 2719 1481 2744 actio
1499 2719 1644 2744 intellectus
1663 2725 1724 2744 sunt
1738 2720 1803 2746 duae
1815 2719 1942 2745 actiones:
1961 2727 2072 2753 quarum
2090 2727 2142 2745 una
2154 2718 2246 2744 dicitur
2259 2719 2379 2745 formatio
2398 2723 2424 2744 et
2437 2719 2486 2745 alia

2323 2754 2348 2788 ἓ.
2363 2754 2398 2780 Et
2423 2754 2486 2788 qula

1415 2790 1559 2815 secundum
1579 2790 1651 2822 quod
1668 2789 1826 2816 existimant
1844 2795 1901 2821 etc.;
1914 2804 1933 2810 —-
1950 2790 2048 2815 Albert.
2061 2790 2097 2816 M.
2110 2790 2137 2815 in
2156 2790 2200 2815 lib.
2218 2790 2228 2814 1
2243 2790 2354 2819 Foster„
2374 2795 2447 2815 tract.
2461 2789 2484 2821 1,

1417 2833 1472 2858 cap.
1482 2823 1561 2860 1¹1).-
1575 2826 1666 2858 Supra,
1685 2825 1711 2850 in
1730 2826 1846 2859 margine
1865 2826 2012 2851 notavimus
2031 2826 2170 2851 lectionem
2187 2825 2329 2851 variantem
2348 2825 2423 2851 codd.
2438 2825 2484 2851 131:

1416 2861 1575 2886 intellectiva
1589 2860 1797 2886 indiuIsibilium.
1819 2861 1867 2886 Hic
1880 2861 1999 2886 addimus
2013 2861 2151 2886 lectionem
2167 2861 2224 2886 cod.
2240 2861 2278 2892 O,
2298 2861 2412 2886 scilicett
2430 2866 2486 2886 una

1415 2896 1485 2921 enim
1503 2896 1574 2921 actio
1597 2899 1637 2922 est
1655 2896 1814 2926 intellectus,
1834 2897 1994 2922 intellectiva
2012 2897 2225 2926 indivisibilium,
2248 2897 2303 2922 sive
2322 2901 2371 2922 otc.
2390 2896 2442 2922 Sed
2459 2901 2492 2922 eo

1415 2931 1483 2956 idem
1503 2932 1559 2956 cod.
1574 2931 1599 2956 Ο
1618 2932 1697 2964 paulo
1715 2931 1781 2958 infra
1798 2932 1871 2964 legit:
1886 2935 1912 2958 et
1924 2932 1988 2958 haec
2008 2932 2092 2961 ratio,
2108 2937 2228 2965 corrupte
2242 2940 2290 2965 pro
2304 2931 2492 2965 oper-atiani·

1415 2966 1481 2992 forte
1500 2967 1577 2992 etiam
1596 2974 1644 3000 pro
1662 2967 1742 2993 actio.
2490 2998 2493 2999 ⁷

1468 3001 1491 3036 ε)
1510 3003 1592 3028 Actus
1611 3002 1724 3028 rationis
1741 3002 1840 3028 similes
1853 3006 1916 3028 sunt
1935 3000 2048 3039 (Codd.-
2061 3003 2123 3034 Po,
2141 3006 2204 3028 sunt
2222 3000 2335 3037 similes)
2355 3006 2484 3036 quantum

1415 3037 1452 3063 ad
1465 3038 1575 3071 aliquid,
1590 3038 1693 3064 actibus
1711 3041 1833 3064 naturae.
1853 3037 1927 3064 Unde
1945 3041 1972 3064 et
1989 3045 2036 3064 ars
2055 3036 2104 3075 (O,
2124 3038 2194 3064 unde
2213 3035 2275 3073 ars)
2295 3037 2419 3064 imitatur
2437 3039 2484 3064 na-

1415 3076 1504 3098 turam
1521 3071 1728 3108 (ADGHILMR,
1743 3077 1832 3099 natur.
1847 3069 1955 3109 imitat.)
1970 3078 2018 3099 etc.
2033 3073 2066 3099 Et
2078 3081 2148 3099 vere.
2163 3074 2229 3099 Nam
2240 3078 2266 3099 et
2279 3073 2343 3099 ratio
2356 3073 2484 3107 quaedam

1415 3113 1504 3133 natura
1523 3114 1575 3139 est;
1595 3116 1658 3141 ergo
1676 3108 1702 3134 in
1721 3108 1776 3134 suis
1795 3109 1892 3134 actibus
1913 3109 2042 3134 invenitur
2060 3114 2085 3134 et
2103 3108 2128 3134 id
2147 3109 2218 3143 quod
2242 3116 2273 3134 ex
2291 3113 2381 3134 natura
2394 3108 2491 3143 invoa-¹

1415 3151 1476 3169 nere
1495 3149 1548 3175 est,
1567 3149 1594 3169 et
1610 3143 1637 3168 id
1655 3144 1726 3178 quod
1745 3149 1785 3169 est
1803 3152 1833 3170 ex
1852 3144 1901 3170 tali
1919 3149 2017 3175 natura,
2032 3144 2100 3169 idest
2114 3144 2245 3175 mtionaii3
2265 3151 2360 3177 nempe
2373 3144 2399 3170 id
2413 3143 2485 3178 quod

1415 3184 1454 3204 est
1469 3179 1516 3204 sibi
1527 3186 1666 3204 commune
1679 3187 1739 3204 cum
1757 3180 1847 3205 ceteris
1863 3180 1959 3205 naturis
1973 3185 1999 3205 et
2013 3180 2038 3205 id
2051 3180 2122 3213 quod
2136 3185 2177 3205 est
2189 3180 2237 3205 sibi
2251 3179 2395 3213 proprium.
2409 3179 2490 3207 Unde:

1414 3215 1567 3240 Aristoteles
1587 3214 1612 3240 in
1634 3214 1700 3241 libro
1720 3215 1741 3240 11
1763 3215 1953 3249 Hiysicorum,
1977 3223 2042 3247 seu,
2067 3215 2109 3240 De
2132 3215 2251 3241 naturali
2275 3215 2486 3243 auscultatio-a,-

1415 3258 1471 3283 cap.
1485 3258 1540 3281 vm,
1555 3258 1580 3275 n.
1597 3250 1621 3281 5,
1635 3250 1682 3276 ait:
1691 3248 1782 3280 Ὀλως
1800 3259 1826 3276 τε
1840 3249 1855 3282 ἢ
1871 3249 1948 3286 τέχνη
1961 3248 1993 3276 τὰ
2007 3247 2052 3286 μὶν
2066 3247 2193 3282 intrem,
2209 3247 2225 3275 ἃ
2240 3249 2256 3282 ὴ
2275 3249 2351 3284 §fiete
2364 3245 2488 3277 ἆδυνοιΐῖ

1415 3280 1620 3319 ἀπεργάσασθαι,
1637 3283 1669 3312 τὰ
1684 3282 1711 3310 δὶ
1726 3286 1852 3320 gap-sitem
1869 3287 1906 3311 Et
1920 3286 2028 3312 omnino
2041 3293 2088 3311 ars
2095 3286 2200 3320 partim
2210 3285 2333 3320 perficit,
2347 3291 2416 3319 quae
2428 3290 2482 3311 non

1410 3324 1500 3352 potest
1523 3324 1622 3347 natura
1662 3320 1784 3354 'erficeru
1803 3321 1908 3354 partim
1931 3325 2057 3347 naturam
2081 3321 2212 3347 imitatur.
2235 3321 2312 3348 Hunc
2337 3317 2482 3347 Aristotelis

1415 3357 1500 3382 locum
1519 3362 1627 3390 usurpat
1639 3329 1685 3383 {ic
1704 3364 1725 3382 s.
1739 3356 1864 3382 Thomas.
1878 3372 1899 3378 -
1912 3356 1993 3382 Codd.
2012 3355 2196 3382 ADGHILMO
2215 3356 2336 3382 omittunt
2353 3354 2436 3381 intra:
2454 3354 2481 3380 in

1413 3395 1541 3424 quantum
1555 3395 1683 3424 potest.-
1696 3392 1720 3417 K
1738 3399 1791 3417 non
1810 3391 1891 3417 bene:
1911 3392 1937 3417 in
1957 3395 2085 3425 quantum
2099 3395 2200 3425 posset.
2213 3405 2233 3412 -
2244 3390 2338 3423 Verba,
2357 3389 2384 3416 in
2398 3396 2482 3423 quan-

1415 3431 1470 3452 tum
1484 3430 1587 3460 potest,
1607 3427 1703 3453 nedum
1721 3427 1843 3452 omittunt
1862 3427 1964 3453 codices
1982 3427 2127 3461 praecitati,
2146 3427 2193 3454 sed
2207 3433 2293 3459 neque
2310 3424 2437 3450 habeatur
2454 3424 2481 3450 in

1413 3462 1499 3488 verbis
1519 3462 1672 3488 Aristotelis.
1691 3462 1724 3488 Et
1742 3462 1854 3496 ipsemet
1867 3470 1889 3488 s.
1899 3462 2016 3488 Thomas
2031 3463 2089 3488 lect.
2102 3469 2148 3488 xm
2161 3461 2187 3487 in
2201 3461 2223 3487 11
2236 3460 2351 3496 Hysia,
2366 3460 2415 3485 loc.
2430 3460 2480 3492 cit„

1413 3498 1492 3523 verba
1510 3498 1553 3523 illa
1565 3505 1617 3523 non
1636 3498 1718 3529 addit;
1737 3505 1766 3523 ac
1779 3498 1804 3523 in
1819 3499 1871 3531 Qq.
1890 3498 1975 3532 dispp.
1989 3498 2031 3523 De
2045 3497 2166 3526 veritate.
2181 3503 2227 3530 qu.
2238 3502 2265 3522 n
2284 3495 2326 3521 De
2340 3495 2482 3528 magistro,

1414 3533 1484 3558 artic.
1499 3541 1523 3558 1:
1541 3534 1602 3563 Ars,
1621 3533 1716 3566 inquit,
1737 3533 1836 3559 dieitur
1855 3533 1958 3559 imitari
1975 3536 2111 3562 naturam,
2130 3532 2201 3557 nulla
2214 3531 2347 3557 mentione
2363 3529 2429 3556 tacta
2447 3530 2482 3556 de

1413 3569 1499 3594 verbis
1519 3569 1545 3594 in
1560 3572 1689 3601 quantum
1702 3571 1802 3602 potest,
1821 3576 1888 3602 quae
1907 3568 1986 3594 Piana
2003 3567 2081 3595 habet
2099 3574 2159 3593 cum
2177 3566 2271 3593 oete'ris
2289 3565 2364 3591 codd.
