2788 4204
192 637 262 677 0—72

120 677 180 750 ῆι

67 2224 76 2233 “
87 2223 163 2244 Codd.
177 2234 186 2238 -
195 2228 223 2243 Ρι.
229 2221 280 2248 :fil;

66 2248 225 2277 mprocedit.

68 2437 73 2443 ¹
91 2435 121 2456 N.
131 2440 152 2462 3.

68 2489 77 2497 ·
91 2487 186 2509 Scilicet
203 2486 278 2507 omitt

67 2520 136 2535 Αῡιιο.
146 2525 156 2529 -
168 2520 186 2534 ιε
199 2513 277 2534 deter-

68 2541 144 2562 minat
157 2546 194 2561 ex.

68 2567 78 2578 ⁴
90 2568 152 2588 Lect.
163 2572 212 2587 xiii.

70 2657 78 2664 “
93 2655 156 2676 Lect.
172 2661 204 2676 iv.

169 2749 183 2782 β

70 2862 193 2910 Σϋὲἓάἀ.-
208 2869 233 2883 P:
257 2864 281 2883 et

327 247 395 283 172

906 236 1290 273 POSTERIORUM
1318 236 1747 275 ANALYTICORUM
1776 240 1870 276 LIB.
1902 241 1915 276 Ι

1132 450 1434 507 LECTIO
1471 453 1693 509 NONA

764 590 848 629 DE
881 590 1179 630 PRINCIPIO
1216 590 1390 643 QUOD
1425 592 1556 642 EST,
1591 594 1729 635 DICI
1751 595 1846 635 DE
1879 596 2050 637 OMNI.

306 724 389 754 Ἐπε
379 716 449 752 ι’18
468 716 636 752 ἀδύνατον
657 717 797 755 ἄλλως”
769 730 839 772 εχε
826 729 871 748 ιν
891 716 927 749 οὗ
946 717 1038 751 ἐστὶν
1051 717 1229 771 ἐπιστήμη
1251 719 1378 760 ἁπλῶς,

381 767 577 820 ἀναγκαῖον
595 761 633 794 ἂν
659 764 707 798 εἴη
735 762 776 794 τὸ
807 762 992 799 ἐπιστητὸν
1019 762 1059 795 τὸ
1078 763 1175 795 κατὰ
1204 762 1268 799 τὴν
1296 763 1381 795 ἀπο-

378 807 414 842 86
401 809 549 845 canem-1¹12
566 807 772 861 ἑπιστημην.
787 804 1030 843 Ἀποδεικτικη
1051 804 1078 838 δ’
1102 807 1194 839 ἐστὶν
1218 808 1238 843 ἦ
1257 807 1378 862 ἔχομεν

377 857 424 896 τῷ·
450 854 538 908 ἔχειν
565 848 751 893 ἀπόδειξιν·
779 852 814 893 ἐξ
842 852 1036 907 ἀναγκαίων
1064 851 1130 893 ἄρα
1156 850 1377 897 συλλογισμός

377 900 468 931 ἐστιν
495 899 514 934 ἡ
543 893 650 930 ἀπόδε
654 895 727 937 ιξις.
754 895 913 934 Ληπτέον
934 896 999 939 ἄρα
1018 897 1055 929 ἐκ
1073 898 1171 929 τίνων
1192 897 1250 928 καὶ
1274 899 1378 927 ποίων

378 946 412 976 αἱ
440 938 627 983 ἀποδείξεις
653 942 746 973 εἰσίν.

309 1034 441 1078 Πρῶτον
467 1027 504 1064 86
524 1026 718 1086 διορίσωμεν
745 1032 777 1062 τί
801 1028 839 1061 λε’
827 1041 944 1085 εγομεν
971 1029 1012 1062 τὸ
1037 1029 1134 1062 κατοὶ
1159 1028 1289 1066 παντὸς
1319 1030 1377 1060 καὶ

377 1080 410 1110 τί
437 1077 478 1109 τὸ
501 1075 580 1108 καθ
611 1076 699 1108 αυτὸ
723 1076 782 1106 καὶ
808 1077 841 1106 τί
868 1074 909 1108 τὸ
934 1074 1094 1106 καθόλου.

309 1123 412 1155 Κατοὶ
437 1122 566 1159 παντὸς
579 1122 650 1175 μὲν
678 1118 734 1153 οὖν
760 1131 865 1152 τουτο
889 1119 978 1165 λέγω
998 1120 1014 1151 ὃ
1033 1118 1071 1152 ἄν
1091 1117 1110 1160 ᾗ
1129 1130 1175 1171 μη
1199 1118 1254 1150 ἐπὶ
1288 1118 1376 1156 τινός

376 1167 434 1211 μὲν
460 1166 550 1204 τινός
576 1162 613 1198 86
638 1165 705 1210 μή,
740 1161 826 1208 μηδὲ
851 1166 938 1197 ποτὲ
959 1164 1018 1208 μὲν
1045 1175 1132 1195 ποτε
1156 1159 1194 1194 86
1219 1161 1296 1216 μή,
1309 1163 1376 1194 οἷον

376 1224 403 1242 ει
419 1223 515 1243 κατα,
533 1212 663 1249 παντὸς
691 1209 864 1254 ἀνθρώπου
889 1210 986 1252 ζῷον,
1014 1209 1041 1239 εἰ
1068 1206 1189 1245 ἀληθὲς
1215 1202 1306 1239 τόνδ’
1336 1207 1380 1238 εἰ-

376 1260 449 1288 πεῖν
477 1255 663 1309 ἄνθρωπον,
692 1255 811 1293 ἀληθὲς
832 1256 890 1286 καὶ
910 1255 1007 1297 ζῷον,
1025 1254 1114 1284 xoet=
1102 1253 1128 1284 6i.
1146 1252 1202 1283 νῦν
1220 1250 1376 1307 θάτερον,

375 1303 433 1332 καὶ
459 1299 542 1332 θοίτε
529 1312 614 1345 ερον,
636 1303 693 1333 καὶ
719 1301 746 1331 εἰ
765 1301 798 1332 ἐν
816 1298 911 1342 πάσῃ
936 1298 1076 1345 γραμμῇ
1103 1308 1158 1329 στι
1161 1308 1250 1342 (μη,
1269 1296 1378 1328 ὡσαύ-

376 1358 453 1384 τως.

309 1391 449 1434 Σημεϊον
475 1384 524 1421 86'·
551 1392 609 1422 καὶ
638 1390 702 1432 γοὶρ
729 1389 790 1426 τοὶς
818 1387 990 1424 ἐνστάσεις
1023 1385 1112 1418 οὕτω
1143 1384 1319 1438 φέρομεν,
1334 1397 1376 1422 ως

374 1435 470 1467 κατὰ
503 1435 634 1472 παντὸς
669 1433 897 1476 ἐρωτώμενοι,
928 1431 949 1468 ἦ
978 1432 1006 1463 εἰ
1039 1431 1094 1463 ἐπί
1127 1441 1193 1462 τινι
1221 1428 1269 1472 μή
1298 1427 1319 1465 ἦ
1347 1431 1377 1460 εἴ

376 1491 462 1511 ποτε
487 1478 547 1523 μή.

368 1588 516 1614 SYNopsts.
536 1602 570 1605 —
595 1594 618 1612 1.
640 1585 747 1611 Textus
764 1582 906 1610 divisio.-
921 1589 947 1610 2.
970 1581 1127 1609 Conclusio
1149 1579 1373 1608 demonstratio-

308 1627 352 1654 nis
373 1633 415 1654 est
436 1625 610 1658 necessaria3
633 1633 701 1660 ergo
723 1623 906 1659 syllogismus
927 1620 1168 1649 demonstrativus
1192 1620 1322 1657 procedit
1340 1629 1373 1648 ex

308 1665 482 1694 necessariis.
495 1665 549 1692 -3.
567 1646 613 1692 Ad
636 1664 784 1691 sciendum
806 1672 839 1690 ex
868 1661 973 1698 quibus
994 1668 1022 1689 et
1050 1670 1083 1689 ex
1105 1661 1238 1697 qualibus
1260 1667 1302 1688 est
1323 1661 1373 1687 de-

308 1705 479 1734 monstratio
508 1704 793 1741 praeintelligendum
815 1702 885 1739 quid
914 1702 1074 1739 significent
1103 1701 1213 1729 formae
1241 1701 1310 1728 istae
1331 1700 1374 1728 lo-

307 1745 428 1782 quendi3
446 1745 504 1773 dici
518 1745 553 1772 de
564 1744 651 1777 omni,
667 1743 725 1771 dici
735 1752 792 1781 per
806 1752 846 1776 se,
862 1742 921 1770 dici
930 1742 1038 1780 primo.
1055 1743 1137 1777 Quae
1152 1741 1261 1769 formae
1277 1750 1310 1768 ex
1324 1741 1375 1768 ad-

307 1785 416 1814 ditione
438 1794 467 1813 se
489 1785 595 1813 habent
617 1784 654 1812 ad
675 1783 807 1818 invicem,
823 1789 851 1810 et
868 1782 934 1810 ideo
956 1791 1015 1810 una
1035 1791 1096 1810 non
1111 1780 1287 1810 'convertitur
1307 1790 1374 1808 curn

307 1825 401 1854 alia.-
415 1834 442 1860 4.
465 1825 533 1853 Dici
552 1825 587 1852 de
609 1824 688 1852 omni
710 1822 861 1859 dupliciter
881 1828 1051 1859 usurpatur·
1074 1822 1118 1850 vel
1142 1821 1220 1849 enim
1235 1821 1375 1866 significat

304 1866 506 1903 praedicatum
528 1864 621 1892 inesse
643 1872 818 1900 quocunque
847 1863 937 1890 modo
959 1861 1075 1890 cuilibet
1102 1862 1183 1898 quod
1211 1861 1374 1890 continetur

308 1906 361 1933 sub
383 1905 512 1933 subiecto
540 1903 709 1938 universali;
735 1904 779 1931 vel
801 1902 941 1940 significat
961 1902 1157 1939 praedicatum
1179 1902 1273 1929 inesse
1294 1901 1374 1930 cuili-

308 1946 356 1973 bet
375 1945 555 1982 simpliciter,
578 1945 634 1972 hoc
655 1950 712 1979 est,
735 1953 795 1971 non
817 1951 993 1979 quocunque
1015 1942 1105 1970 modo
1123 1943 1173 1970 sed
1188 1942 1375 1970 essentialiter

509 2052 556 2090 ⁴„
573 2050 749 2116 ostquam
787 2041 1043 2090 Philosophus
1081 2041 1244 2078 ostendit
1283 2041 1373 2090 quid

434 2134 554 2228 aad&
574 2158 676 2199 parte
706 2150 775 2186 ista
804 2148 933 2197 incipit
952 2148 1152 2185 ostendere
1171 2154 1188 2170 α
1218 2160 1263 2184 ex
1293 2148 1372 2197 qui-

372 2231 382 2236 -
516 2201 555 2233 512⁴
575 2205 644 2240 bus
665 2211 701 2239 et
720 2202 893 2251 qualibus
918 2202 963 2238 sit
980 2202 1009 2238 *.
1027 2203 1076 2238 Et
1095 2202 1193 2239 circa
1212 2202 1286 2238 hoc
1305 2202 1375 2239 tria

308 2258 404 2303 facit3
420 2258 556 2316 primo,
570 2256 764 2293 continuat
778 2269 818 2292 se
834 2255 883 2292 ad
898 2255 1175 2316 praecedentia;
1192 2256 1372 2303 secundo,

307 2311 510 2359 interponit
529 2310 718 2359 quaedam
745 2322 843 2358 quae
863 2317 949 2345 sunt
968 2309 1179 2346 necessaria
1198 2310 1247 2346 ad
1266 2322 1373 2358 prae-

309 2364 637 2412 cognoseendum;
667 2363 735 2400 ibi:
765 2363 937 2399 Primum
965 2368 1089 2399 autem
1114 2363 1373 2400 determinabi-

308 2431 391 2454 mus
406 2418 531 2453 *sete
523 2446 531 2462 ‚
556 2417 681 2463 tertio,
703 2416 928 2453 determinat
950 2415 1206 2465 propositum,
1237 2417 1376 2453 scilicet

310 2484 354 2508 ex
368 2470 543 2518 *quibus
564 2470 609 2506 sit
624 2470 863 2518 syllogismus
883 2469 1220 2516 demonstrativus5
1241 2470 1309 2507 ibi:
1336 2470 1377 2506 Si

310 2525 426 2574 igitur
454 2529 508 2560 est
533 2523 823 2560 demonstrativa
844 2523 864 2543 '¹‘
894 2530 963 2559 etc.

364 2589 397 2614 2.
419 2577 519 2613 Dicit
547 2589 635 2624 ergo
664 2576 803 2625 primo,
825 2575 930 2623 quod
959 2574 1047 2623 quia
1068 2575 1210 2612 dictum
1240 2583 1295 2612 est
1315 2588 1374 2612 su-

308 2643 377 2690 pra
390 2631 421 2676 ³²,
442 2630 547 2678 quod
567 2629 799 2679 impossibile
816 2637 872 2665 est
887 2628 990 2665 aliter
1010 2641 1050 2665 se
1066 2629 1231 2665 habere·
1224 2641 1261 2665 m
1282 2628 1374 2665 defi-

310 2683 450 2720 nitione
480 2684 558 2720 eius
593 2683 698 2732 quod
728 2691 783 2719 est
809 2682 921 2728 sci,re
956 2682 1213 2718 necessarium
1243 2682 1311 2718 erit
1338 2681 1376 2718 id

309 2737 413 2785 quod
442 2737 556 2774 scitur
590 2736 801 2773 secundum
831 2735 1195 2772 demonstrationem
1214 2733 1242 2771 Ρ.
1274 2734 1377 2781 Quid

310 2798 437 2827 autem
466 2791 511 2827 sit
538 2790 643 2850 quod
676 2797 732 2826 est
766 2788 977 2826 secundum
1011 2788 1377 2825 demonstrationem

310 2844 403 2880 scire
424 2844 595 2892 exponit,
627 2843 755 2880 dicens
769 2843 789 2864 *
817 2842 922 2902 quod
942 2841 1240 2879 demonstrativa
1260 2841 1378 2878 scien-

309 2897 359 2934 tia
389 2905 443 2934 est
477 2910 594 2945 quam
622 2898 802 2933 habemus
831 2896 867 2932 in
897 2895 1067 2932 habendo
1096 2894 1378 2932 demonstratio-

364 3052 390 3087 α)
413 3052 508 3084 Incipit
526 3051 701 3077 ostendere.—
711 3052 747 3075 A:
764 3050 857 3082 incipit
869 3050 979 3075 ulterius
998 3050 1275 3079 ostendere5132vu1t
1289 3054 1376 3076 osten-

312 3089 387 3117 dere;
406 3089 429 3112 1:
449 3087 564 3113 ostendit
582 3094 619 3112 ex
632 3087 738 3119 quibua,-
758 3086 794 3110 O:
811 3086 924 3111 intendit
937 3086 1083 3111 ostendere.
1098 3085 1250 3110 Retinemus
1263 3085 1378 3116 Pinnem,

311 3132 390 3156 quam
409 3123 449 3148 alii
470 3123 570 3148 codices
589 3122 725 3147 habentu—
739 3121 806 3146 Infra
823 3129 886 3146 vero
912 3121 990 3146 Piana
1015 3129 1075 3146 cum
1095 3121 1169 3146 codd.
1189 3121 1378 3146 CDEHKLMN

313 3159 403 3190 QRST
422 3159 510 3183 habet:
529 3158 644 3183 secundo
664 3157 824 3182 determinat
843 3162 904 3187 etc.;
929 3158 975 3182 sed
995 3157 1162 3189 praetulimus
1183 3157 1319 3181 lectionem
1339 3157 1378 3181 in-

312 3194 427 3226 terponit
446 3202 512 3226 quae
531 3199 571 3218 est
585 3193 658 3218 codd.
673 3192 779 3217 ABGIO
799 3197 824 3217 et
838 3193 856 3216 S
871 3200 965 3225 marg„
985 3193 1045 3225 quia
1059 3192 1159 3216 videtur
1173 3192 1281 3216 indicata
1294 3200 1323 3216 ex
1339 3191 1378 3216 his

312 3238 379 3262 quae
398 3230 516 3254 dIcuntur
534 3229 559 3253 in
579 3236 635 3261 seq.
655 3235 764 3253 nurnero
785 3227 808 3252 3.

367 3264 392 3299 β)
408 3265 486 3295 Quod
500 3264 658 3296 impossibile
671 3267 710 3288 est
723 3268 770 3288 etc.
786 3263 848 3288 Cod.
863 3263 900 3287 O:
917 3263 988 3295 quod
1002 3263 1065 3295 quia
1080 3262 1238 3294 impossibile
1251 3265 1291 3288 est
1305 3267 1352 3287 etc.
1358 3276 1380 3281 —

313 3301 350 3325 Η.
370 3300 440 3332 quod
459 3300 616 3332 impossibile
637 3302 677 3324 est
695 3299 774 3323 aliter
791 3305 818 3323 se
837 3298 932 3323 habere
957 3299 1028 3331 quod
1046 3301 1085 3323 est
1102 3298 1177 3323 scire.
1198 3298 1298 3323 Revera
1316 3297 1378 3322 haec

314 3335 388 3360 lectio
396 3335 495 3360 videtur
506 3335 587 3367 magis
598 3334 715 3367 expedita
725 3342 804 3366 quam
811 3334 889 3358 Piana
897 3338 922 3358 et
929 3334 1038 3358 aliorum
1046 3333 1120 3358 codd.
1123 3333 1254 3366 ,quamvis
1262 3333 1287 3358 in
1294 3333 1377 3358 omni-

314 3371 363 3394 bus
375 3370 468 3403 aliquid
484 3371 575 3395 deesse
588 3369 711 3394 videatur.
723 3369 788 3394 [nfra
798 3370 854 3393 lect.
861 3377 914 3399 xm,
932 3377 955 3393 n.
971 3377 991 3399 1,
1002 3351 1141 3401 Angeliciis
1156 3369 1265 3393 eandem
1275 3373 1378 3393 senten-

314 3405 375 3430 tiam
395 3405 515 3438 profert
510 3414 534 3430 ιιι
555 3405 619 3430 hanc
638 3405 762 3429 sormam:
784 3404 854 3434 Quia
873 3404 945 3436 quod
962 3388 1046 3430 sc'itur
1065 3403 1224 3436 impossibile
1242 3407 1282 3429 est
1299 3403 1379 3428 aliter

314 3448 341 3465 se
359 3441 465 3469 habere,
487 3444 515 3465 ut
528 3440 645 3465 habitum
665 3443 704 3465 est
723 3441 749 3464 in
770 3440 921 3472 definitione
940 3439 996 3464 eius
1014 3439 1086 3472 quod
1104 3442 1144 3464 est
1161 3439 1266 3464 scire.-
1280 3439 1379 3464 Deinde

314 3481 374 3508 post
392 3476 533 3500 secundum
553 3475 821 3504 demonstrationem,
842 3475 899 3500 edd.
916 3475 943 3499 P.
964 3480 989 3500 et
1003 3475 1052 3499 Vv.
1067 3475 1163 3499 addunt
1185 3481 1240 3500 esse
1262 3481 1378 3499 neeessa-

315 3510 400 3540 rium;
415 3519 480 3542 quae
494 3511 571 3535 verba
586 3511 697 3535 desunt
691 3519 716 3535 ιιι
731 3511 852 3535 omnibus
867 3510 962 3534 nostris
979 3510 1118 3535 codicibus.
1139 3510 1170 3534 Et
1184 3517 1273 3534 revera
1286 3517 1379 3534 sensus

316 3546 456 3570 sententiae
466 3546 521 3570 sine
531 3545 592 3577 ipsis
606 3545 703 3576 integer
717 3550 810 3570 manet.
825 3546 876 3570 lam
890 3545 959 3570 enim
975 3545 1064 3570 dicitur
1077 3545 1251 3570 necessarium
1261 3544 1314 3570 erit
1323 3549 1379 3569 etc.-

316 3581 385 3613 quod
405 3579 497 3605 sufficit
515 3581 547 3605 ad
566 3581 747 3605 declarandum
766 3580 943 3613 propositum,
967 3588 1061 3613 nempe
1080 3581 1150 3612 quod
1169 3580 1194 3604 id
1213 3580 1283 3612 quod
1303 3579 1381 3605 scitur

1434 721 1451 740 *
1462 721 1625 758 Quoniam
1637 729 1744 753 autem
1760 724 1955 764 impossibile
1972 732 2019 755 est
2032 725 2120 756 aliter
2132 737 2165 757 se
2179 727 2293 758 habere
2311 728 2402 768 illud,
2414 730 2503 761 cuius

1501 773 1548 796 est
1569 766 1698 797 scientia
1721 768 1914 808 simpliciter,
1939 770 2151 800 necessarium
2174 772 2284 812 utique
2308 773 2365 803 erit
2387 752 2419 803 i'd
2436 784 2503 805 esse

1501 810 1623 849 scibile,
1648 812 1736 852 quod
1760 819 1807 843 est
1829 813 2007 843 secundum
2030 814 2311 846 demonstrativam
2329 817 2501 849 scientiam.

1501 854 1756 886 Demonstrativa
1779 863 1886 887 autem
1909 864 1970 895 est,
1995 868 2093 898 quam
2121 859 2276 890 habemus
2299 861 2332 891 in
2354 861 2502 893 habendo

1501 898 1820 940 demonstrationem;
1846 912 1882 931 ex
1901 902 2082 933 necessariis
2101 902 2207 944 itaque
2232 904 2436 945 syllogismus
2456 913 2502 938 est

1501 943 1738 975 demonstratio.
1758 945 1992 986 Accipiendum
2006 946 2102 987 igitur
2119 958 2155 978 ex
2174 948 2290 989 quibus
2310 957 2340 980 et
2355 951 2502 990 qualibus

1500 988 1785 1019 demonstrationes
1799 989 1898 1021 fiunt.

1432 1031 1603 1062 *Primum
1627 1039 1733 1063 autem
1753 1033 2032 1064 determinabimus
2056 1035 2134 1076 quid
2150 1036 2284 1067 dicimus
2301 1037 2340 1068 de
2359 1039 2450 1069 omni
2473 1045 2503 1070 et

1499 1076 1577 1117 quid
1600 1087 1656 1117 per
1679 1088 1712 1108 se
1732 1085 1762 1108 et
1785 1079 1864 1119 quid
1887 1078 2071 1110 universale.

1432 1120 1480 1151 De
1504 1121 1593 1151 omni
1617 1122 1748 1162 quidem
1770 1123 1832 1154 hoc
1856 1123 1944 1162 dico,
1968 1124 2057 1164 quod
2081 1125 2191 1165 utique
2214 1131 2262 1155 est
2284 1135 2350 1156 non
2369 1126 2402 1156 in
2420 1137 2502 1168 quo-

1500 1165 1574 1195 dam
1597 1166 1728 1206 quidem
1751 1167 1814 1206 sic,
1842 1168 1877 1198 in
1900 1168 2043 1209 quodam
2072 1176 2179 1200 autem
2207 1180 2290 1209 non,
2318 1181 2422 1212 neque
2447 1172 2502 1202 ali-

1499 1211 1628 1250 quando
1653 1211 1784 1252 quidem
1808 1212 1867 1252 sic,
1892 1213 2064 1252 aliquando
2088 1224 2163 1245 vero
2189 1221 2269 1246 non:
2295 1222 2331 1246 ut
2354 1216 2392 1246 de
2412 1217 2501 1248 omni

1499 1254 1630 1286 homine
1654 1256 1786 1295 animal;
1811 1257 1836 1287 si
1860 1258 1946 1288 enim
1969 1267 2081 1289 verum
2109 1266 2156 1290 est
2185 1260 2288 1291 dicere
2315 1260 2500 1300 hominem,

1498 1309 1610 1329 verum
1630 1306 1676 1330 est
1700 1300 1800 1332 dicere
1823 1303 1955 1334 animal:
1977 1310 2008 1334 et
2030 1303 2056 1333 si
2080 1304 2214 1334 alterum
2238 1311 2268 1334 et
2296 1304 2447 1344 alterum;
2471 1312 2502 1336 et

1499 1343 1524 1373 si
1548 1343 1581 1373 in
1605 1345 1694 1374 omni
1717 1345 1799 1376 linea
1822 1354 1997 1387 punctum,
2021 1348 2164 1378 similiter
2186 1349 2277 1379 inest.

1432 1386 1566 1427 Signum
1589 1396 1697 1420 autem
1716 1397 1777 1429 est;
1802 1401 1940 1442 namque
1956 1393 2118 1424 instantias
2141 1393 2184 1423 sic
2203 1392 2405 1434 proferimus,
2421 1393 2502 1424 sicut

1498 1431 1537 1462 de
1561 1434 1650 1463 omni
1678 1434 1876 1475 interrogati,
1908 1444 1963 1468 aut
1993 1437 2018 1468 si
2041 1437 2075 1467 in
2098 1438 2242 1478 quodam
2271 1447 2356 1476 non,
2386 1445 2440 1469 aut
2471 1438 2497 1468 si

1497 1476 1669 1517 ahquando
1693 1489 1769 1509 non.

1429 1586 1456 1607 et
1478 1581 1649 1609 necessario.
1672 1599 1691 1603 -
1710 1583 1807 1611 Primo
1830 1585 1920 1612 modo
1947 1585 2070 1613 sumitur
2090 1585 2120 1613 in
2141 1586 2310 1631 syllogismo
2331 1587 2499 1623 dialectico,

1430 1629 1480 1648 seu
1505 1621 1663 1657 probabili3
1690 1623 1741 1650 sed
1764 1623 1854 1652 altero
1883 1625 1974 1652 modo
1998 1634 2112 1661 semper
2139 1626 2229 1662 accipi
2244 1627 2336 1654 debet
2359 1626 2389 1654 in
2413 1627 2500 1663 syllo-

1429 1660 1523 1697 gismo
1547 1662 1783 1690 demonstrativo.
1804 1680 1823 1684 —
1843 1664 1867 1692 5.
1893 1663 2035 1692 Definitur
2064 1665 2123 1693 dici
2150 1666 2186 1694 de
2210 1666 2290 1693 omni
2315 1666 2347 1694 in
2374 1666 2430 1694 hoc
2455 1675 2500 1696 se-

1430 1701 1526 1729 cundo
1554 1711 1655 1737 sensu,
1677 1711 1800 1739 nempe:
1826 1704 1965 1741 quidquid
1992 1704 2100 1732 dicitur
2126 1705 2162 1733 de
2190 1706 2317 1734 subiecto
2339 1706 2501 1735 universali

1430 1740 1488 1768 dici
1517 1741 1601 1770 debet
1628 1742 1664 1770 de
1692 1742 1824 1771 omnibus
1855 1744 1996 1772 contentis
2027 1745 2078 1772 sub
2107 1745 2158 1773 illo
2189 1745 2368 1780 universali,
2399 1746 2439 1774 ita
2470 1751 2501 1775 ut

1430 1781 1504 1808 nihil
1526 1782 1578 1809 sub
1597 1782 1723 1810 subiecto
1743 1783 1837 1820 possit
1859 1784 1954 1821 accipi
1971 1784 2073 1821 quovis
2093 1790 2223 1823 tempore
2250 1786 2297 1814 vel
2319 1786 2421 1823 quavis
2440 1786 2498 1814 cir-

1430 1822 1624 1856 cumstantia,
1656 1822 1703 1850 cui
1730 1823 1933 1859 praedicatum
1964 1824 2085 1852 subiecti
2112 1825 2289 1853 universalis
2317 1834 2373 1854 non
2395 1834 2499 1854 conve-

1431 1861 1498 1889 niat.
1518 1878 1537 1883 -
1556 1862 1583 1890 6.
1608 1862 1806 1891 Manifestatur
1833 1863 1962 1892 definitio
1991 1873 2025 1892 ex
2049 1863 2083 1892 iis
2111 1874 2185 1902 quae
2213 1872 2403 1902 opponuntur
2423 1875 2498 1902 quo-

1430 1908 1483 1929 tleS
1511 1901 1630 1970 lnfaelrtur
1664 1902 1799 1931 instantia
1828 1909 1930 1932 contra
1963 1904 2111 1932 veritatem
2141 1904 2261 1933 alicuius
2291 1905 2499 1942 PPOPOSItioniS

1431 1941 1546 1969 univers
1575 1951 1598 1970 ts

1430 2052 1527 2086 nem,
1547 2040 1645 2077 idest
1663 2052 1780 2089 quam
1806 2053 1851 2077 ex
1871 2041 2193 2080 demonstratione
2213 2043 2444 2094 acquirimus
2465 2045 2496 2082 ⁴³.

1429 2095 1479 2131 Et
1497 2093 1550 2131 sic
1573 2094 1735 2131 habetur
1762 2094 1868 2143 quod
1887 2094 2221 2134 demonstrationis
2241 2097 2434 2135 conclusio
2453 2097 2501 2137 sit

1430 2147 1653 2185 necessaria.
1693 2147 1883 2195 Quamvis
1920 2155 2048 2186 autern
2086 2150 2343 2188 necessarium
2380 2151 2500 2200 possit

1430 2201 1641 2250 syllogizari
1671 2214 1715 2238 ex
1745 2200 2066 2261 contingentibus,
2097 2215 2175 2240 non
2203 2211 2332 2240 tamen
2357 2204 2404 2241 de
2433 2216 2499 2241 ne-

1431 2255 1593 2292 cessario
1621 2262 1747 2305 potest
1773 2253 1905 2291 haberi
1940 2255 2094 2292 scientia
2120 2268 2190 2305 per
2217 2256 2389 2294 medium
2410 2269 2500 2294 con-

1430 2308 1595 2357 tingens,
1625 2316 1667 2345 ut
1694 2308 1790 2344 infra
1808 2308 2032 2357 probabitur
2049 2309 2079 2346 *.
2111 2309 2160 2346 Ει
2187 2309 2276 2362 quia
2305 2310 2536 2348 conclusio·

1431 2362 1763 2399 demonstrationis
1796 2374 1874 2398 non
1908 2363 2033 2399 solum
2072 2369 2127 2399 est
2163 2363 2396 2411 necessaria,
2432 2363 2500 2402 sed

1432 2415 1544 2453 etiam
1564 2428 1632 2465 per
1651 2415 2017 2452 demonstrationem
2037 2415 2139 2462 scita,
2160 2423 2202 2453 ut
2221 2416 2364 2454 dietum
2385 2424 2440 2454 est
2459 2419 2498 2464 ⁴⁶,

1431 2469 1599 2517 sequitur
1622 2468 1728 2518 quod
1762 2468 2083 2506 demonstrativus
2111 2469 2353 2517 syllogismus
2381 2470 2427 2508 sit
2454 2482 2500 2508 ex

1431 2522 1662 2559 necessariis.
1694 2523 1743 2559 Et
1770 2522 1856 2559 ideo
1886 2522 2151 2571 accipiendum
2190 2530 2245 2559 est
2279 2535 2324 2560 ex
2362 2524 2500 2572 quibus

1431 2575 1652 2613 necessariis
1681 2583 1717 2612 et
1745 2575 1919 2623 qualibus
1939 2575 2012 2612 sint
2037 2575 2390 2612 demonstrationes.

1488 2630 1522 2666 3.
1542 2628 1690 2680 Deinde
1711 2641 1799 2664 cum
1820 2628 1924 2665 dicit:
1943 2628 2116 2665 Primum
2135 2634 2260 2665 autem
2286 2636 2367 2675 etc„
2388 2628 2499 2666 inter-

1431 2682 1539 2731 ponit
1558 2694 1613 2728 ea,
1630 2694 1729 2729 quae
1749 2688 1836 2718 sunt
1849 2681 2183 2730 praeintelligenda
2197 2681 2248 2718 ad
2268 2694 2499 2730 eognoscen-

1434 2735 1526 2772 dum
1547 2735 1593 2772 de
1613 2734 1671 2771 his
1701 2734 1748 2771 de
1774 2734 1911 2782 quibus
1929 2739 1944 2761 ⁷
1963 2741 2185 2771 tractaturus
2203 2735 2223 2756 *
2243 2743 2308 2772 est.
2330 2735 2379 2772 Et
2402 2734 2501 2772 circa

1433 2789 1518 2825 hoc
1536 2787 1612 2824 duo
1629 2787 1724 2824 facit.
1750 2787 1892 2834 Primo,
1911 2787 1998 2825 dicit
2022 2787 2068 2825 de
2088 2800 2166 2836 quo
2183 2795 2238 2825 est
2261 2788 2429 2836 intentio,
2446 2788 2500 2826 di-

1435 2854 1524 2878 cens
1543 2841 1563 2862 *
1582 2841 1687 2889 quod
1720 2848 1926 2889 antequam
1955 2839 2254 2878 determinetur⁸
2277 2841 2315 2878 in
2348 2818 2500 2891 speiziaIi

1435 2907 1481 2932 ex
1496 2894 1634 2943 quibus
1663 2901 1699 2930 et
1718 2893 1892 2942 qualibus
1911 2893 1957 2931 sit
1976 2894 2260 2943 demonstratio,
2280 2894 2406 2944 primo
2435 2894 2500 2932 de-

1433 3058 1480 3084 per
1494 3050 1740 3076 demonstrationem
1758 3049 1919 3083 impossibile
1932 3054 1974 3074 est
1987 3049 2059 3075 aliter
2075 3057 2104 3074 se
2117 3049 2224 3081 habere,
2243 3055 2269 3075 et
2286 3050 2345 3075 ideo
2359 3054 2399 3076 est
2412 3058 2501 3076 necet-

1431 3085 1537 3111 earium.
1547 3085 1613 3110 -Ειι
1631 3085 1707 3118 igitur
1725 3085 1804 3110 verbu
1822 3085 1995 3118 expungimus
2015 3093 2045 3110 ex
2064 3085 2178 3110 unanimi
2197 3069 2272 3110 c6dd.
2288 3085 2446 3111 auctoritate.

1485 3121 1633 3146 Notandum
1653 3121 1724 3153 quod
1742 3121 1894 3145 Aristoteles
1919 3120 2021 3145 nonnisi
2045 3120 2185 3145 incidenter
2208 3120 2260 3152 agit
2283 3121 2315 3146 de
2333 3121 2434 3147 obiecto
2457 3121 2501 3147 de-

2529 735 2621 790 ‘Tg-'pi
2627 743 2659 758 ιν

2529 1051 2612 1074 Tex.
2628 1052 2652 1075 8.

2525 2052 2642 2075 ·.Codd·
2677 2058 2741 2084 ’ρον

2526 2078 2690 2105 demonstrat„
2702 2078 2740 2101 id-

2525 2094 2740 2154 ἕῗὲἓῗῧέῖἳὲἕῖῗ

2526 2325 2611 2347 'Lei-2.
2628 2330 2674 2347 xm.

2529 2427 2538 2437 ·
2555 2425 2618 2448 Lect.
2633 2431 2664 2448 tv.

2625 2744 2643 2770 t

2528 2768 2742 2818 &determina-

2528 2847 2631 2897 diffidd.
2640 2859 2651 2865 -
2665 2855 2678 2870 ι·
2718 2850 2744 2870 et

2625 2902 2640 2928 δ

1432 3156 1633 3186 monstrationis,
1645 3157 1716 3189 quod
1727 3163 1821 3188 nempe
1834 3156 1926 3181 debeat
1939 3163 1999 3180 esse
2013 3155 2143 3181 obiectum
2158 3156 2333 3181 necessarium
2350 3156 2415 3181 illud
2429 3156 2501 3190 quod
2549 3175 2555 3177 -

1432 3192 1511 3217 scitur
1530 3175 1673 3216 secundiim
1692 3191 1954 3216 demonstrationem.
1973 3191 2021 3216 hnc
2040 3191 2109 3216 enim
2128 3191 2160 3216 de
2178 3198 2207 3216 re
2225 3197 2283 3224 aget
2295 3191 2400 3224 copiose
2419 3191 2445 3217 in
2459 3199 2500 3217 ee-

1432 3227 1571 3260 quentibus
1591 3226 1751 3252 lectionibus.

1484 3262 1512 3296 γ)
1525 3262 1599 3293 Quae
1608 3265 1671 3287 sunt
1675 3261 1919 3295 praemtelltgenda
1929 3261 1966 3287 ad
1978 3261 2188 3295 cognoscendum
2199 3261 2232 3286 de
2243 3261 2284 3287 his
2299 3261 2332 3287 de
2343 3261 2438 3303 quibus
2451 3265 2499 3287 etc.

1433 3298 1584 3322 Retinemus
1598 3297 1665 3322 hanc
1679 3297 1815 3322 lectionem
1829 3297 1944 3328 Pianam,
1959 3297 2050 3322 Venet.
2063 3297 2120 3322 edd.
2134 3301 2160 3322 et
2177 3297 2235 3322 cod.
2250 3297 2284 3321 E:
2300 3305 2352 3322 non
2375 3297 2446 3322 enim
2462 3295 2499 3321 vi·

1433 3333 1508 3358 detur
1526 3333 1671 3366 adaptanda
1697 3332 1771 3357 lectio
1794 3332 1905 3357 aliorum
1925 3332 2014 3357 codd.:
2037 3339 2105 3365 quae
2122 3335 2185 3357 sunt
2202 3331 2445 3366 praeintelligentia
2462 3331 2501 3356 ad

1428 3368 1710 3401 praecognoscendum
1735 3367 1768 3393 de
1785 3367 1826 3393 his
1845 3368 1878 3393 de
1896 3367 1990 3400 quibus
2008 3372 2087 3393 etc.-
2102 3367 2136 3392 R.
2161 3374 2229 3399 quae
2250 3370 2313 3393 sunt
2331 3373 2498 3400 praecogno-

1432 3404 1557 3429 scendum
1577 3402 1635 3439 (sic)
1650 3403 1688 3429 ad
1701 3403 1926 3437 syllogizandum.
1932 3415 1952 3423 —·
1964 3403 2133 3428 Admittimus
2151 3407 2238 3428 tamen
2253 3402 2389 3427 lectionem
2403 3401 2436 3427 de
2449 3401 2498 3430 his,

1433 3439 1466 3464 de
1480 3439 1581 3471 quibus,
1597 3446 1676 3471 quam
1690 3438 1792 3465 codices
1806 3438 1909 3470 habent,
1924 3443 1950 3463 et
1964 3445 2043 3471 quam
2067 3443 2150 3463 textus
2169 3438 2299 3470 requirere
2317 3436 2445 3462 videtur.—
2454 3437 2502 3468 PQ

1433 3474 1515 3499 omitt.
1531 3474 1564 3499 de
1582 3474 1631 3499 his.

1486 3508 1511 3543 δ)
1532 3509 1612 3539 Quod
1629 3512 1771 3541 antequam
1791 3508 1982 3534 determinetur
2000 3512 2048 3533 etc.
2068 3507 2159 3533 Plures
2178 3512 2239 3532 sunt
2256 3506 2306 3532 hoc
2325 3506 2382 3531 loeo
2399 3506 2500 3531 varian-

1433 3549 1472 3569 tes
1485 3544 1608 3569 lectiones
1623 3552 1689 3576 quas
1699 3543 1819 3569 exhibent
1833 3544 1943 3569 codices.
1958 3543 2009 3568 Eas
2023 3542 2141 3567 indicabo
2154 3542 2284 3567 recitando
2294 3541 2414 3567 pianum:
2429 3541 2501 3575 quod

1433 3583 1575 3612 antequam
1591 3579 1782 3605 determinetur
1797 3577 1874 3614 (OQ,
1890 3575 2100 3612 determinatur)
2117 3577 2144 3602 in
2158 3577 2266 3610 speciali
2280 3574 2319 3610 (1,
2333 3576 2498 3612 specialiter)
