2548 4192
182 266 274 291 CLXII

248 333 294 364 Ea
318 340 366 364 est
388 333 484 364 etiam
512 334 665 365 sententia
688 334 843 365 auctoris:
867 335 972 364 Deum
996 334 1129 364 Verbum
1146 334 1179 363 in
1196 333 1255 364 hu-

182 377 332 408 manitate
356 379 483 419 integre
511 384 542 408 et
565 389 639 409 vere
662 378 720 408 sibi
744 378 909 418 copulata,
940 379 1044 418 egisse
1067 383 1098 408 et
1118 387 1253 417 passum

181 432 259 460 esse,
285 432 368 463 quae
382 423 668 453 humano-divinae
684 424 880 462 operationis
896 423 965 452 eius
982 422 1162 461 praecipua
1179 428 1255 453 sunt

181 472 211 497 et
241 467 436 507 singularia.
469 467 543 497 Non
573 466 616 497 ait
655 466 760 496 divina
791 466 930 506 quadam
960 465 1124 496 efficientia
1155 467 1253 506 egisse

181 520 278 551 opera
302 511 406 541 divina
425 510 614 541 miraculosa
637 517 668 540 et
691 510 790 549 egisse
814 520 849 539 ac
873 509 1035 549 supplesse
1052 510 1253 550 operationes

181 555 359 595 caeteroqui
390 555 555 585 humanas.
591 554 646 584 Ait
673 563 747 583 vero
778 554 885 583 Deum
913 553 1055 583 Verbum
1084 554 1183 593 egisse
1216 564 1252 585 ea

180 599 298 636 omnia,
323 609 404 639 quae
428 599 467 628 ad
490 598 788 628 humano-divinam
812 597 879 627 eius
895 597 1114 636 operationem
1131 605 1251 638 specta-

179 643 272 680 bant;
296 649 461 682 propterea
475 642 562 682 quod
579 641 683 671 omnis
700 641 842 680 operatio
867 640 996 678 Christi,
1013 641 1078 672 sive
1094 652 1176 682 quae
1192 642 1250 672 mi-

179 687 284 717 racula
307 687 447 726 patrabat
470 686 535 715 sive
563 695 644 725 quae
668 685 808 715 humana
832 691 898 715 erat
920 685 958 715 ab
982 685 1051 725 ipsa
1075 686 1249 725 procedens

178 730 372 761 humanitate
388 730 506 769 integre
526 736 558 759 et
572 739 644 759 vere
660 729 839 768 adsumpta,
863 738 929 759 non
953 736 1019 760 erat
1041 730 1183 760 humana
1198 740 1248 761 so-

178 775 257 811 lum,
282 784 347 804 non
367 780 431 803 erat
454 773 559 803 divina
582 773 700 811 solum,
717 773 773 803 sed
789 779 854 803 erat
876 773 1151 811 humano-divina,
1176 784 1248 814 pro-

178 819 289 848 cedens
313 828 331 847 a
354 818 423 847 Deo
443 817 548 848 Verbo
573 817 760 848 subsistente
776 817 810 847 in
826 818 967 847 humana
990 825 1111 848 natura.
1137 819 1247 858 Longe

175 863 252 892 haec
269 862 382 892 absunt
399 862 436 891 ab
454 871 518 891 una
536 861 589 891 illa
605 861 803 902 Eutychiana
820 861 936 892 Christi
953 862 1148 902 operatione,
1165 873 1247 903 quae

175 916 240 936 non
257 912 322 935 erat
337 905 395 935 nisi
413 905 518 935 divina
541 905 717 944 efficientia,
742 913 812 936 tum
836 906 987 937 miracula
1011 906 1158 944 efficiens,
1176 914 1247 938 tum

175 950 270 980 etiam
286 950 437 989 supplens
453 949 608 980 humanas
624 950 835 990 operationes,
850 950 1047 981 humanitate
1063 961 1095 981 se
1111 951 1245 982 habente

172 994 269 1024 instar
285 994 466 1034 appendicis
485 1001 516 1024 et
530 994 741 1025 instrumenti.
758 995 870 1035 Neque
886 995 992 1025 solum
1006 995 1092 1026 Deus
1103 996 1245 1027 Verbum

170 1038 203 1068 in
232 1038 289 1068 sibi
321 1038 468 1078 copulata
496 1045 607 1069 natura
630 1039 771 1069 humana
794 1039 838 1070 ita
860 1039 989 1079 agebat3
1013 1050 1125 1070 verum
1149 1040 1244 1071 etiam

172 1082 236 1123 pati
247 1083 417 1120 dicebatur,
428 1089 498 1113 tum
513 1082 675 1123 passiones
690 1082 864 1114 forinsecus
879 1083 1036 1114 immissas
1051 1084 1243 1125 recipiendo,

171 1134 242 1157 tum
265 1127 360 1157 etiam
383 1127 545 1167 passiones
568 1127 672 1167 ipsas,
701 1137 732 1157 v.
752 1138 782 1168 g.
808 1127 953 1166 dolores,
983 1129 1186 1169 percipiendo
1210 1129 1243 1159 in

171 1171 239 1211 ipsa
257 1171 452 1202 humanitate
472 1171 658 1211 adsumpta:
677 1171 845 1211 supposito
869 1181 1008 1213 namque
1027 1179 1059 1203 et
1077 1183 1241 1213 personae,

171 1215 262 1246 sicuti
286 1216 440 1253 actiones,
470 1215 512 1246 ita
535 1215 697 1255 passiones
726 1216 949 1247 attribuuntur.
980 1219 1024 1247 At
1046 1227 1113 1247 non
1137 1218 1243 1248 solum

171 1259 309 1290 actiones
333 1259 365 1289 in
389 1259 516 1290 Christo
540 1260 702 1298 Domino,
732 1259 818 1300 ipsae
848 1260 943 1291 etiarn
970 1261 1132 1300 passiones
1156 1269 1243 1293 erant

169 1304 465 1341 humano-divinae,
492 1314 567 1334 cum
590 1304 629 1334 ad
652 1304 760 1344 ipsum
782 1305 890 1334 Deum
913 1305 1055 1335 Verbum
1078 1306 1111 1336 in
1131 1313 1243 1337 natura

170 1348 311 1378 humana
334 1348 506 1378 subsistens
529 1348 690 1378 verissime
713 1348 913 1388 pertinerent.

236 1394 287 1426 An
312 1402 450 1422 errorem
473 1392 635 1422 redoleant
658 1402 694 1422 ea
716 1393 821 1430 verba,
846 1392 954 1432 Supra
976 1394 1140 1424 hominum
1165 1404 1240 1425 con-

169 1437 319 1467 ditionem
343 1437 444 1477 gessit
467 1446 525 1473 ea,
555 1446 638 1477 quae
664 1441 741 1467 sunt
763 1437 930 1467 hominis?
961 1437 1020 1467 Vel
1043 1437 1130 1477 ipsa,
1160 1448 1242 1479 quae

169 1481 378 1511 subiiciuntur
393 1480 546 1520 exempla,
565 1490 703 1511 errorem
720 1490 852 1511 omnem
868 1481 1074 1512 amoliuntur.
1092 1482 1239 1522 Namque

174 1525 272 1566 Virgo
296 1531 353 1562 est,
377 1535 459 1565 quae
482 1534 582 1565 supra
607 1530 758 1555 naturam
780 1526 882 1564 parit.
907 1525 1078 1555 Vei-issima
1101 1526 1241 1556 hominis

168 1576 215 1599 est
237 1569 379 1609 operatio
403 1579 521 1609 parere,
546 1579 580 1599 ac
603 1578 674 1598 vere
694 1568 816 1608 peperit
838 1569 937 1599 Maria
960 1569 1075 1609 Virgo:
1100 1571 1155 1600 sed
1171 1570 1240 1601 Vir-

167 1613 274 1653 ginem
298 1623 405 1653 parere
428 1623 528 1653 supra
551 1613 715 1643 hominum
740 1613 952 1644 conditionem
978 1613 1101 1645 dicitur.
1130 1617 1240 1656 Aquas

166 1664 312 1697 tangere,
343 1657 462 1687 moveri
486 1664 517 1687 et
539 1664 662 1687 mutare
684 1657 815 1695 locum,
850 1664 925 1688 sunt
948 1657 1106 1689 humanae
1130 1669 1240 1699 opera-

166 1701 288 1739 tiones;
320 1701 375 1731 sed
404 1711 502 1741 aquas
525 1701 645 1741 pedum
676 1701 826 1740 gravitate
849 1711 971 1742 pressas
1002 1712 1069 1732 non
1098 1703 1240 1734 diffluere

165 1746 328 1776 hominum
353 1746 563 1775 conditionem
591 1745 721 1776 excedit.
753 1745 918 1777 Christum
942 1746 1079 1788 denique
1108 1745 1166 1789 (ut
1187 1758 1240 1778 ve-

165 1789 303 1819 rissimas
327 1789 482 1820 humanas
506 1799 618 1819 omnes
648 1789 847 1830 operationes
871 1790 1139 1834 complectamur)
1168 1802 1239 1823 esu-

167 1834 245 1870 rire,
270 1834 376 1871 edere,
401 1833 500 1871 sitire,
525 1834 630 1864 bibere
658 1844 694 1865 ac
723 1834 837 1865 similia
860 1844 1016 1873 exercere,
1041 1835 1170 1875 perinde
1193 1843 1240 1868 est

168 1888 204 1908 ac
228 1877 391 1908 Christum
414 1888 451 1908 ea
472 1887 590 1919 gerere
611 1888 696 1919 quae
716 1884 793 1909 sunl
815 1879 971 1916 hominis;
996 1879 1051 1910 sed
1074 1880 1151 1911 haec
1174 1881 1238 1920 ille,

166 1932 241 1953 cum
265 1932 330 1952 non
354 1929 435 1952 esset
457 1922 545 1952 solus
568 1922 680 1961 homo,
705 1923 760 1953 sed
783 1923 921 1954 Persona
945 1923 1050 1954 divina
1073 1924 1106 1954 in
1128 1932 1239 1956 natura

165 1966 306 1997 humana
322 1967 504 2004 subsistens,
520 1967 647 2006 gerebat
660 1977 761 2007 supra
777 1967 940 1998 hominum
957 1968 1179 2000 conditionem.

232 2011 367 2041 Sensum
384 2011 468 2041 hunc
485 2011 628 2051 apprime
645 2011 862 2042 orthodoxum
878 2011 1077 2051 confirmant,
1099 2023 1238 2044 errorem

164 2055 291 2085 nullum
315 2055 505 2095 propinant,
535 2065 572 2085 ea
602 2055 733 2086 demum
764 2056 877 2086 verba:
911 2056 1081 2087 Caeterum
1105 2057 1235 2096 divina,

164 2109 228 2129 non
252 2109 316 2139 qua
339 2100 430 2130 Deus
447 2100 603 2140 patrabat
611 2107 624 2137 ‚¹
652 2109 754 2140 neque
776 2101 938 2138 humana,
963 2107 1122 2142 quatenus
1143 2102 1237 2133 homo

162 2144 317 2184 gerebam
339 2144 397 2174 sed
418 2149 578 2184 quatenus
601 2150 672 2175 erat
693 2145 785 2175 Deus
807 2150 838 2175 et
860 2145 963 2176 homo.
988 2145 1158 2184 Videlicet,
1183 2157 1236 2178 ne-

163 2197 226 2228 que
255 2187 405 2218 miracula
428 2198 510 2228 quae
541 2189 682 2228 patrabat
708 2188 873 2225 Christus,
904 2199 1007 2230 neque
1036 2191 1236 2230 operationes

163 2231 318 2262 humanas
341 2242 420 2272 quas
444 2232 496 2263 ille
519 2233 649 2269 edebat,
673 2240 728 2263 aut
749 2233 836 2264 solus
859 2233 946 2264 Deus
970 2235 1159 2274 operabatur
1181 2243 1237 2267 aut

163 2276 250 2306 solus
273 2276 389 2310 homo:
421 2276 476 2307 sed
499 2276 703 2307 homo—Deus
726 2277 777 2307 vel
800 2277 1003 2308 Deus-homo
1028 2279 1142 2317 simul,
1173 2279 1235 2311 hoc

164 2327 210 2350 est
232 2321 369 2350 Persona
393 2320 497 2351 divina
521 2321 553 2351 in
577 2328 688 2352 natura
711 2321 883 2352 subsistens
906 2322 1058 2354 humana.
1087 2323 1186 2361 Quod
1209 2324 1234 2355 si

163 2364 333 2395 dicendum
357 2364 438 2396 foret
460 2365 600 2396 humana
624 2375 689 2396 non
713 2366 844 2405 gessisse
866 2366 1047 2405 Christum,
1077 2375 1234 2409 quatenus

162 2409 338 2446 hominem,
362 2418 401 2439 eo
425 2409 500 2450 quia
523 2409 628 2440 divina
651 2409 815 2441 efficientia
838 2411 1028 2451 operabatur
1048 2419 1101 2450 ea;
1125 2412 1168 2443 ita
1190 2412 1233 2444 fa-

162 2453 339 2483 bulandum
362 2460 443 2483 esset
473 2453 578 2484 divina
606 2463 672 2484 non
696 2461 834 2494 patrasse
863 2455 1046 2493 Christum,
1076 2463 1233 2498 quatenus

162 2497 287 2534 Deum,
304 2507 339 2527 ac
355 2497 380 2527 si
397 2497 561 2528 efficientia
585 2498 742 2538 quaedam
765 2499 904 2530 humana
929 2499 1137 2532 miraculosos
1161 2501 1233 2532 illos

162 2541 290 2572 effectus
314 2548 506 2581 operaretur.
531 2544 640 2582 Apage
664 2553 774 2582 nugas.

231 2586 267 2616 11.
293 2585 383 2622 Quae
399 2596 473 2616 cum
487 2585 529 2616 ita
546 2596 578 2616 se
592 2586 737 2623 habeant,
754 2597 816 2617 vox
836 2587 923 2618 nulla
944 2588 1111 2627 excogitari
1131 2589 1234 2630 aptior

163 2636 286 2670 poterat
308 2630 348 2659 ad
367 2629 552 2660 huiusmodi
576 2630 646 2661 Iesu
663 2630 779 2661 Christi
803 2631 1002 2671 operationes
1022 2632 1233 2671 declarandas,

162 2684 261 2714 quam
285 2683 387 2704 novae
409 2675 576 2705 Deivirilis
604 2676 808 2715 operationis.
839 2675 1124 2712 Quemadmodum
1147 2678 1233 2708 enim

164 2718 327 2749 Christum
351 2718 508 2749 credimus
528 2718 635 2749 Deum
658 2729 769 2750 verum
793 2729 969 2760 verumque
984 2720 1166 2758 hominem;
1190 2722 1232 2752 ita

163 2762 362 2802 operationes
386 2762 453 2793 eius
483 2761 606 2805 (meras
629 2763 785 2794 humanas
814 2763 846 2794 in
875 2764 1058 2804 exemplum
1086 2763 1232 2808 adduco)

162 2806 440 2847 proficiscebantur
469 2808 508 2837 ab
538 2807 750 2845 humanitate,
773 2808 861 2839 velut
876 2818 894 2838 a
911 2808 1066 2848 principio
1096 2808 1232 2847 formali,

163 2858 194 2882 et
207 2861 225 2881 a
236 2852 372 2882 Persona
387 2851 493 2882 divina
507 2852 557 2882 vel
571 2852 610 2882 ab
626 2852 800 2892 hypostasi,
810 2852 909 2883 veluti
929 2852 1085 2893 principio
1105 2861 1231 2893 agente:

161 2896 306 2936 adeoque
330 2906 394 2926 una
417 2905 495 2926 voce
519 2896 725 2936 appellandae
749 2903 824 2927 sunt
846 2897 1029 2927 Deiviriles.
1054 2899 1098 2928 At
1120 2907 1232 2938 quem-

161 2940 337 2970 admodum
361 2950 426 2970 non
451 2950 515 2970 una
538 2947 585 2971 est
608 2939 724 2971 Christi
748 2948 860 2971 natura
883 2951 919 2971 ex
944 2941 1067 2972 duabus
1086 2941 1232 2979 conflata,

161 2984 216 3014 sed
240 2994 322 3015 nova
346 2984 482 3015 duarum
512 2991 696 3015 naturarum
726 2984 759 3015 in
783 2995 822 3015 eo
854 2985 956 3016 unitio
989 2985 1068 3016 facta
1099 2993 1161 3023 est;
1191 2986 1234 3017 ita

162 3038 218 3058 nec
235 3038 309 3065 una,
333 3029 450 3059 scilicet
473 3028 588 3066 divina,
614 3028 674 3059 fuit
690 3028 806 3060 Christi
825 3029 980 3069 operatio,
1004 3029 1059 3060 sed
1078 3039 1160 3061 nova
1177 3041 1233 3070 ap-

162 3072 265 3112 paruit
280 3073 312 3102 in
330 3082 368 3102 eo
385 3073 561 3104 Deivirilis.
579 3073 652 3104 Non
669 3073 711 3104 ita
728 3073 928 3114 Eutychiano
945 3074 1041 3104 errori
1057 3083 1233 3105 consonam

163 3123 359 3156 agnoverunt
391 3117 635 3158 Monophysitae
667 3117 852 3148 Deivirilem
884 3118 1123 3158 operationem,
1154 3119 1232 3160 quin

163 3161 269 3200 potius
284 3161 381 3191 veluti
398 3161 560 3191 adversam
577 3161 737 3192 reiecerint
760 3171 827 3192 non
851 3162 954 3202 pauci.
979 3163 1039 3193 Pro
1060 3173 1142 3193 nova
1158 3164 1232 3193 sub-

162 3204 331 3235 stituerunt
362 3215 458 3236 unam
491 3205 657 3236 nonnulli:
694 3216 792 3236 unam
823 3206 1011 3244 retinentes,
1043 3207 1232 3238 Deivirilem

162 3249 335 3279 reiecerunt
354 3249 416 3287 alii,
437 3249 575 3280 divinam
603 3250 810 3280 solummodo
835 3257 1050 3290 agnoscentes.

230 3294 264 3323 In
289 3293 489 3324 Lateranensi
514 3293 660 3324 Concilio
685 3295 743 3324 sub
767 3295 903 3325 Manino
923 3295 1008 3335 Papa
1031 3296 1154 3326 Romae
1177 3306 1232 3326 an·

163 3347 205 3367 no
230 3338 294 3377 649
319 3338 473 3368 celebrato
497 3338 797 3379 Monophysitarum
822 3339 961 3370 duorum
993 3339 1159 3371 conflictus
1182 3350 1231 3371 ex-

162 3381 292 3421 ponitur
311 3382 481 3413 Secretario
506 3393 549 3420 ιιι,
573 3382 688 3413 scilicet
712 3382 855 3414 Colluthi
879 3390 909 3414 et
932 3383 1119 3415 Themistii:
1151 3394 1231 3426 quo-

163 3435 233 3455 rum
258 3426 314 3456 iste
346 3437 443 3457 unam
476 3427 663 3458 Deiuirilem
688 3427 907 3468 operationem
939 3429 1113 3466 statuebat,
1143 3429 1231 3470 quod

163 3470 256 3500 etiam
281 3470 384 3510 Cyrus
408 3471 648 3508 Alexandrinus,
673 3471 865 3502 Theodorus
890 3472 1080 3510 Pharanites,
1105 3473 1231 3513 Sergius

164 3520 194 3543 et
217 3514 353 3553 Pyrrhus
373 3514 717 3556 Constantinopolitani
744 3516 860 3557 aliique
885 3517 1046 3548 dixerunt:
1065 3527 1161 3548 unam
1178 3517 1230 3548 ille

163 3557 304 3596 quidem,
328 3565 359 3588 at
381 3559 521 3589 divinam
542 3560 760 3597 solummodo,
777 3571 832 3591 seu
849 3561 918 3591 Deo
937 3567 1179 3602 congruentem,
1195 3568 1231 3593 ut

163 3602 295 3631 vocabat
318 3602 387 3640 illc,
412 3610 465 3633 aut
488 3603 620 3634 barbaro
644 3604 800 3635 vocabulo
823 3605 893 3635 Deo
916 3605 1097 3644 decibilem,
1121 3615 1229 3645 graece

527 255 986 292 DISSERTATIONES
1016 255 1263 292 CRITICAE
1294 256 1348 292 IN
1378 256 1416 292 S.
1439 256 1682 294 THOMAM
1711 258 2039 305 AQUINATEM

1312 331 1505 377 θεοπρεπῆ,
1530 336 1753 376 appellandam
1786 347 1852 367 esse
1885 338 2104 368 contendebat.
2135 338 2256 368 Verum
2287 338 2321 368 in
2353 338 2388 369 id

1312 380 1549 410 consentiebant
1572 380 1704 410 demum
1725 390 1838 411 omnes
1865 388 1901 412 ut
1917 392 1980 412 una
1997 389 2077 412 esset
2099 382 2131 412 in
2157 382 2284 413 Christo
2309 392 2386 423 ope-

1311 423 1390 453 ratio
1414 423 1530 461 divina,
1548 424 1638 454 cuius
1662 434 1765 454 unum
1789 432 1870 455 esset
1885 425 2078 466 principium
2095 433 2263 457 actuosum
2287 437 2384 466 penes

1310 466 1516 505 divinitatem,
1540 467 1737 498 humanitate
1760 479 1815 499 seu
1841 469 1947 500 anima
1970 470 2114 500 rationali
2139 477 2170 501 et
2193 481 2326 511 corpore
2350 481 2383 501 se

1308 509 1496 542 habentibus
1520 511 1617 542 instar
1632 512 1742 551 organi
1759 519 1790 543 et
1808 513 2020 554 instrumenti,
2037 524 2093 554 per
2107 515 2197 555 quod
2215 515 2283 555 ipsa
2300 515 2383 545 traii-

1309 561 1437 585 ceretur.
1466 555 1630 586 Theodori
1654 556 1838 587 Pharanitae
1861 558 1956 588 verba
1979 558 2101 596 refero,
2125 569 2207 600 quae
2226 559 2383 590 habentur

1306 597 1339 627 in
1363 598 1496 639 Synodo
1520 600 1562 630 VI
1587 599 1802 631 Oecumenica
1825 601 1960 632 Actione
1983 612 2039 632 1111
2066 609 2098 633 et
2121 602 2154 632 in
2178 603 2381 634 Lateranensi

1307 641 1402 672 citato
1426 642 1574 673 Concilio
1590 643 1761 675 Secretario
1785 655 1836 683 m,
1860 646 2029 686 desumpta
2044 656 2080 676 ex
2095 646 2162 677 eius
2177 647 2321 687 Epistola
2340 648 2381 678 ad

1305 685 1452 725 Sergium
1479 688 1698 718 Arsenoitam:
1726 687 1860 728 Oportet
1882 690 1987 730 igitur
2009 691 2054 720 ita
2082 700 2198 731 sapere
2220 697 2251 722 et
2273 692 2381 723 dicere

1306 739 1383 766 nos,
1410 732 1536 768 omnia,
1560 741 1644 771 quae
1666 733 1699 762 in
1734 734 1959 764 incarnatione
1981 734 2164 765 Salvatoris
2189 735 2310 766 Christi
2331 736 2380 766 di-

1304 778 1425 803 cuntur
1448 784 1533 812 esse,
1559 785 1658 805 unam
1690 777 1775 807 scire
1797 779 2014 817 operationem
2039 787 2128 809 esse:
2150 780 2247 810 huius
2269 785 2378 810 autem

1304 817 1448 858 opificem
1472 824 1503 849 et
1526 824 1704 849 creatorem
1727 820 1834 850 Deum
1865 821 2011 859 Verbum,
2036 832 2200 863 organum
2221 833 2296 854 vero
2318 824 2378 854 hu-

1304 863 1490 892 manitatem
1515 864 1698 894 consistere.
1732 864 1825 904 Ergo
1857 874 2004 905 quaeque
2032 867 2119 896 velut
2140 867 2182 897 de
2202 867 2293 905 Deo,
2318 873 2378 899 aut

1302 906 1444 936 humane
1465 906 1506 937 de
1529 908 1597 947 ipso
1619 907 1793 945 dicuntur,
1818 910 1926 938 omnia
1950 918 2017 939 una
2041 911 2186 950 operatio
2210 917 2258 942 est
2287 912 2380 942 Verbi

1302 950 1489 982 divinitatis.
1510 951 1585 988 Quo
1609 951 1682 982 loco
1710 952 1991 983 Monotheliticum
2022 959 2054 983 et
2081 954 2379 995 Monophysiticum

1302 1004 1441 1025 errorem
1464 995 1630 1036 perspicue
1654 996 1835 1036 expositum
1858 996 1964 1027 habes.
1983 997 2091 1034 Quam
2114 997 2210 1037 longe
2233 1008 2308 1029 vero
2331 999 2375 1029 la-

1301 1045 1396 1079 teque
1419 1039 1536 1070 distant
1558 1040 1779 1080 Areopagitica
1803 1040 1901 1071 dicta!
1925 1041 2030 1071 Unam
2047 1048 2140 1072 vocat
2156 1042 2377 1082 operationem

1301 1083 1418 1113 Christi
1443 1083 1646 1122 Theodorus,
1665 1095 1780 1115 novam
1805 1091 1916 1116 auctor
1938 1092 2061 1117 noster:
2082 1086 2224 1116 divinam
2249 1086 2371 1118 solum·

1300 1127 1400 1158 modo
1423 1127 1496 1167 ille,
1525 1129 1712 1159 Deivirilem
1737 1136 1793 1160 aut
1815 1130 2113 1160 humano-divinam
2147 1130 2224 1168 iste,
2250 1130 2375 1171 profici-

1298 1179 1438 1202 scentem
1462 1182 1479 1202 a
1503 1173 1570 1203 sola
1600 1173 1692 1204 Verbi
1714 1174 1881 1204 divinitate
1903 1174 2105 1212 Pharanites,
2131 1185 2148 1204 a
2172 1175 2242 1205 Deo
2266 1174 2297 1206 et
2318 1176 2374 1206 ho-

1297 1217 1384 1246 mine
1410 1223 1521 1247 auctor
1543 1217 1859 1258 Areopagiticorum;
1883 1218 2044 1249 traiectam
2074 1219 2207 1249 demum
2230 1229 2286 1259 per
2313 1219 2374 1250 hu-

1298 1260 1483 1291 manitatem
1505 1261 1604 1292 veluti
1628 1272 1684 1302 per
1716 1272 1873 1302 organum
1896 1262 1964 1302 ille,
1988 1273 2052 1304 qua
2075 1273 2169 1302 voce,
2198 1269 2254 1294 aut
2277 1263 2374 1295 simili

1298 1311 1354 1335 aut
1376 1304 1462 1335 affini
1486 1315 1563 1336 usus
1586 1305 1644 1336 iste
1668 1316 1847 1347 numquam
1871 1313 1926 1337 est.

1364 1349 1453 1379 Patet
1476 1359 1575 1390 quam
1598 1350 1734 1380 maxime
1765 1357 1906 1381 mentem
1936 1350 2004 1381 eius
2028 1351 2262 1392 consiliumque
2285 1351 2373 1383 haud

1297 1391 1406 1430 fuisse,
1430 1399 1467 1423 ut
1490 1403 1588 1424 unam
1611 1394 1644 1424 in
1669 1394 1797 1426 Christo
1821 1395 1962 1425 divinam
1988 1394 2189 1426 efficientiam
2212 1402 2372 1436 statueret,

1297 1446 1379 1476 quae
1403 1436 1539 1468 efficeret
1557 1438 1676 1476 omnia,
1696 1438 1761 1469 sive
1777 1439 1883 1469 divina
1907 1446 2010 1470 essent
2034 1439 2099 1470 sive
2117 1439 2259 1470 humana
2272 1451 2370 1481 appa-

1297 1487 1399 1510 rerent
1429 1491 1525 1521 opera
1556 1481 1634 1512 eius.
1668 1483 1738 1513 lmo
1761 1483 1795 1513 id
1823 1483 1881 1514 sibi
1905 1484 1944 1514 ab
1967 1483 2039 1524 ipso
2070 1484 2274 1524 propositum
2297 1484 2370 1516 satis

1297 1530 1430 1562 constat,
1455 1531 1492 1556 ut
1514 1535 1633 1556 novam
1656 1526 1876 1566 operationem
1900 1527 2033 1566 Christi,
2062 1538 2099 1558 ex
2122 1538 2206 1558 nova
2233 1529 2372 1560 duarum

1297 1575 1482 1599 naturarum
1504 1569 1538 1600 in
1561 1579 1626 1600 una
1648 1580 1785 1610 persona
1807 1570 1878 1602 Filii
1902 1571 2022 1602 unione
2055 1579 2291 1612 exsurgentem,
2315 1573 2370 1604 de-

1296 1613 1436 1649 clararet,
1460 1613 1679 1644 conditionem
1702 1614 1909 1655 indolemque
1933 1615 1967 1645 in
1990 1625 2029 1646 eo
2053 1616 2207 1656 positam,
2234 1623 2270 1647 ut
2293 1626 2370 1657 ope-

1296 1657 1375 1687 ratio
1400 1657 1517 1688 Christi
1541 1658 1701 1699 quaelibet
1719 1659 1888 1690 Deivirilis
1907 1665 1988 1690 esset
2011 1666 2066 1690 aut
2089 1660 2372 1692 humano-divina.

1296 1701 1426 1741 Triplex
1448 1701 1513 1732 iam
1531 1712 1632 1742 genus
1651 1702 1876 1743 operationum
1895 1703 1963 1734 eius
1983 1703 2133 1743 distingui
2150 1711 2298 1744 oportere
2316 1705 2372 1735 ad-

1297 1746 1495 1776 notavimus:
1519 1756 1631 1777 earum
1653 1747 1780 1785 scilicet,
1799 1757 1882 1788 quae
1896 1747 2027 1778 Deitatis
2051 1754 2136 1786 sunt,
2157 1755 2193 1779 ut
2211 1749 2373 1780 mundum

1296 1797 1418 1820 creare:
1444 1800 1553 1821 earum
1577 1790 1664 1829 item,
1689 1801 1771 1832 quae
1794 1791 2000 1822 humanitatis
2026 1791 2202 1832 specialiter
2224 1793 2371 1834 propriae

1296 1841 1390 1872 sunt,
1414 1841 1451 1865 ut
1473 1834 1608 1873 esurire,
1633 1835 1742 1866 edere:
1766 1845 1877 1866 earum
1900 1836 2054 1877 denique,
2078 1846 2161 1877 quae
2184 1836 2300 1868 mixtae
2324 1837 2370 1868 di-

1296 1885 1411 1909 cuntur
1442 1879 1686 1920 quodammodo
1718 1889 1755 1910 ex
1779 1880 1944 1920 utriusque
1975 1887 2105 1911 naturae
2137 1880 2310 1920 confluxu,
2334 1887 2371 1913 ut

1295 1929 1380 1953 tactu
1404 1923 1504 1953 carnis
1523 1930 1690 1954 mortuum
1711 1924 1908 1955 exsuscitare.
1933 1924 2078 1955 Huiusce
2092 1931 2247 1956 extremae
2262 1925 2370 1956 classis

1295 1967 1533 2007 operationibus
1557 1967 1754 2009 frequentius
1777 1969 1894 2006 Patres,
1919 1968 1975 2010 qui
1993 1969 2220 2000 Monothelitas
2244 1976 2275 2000 et
2297 1970 2368 2000 Mo-

1295 2011 1480 2052 nophysitas
1503 2011 1665 2053 insequuti
1681 2019 1766 2050 sunt,
1785 2013 1954 2044 Deivirilis
1972 2012 2166 2053 operationis
2185 2023 2305 2044 nornen
2320 2013 2368 2044 in-

1294 2055 1458 2087 diderunt:
1482 2056 1662 2097 eodemque
1684 2056 1911 2097 operationum
1934 2066 2047 2097 genere
2062 2057 2216 2096 adhibito,
2241 2058 2319 2089 duas
2332 2058 2367 2089 in

1294 2099 1422 2131 Christo
1446 2100 1647 2141 operationes
1671 2101 1917 2139 constituebant,
1944 2111 2082 2142 quarum
2103 2101 2200 2132 altera
2218 2111 2236 2132 a
2255 2101 2367 2133 divini-

1292 2150 1366 2182 tate,
1386 2145 1424 2174 ab
1448 2151 1560 2176 natura
1583 2144 1724 2176 humana
1747 2144 2004 2185 proficiscebatur
2017 2145 2122 2176 altera.
2142 2145 2288 2186 Tangere
2302 2155 2367 2177 car·

1292 2198 1378 2226 nem,
1402 2188 1598 2230 inquiebant,
1618 2189 1709 2220 cuius
1732 2196 1780 2220 est
1803 2189 1862 2220 nisi
1882 2189 2040 2228 hominis;
2059 2196 2091 2220 et
2109 2189 2200 2220 cuius
2212 2191 2267 2221 ‘est
2280 2199 2366 2221 mor-

1291 2239 1384 2264 tuum
1409 2233 1552 2272 excitare,
1577 2233 1637 2264 nisi
1660 2231 1739 2264 Dei?

1358 2277 1529 2308 Caeterum
1553 2287 1627 2308 cum
1650 2277 1949 2318 Areopagiticorum
1974 2284 2086 2308 auctor
2113 2284 2144 2309 et
2162 2284 2236 2318 post
2258 2278 2367 2319 ipsum

1291 2320 1480 2352 Scholiastes
1504 2321 1583 2359 eius,
1608 2322 1724 2364 aliique
1746 2322 1853 2353 Patres
1877 2322 2051 2353 universim
2073 2321 2231 2353 affirment
2249 2320 2366 2365 (verbis

1291 2372 1365 2396 utor
1374 2366 1529 2397 Ludovici
1539 2366 1745 2397 Thomassini
1761 2367 1799 2397 de
1811 2366 2028 2397 lncarnatione
2037 2365 2119 2397 libro
2127 2366 2167 2405 V,
2174 2366 2275 2407 capite
2284 2365 2364 2411 vm):

1294 2424 1308 2439 ι
1331 2410 1397 2441 Nec
1421 2417 1457 2441 ut
1475 2411 1581 2441 Deum
1597 2410 1714 2449 divina,
1734 2420 1792 2442 nec
1808 2417 1843 2442 ut
1859 2411 2026 2441 hominem
2041 2410 2183 2441 humana
2196 2418 2366 2452 operatum

1292 2466 1307 2482 ι
1330 2464 1397 2485 esse
1421 2454 1604 2494 Christum;
1628 2456 1683 2486 sed
1706 2461 1738 2486 et
1759 2455 1793 2486 in
1817 2455 1930 2486 divinis
1949 2455 2189 2495 operationibus
2212 2455 2365 2495 hominis,

1292 2511 1307 2526 »
1330 2505 1361 2529 et
1383 2499 1416 2529 in
1440 2499 1589 2530 humanis
1612 2499 1672 2530 Dei
1696 2499 1818 2541 aliquas
1841 2506 1944 2540 partes
1968 2499 2084 2530 fuisse:
2109 2499 2189 2540 quid
2211 2499 2300 2537 aliud
2317 2509 2364 2531 re·

1293 2555 1307 2570 ι
1329 2549 1400 2581 stat,
1425 2543 1484 2574 nisi
1508 2553 1545 2574 ex
1569 2544 1639 2575 Deo
1663 2550 1694 2575 et
1716 2544 1847 2574 homine
1871 2544 1983 2574 mixtas
2005 2544 2251 2585 quodammodo
2267 2543 2364 2575 fuisse

1292 2599 1306 2614 »
1329 2597 1443 2618 omnes
1466 2587 1584 2619 Christi
1607 2588 1809 2628 operationes
1838 2598 1874 2619 ac
1897 2587 2032 2628 proinde
2052 2598 2165 2619 omnes
2188 2587 2364 2619 Theandri·

1292 2643 1307 2658 ν
1330 2629 1402 2662 cas?
1425 2631 1579 2672 Alioquin
1603 2642 1669 2662 non
1693 2632 1736 2662 ita
1759 2631 2045 2670 indiscriminatim,
2069 2642 2135 2662 non
2158 2631 2202 2662 ita
2224 2631 2363 2663 inconsi-

1292 2687 1306 2702 »
1330 2676 1434 2706 derate
1458 2675 1738 2715 pronunciandum
1770 2682 1855 2714 erat,
1884 2685 1942 2706 nec
1965 2675 2072 2706 divina
2095 2682 2131 2706 ut
2153 2675 2280 2713 Deum,
2304 2685 2363 2707 nee

1292 2731 1307 2746 »
1329 2719 1470 2750 humana
1493 2726 1530 2750 ut
1551 2719 1718 2750 hominem
1734 2726 1902 2760 operatum
1925 2726 2010 2756 esse;
2034 2719 2090 2750 sed
2104 2719 2362 2760 circumspectius

1292 2775 1307 2790 »
1328 2762 1479 2794 aiendum
1512 2763 1614 2794 fuerat
1645 2763 1751 2794 divina
1781 2763 1912 2804 quidem
1943 2770 1979 2794 ut
2006 2763 2129 2802 Deum,
2162 2763 2303 2794 humana
2325 2770 2363 2796 ut

1291 2819 1306 2834 ι»
1328 2807 1495 2838 hominem
1518 2807 1708 2848 plerumque
1733 2807 1906 2848 peregisse3
1925 2817 1996 2838 raro
2018 2814 2136 2845 autem,
2152 2817 2268 2848 nempe
2282 2808 2362 2839 dum

1291 2863 1306 2878 2
1329 2851 1480 2882 miracula
1504 2851 1619 2890 ederet,
1643 2851 1749 2882 divina
1772 2858 1808 2883 ut
1830 2851 2008 2890 hominem,
2032 2851 2172 2883 humana
2196 2859 2232 2883 ut
2254 2852 2361 2883 Deum

1291 2908 1306 2922 »
1329 2895 1476 2934 effecisse,
1493 2895 1572 2926 dum
1587 2896 1746 2935 tangendo
1761 2895 1930 2927 suscitabat
1944 2903 2110 2927 mortuum
2128 2903 2160 2926 et
2178 2896 2360 2927 suscitando

1291 2951 1305 2966 »
1328 2940 1484 2979 tangebat.
1509 2942 1552 2970 At
1575 2940 1701 2970 nullum
1724 2939 1782 2970 sibi
1805 2940 1939 2971 limitem
1953 2939 2022 2980 figit
2034 2947 2160 2971 auctor:
2187 2940 2359 2972 Caeterum

1291 2995 1305 3010 ι
1329 2993 1431 3024 neque
1453 2984 1563 3015 divina
1588 2989 1623 3015 ut
1644 2984 1746 3022 Deus,
1772 2994 1874 3025 neque
1896 2985 2039 3015 humana
2063 2990 2099 3015 ut
2111 2986 2204 3015 homo
2220 2985 2362 3026 agebat:

1291 3040 1305 3054 »
1327 3028 1385 3059 sed
1406 3034 1566 3069 quatenus
1589 3033 1660 3059 erat
1682 3029 1773 3059 Deus
1795 3034 1826 3060 et
1848 3029 1952 3066 homo,
1971 3038 2085 3059 novam
2101 3029 2286 3070 quamdam,
2302 3038 2359 3060 no·

1291 3085 1305 3099 2·
1328 3073 1447 3103 biscum
1472 3073 1703 3110 conversando,
1719 3073 1908 3104 Deivirilem
1925 3074 2142 3114 operationem
2160 3073 2356 3105 exhibebat.»

1288 3116 1354 3154 Qui
1377 3123 1409 3147 et
1431 3116 1494 3147 alio
1517 3117 1604 3155 loco,
1627 3126 1694 3147 non
1717 3117 1824 3148 solum
1839 3113 2014 3162 θεουργίκν
2034 3118 2177 3148 diuinam
2201 3118 2359 3158 operatio-

1288 3171 1376 3198 nem,
1402 3161 1457 3191 sed
1480 3161 1575 3192 etiam
1601 3153 1759 3202 ἀνδρικήν
1783 3162 1977 3199 humanam,
2002 3162 2064 3193 hoc
2087 3169 2134 3193 est
2155 3161 2358 3193 humano-di·

1288 3206 1395 3236 vinam
1419 3212 1530 3236 vocat:
1558 3219 1572 3234 α
1585 3208 1632 3236 Ac
1648 3213 1806 3246 praeterea
1829 3206 2045 3237 Theandricae
2063 3205 2256 3247 operationis
2271 3204 2358 3246 prin·

1290 3261 1304 3275 ι
1328 3249 1448 3290 cipium
1465 3249 1608 3290 indigitat
1622 3257 1732 3281 auctor
1745 3251 1850 3281 Deum
1866 3251 2024 3281 hominem
2035 3250 2186 3291 sactum:
2209 3256 2240 3281 et
2254 3259 2273 3280 a
2286 3249 2357 3280 Deo

1289 3305 1303 3319 ι
1326 3293 1457 3324 homine
1474 3294 1557 3325 facto
1576 3304 1642 3325 non
1658 3294 1786 3325 tertium
1803 3301 1927 3325 tanturn
1944 3294 2144 3336 mixtumque
2164 3303 2265 3334 genus
2280 3302 2356 3334 ope-

1289 3349 1303 3364 »
1327 3338 1471 3376 rationis,
1495 3338 1550 3369 sed
1574 3345 1605 3369 et
1627 3338 1769 3379 primurn
1793 3345 1823 3370 et
1846 3339 2023 3369 secundum
2039 3338 2236 3379 profluebat;
2259 3343 2291 3368 et
2306 3336 2356 3368 sui

1289 3393 1303 3408 ›
1327 3382 1423 3413 fontis
1447 3392 1594 3423 saporem
1617 3382 1728 3423 triplex
1751 3383 1802 3414 hic
1826 3383 1946 3414 rivulus
1970 3393 2029 3424 pro
2052 3393 2112 3414 suo
2131 3382 2267 3423 quisque
2286 3390 2355 3411 mo-

1289 3437 1303 3451 »
1327 3426 1404 3457 dulo
1427 3427 1567 3468 aliquem
1591 3437 1665 3458 sane
1698 3428 1849 3458 servabat.
1870 3439 1884 3454 »
1911 3427 2044 3467 Egregia
2067 3426 2157 3467 plura
2180 3425 2281 3466 pergit
2303 3424 2355 3455 ille

1286 3469 1408 3502 docere.
1433 3471 1521 3502 Haec
1544 3471 1618 3502 satis
1642 3471 1734 3502 nobis
1757 3478 1860 3510 erunt,
1877 3481 1959 3513 quae
1982 3471 2135 3502 hactenus
2157 3468 2354 3507 tradidimus,

1286 3521 1321 3546 ut
1344 3515 1464 3555 integra
1487 3515 1640 3546 catholica
1663 3515 1742 3546 fides
1764 3515 2062 3556 Areopagiticorum
2084 3513 2235 3550 auctoris,
2258 3512 2355 3552 longe

1285 3559 1426 3596 diversa,
1450 3559 1650 3601 maximeque
1679 3560 1807 3590 adversa
1830 3558 2036 3600 Eutychianis
2064 3556 2270 3595 commentis,
2294 3563 2356 3597 pro

1284 3603 1364 3634 virili
1387 3603 1543 3634 vindicata
1566 3610 1598 3634 et
1619 3603 1761 3644 exposita
1783 3603 1967 3634 innotescat.
