2788 4204
1159 301 1271 337 CAP.
1302 302 1370 348 xi,
1401 302 1552 339 LECT.
1582 302 1617 338 v

293 374 435 409 candum
459 385 566 419 partes
587 376 638 408 sui
661 376 854 414 definitivas,
872 386 908 409 ut
928 377 1096 410 distinctae
1125 386 1211 410 sunt.
1244 378 1309 411 Sed
1332 378 1358 410 si

293 424 487 468 impositum
518 433 603 457 esset
634 433 689 457 aut
712 425 959 468 imponeretur,
990 434 1075 458 esset
1103 437 1207 458 unum
1235 437 1358 459 nomen

292 471 440 516 pluribus
471 473 665 515 impositum
693 484 733 505 ex
759 472 878 516 quibus
906 484 974 506 non
1001 473 1038 506 fit
1066 485 1181 509 unum.
1213 475 1254 507 Et
1283 476 1359 518 quia

293 521 380 555 idem
404 520 564 554 iudicium
588 530 637 554 est
660 520 700 554 de
724 521 779 553 tali
803 522 949 561 nomine,
966 531 998 554 et
1017 522 1080 555 illis
1097 522 1260 566 pluribus;
1285 523 1359 556 ideo

293 570 440 603 similiter
463 569 536 602 illae
559 569 668 613 plures
692 578 799 612 partes
824 569 1008 604 definitivae
1025 580 1165 614 possunt
1189 571 1360 615 dupliciter

293 619 406 662 accipi.
431 618 510 651 Uno
534 617 654 658 modo,
679 629 737 661 per
760 616 898 651 modum
919 619 1053 652 actualis
1074 629 1106 652 et
1122 620 1304 664 possibilis,
1329 630 1360 654 et

293 668 339 700 sic
363 677 468 699 unum
496 665 637 706 faciunt3
669 675 701 699 et
725 667 771 699 sic
799 665 978 700 formaliter
1008 667 1176 712 loquendo
1201 678 1360 702 vocantur

294 715 406 759 plura,
430 727 470 748 ex
493 714 611 759 quibus
635 714 672 748 fit
694 727 816 755 unum,
841 724 874 748 et
896 717 1162 760 pronunciandae
1182 727 1259 750 sunt
1283 730 1360 751 con-

292 765 417 797 tinuata
433 764 594 804 oratione,
611 772 643 796 et
658 763 783 796 faciunt
803 765 1069 798 enunciationem
1088 777 1188 799 unam
1208 766 1359 806 dicendo,

294 812 412 846 animal
434 812 583 846 rationale
612 812 738 845 mortale
761 813 866 846 currit.
898 813 956 846 Est
979 814 1068 847 enim
1095 815 1156 847 ista
1183 826 1248 848 una
1276 816 1360 848 sicut

294 869 326 894 et
350 861 428 900 ista,
460 861 546 895 homo
570 861 675 895 currit.
700 860 776 894 Alio
800 861 921 901 modo,
950 863 1154 906 accipiuntur
1177 863 1359 907 praedictae

294 908 492 943 definitionis
520 919 628 954 partes
656 918 692 942 ut
720 909 889 943 distinctae
918 920 994 943 sunt
1022 911 1106 944 inter
1134 923 1168 944 se
1196 911 1360 945 actualita-

294 967 361 999 tes,
385 967 417 992 et
441 959 487 991 sic
510 970 579 991 non
603 957 726 991 faciunt
755 967 877 991 unum:
907 970 946 991 ex
969 958 1099 992 duobus
1124 960 1212 992 enim
1236 959 1360 993 actibus

294 1016 331 1040 ut
354 1008 418 1047 sic,
446 1018 515 1040 non
542 1006 578 1039 fit
605 1018 728 1046 unum,
757 1015 794 1039 ut
822 1006 940 1040 dicitur
962 1006 1029 1040 VII
1058 1007 1302 1052 Metaphysicae;
1330 1016 1362 1040 et

294 1057 340 1089 sic
367 1055 491 1089 faciunt
518 1056 765 1089 enunciationes
793 1054 903 1099 plures
931 1064 963 1088 et
990 1056 1256 1099 pronunciandae
1285 1065 1362 1089 sunt

294 1105 347 1138 vel
375 1116 451 1138 cum
478 1116 591 1148 pausa,
620 1103 672 1137 vel
701 1105 935 1138 coniunctione
959 1105 1167 1148 interposita,
1199 1104 1360 1144 dicendo,

295 1154 380 1189 homo
410 1159 452 1187 est
481 1152 598 1186 animal
626 1158 651 1185 et
678 1159 868 1186 mansuetum
899 1159 925 1185 et
954 1152 1032 1197 bipes
1045 1164 1059 1192 ;
1090 1153 1158 1186 sive
1173 1177 1181 1191 ,
1209 1153 1294 1186 homo
1321 1159 1362 1186 est

294 1201 423 1242 animal,
435 1206 638 1240 mansuetum,
660 1200 750 1245 bipes,
771 1200 935 1234 rethorico
951 1212 1053 1234 more.
1076 1201 1253 1241 Quaelibet
1273 1202 1361 1234 enim

294 1251 430 1284 istarum
454 1258 502 1282 est
525 1250 713 1282 enunciatio
729 1249 910 1293 multiplex.
936 1250 977 1283 Et
997 1249 1145 1282 similiter
1168 1250 1239 1290 ista,
1257 1249 1361 1283 Socra-

295 1306 334 1333 tes
357 1305 399 1332 est
420 1298 527 1338 homo,
557 1298 585 1331 si
608 1297 711 1330 homo
735 1307 783 1331 est
807 1298 1001 1342 impositum
1024 1297 1064 1330 ad
1088 1297 1164 1338 illa,
1193 1307 1230 1331 ut
1249 1297 1361 1331 distin-

295 1357 365 1382 ctae
393 1347 592 1385 actualitates
624 1355 724 1387 sunt,
756 1346 1017 1390 significandum.
1051 1346 1222 1380 Secundus
1251 1356 1360 1380 autem

243 1412 251 1414 ⁴
292 1393 428 1438 modus,
443 1408 510 1441 quo
527 1407 632 1428 unum
653 1407 777 1428 nornen
793 1396 987 1439 impositum
1003 1404 1053 1429 est
1069 1395 1216 1439 pluribus
1233 1407 1273 1428 ex
1289 1397 1360 1440 qui-

55 1791 186 1819 ’μα-ιιι,
197 1797 220 1814 n.
231 1797 254 1820 9.

10 2641 14 2644 .
53 2619 171 2642 Album.

53 3447 147 3471 'Num-
157 3449 180 3471 8.

8 4047 9 4051 „
0 3948 10 4022 arr-«-
0 3899 5 3940 -‹-·-
0 3856 4 3893 «ψ-
0 3272 13 3840 νννν-ηψ-»ιπννκ-ρ-ηυ-ἿΜ-ι-ψῗυ-πν
0 3251 4 3262 -

295 1445 356 1480 bus
380 1457 448 1478 non
471 1444 508 1478 fit
531 1456 651 1484 unum,
675 1444 899 1488 subiungitur,
924 1455 999 1477 cum
1024 1444 1115 1478 dicit:
1139 1445 1189 1477 Ex
1212 1444 1280 1477 albo
1304 1456 1360 1478 au-

296 1501 352 1529 tem
368 1501 395 1528 et
409 1494 525 1527 homine
548 1499 575 1526 et
597 1492 771 1526 ambulante
794 1501 868 1533 etc.,
893 1491 986 1533 idest,
1010 1492 1074 1526 alio
1099 1493 1201 1526 modo
1225 1492 1289 1525 hoc
1313 1492 1359 1533 fit,

297 1543 429 1589 quando
446 1554 551 1575 unum
574 1553 697 1575 nomen
717 1542 899 1586 imponitur
918 1540 1077 1585 pluribus,
1098 1554 1137 1574 ex
1157 1541 1275 1586 quibus
1292 1553 1360 1574 non

296 1601 406 1638 potest
433 1591 502 1624 fieri
531 1602 654 1630 unum,
685 1589 793 1634 qualia
821 1598 915 1622 sunt:
947 1589 1050 1629 homo,
1082 1589 1206 1630 album,
1239 1596 1265 1623 et
1294 1601 1360 1623 am-

296 1642 416 1676 bulans.
443 1641 531 1674 Cum
555 1640 644 1674 enim
668 1650 707 1671 ex
730 1638 781 1671 his
805 1638 897 1671 nullo
921 1638 1023 1672 modo
1044 1639 1148 1682 possit
1167 1638 1236 1671 fieri
1253 1638 1360 1683 aliqua

296 1701 361 1723 una
376 1698 503 1728 natura,
520 1689 604 1720 sicut
621 1695 748 1730 poterat
767 1686 836 1719 fieri
853 1698 892 1719 ex
908 1686 1053 1730 partibus
1070 1686 1255 1727 definitivis,
1277 1686 1359 1720 clare

296 1738 400 1783 liquet
423 1736 513 1781 quod
536 1746 660 1768 nomen
684 1733 818 1779 aliquod
841 1735 868 1767 si
885 1735 931 1767 eis
948 1735 1183 1778 imponeretur,
1201 1744 1286 1767 esset
1302 1746 1360 1767 no-

297 1797 374 1820 men
398 1797 466 1818 non
483 1791 588 1817 unu'm
611 1783 809 1827 significans,
833 1791 870 1815 ut
893 1783 926 1815 in
950 1783 1052 1816 Primo
1076 1783 1200 1816 dictum
1216 1783 1304 1816 fuit*
1318 1783 1357 1817 de

296 1835 360 1869 hoc
383 1834 530 1873 nomine,
555 1833 667 1873 tunica,
689 1832 843 1876 imposita
867 1831 994 1864 homini
1014 1840 1046 1864 et
1066 1843 1163 1876 equo.

362 1895 393 1927 4.
418 1882 587 1916 Habemus
604 1892 683 1924 ergo
702 1881 941 1913 enunciati0nis
966 1879 1068 1924 pluris
1097 1892 1154 1913 seu
1171 1880 1360 1925 multiplicis

297 1932 380 1966 duos
405 1930 539 1970 modos,
564 1940 718 1973 quorum,
750 1929 827 1972 quia
850 1937 987 1972 uterque
1015 1927 1051 1960 fit
1080 1927 1268 1972 dupliciter,
1292 1929 1362 1962 effi-

297 1981 427 2014 ciuntur
450 1987 592 2023 quatuor
615 1976 716 2010 modi.
742 1977 872 2010 Primus
889 1985 947 2017 est,
969 1976 1100 2021 quando
1125 1977 1294 2010 subiicitur
1310 1978 1362 2011 vel

295 2028 500 2074 praedicatur
515 2038 620 2060 unum
644 2037 768 2059 nomen
791 2026 985 2069 impositum
1005 2025 1164 2070 pluribus,
1188 2038 1227 2059 ex
1243 2025 1362 2070 quibus

295 2078 332 2112 fit
354 2088 471 2116 unum,
494 2087 563 2108 non
587 2076 621 2107 in
646 2083 805 2119 quantum
837 2083 913 2107 sunt
943 2084 1071 2115 unum;
1101 2074 1264 2107 secundus
1296 2084 1361 2115 est,

297 2125 429 2171 quando
451 2126 521 2168 ipsa
541 2123 634 2168 plura
651 2135 689 2156 ex
713 2122 832 2167 quibus
849 2122 884 2155 fit
905 2134 1021 2162 unum,
1047 2124 1080 2155 in
1102 2132 1261 2167 quantum
1286 2132 1362 2156 sunt

296 2175 466 2210 distinctae
491 2172 702 2212 actualitates,
726 2171 943 2204 subiiciuntur
958 2171 1010 2204 vel
1026 2171 1272 2215 praedicantur;
1300 2180 1362 2204 ter-

297 2225 360 2258 tius
377 2232 436 2263 est,
453 2221 585 2267 quando
606 2220 650 2254 ibi
667 2229 715 2253 est
731 2232 835 2253 unum
859 2231 982 2253 nomen
1003 2221 1197 2264 impositum
1214 2220 1361 2264 pluribus

296 2285 336 2307 ex
349 2271 467 2317 quibus
486 2282 555 2304 non
570 2269 607 2303 fit
622 2278 743 2309 unum;
760 2278 894 2313 quartus
911 2278 970 2310 est,
988 2268 1120 2313 quando
1137 2270 1198 2302 ista
1214 2269 1307 2313 plura
1323 2282 1362 2302 ex

297 2321 416 2367 quibus
439 2331 508 2352 non
531 2318 568 2351 fit
591 2329 715 2357 unum,
739 2317 956 2350 subiiciuntur
978 2317 1031 2350 vel
1055 2317 1292 2361 praedicantur.
1321 2318 1362 2350 Et

296 2378 411 2404 notato
428 2368 517 2413 quod
534 2379 610 2400 curn
626 2367 813 2400 enunciatio
830 2366 1011 2400 secundum
1029 2366 1175 2399 membra
1191 2366 1361 2399 divisionis

296 2419 395 2458 illius,
420 2430 483 2462 qua
507 2417 610 2451 divisa
634 2425 693 2457 est,
718 2417 752 2449 in
776 2427 875 2449 unam
899 2425 931 2448 et
955 2416 1082 2460 plures,
1107 2416 1362 2460 quadrupliciter

296 2468 411 2502 variari
435 2467 551 2511 possit,
567 2465 689 2498 scilicet
713 2476 788 2497 cum
813 2476 916 2497 unum
934 2464 972 2498 de
990 2476 1058 2497 uno
1075 2465 1290 2508 praedicatur,
1309 2466 1362 2498 vel

297 2530 402 2551 unum
426 2516 465 2550 de
482 2515 641 2560 pluribus,
658 2514 710 2548 vel
735 2514 827 2558 plura
852 2514 891 2547 de
915 2525 995 2554 uno,
1019 2514 1071 2547 vel
1092 2513 1185 2558 plura
1205 2514 1244 2547 de
1261 2514 1361 2558 pluri—

296 2566 376 2606 bus;
404 2574 609 2609 postremum
633 2563 693 2596 sub
718 2562 848 2595 silentio
879 2563 1083 2606 praeterivit,
1116 2563 1191 2607 quia
1214 2562 1266 2596 vel
1290 2564 1360 2596 eius

296 2615 462 2660 pluralitas
487 2614 527 2647 de
551 2626 585 2647 se
610 2613 693 2646 clara
717 2622 776 2653 est,
801 2613 853 2646 vel
877 2614 971 2657 quia,
1001 2621 1037 2645 ut
1061 2613 1166 2657 inquit
1189 2612 1360 2652 Albertus,

295 2675 364 2696 non
388 2663 576 2697 intendebat
598 2663 660 2695 nisi
685 2661 724 2695 de
749 2662 989 2701 enunciatione,
1017 2673 1099 2706 quae
1124 2660 1234 2705 aliquo
1259 2661 1360 2694 modo

296 2724 362 2746 una
385 2721 452 2752 est,
480 2721 625 2745 tractare.
650 2711 797 2744 Demum
822 2709 989 2743 concludit
1016 2719 1119 2743 totam
1143 2710 1337 2742 sententiam
1352 2735 1360 2750 ‚

296 2761 425 2795 dicens:
454 2761 559 2803 Quare
582 2771 633 2793 nec
647 2761 674 2793 si
689 2760 799 2804 aliquis
822 2759 949 2803 affirmet
972 2771 1067 2792 unum
1090 2759 1124 2792 de
1144 2759 1188 2792 his
1206 2758 1359 2803 pluribus,

296 2811 352 2844 erit
374 2810 533 2855 affirmatio
558 2820 622 2842 una
643 2809 803 2842 secundum
827 2820 904 2842 rem:
927 2808 977 2841 sed
998 2808 1139 2842 vocaliter
1165 2808 1283 2852 quidem
1307 2808 1362 2842 erit

296 2869 377 2898 una,
400 2858 593 2903 significative
616 2864 716 2890 autem
738 2869 798 2890 non
822 2868 904 2897 una,
929 2857 978 2890 sed
1000 2857 1113 2890 multae
1130 2856 1206 2901 fient
1229 2856 1358 2900 affirma-

297 2907 396 2940 tiones.
420 2907 484 2940 Nec
502 2907 528 2940 si
543 2919 557 2940 e
572 2918 708 2940 converso
725 2906 758 2939 de
782 2918 841 2939 uno
857 2907 915 2939 ista
933 2906 1029 2950 plura
1052 2905 1296 2949 affirmabuntur‚
1312 2905 1362 2948 fiet

296 2955 456 2999 affirmatio
479 2966 552 2989 una.
577 2956 642 2988 Ista
660 2966 819 2999 namque,
843 2955 927 2987 homo
955 2961 995 2987 est
1021 2954 1120 2994 albus,
1150 2953 1312 2986 ambulans
1335 2960 1362 2986 et

296 3004 442 3044 musicus,
467 3004 622 3047 importat
645 3012 709 3036 tres
726 3002 976 3042 affirmationes,
1004 3002 1137 3042 scilicet,
1154 3002 1238 3035 homo
1260 3008 1300 3035 est
1315 3002 1361 3035 al-

298 3052 351 3085 bus
375 3060 407 3084 et
425 3058 466 3084 est
489 3051 650 3084 ambulans
674 3059 706 3083 et
729 3057 769 3083 est
789 3051 929 3090 musicus,
955 3059 990 3082 ut
1012 3059 1100 3094 patet
1121 3062 1160 3083 ex
1181 3050 1266 3083 illius
1284 3062 1360 3083 con-

297 3099 500 3133 tradictione.
533 3099 670 3143 Triplex
693 3099 781 3131 enim
809 3100 940 3142 negatio
972 3098 1016 3131 illi
1048 3099 1228 3142 opponitur
1256 3110 1360 3131 corre-

298 3148 464 3193 spondens
488 3147 606 3192 triplici
630 3147 837 3180 affirmationi
861 3148 996 3190 positae.

366 3208 394 3239 5.
419 3197 546 3230 Deinde
571 3208 647 3229 curn
671 3195 763 3229 dicit:
789 3195 820 3228 Si
843 3207 908 3239 ergo
932 3195 1083 3229 dialectica
1107 3205 1180 3235 etc„
1204 3195 1320 3239 probat
1343 3207 1360 3227 a

297 3246 470 3290 posteriori
501 3244 701 3288 supradictas
732 3245 978 3277 enunciationes
1009 3256 1079 3277 esse
1111 3243 1231 3287 plures.
1266 3244 1360 3276 Circa

298 3294 387 3339 quod
412 3294 477 3327 duo
498 3293 588 3326 facit:
605 3294 724 3337 primo,
741 3293 835 3336 ponit
850 3294 1009 3326 rationem
1026 3294 1130 3336 ipsam
1147 3291 1187 3324 ad
1203 3291 1266 3324 hoc
1282 3303 1359 3335 pro-

297 3343 441 3377 bandum
466 3354 524 3386 per
546 3341 684 3375 modum
709 3343 977 3385 consequentiae;
995 3340 1112 3374 deinde
1137 3339 1252 3383 probat
1269 3348 1359 3372 ante-

298 3392 416 3426 cedens
448 3390 551 3424 dictae
583 3390 859 3434 consequentiae3
888 3389 953 3422 ibi:
982 3390 1106 3422 Dictum
1133 3395 1173 3421 est
1203 3394 1303 3420 autem
1327 3388 1360 3420 de

297 3441 369 3475 his*
391 3450 451 3473 etc.
477 3439 600 3479 Quoad
625 3439 768 3482 primum
793 3437 890 3470 talem
914 3438 1073 3470 rationem
1094 3435 1227 3469 inducit.
1250 3436 1283 3468 Si
1311 3437 1359 3468 in-

298 3490 474 3532 terrogatio
491 3487 657 3521 dialectica
673 3496 722 3520 est
738 3487 852 3530 petitio
870 3486 1103 3529 responsionis,
1124 3496 1206 3528 quae
1227 3485 1268 3516 sit
1284 3495 1359 3527 pro-

298 3538 420 3582 positio
432 3536 484 3569 vel
501 3536 599 3569 altera
615 3547 688 3579 pars
703 3534 979 3573 contradictionis,
993 3533 1073 3566 nulli
1090 3533 1359 3565 enunciationum

298 3585 557 3630 supradictarum
578 3585 808 3627 interrogative
832 3582 987 3615 formatae
1005 3582 1065 3614 erit
1088 3582 1259 3624 responsio
1276 3589 1359 3619 una;

299 3646 377 3679 ergo
401 3646 461 3667 nec
485 3635 555 3678 ipsa
579 3633 791 3676 interrogatio
811 3640 860 3665 est
877 3642 952 3670 una,
970 3629 1025 3663 sed
1043 3629 1162 3674 plures.
1189 3630 1293 3663 Cuius
1310 3640 1359 3661 ra-

441 3698 510 3730 Opp.
531 3697 562 3721 D.
581 3696 695 3720 Tnonar:
714 3695 746 3720 T.
766 3695 784 3720 1.

2429 318 2479 354 97

1416 379 1515 411 tionis
1533 380 1641 423 primo
1657 381 1752 424 ponit
1768 380 1976 414 antecedens:
1995 381 2027 415 Si
2038 393 2104 425 ergo
2120 391 2181 415 etc.
2201 382 2253 416 Ad
2269 383 2367 416 huius
2386 384 2479 417 intel-

1415 426 1565 470 ligendos
1582 430 1741 462 terminos
1764 437 1842 462 nota
1867 430 1957 474 quod
1973 430 2060 463 idem
2077 440 2195 464 sonant
2218 432 2415 470 enunciatio,
2432 434 2478 465 in-

1415 478 1591 520 terrogatio
1623 486 1655 510 et
1685 478 1868 522 responsio·
1902 478 1990 512 Cum
2025 479 2112 511 enim
2144 479 2278 518 dicitur,
2302 480 2417 513 caelum
2439 487 2480 514 est

1415 524 1605 566 animatum,
1623 527 1656 558 in
1677 535 1836 570 quantum
1855 528 2009 560 enunciat
2025 527 2247 571 praedicatum
2264 528 2303 561 de
2319 527 2479 568 subiecto,

1415 575 1602 607 enunciatio
1617 584 1771 615 vocatur;
1788 577 1821 610 in
1842 585 2001 620 quantum
2021 585 2131 609 autern
2151 576 2338 620 quaerendo
2358 589 2479 621 propo-

1415 623 1513 660 nitur,
1525 623 1747 666 interrogatio;
1760 633 1796 657 ut
1815 636 1894 657 vero
1907 625 2055 668 quaesito
2071 624 2226 665 redditur,
2239 626 2410 668 responsio
2426 637 2480 669 ap-

1416 670 1562 714 pellatur.
1581 671 1672 705 Idem
1696 684 1775 716 ergo
1799 674 1859 706 erit
1882 672 2018 717 probare
2042 684 2110 706 non
2134 685 2205 707 esse
2228 674 2478 717 responsionem

1415 730 1526 758 unam,
1551 728 1583 752 et
1606 722 1895 764 1nterrogationem
1918 733 1987 754 non
2008 734 2078 755 esse
2102 734 2213 763 unam,
2229 731 2261 755 et
2277 723 2478 755 enunciatio-

1415 778 1491 799 nem
1515 778 1583 800 non
1607 779 1678 800 esse
1705 780 1816 802 unam.
1848 769 1989 803 Adverte
2014 770 2159 803 secundo
2187 771 2478 814 interrogationem

1415 826 1486 847 esse
1511 814 1686 859 duplicem.
1712 816 1884 856 Quaedam
1902 818 1990 850 enim
2007 826 2055 850 est
2071 826 2177 851 utram
2201 827 2326 862 partem
2350 827 2478 851 contra-

1415 862 1567 896 dictionis
1588 863 1771 906 eligendam
1787 875 1988 908 proponens;
2005 874 2037 897 et
2053 865 2131 898 haec
2147 875 2282 899 vocatur
2302 865 2477 906 dialectica,

1416 911 1492 954 quia
1516 910 1703 944 dialecticus
1726 911 1823 945 habet
1845 913 1933 945 viam
1957 924 1996 945 ex
2012 913 2232 956 probabilibus
2249 913 2289 947 ad
2305 923 2477 958 utramque

1416 959 1681 992 contradictionis
1705 969 1831 1003 partem
1854 960 2066 1004 probandam.
2092 961 2202 995 Altera
2225 974 2303 995 vero
2327 962 2477 996 determi-

1415 1016 1524 1040 natam
1549 1007 1589 1040 ad
1613 1019 1717 1040 unum
1740 1010 1990 1051 responsionem
2013 1018 2156 1053 exoptat;
2173 1019 2205 1043 et
2220 1010 2299 1043 haec
2316 1019 2364 1043 est
2380 1011 2477 1043 inter-

1415 1056 1543 1098 rogatio
1573 1055 1842 1096 demonstrativa,
1871 1069 1912 1090 eo
1940 1057 2029 1101 quod
2053 1057 2292 1092 demonstrator
2315 1060 2349 1092 in
2373 1071 2477 1092 unum

1417 1104 1628 1137 determinate
1644 1104 1757 1137 tendit.
1776 1105 1957 1138 Considera
1974 1105 2108 1138 ulterius
2125 1107 2215 1150 quod
2231 1108 2477 1151 interrogationi

1417 1151 1602 1185 dialecticae
1626 1152 1798 1196 dupliciter
1822 1153 2011 1197 responderi
2032 1162 2150 1197 potest.
2176 1155 2253 1188 Uno
2270 1156 2382 1196 modo,
2399 1167 2477 1188 con-

1417 1199 1588 1233 sentiendo
1619 1201 1884 1244 interrogationi,
1909 1202 1976 1234 sive
2000 1201 2190 1235 affirmative
2214 1204 2281 1236 sive
2309 1205 2477 1247 negative;

1417 1258 1453 1282 ut
1477 1250 1503 1281 si
1528 1250 1601 1293 quis
1625 1258 1729 1294 petat,
1755 1249 1871 1283 caelum
1895 1256 1935 1283 est
1958 1251 2147 1284 animatum?
2170 1260 2201 1284 et
2225 1252 2478 1296 respondeatur,

1417 1303 1457 1330 est
1465 1309 1479 1337 ,·
1502 1297 1565 1337 vel,
1588 1298 1672 1330 Deus
1699 1309 1759 1330 non
1787 1299 1944 1331 movetur?
1968 1307 1999 1331 et
2027 1298 2277 1342 respondeatur,
2305 1312 2382 1333 non:
2406 1300 2477 1333 talis

1417 1347 1589 1389 responsio
1613 1355 1750 1379 vocatur
1773 1346 1968 1389 propositio.
1992 1345 2068 1379 Alio
2090 1346 2203 1387 modo,
2220 1356 2328 1391 potest
2344 1360 2477 1392 respon-

1417 1393 1485 1427 deri
1509 1394 1744 1434 interimendo;
1768 1403 1804 1427 ut
1828 1395 1855 1427 si
1880 1395 1952 1438 quis
1977 1403 2075 1439 petat,
2095 1395 2210 1428 caelum
2233 1402 2273 1428 est
2295 1397 2476 1437 animatum,

1417 1451 1449 1475 et
1472 1442 1718 1487 respondeatur,
1742 1454 1802 1476 non
1810 1455 1824 1483 ;
1845 1443 1896 1476 vel
1919 1443 2003 1476 Deus
2025 1455 2086 1476 non
2109 1446 2267 1478 movetur?
2291 1453 2322 1477 et
2344 1456 2477 1488 respon-

1417 1491 1548 1531 deatur,
1577 1497 1727 1524 movetur:
1756 1491 1827 1524 talis
1851 1493 2023 1535 responsio
2050 1501 2186 1525 vocatur
2214 1492 2478 1525 contradictionis

1417 1539 1514 1572 altera
1538 1551 1623 1583 pars,
1648 1551 1689 1572 eo
1713 1539 1803 1583 quod
1826 1539 2034 1573 affirmationi
2058 1541 2188 1584 negatio
2213 1540 2357 1574 redditur
2377 1550 2409 1574 et
2423 1553 2478 1574 ne-

1416 1589 1540 1632 gationi
1565 1587 1748 1621 affirmatio.
1774 1589 1989 1632 Interrogatio
2013 1600 2092 1632 ergo
2117 1589 2282 1622 dialectica
2298 1598 2346 1622 est
2363 1590 2477 1633 petitio

1417 1637 1590 1670 annuentis
1614 1637 1848 1679 responsionis,
1865 1648 1947 1681 quae
1968 1646 2016 1670 est
2033 1638 2228 1681 propositio,
2244 1637 2295 1670 vel
2320 1637 2478 1670 contradi-

1417 1686 1530 1724 centis,
1540 1697 1623 1729 quae
1636 1694 1684 1717 est
1697 1684 1794 1718 altera
1807 1697 1880 1729 pars
1894 1685 2159 1719 contradictionis
2173 1686 2355 1719 secundum
2367 1697 2479 1730 supra-

1417 1735 1536 1768 dictam
1560 1733 1689 1767 Boethii
1713 1735 1962 1778 expositionem.

1484 1785 1513 1815 6.
1534 1781 1662 1815 Deinde
1677 1781 1786 1815 subdit
1801 1782 2029 1826 probationem
2047 1785 2310 1828 consequentiae,
2328 1795 2403 1816 cum
2420 1785 2477 1816 ait:

1416 1831 1578 1875 Propositio
1601 1842 1670 1864 vero
1688 1831 1778 1863 unius
1801 1831 2038 1865 contradictionis
2062 1838 2102 1864 est
2121 1841 2181 1865 etc.
2208 1832 2272 1865 Ubi
2297 1832 2479 1865 notandum

1417 1889 1466 1913 est
1489 1879 1579 1924 quod
1602 1880 1629 1911 si
1653 1880 1824 1923 responsio
1849 1879 2014 1913 dialectica
2038 1889 2149 1923 posset
2173 1893 2242 1914 esse
2267 1880 2387 1924 plures,
2411 1893 2479 1914 non

1417 1937 1607 1973 sequeretur
1635 1928 1725 1972 quod
1745 1929 1916 1972 responsio
1937 1929 2175 1962 enunciati0nis
2199 1929 2388 1974 multiplicis
2412 1942 2480 1963 non

1417 1987 1530 2022 posset
1557 1989 1626 2010 esse
1658 1977 1842 2017 dialectica;
1873 1977 1929 2011 sed
1961 1979 1987 2010 si
2016 1979 2188 2022 responsio
2217 1975 2382 2012 dialectica
2412 1991 2480 2012 non

1417 2036 1527 2071 potest
1550 2038 1620 2060 esse
1644 2027 1706 2059 nisi
1724 2038 1788 2059 una
1804 2027 2001 2066 enunciatio,
2019 2036 2096 2060 tunc
2118 2036 2203 2060 recte
2228 2029 2375 2071 sequitur
2391 2028 2480 2072 quod

1417 2077 1589 2120 responsio
1613 2076 1851 2108 enunciati0nis
1876 2075 1996 2119 pluris,
2025 2087 2093 2109 non
2117 2085 2166 2109 est
2189 2078 2360 2120 responsio
2384 2077 2480 2110 diale-

1418 2125 1509 2164 ctica,
1534 2135 1617 2168 quae
1641 2136 1706 2157 una
1730 2133 1787 2156 est.
1811 2124 2005 2158 Notandum
2022 2126 2119 2157 etiam
2143 2125 2233 2168 quod
2249 2126 2276 2157 si
2293 2126 2479 2158 enunciatio

1418 2172 1525 2217 aliqua
1548 2172 1693 2216 plurium
1722 2172 2018 2206 contradictionum
2042 2185 2115 2217 pars
2140 2182 2204 2213 est,
2229 2185 2293 2206 una
2317 2185 2385 2206 non
2409 2186 2479 2207 esse

1418 2221 1667 2265 comprobatur:
1684 2233 1749 2254 una
1766 2222 1853 2254 enirn
1874 2223 1930 2254 uni
1950 2231 2077 2254 tantum
2099 2222 2299 2255 contradicit.
2319 2223 2353 2255 Si
2370 2231 2479 2255 autem

1416 2271 1515 2303 unius
1539 2269 1647 2302 solum
1676 2269 1941 2303 contradictionis
1962 2282 2035 2314 pars
2055 2280 2114 2310 est,
2139 2282 2204 2303 una
2228 2280 2276 2303 est
2300 2271 2412 2304 eadem
2432 2283 2479 2303 ra-

1417 2321 1525 2359 tione,
1550 2320 1625 2363 quia
1649 2318 1770 2351 scilicet
1794 2319 1891 2351 unius
1916 2319 2138 2352 affirmationis
2158 2321 2253 2353 unica
2274 2329 2322 2352 est
2338 2321 2478 2363 negatio,

1417 2376 1449 2400 et
1465 2379 1482 2400 e
1500 2379 1670 2400 converso.
1696 2366 1816 2399 Probat
1839 2379 1916 2410 ergo
1940 2367 2132 2400 Aristoteles
2157 2369 2424 2412 consequentiam
2441 2380 2480 2401 ex

1418 2427 1458 2449 eo
1476 2415 1566 2460 quod
1582 2416 1784 2460 propositio,
1813 2415 1895 2449 idest
1914 2417 2086 2460 responsio
2107 2416 2271 2449 dialectica
2288 2418 2386 2449 unius
2403 2428 2480 2449 con-

1417 2464 1618 2498 tradictionis
1642 2474 1701 2503 est,
1726 2464 1807 2497 idest
1836 2475 1900 2496 una
1928 2466 2114 2498 enunciatio
2142 2474 2191 2498 est
2214 2465 2405 2498 affirmativa
2428 2466 2480 2498 vel

1417 2514 1577 2556 negativa.
1596 2514 1643 2546 Ex
1660 2512 1723 2546 hoc
1740 2513 1839 2553 enim,
1857 2522 1893 2546 ut
1917 2514 1981 2546 iam
1999 2513 2123 2546 dictum
2147 2522 2206 2553 est,
2224 2515 2370 2557 sequitur
2391 2515 2480 2558 quod

1416 2561 1539 2594 nullius
1563 2562 1802 2594 enunciati0nis
1823 2561 2011 2605 multiplicis
2035 2563 2076 2594 sit
2099 2563 2271 2605 responsio
2295 2562 2480 2602 dialectica,

1417 2619 1449 2642 et
1478 2619 1715 2654 consequenter
1746 2621 1805 2642 nec
1829 2622 1893 2643 una
1921 2611 2093 2654 responsio
2121 2612 2173 2643 sit.
2201 2611 2271 2644 Nec
2300 2620 2480 2654 praetereas

1417 2659 1507 2702 quod
1533 2670 1609 2691 cum
1635 2659 1908 2702 propositionem,
1932 2659 1983 2692 vel
2012 2659 2144 2692 alteram
2172 2669 2295 2703 partem
2321 2659 2479 2692 contradi-

1417 2708 1553 2747 ctionis,
1581 2708 1897 2751 responsionemque
1926 2709 2151 2751 praeposuerit
2176 2708 2359 2741 dialecticae
2384 2709 2479 2740 inter-

1417 2756 1608 2800 rogationis,
1625 2755 1665 2789 de
1687 2755 1756 2789 sola
1773 2756 1997 2800 propositione
2018 2755 2195 2795 subiunxit,
2212 2757 2301 2800 quod
2325 2754 2373 2788 est
2396 2765 2479 2795 una;

1417 2805 1507 2850 quod
1530 2804 1604 2837 ideo
1636 2804 1727 2844 fecit,
1759 2806 1835 2848 quia
1863 2804 1948 2837 illius
1981 2804 2111 2837 alterius
2142 2804 2339 2837 vocabulum
2370 2805 2479 2847 ipsum

1417 2855 1575 2887 unitatem
1605 2853 1813 2897 praeferebat.
1840 2853 1927 2886 Cum
1947 2854 2035 2885 enim
2060 2853 2191 2886 alteram
2215 2852 2478 2886 contradictionis

1417 2911 1542 2947 partem
1559 2901 1663 2941 audis,
1684 2913 1783 2935 unam
1805 2901 2053 2934 affirmationem
2073 2901 2124 2933 vel
2146 2902 2353 2943 negationem
2370 2902 2478 2933 statim

1417 2951 1580 2994 intelligis.

1484 2999 1641 3032 Adiunxit
1662 3007 1770 3031 autern
1795 2997 1995 3031 antecedenti
2012 2997 2045 3042 ly
2061 3009 2138 3040 crgo,
2156 2997 2207 3029 vel
2230 2998 2397 3029 insinuans
2415 2996 2478 3029 hoc

1417 3060 1487 3081 esse
1512 3047 1641 3080 aliunde
1666 3056 1854 3090 sumptum,
1879 3056 1914 3079 ut
1938 3046 2149 3090 postmodum
2176 3047 2209 3078 in
2227 3045 2357 3089 speciali
2378 3044 2478 3088 expli-

1418 3097 1511 3135 cabit,
1528 3095 1591 3135 vel,
1609 3105 1794 3139 permutato
1816 3096 1890 3135 situ,
1911 3105 2023 3128 notam
2045 3095 2295 3138 consequentiae
2316 3094 2412 3126 huius
2430 3095 2477 3126 in—

1416 3154 1464 3177 ter
1481 3144 1673 3177 antecedens
1691 3153 1722 3177 et
1739 3156 1943 3187 consequens
1964 3143 2153 3181 locandam,
2171 3142 2372 3175 antecedenti
2389 3154 2479 3186 prae-

1416 3194 1542 3237 posuit;
1563 3194 1647 3225 sicut
1666 3194 1691 3225 si
1710 3192 1879 3231 diceretur,
1903 3194 1929 3225 si
1947 3204 2012 3235 ergo
2031 3192 2160 3225 Socrates
2184 3192 2292 3231 currit,
2321 3198 2455 3224 movetur
2463 3203 2477 3230 ,·

1416 3253 1476 3285 pro
1500 3253 1540 3273 eo
1565 3241 1654 3284 quod
1675 3240 1737 3273 dici
1758 3240 1897 3279 deberet,
1914 3241 1940 3273 si
1956 3240 2086 3273 Socrates
2110 3241 2214 3279 currit,
2240 3252 2305 3283 ergo
2333 3246 2475 3272 movetur.

1484 3289 1638 3332 Sequitur
1666 3288 1782 3321 deinde
1807 3298 2028 3332 consequens:
2058 3288 2130 3321 Non
2159 3289 2213 3321 erit
2241 3299 2303 3320 una
2331 3288 2476 3331 responsio

1416 3337 1456 3369 ad
1467 3337 1539 3375 hoc;
1556 3345 1588 3368 et
1604 3335 1699 3368 infert
1716 3336 1927 3379 principalem
1952 3335 2197 3368 conclusionem
2218 3334 2370 3374 subdens,
2387 3335 2478 3377 Quod

1415 3397 1507 3428 neque
1538 3395 1601 3417 una
1631 3385 1686 3417 erit
1712 3385 1904 3427 interrogatio
1935 3394 1994 3417 etc.
2029 3385 2062 3417 Si
2087 3385 2174 3416 enim
2205 3385 2375 3426 responsio
2408 3395 2476 3416 non

1416 3441 1524 3475 potest
1548 3444 1618 3465 esse
1644 3444 1719 3471 una,
1743 3443 1803 3465 nec
1828 3433 2038 3475 interrogatio
2062 3433 2131 3475 ipsa
2156 3443 2220 3464 una
2244 3432 2312 3464 erit.

1483 3484 1511 3525 7'.
1538 3482 1641 3519 Quod
1666 3491 1775 3514 autem
1799 3482 1938 3515 addidit:
1963 3483 2026 3515 Nec
2041 3483 2067 3514 si
2081 3484 2118 3515 sit
2132 3493 2215 3522 vera,
2237 3481 2399 3515 eiusmodi
2416 3492 2474 3515 est.

1415 3533 1531 3564 Posset
1547 3530 1662 3574 aliquis
1681 3530 1826 3570 credere,
1844 3530 1932 3574 quod
1948 3530 2023 3563 licet
2040 3531 2285 3573 interrogationi
2307 3530 2391 3574 pluri
2408 3542 2476 3564 non

1415 3580 1518 3623 possit
1542 3578 1610 3612 dari
1634 3579 1806 3622 responsio
1834 3590 1917 3618 una,
1948 3578 2080 3623 quando
2108 3578 2140 3612 id
2169 3579 2208 3612 de
2233 3590 2300 3623 quo
2327 3580 2476 3623 quaestio

1414 3628 1451 3661 fit
1474 3639 1542 3661 non
1566 3637 1674 3671 potest
1702 3627 1741 3660 de
1758 3626 1910 3660 omnibus
1934 3627 1996 3660 illis
2020 3627 2166 3672 pluribus
2183 3627 2334 3660 affirmari
2354 3627 2405 3660 vel
2422 3639 2475 3660 ne-

2281 3690 2333 3714 13*

2507 1751 2615 1773 Boethius
2620 1767 2625 1773 .
