<?xml version="1.0" encoding="UTF-8"?>
<!DOCTYPE html PUBLIC "-//W3C//DTD XHTML 1.0 Transitional//EN"
    "http://www.w3.org/TR/xhtml1/DTD/xhtml1-transitional.dtd">
<html xmlns="http://www.w3.org/1999/xhtml" xml:lang="en" lang="en">
 <head>
  <title>
</title>
<meta http-equiv="Content-Type" content="text/html;charset=utf-8" />
  <meta name='ocr-system' content='tesseract 3.04.00' />
  <meta name='ocr-capabilities' content='ocr_page ocr_carea ocr_par ocr_line ocrx_word'/>
</head>
<body>
  <div class='ocr_page' id='page_1' title='image "./operaomniaiussui01thom/operaomniaiussui01thom_0047.png"; bbox 0 0 2548 4192; ppageno 0'>
   <div class='ocr_carea' id='block_1_1' title="bbox 832 536 1752 679">
    <p class='ocr_par' dir='ltr' id='par_1_1' title="bbox 832 536 1752 679">
     <span class='ocr_line' id='line_1_1' title="bbox 832 536 1752 679; baseline 0.001 -2"><span class='ocrx_word' id='word_1_1' title='bbox 832 566 1110 679; x_wconf 80' lang='lat' dir='ltr'>LEO</span> <span class='ocrx_word' id='word_1_2' title='bbox 1197 569 1403 677; x_wconf 69' lang='lat'>1³1³.</span> <span class='ocrx_word' id='word_1_3' title='bbox 1474 536 1752 678; x_wconf 86' lang='lat' dir='ltr'>x111.</span> 
     </span>
    </p>
   </div>
   <div class='ocr_carea' id='block_1_2' title="bbox 982 819 1608 877">
    <p class='ocr_par' dir='ltr' id='par_1_2' title="bbox 982 819 1608 877">
     <span class='ocr_line' id='line_1_2' title="bbox 982 819 1608 877; baseline -0.003 0"><span class='ocrx_word' id='word_1_4' title='bbox 982 819 1216 877; x_wconf 79' lang='lat' dir='ltr'>MOTU</span> <span class='ocrx_word' id='word_1_5' title='bbox 1257 819 1608 876; x_wconf 93' lang='lat' dir='ltr'>PROPRIO</span> 
     </span>
    </p>
   </div>
   <div class='ocr_carea' id='block_1_3' title="bbox 184 1175 481 1408">
    <p class='ocr_par' dir='ltr' id='par_1_3' title="bbox 184 1175 481 1408">
     <span class='ocr_line' id='line_1_3' title="bbox 184 1175 481 1408; baseline 0 0"><span class='ocrx_word' id='word_1_6' title='bbox 184 1175 481 1408; x_wconf 95' lang='lat' dir='ltr'>   </span> 
     </span>
    </p>
   </div>
   <div class='ocr_carea' id='block_1_4' title="bbox 183 1254 2400 3692">
    <p class='ocr_par' dir='ltr' id='par_1_4' title="bbox 183 1254 2400 1904">
     <span class='ocr_line' id='line_1_4' title="bbox 386 1254 2399 1330; baseline -0.002 -19"><span class='ocrx_word' id='word_1_7' title='bbox 386 1326 389 1327; x_wconf 15' lang='lat'><em>⁷</em></span> <span class='ocrx_word' id='word_1_8' title='bbox 414 1267 463 1330; x_wconf 53' lang='grc' dir='ltr'>,ἡ</span> <span class='ocrx_word' id='word_1_9' title='bbox 482 1257 751 1328; x_wconf 89' lang='lat' dir='ltr'>publicari,</span> <span class='ocrx_word' id='word_1_10' title='bbox 773 1256 1044 1326; x_wconf 87' lang='lat' dir='ltr'>superiore</span> <span class='ocrx_word' id='word_1_11' title='bbox 1075 1275 1212 1307; x_wconf 89' lang='lat' dir='ltr'>anno</span> <span class='ocrx_word' id='word_1_12' title='bbox 1244 1254 1651 1324; x_wconf 90' lang='lat' dir='ltr'>significavimus</span> <span class='ocrx_word' id='word_1_13' title='bbox 1681 1275 1776 1323; x_wconf 90' lang='lat' dir='ltr'>per</span> <span class='ocrx_word' id='word_1_14' title='bbox 1805 1254 2029 1307; x_wconf 82' lang='lat' dir='ltr'>Litteras</span> <span class='ocrx_word' id='word_1_15' title='bbox 2055 1255 2276 1307; x_wconf 80' lang='lat' dir='ltr'>Nostras</span> <span class='ocrx_word' id='word_1_16' title='bbox 2306 1255 2399 1307; x_wconf 92' lang='lat' dir='ltr'>idi-</span> 
     </span>
     <span class='ocr_line' id='line_1_5' title="bbox 448 1325 2398 1383; baseline -0.002 -0.299"><span class='ocrx_word' id='word_1_17' title='bbox 448 1330 582 1383; x_wconf 92' lang='lat' dir='ltr'>bus</span> <span class='ocrx_word' id='word_1_18' title='bbox 623 1328 930 1382; x_wconf 88' lang='lat' dir='ltr'>octobribus</span> <span class='ocrx_word' id='word_1_19' title='bbox 974 1327 1120 1380; x_wconf 89' lang='lat' dir='ltr'>datas</span> <span class='ocrx_word' id='word_1_20' title='bbox 1159 1326 1226 1379; x_wconf 89' lang='lat' dir='ltr'>ad</span> <span class='ocrx_word' id='word_1_21' title='bbox 1268 1326 1604 1380; x_wconf 89' lang='lat' dir='ltr'>Cardinalem</span> <span class='ocrx_word' id='word_1_22' title='bbox 1642 1325 1968 1378; x_wconf 82' lang='lat' dir='ltr'>Praefectum</span> <span class='ocrx_word' id='word_1_23' title='bbox 1999 1326 2143 1378; x_wconf 83' lang='lat' dir='ltr'>Sacri</span> <span class='ocrx_word' id='word_1_24' title='bbox 2180 1326 2398 1379; x_wconf 85' lang='lat' dir='ltr'>Consilii</span> 
     </span>
     <span class='ocr_line' id='line_1_6' title="bbox 203 1398 2399 1469; baseline -0.004 -11"><span class='ocrx_word' id='word_1_25' title='bbox 203 1448 212 1461; x_wconf 77' lang='lat'>.</span> <span class='ocrx_word' id='word_1_26' title='bbox 281 1399 341 1459; x_wconf 16' lang='lat'>⁷⁹³}</span> <span class='ocrx_word' id='word_1_27' title='bbox 377 1399 434 1445; x_wconf 49' lang='lat'>*¹⁵3⁵</span> <span class='ocrx_word' id='word_1_28' title='bbox 450 1401 665 1464; x_wconf 91' lang='lat' dir='ltr'>studiis</span> <span class='ocrx_word' id='word_1_29' title='bbox 705 1400 1094 1469; x_wconf 90' lang='lat' dir='ltr'>disciplinarum</span> <span class='ocrx_word' id='word_1_30' title='bbox 1134 1398 1396 1468; x_wconf 87' lang='lat' dir='ltr'>regundis.</span> <span class='ocrx_word' id='word_1_31' title='bbox 1436 1398 1672 1466; x_wconf 89' lang='lat' dir='ltr'>Eiusque</span> <span class='ocrx_word' id='word_1_32' title='bbox 1704 1418 1940 1450; x_wconf 84' lang='lat' dir='ltr'>caussam</span> <span class='ocrx_word' id='word_1_33' title='bbox 1972 1398 2227 1467; x_wconf 89' lang='lat' dir='ltr'>propositi</span> <span class='ocrx_word' id='word_1_34' title='bbox 2266 1398 2399 1450; x_wconf 91' lang='lat' dir='ltr'>hanc</span> 
     </span>
     <span class='ocr_line' id='line_1_7' title="bbox 190 1469 2398 1542; baseline -0.003 -14"><span class='ocrx_word' id='word_1_35' title='bbox 190 1494 306 1529; x_wconf 89' lang='lat' dir='ltr'>esse</span> <span class='ocrx_word' id='word_1_36' title='bbox 336 1473 575 1542; x_wconf 87' lang='lat' dir='ltr'>diximus,</span> <span class='ocrx_word' id='word_1_37' title='bbox 616 1484 670 1525; x_wconf 90' lang='lat' dir='ltr'>ut</span> <span class='ocrx_word' id='word_1_38' title='bbox 699 1473 858 1542; x_wconf 92' lang='lat' dir='ltr'>longe</span> <span class='ocrx_word' id='word_1_39' title='bbox 888 1472 1095 1540; x_wconf 89' lang='lat' dir='ltr'>lateque</span> <span class='ocrx_word' id='word_1_40' title='bbox 1126 1470 1251 1523; x_wconf 91' lang='lat' dir='ltr'>fluat</span> <span class='ocrx_word' id='word_1_41' title='bbox 1279 1470 1529 1540; x_wconf 91' lang='lat' dir='ltr'>Angelici</span> <span class='ocrx_word' id='word_1_42' title='bbox 1559 1470 1812 1522; x_wconf 90' lang='lat' dir='ltr'>Doctoris</span> <span class='ocrx_word' id='word_1_43' title='bbox 1843 1470 2102 1522; x_wconf 88' lang='lat' dir='ltr'>excellens</span> <span class='ocrx_word' id='word_1_44' title='bbox 2132 1469 2398 1539; x_wconf 77' lang='lat' dir='ltr'>sapientia,</span> 
     </span>
     <span class='ocr_line' id='line_1_8' title="bbox 183 1541 2400 1616; baseline -0.003 -16"><span class='ocrx_word' id='word_1_45' title='bbox 183 1567 294 1616; x_wconf 68' lang='lat' dir='ltr'>⁸qua</span> <span class='ocrx_word' id='word_1_46' title='bbox 323 1545 684 1616; x_wconf 88' lang='lat' dir='ltr'>opprimendis</span> <span class='ocrx_word' id='word_1_47' title='bbox 721 1543 1057 1613; x_wconf 91' lang='lat' dir='ltr'>opinionibus</span> <span class='ocrx_word' id='word_1_48' title='bbox 1087 1542 1348 1612; x_wconf 86' lang='lat' dir='ltr'>perversis</span> <span class='ocrx_word' id='word_1_49' title='bbox 1379 1554 1676 1595; x_wconf 90' lang='lat' dir='ltr'>nostrorum</span> <span class='ocrx_word' id='word_1_50' title='bbox 1708 1553 2004 1611; x_wconf 91' lang='lat' dir='ltr'>temporum</span> <span class='ocrx_word' id='word_1_51' title='bbox 2034 1541 2140 1593; x_wconf 87' lang='lat' dir='ltr'>fere</span> <span class='ocrx_word' id='word_1_52' title='bbox 2172 1541 2291 1593; x_wconf 89' lang='lat' dir='ltr'>nihil</span> <span class='ocrx_word' id='word_1_53' title='bbox 2323 1552 2400 1593; x_wconf 93' lang='lat' dir='ltr'>est</span> 
     </span>
     <span class='ocr_line' id='line_1_9' title="bbox 188 1613 2399 1689; baseline -0.004 -17"><span class='ocrx_word' id='word_1_54' title='bbox 188 1618 374 1689; x_wconf 88' lang='lat' dir='ltr'>aptius,</span> <span class='ocrx_word' id='word_1_55' title='bbox 406 1616 800 1671; x_wconf 90' lang='lat' dir='ltr'>conservandae</span> <span class='ocrx_word' id='word_1_56' title='bbox 832 1615 1030 1668; x_wconf 88' lang='lat' dir='ltr'>veritati</span> <span class='ocrx_word' id='word_1_57' title='bbox 1062 1614 1183 1667; x_wconf 90' lang='lat' dir='ltr'>nihil</span> <span class='ocrx_word' id='word_1_58' title='bbox 1216 1614 1489 1666; x_wconf 87' lang='lat' dir='ltr'>efficacius.</span> <span class='ocrx_word' id='word_1_59' title='bbox 1518 1614 1674 1666; x_wconf 91' lang='lat' dir='ltr'>Nunc</span> <span class='ocrx_word' id='word_1_60' title='bbox 1704 1625 1877 1666; x_wconf 89' lang='lat' dir='ltr'>autem</span> <span class='ocrx_word' id='word_1_61' title='bbox 1909 1613 2030 1681; x_wconf 92' lang='lat' dir='ltr'>quia</span> <span class='ocrx_word' id='word_1_62' title='bbox 2060 1613 2399 1665; x_wconf 92' lang='lat' dir='ltr'>commodum</span> 
     </span>
     <span class='ocr_line' id='line_1_10' title="bbox 188 1685 2398 1756; baseline -0.004 -12"><span class='ocrx_word' id='word_1_63' title='bbox 188 1690 396 1744; x_wconf 91' lang='lat' dir='ltr'>videtur</span> <span class='ocrx_word' id='word_1_64' title='bbox 435 1710 550 1742; x_wconf 91' lang='lat' dir='ltr'>esse</span> <span class='ocrx_word' id='word_1_65' title='bbox 590 1708 799 1741; x_wconf 91' lang='lat' dir='ltr'>manum</span> <span class='ocrx_word' id='word_1_66' title='bbox 845 1687 991 1756; x_wconf 93' lang='lat' dir='ltr'>operi</span> <span class='ocrx_word' id='word_1_67' title='bbox 1039 1686 1355 1754; x_wconf 91' lang='lat' dir='ltr'>admovere,</span> <span class='ocrx_word' id='word_1_68' title='bbox 1405 1685 1741 1738; x_wconf 90' lang='lat' dir='ltr'>decernenda</span> <span class='ocrx_word' id='word_1_69' title='bbox 1778 1685 1952 1737; x_wconf 92' lang='lat' dir='ltr'>Nobis</span> <span class='ocrx_word' id='word_1_70' title='bbox 1999 1685 2246 1737; x_wconf 91' lang='lat' dir='ltr'>nonnulla</span> <span class='ocrx_word' id='word_1_71' title='bbox 2284 1705 2398 1737; x_wconf 92' lang='lat' dir='ltr'>esse</span> 
     </span>
     <span class='ocr_line' id='line_1_11' title="bbox 191 1756 2400 1829; baseline -0.004 -13"><span class='ocrx_word' id='word_1_72' title='bbox 191 1782 483 1829; x_wconf 89' lang='lat' dir='ltr'>censemus,</span> <span class='ocrx_word' id='word_1_73' title='bbox 507 1781 641 1829; x_wconf 91' lang='lat' dir='ltr'>quae</span> <span class='ocrx_word' id='word_1_74' title='bbox 663 1780 813 1829; x_wconf 90' lang='lat' dir='ltr'>spem</span> <span class='ocrx_word' id='word_1_75' title='bbox 835 1759 1020 1811; x_wconf 91' lang='lat' dir='ltr'>laetam</span> <span class='ocrx_word' id='word_1_76' title='bbox 1043 1758 1379 1827; x_wconf 88' lang='lat' dir='ltr'>portendunt,</span> <span class='ocrx_word' id='word_1_77' title='bbox 1400 1757 1626 1810; x_wconf 90' lang='lat' dir='ltr'>futurum</span> <span class='ocrx_word' id='word_1_78' title='bbox 1648 1768 1703 1809; x_wconf 92' lang='lat' dir='ltr'>ut</span> <span class='ocrx_word' id='word_1_79' title='bbox 1724 1769 1913 1826; x_wconf 92' lang='lat' dir='ltr'>coepta</span> <span class='ocrx_word' id='word_1_80' title='bbox 1932 1757 2127 1809; x_wconf 90' lang='lat' dir='ltr'>Nostra</span> <span class='ocrx_word' id='word_1_81' title='bbox 2147 1756 2214 1809; x_wconf 92' lang='lat' dir='ltr'>ad</span> <span class='ocrx_word' id='word_1_82' title='bbox 2237 1756 2400 1808; x_wconf 91' lang='lat' dir='ltr'>exitus</span> 
     </span>
     <span class='ocr_line' id='line_1_12' title="bbox 189 1833 801 1904; baseline -0.007 -17"><span class='ocrx_word' id='word_1_83' title='bbox 189 1833 542 1904; x_wconf 89' lang='lat' dir='ltr'>pervehantur</span> <span class='ocrx_word' id='word_1_84' title='bbox 581 1842 801 1901; x_wconf 92' lang='lat' dir='ltr'>optatos.</span> 
     </span>
    </p>

    <p class='ocr_par' dir='ltr' id='par_1_5' title="bbox 189 1900 2400 2189">
     <span class='ocr_line' id='line_1_13' title="bbox 296 1900 2399 1972; baseline -0.003 -14"><span class='ocrx_word' id='word_1_85' title='bbox 296 1905 528 1958; x_wconf 89' lang='lat' dir='ltr'>Primum</span> <span class='ocrx_word' id='word_1_86' title='bbox 568 1904 758 1972; x_wconf 91' lang='lat' dir='ltr'>itaque,</span> <span class='ocrx_word' id='word_1_87' title='bbox 799 1923 863 1954; x_wconf 92' lang='lat' dir='ltr'>ne</span> <span class='ocrx_word' id='word_1_88' title='bbox 894 1902 1089 1954; x_wconf 86' lang='lat' dir='ltr'>Almae</span> <span class='ocrx_word' id='word_1_89' title='bbox 1130 1901 1262 1954; x_wconf 91' lang='lat' dir='ltr'>Urbi</span> <span class='ocrx_word' id='word_1_90' title='bbox 1293 1901 1520 1954; x_wconf 91' lang='lat' dir='ltr'>Nostrae</span> <span class='ocrx_word' id='word_1_91' title='bbox 1560 1901 1689 1953; x_wconf 93' lang='lat' dir='ltr'>haec</span> <span class='ocrx_word' id='word_1_92' title='bbox 1720 1912 1901 1970; x_wconf 90' lang='lat' dir='ltr'>pereat</span> <span class='ocrx_word' id='word_1_93' title='bbox 1939 1901 2065 1969; x_wconf 85' lang='lat' dir='ltr'>laus,</span> <span class='ocrx_word' id='word_1_94' title='bbox 2101 1900 2399 1969; x_wconf 90' lang='lat' dir='ltr'>editionem,</span> 
     </span>
     <span class='ocr_line' id='line_1_14' title="bbox 189 1971 2398 2047; baseline -0.003 -17"><span class='ocrx_word' id='word_1_95' title='bbox 189 1997 348 2047; x_wconf 92' lang='lat' dir='ltr'>quam</span> <span class='ocrx_word' id='word_1_96' title='bbox 387 1997 545 2046; x_wconf 81' lang='lat' dir='ltr'>supra</span> <span class='ocrx_word' id='word_1_97' title='bbox 584 1974 838 2043; x_wconf 87' lang='lat' dir='ltr'>diximus,</span> <span class='ocrx_word' id='word_1_98' title='bbox 879 1984 1194 2026; x_wconf 85' lang='lat' dir='ltr'>reservatam</span> <span class='ocrx_word' id='word_1_99' title='bbox 1236 1993 1351 2026; x_wconf 92' lang='lat' dir='ltr'>esse</span> <span class='ocrx_word' id='word_1_100' title='bbox 1391 1973 1633 2026; x_wconf 91' lang='lat' dir='ltr'>volumus</span> <span class='ocrx_word' id='word_1_101' title='bbox 1674 1972 1938 2026; x_wconf 88' lang='lat' dir='ltr'>Officinae</span> <span class='ocrx_word' id='word_1_102' title='bbox 1977 1972 2213 2025; x_wconf 87' lang='lat' dir='ltr'>librariae</span> <span class='ocrx_word' id='word_1_103' title='bbox 2253 1971 2398 2024; x_wconf 86' lang='lat' dir='ltr'>Sacri</span> 
     </span>
     <span class='ocr_line' id='line_1_15' title="bbox 190 2043 2400 2115; baseline -0.003 -12"><span class='ocrx_word' id='word_1_104' title='bbox 190 2048 410 2104; x_wconf 88' lang='lat' dir='ltr'>Consilii</span> <span class='ocrx_word' id='word_1_105' title='bbox 452 2046 750 2102; x_wconf 89' lang='lat' dir='ltr'>Christiano</span> <span class='ocrx_word' id='word_1_106' title='bbox 791 2045 987 2098; x_wconf 91' lang='lat' dir='ltr'>nomini</span> <span class='ocrx_word' id='word_1_107' title='bbox 1027 2045 1394 2115; x_wconf 91' lang='lat' dir='ltr'>propagando,</span> <span class='ocrx_word' id='word_1_108' title='bbox 1427 2045 1593 2097; x_wconf 90' lang='lat' dir='ltr'>clarae</span> <span class='ocrx_word' id='word_1_109' title='bbox 1634 2044 1733 2097; x_wconf 91' lang='lat' dir='ltr'>iam</span> <span class='ocrx_word' id='word_1_110' title='bbox 1774 2043 1845 2097; x_wconf 96' lang='lat' dir='ltr'>ob</span> <span class='ocrx_word' id='word_1_111' title='bbox 1875 2044 1972 2097; x_wconf 90' lang='lat' dir='ltr'>alia</span> <span class='ocrx_word' id='word_1_112' title='bbox 1999 2064 2219 2113; x_wconf 89' lang='lat' dir='ltr'>magnae</span> <span class='ocrx_word' id='word_1_113' title='bbox 2250 2044 2400 2096; x_wconf 90' lang='lat' dir='ltr'>molis</span> 
     </span>
     <span class='ocr_line' id='line_1_16' title="bbox 190 2117 1182 2189; baseline -0.005 -15"><span class='ocrx_word' id='word_1_114' title='bbox 190 2132 241 2174; x_wconf 89' lang='lat' dir='ltr'>et</span> <span class='ocrx_word' id='word_1_115' title='bbox 278 2120 469 2174; x_wconf 91' lang='lat' dir='ltr'>laudati</span> <span class='ocrx_word' id='word_1_116' title='bbox 511 2119 686 2189; x_wconf 89' lang='lat' dir='ltr'>operis</span> <span class='ocrx_word' id='word_1_117' title='bbox 727 2118 865 2171; x_wconf 90' lang='lat' dir='ltr'>edita</span> <span class='ocrx_word' id='word_1_118' title='bbox 904 2117 1182 2170; x_wconf 83' lang='lat' dir='ltr'>volumina.</span> 
     </span>
    </p>

    <p class='ocr_par' dir='ltr' id='par_1_6' title="bbox 186 2187 2400 3193">
     <span class='ocr_line' id='line_1_17' title="bbox 296 2187 2398 2258; baseline -0.003 -14"><span class='ocrx_word' id='word_1_119' title='bbox 296 2191 528 2245; x_wconf 88' lang='lat' dir='ltr'>Editioni</span> <span class='ocrx_word' id='word_1_120' title='bbox 569 2202 741 2244; x_wconf 88' lang='lat' dir='ltr'>autem</span> <span class='ocrx_word' id='word_1_121' title='bbox 778 2189 1039 2242; x_wconf 92' lang='lat' dir='ltr'>curandae</span> <span class='ocrx_word' id='word_1_122' title='bbox 1069 2188 1388 2242; x_wconf 90' lang='lat' dir='ltr'>destinamus</span> <span class='ocrx_word' id='word_1_123' title='bbox 1416 2209 1477 2241; x_wconf 93' lang='lat' dir='ltr'>ac</span> <span class='ocrx_word' id='word_1_124' title='bbox 1505 2188 1788 2258; x_wconf 89' lang='lat' dir='ltr'>praecipua</span> <span class='ocrx_word' id='word_1_125' title='bbox 1822 2187 2124 2240; x_wconf 90' lang='lat' dir='ltr'>auctoritate</span> <span class='ocrx_word' id='word_1_126' title='bbox 2154 2207 2398 2256; x_wconf 91' lang='lat' dir='ltr'>praeesse</span> 
     </span>
     <span class='ocr_line' id='line_1_18' title="bbox 189 2258 2398 2328; baseline -0.003 -11"><span class='ocrx_word' id='word_1_127' title='bbox 189 2264 431 2318; x_wconf 82' lang='lat' dir='ltr'>vol&#39;umus</span> <span class='ocrx_word' id='word_1_128' title='bbox 471 2275 574 2316; x_wconf 90' lang='lat' dir='ltr'>tres</span> <span class='ocrx_word' id='word_1_129' title='bbox 620 2273 828 2315; x_wconf 90' lang='lat' dir='ltr'>sanctae</span> <span class='ocrx_word' id='word_1_130' title='bbox 868 2261 1145 2314; x_wconf 91' lang='lat' dir='ltr'>Romanae</span> <span class='ocrx_word' id='word_1_131' title='bbox 1174 2260 1446 2313; x_wconf 89' lang='lat' dir='ltr'>Ecclesiae</span> <span class='ocrx_word' id='word_1_132' title='bbox 1474 2260 1805 2328; x_wconf 71' lang='lat' dir='ltr'>Cardinales,</span> <span class='ocrx_word' id='word_1_133' title='bbox 1845 2259 2039 2311; x_wconf 87' lang='lat' dir='ltr'>scilicet</span> <span class='ocrx_word' id='word_1_134' title='bbox 2065 2258 2398 2311; x_wconf 89' lang='lat' dir='ltr'>Antoninum</span> 
     </span>
     <span class='ocr_line' id='line_1_19' title="bbox 189 2329 2398 2401; baseline -0.004 -12"><span class='ocrx_word' id='word_1_135' title='bbox 189 2335 257 2389; x_wconf 94' lang='lat' dir='ltr'>de</span> <span class='ocrx_word' id='word_1_136' title='bbox 304 2335 453 2388; x_wconf 90' lang='lat' dir='ltr'>Luca</span> <span class='ocrx_word' id='word_1_137' title='bbox 491 2334 817 2387; x_wconf 88' lang='lat' dir='ltr'>Praefectum</span> <span class='ocrx_word' id='word_1_138' title='bbox 862 2333 1007 2386; x_wconf 87' lang='lat' dir='ltr'>Sacri</span> <span class='ocrx_word' id='word_1_139' title='bbox 1053 2332 1274 2386; x_wconf 88' lang='lat' dir='ltr'>Consilii</span> <span class='ocrx_word' id='word_1_140' title='bbox 1314 2332 1496 2384; x_wconf 88' lang='lat' dir='ltr'>studiis</span> <span class='ocrx_word' id='word_1_141' title='bbox 1545 2331 1824 2401; x_wconf 78' lang='lat' dir='ltr'>regundis3</span> <span class='ocrx_word' id='word_1_142' title='bbox 1868 2331 2117 2383; x_wconf 90' lang='lat' dir='ltr'>Ioannem</span> <span class='ocrx_word' id='word_1_143' title='bbox 2164 2329 2398 2382; x_wconf 92' lang='lat' dir='ltr'>Simeoni</span> 
     </span>
     <span class='ocr_line' id='line_1_20' title="bbox 187 2401 2398 2472; baseline -0.003 -12"><span class='ocrx_word' id='word_1_144' title='bbox 187 2407 514 2460; x_wconf 88' lang='lat' dir='ltr'>Praefectum</span> <span class='ocrx_word' id='word_1_145' title='bbox 536 2406 681 2459; x_wconf 90' lang='lat' dir='ltr'>Sacri</span> <span class='ocrx_word' id='word_1_146' title='bbox 706 2405 924 2459; x_wconf 91' lang='lat' dir='ltr'>Consilii</span> <span class='ocrx_word' id='word_1_147' title='bbox 949 2404 1247 2458; x_wconf 91' lang='lat' dir='ltr'>Christiano</span> <span class='ocrx_word' id='word_1_148' title='bbox 1270 2404 1465 2456; x_wconf 90' lang='lat' dir='ltr'>nomini</span> <span class='ocrx_word' id='word_1_149' title='bbox 1488 2402 1859 2472; x_wconf 73' lang='lat' dir='ltr'>propagando,</span> <span class='ocrx_word' id='word_1_150' title='bbox 1885 2402 2151 2454; x_wconf 93' lang='lat' dir='ltr'>Thomam</span> <span class='ocrx_word' id='word_1_151' title='bbox 2173 2401 2398 2470; x_wconf 90' lang='lat' dir='ltr'>Zigliara</span> 
     </span>
     <span class='ocr_line' id='line_1_21' title="bbox 190 2473 2397 2544; baseline -0.003 -12"><span class='ocrx_word' id='word_1_152' title='bbox 190 2500 254 2532; x_wconf 91' lang='lat' dir='ltr'>ex</span> <span class='ocrx_word' id='word_1_153' title='bbox 291 2478 510 2531; x_wconf 86' lang='lat' dir='ltr'>Familia</span> <span class='ocrx_word' id='word_1_154' title='bbox 552 2477 950 2544; x_wconf 89' lang='lat' dir='ltr'>Dominiciana,</span> <span class='ocrx_word' id='word_1_155' title='bbox 991 2476 1058 2528; x_wconf 92' lang='lat' dir='ltr'>ad</span> <span class='ocrx_word' id='word_1_156' title='bbox 1104 2475 1429 2544; x_wconf 91' lang='lat' dir='ltr'>disciplinam</span> <span class='ocrx_word' id='word_1_157' title='bbox 1474 2475 1525 2527; x_wconf 93' lang='lat' dir='ltr'>S.</span> <span class='ocrx_word' id='word_1_158' title='bbox 1554 2475 1798 2527; x_wconf 92' lang='lat' dir='ltr'>Thomae</span> <span class='ocrx_word' id='word_1_159' title='bbox 1838 2474 2073 2543; x_wconf 92' lang='lat' dir='ltr'>apprime</span> <span class='ocrx_word' id='word_1_160' title='bbox 2115 2473 2397 2526; x_wconf 90' lang='lat' dir='ltr'>institutum</span> 
     </span>
     <span class='ocr_line' id='line_1_22' title="bbox 188 2544 2397 2620; baseline -0.004 -16"><span class='ocrx_word' id='word_1_161' title='bbox 188 2562 344 2620; x_wconf 91' lang='lat' dir='ltr'>atque</span> <span class='ocrx_word' id='word_1_162' title='bbox 386 2549 657 2602; x_wconf 90' lang='lat' dir='ltr'>eruditum.</span> <span class='ocrx_word' id='word_1_163' title='bbox 698 2549 798 2600; x_wconf 91' lang='lat' dir='ltr'>His</span> <span class='ocrx_word' id='word_1_164' title='bbox 838 2559 1010 2600; x_wconf 92' lang='lat' dir='ltr'>autem</span> <span class='ocrx_word' id='word_1_165' title='bbox 1050 2547 1128 2599; x_wconf 95' lang='lat' dir='ltr'>ius</span> <span class='ocrx_word' id='word_1_166' title='bbox 1168 2558 1218 2599; x_wconf 91' lang='lat' dir='ltr'>et</span> <span class='ocrx_word' id='word_1_167' title='bbox 1256 2558 1488 2616; x_wconf 88' lang='lat' dir='ltr'>potestas</span> <span class='ocrx_word' id='word_1_168' title='bbox 1529 2557 1640 2599; x_wconf 92' lang='lat' dir='ltr'>esto</span> <span class='ocrx_word' id='word_1_169' title='bbox 1681 2545 1939 2598; x_wconf 91' lang='lat' dir='ltr'>statuendi</span> <span class='ocrx_word' id='word_1_170' title='bbox 1979 2566 2038 2598; x_wconf 92' lang='lat' dir='ltr'>ac</span> <span class='ocrx_word' id='word_1_171' title='bbox 2079 2544 2397 2598; x_wconf 89' lang='lat' dir='ltr'>decernendi</span> 
     </span>
     <span class='ocr_line' id='line_1_23' title="bbox 186 2616 2400 2689; baseline -0.003 -14"><span class='ocrx_word' id='word_1_172' title='bbox 186 2623 386 2676; x_wconf 90' lang='lat' dir='ltr'>Nostro</span> <span class='ocrx_word' id='word_1_173' title='bbox 419 2621 629 2674; x_wconf 90' lang='lat' dir='ltr'>nomine</span> <span class='ocrx_word' id='word_1_174' title='bbox 661 2619 918 2689; x_wconf 89' lang='lat' dir='ltr'>quidquid</span> <span class='ocrx_word' id='word_1_175' title='bbox 950 2619 1017 2672; x_wconf 94' lang='lat' dir='ltr'>ad</span> <span class='ocrx_word' id='word_1_176' title='bbox 1050 2639 1160 2671; x_wconf 90' lang='lat' dir='ltr'>rem</span> <span class='ocrx_word' id='word_1_177' title='bbox 1187 2619 1447 2688; x_wconf 89' lang='lat' dir='ltr'>pertinere</span> <span class='ocrx_word' id='word_1_178' title='bbox 1478 2618 1829 2671; x_wconf 86' lang='lat' dir='ltr'>intellexerint.</span> <span class='ocrx_word' id='word_1_179' title='bbox 1867 2616 2050 2687; x_wconf 77' lang='lat' dir='ltr'>Quare</span> <span class='ocrx_word' id='word_1_180' title='bbox 2080 2616 2400 2686; x_wconf 89' lang='lat' dir='ltr'>prospiciant</span> 
     </span>
     <span class='ocr_line' id='line_1_24' title="bbox 188 2687 2398 2762; baseline -0.004 -15"><span class='ocrx_word' id='word_1_181' title='bbox 188 2705 244 2748; x_wconf 90' lang='lat' dir='ltr'>ut</span> <span class='ocrx_word' id='word_1_182' title='bbox 282 2694 457 2746; x_wconf 92' lang='lat' dir='ltr'>omnia</span> <span class='ocrx_word' id='word_1_183' title='bbox 495 2714 555 2746; x_wconf 94' lang='lat' dir='ltr'>ac</span> <span class='ocrx_word' id='word_1_184' title='bbox 595 2692 799 2762; x_wconf 92' lang='lat' dir='ltr'>singula</span> <span class='ocrx_word' id='word_1_185' title='bbox 836 2691 1086 2761; x_wconf 88' lang='lat' dir='ltr'>Angelici</span> <span class='ocrx_word' id='word_1_186' title='bbox 1126 2691 1380 2743; x_wconf 88' lang='lat' dir='ltr'>Doctoris</span> <span class='ocrx_word' id='word_1_187' title='bbox 1419 2690 1610 2759; x_wconf 90' lang='lat' dir='ltr'>Opera</span> <span class='ocrx_word' id='word_1_188' title='bbox 1647 2690 1848 2759; x_wconf 90' lang='lat' dir='ltr'>integra</span> <span class='ocrx_word' id='word_1_189' title='bbox 1885 2689 2164 2758; x_wconf 90' lang='lat' dir='ltr'>prodeant,</span> <span class='ocrx_word' id='word_1_190' title='bbox 2209 2687 2398 2740; x_wconf 92' lang='lat' dir='ltr'>additis</span> 
     </span>
     <span class='ocr_line' id='line_1_25' title="bbox 189 2759 2396 2833; baseline -0.004 -14"><span class='ocrx_word' id='word_1_191' title='bbox 189 2765 590 2819; x_wconf 90' lang='lat' dir='ltr'>clarissimorum</span> <span class='ocrx_word' id='word_1_192' title='bbox 631 2764 975 2833; x_wconf 88' lang='lat' dir='ltr'>Interpretum</span> <span class='ocrx_word' id='word_1_193' title='bbox 1015 2763 1259 2815; x_wconf 90' lang='lat' dir='ltr'>Thomae</span> <span class='ocrx_word' id='word_1_194' title='bbox 1296 2762 1363 2815; x_wconf 93' lang='lat' dir='ltr'>de</span> <span class='ocrx_word' id='word_1_195' title='bbox 1395 2762 1502 2814; x_wconf 90' lang='lat' dir='ltr'>Vio</span> <span class='ocrx_word' id='word_1_196' title='bbox 1544 2761 1837 2815; x_wconf 90' lang='lat' dir='ltr'>Cardinalis</span> <span class='ocrx_word' id='word_1_197' title='bbox 1878 2760 2114 2814; x_wconf 90' lang='lat' dir='ltr'>Caietani</span> <span class='ocrx_word' id='word_1_198' title='bbox 2155 2760 2204 2812; x_wconf 93' lang='lat' dir='ltr'>in</span> <span class='ocrx_word' id='word_1_199' title='bbox 2245 2759 2396 2811; x_wconf 78' lang='lat' dir='ltr'>Sum-</span> 
     </span>
     <span class='ocr_line' id='line_1_26' title="bbox 188 2831 2396 2909; baseline -0.004 -19"><span class='ocrx_word' id='word_1_200' title='bbox 188 2858 327 2891; x_wconf 82' lang='lat' dir='ltr'>mam</span> <span class='ocrx_word' id='word_1_201' title='bbox 376 2836 730 2904; x_wconf 72' lang='lat' dir='ltr'>Theologz&#39;cam</span> <span class='ocrx_word' id='word_1_202' title='bbox 780 2846 830 2888; x_wconf 89' lang='lat' dir='ltr'>et</span> <span class='ocrx_word' id='word_1_203' title='bbox 877 2835 1141 2909; x_wconf 70' lang='lat' dir='ltr'>Francisci</span> <span class='ocrx_word' id='word_1_204' title='bbox 1191 2835 1258 2887; x_wconf 92' lang='lat' dir='ltr'>de</span> <span class='ocrx_word' id='word_1_205' title='bbox 1307 2834 1587 2903; x_wconf 89' lang='lat' dir='ltr'>Sylvestris</span> <span class='ocrx_word' id='word_1_206' title='bbox 1633 2832 1978 2885; x_wconf 87' lang='lat' dir='ltr'>Ferrariensis</span> <span class='ocrx_word' id='word_1_207' title='bbox 2027 2832 2076 2884; x_wconf 92' lang='lat' dir='ltr'>in</span> <span class='ocrx_word' id='word_1_208' title='bbox 2126 2831 2396 2883; x_wconf 79' lang='lat' dir='ltr'>Summam</span> 
     </span>
     <span class='ocr_line' id='line_1_27' title="bbox 188 2903 2395 2974; baseline -0.004 -12"><span class='ocrx_word' id='word_1_209' title='bbox 188 2918 367 2962; x_wconf 79' lang='lat' dir='ltr'>contra</span> <span class='ocrx_word' id='word_1_210' title='bbox 406 2908 635 2961; x_wconf 77' lang='lat' dir='ltr'>Gentiles</span> <span class='ocrx_word' id='word_1_211' title='bbox 675 2907 1069 2959; x_wconf 87' lang='lat' dir='ltr'>commentariis.</span> <span class='ocrx_word' id='word_1_212' title='bbox 1111 2906 1356 2959; x_wconf 89' lang='lat' dir='ltr'>Similiter</span> <span class='ocrx_word' id='word_1_213' title='bbox 1395 2917 1576 2958; x_wconf 90' lang='lat' dir='ltr'>curent</span> <span class='ocrx_word' id='word_1_214' title='bbox 1614 2916 1665 2957; x_wconf 91' lang='lat' dir='ltr'>et</span> <span class='ocrx_word' id='word_1_215' title='bbox 1692 2904 2005 2974; x_wconf 90' lang='lat' dir='ltr'>provideant</span> <span class='ocrx_word' id='word_1_216' title='bbox 2043 2923 2107 2955; x_wconf 93' lang='lat' dir='ltr'>ne</span> <span class='ocrx_word' id='word_1_217' title='bbox 2138 2903 2395 2955; x_wconf 89' lang='lat' dir='ltr'>literarum</span> 
     </span>
     <span class='ocr_line' id='line_1_28' title="bbox 190 2974 2394 3050; baseline -0.004 -17"><span class='ocrx_word' id='word_1_218' title='bbox 190 2981 386 3050; x_wconf 90' lang='lat' dir='ltr'>optima</span> <span class='ocrx_word' id='word_1_219' title='bbox 418 2980 599 3048; x_wconf 89' lang='lat' dir='ltr'>forma,</span> <span class='ocrx_word' id='word_1_220' title='bbox 640 3000 705 3032; x_wconf 92' lang='lat' dir='ltr'>ne</span> <span class='ocrx_word' id='word_1_221' title='bbox 736 2990 975 3031; x_wconf 90' lang='lat' dir='ltr'>accurata</span> <span class='ocrx_word' id='word_1_222' title='bbox 1014 2978 1328 3046; x_wconf 86' lang='lat' dir='ltr'>emendatiO,</span> <span class='ocrx_word' id='word_1_223' title='bbox 1370 2998 1433 3029; x_wconf 94' lang='lat' dir='ltr'>ne</span> <span class='ocrx_word' id='word_1_224' title='bbox 1465 2977 1755 3046; x_wconf 92' lang='lat' dir='ltr'>intelligens</span> <span class='ocrx_word' id='word_1_225' title='bbox 1786 2976 1835 3028; x_wconf 92' lang='lat' dir='ltr'>in</span> <span class='ocrx_word' id='word_1_226' title='bbox 1867 2996 2037 3027; x_wconf 89' lang='lat' dir='ltr'>rerum</span> <span class='ocrx_word' id='word_1_227' title='bbox 2077 2974 2394 3043; x_wconf 89' lang='lat' dir='ltr'>singularum</span> 
     </span>
     <span class='ocr_line' id='line_1_29' title="bbox 190 3046 2394 3118; baseline -0.004 -14"><span class='ocrx_word' id='word_1_228' title='bbox 190 3051 395 3104; x_wconf 90' lang='lat' dir='ltr'>delectu</span> <span class='ocrx_word' id='word_1_229' title='bbox 426 3051 673 3104; x_wconf 91' lang='lat' dir='ltr'>iudicium</span> <span class='ocrx_word' id='word_1_230' title='bbox 705 3050 1055 3118; x_wconf 80' lang='lat' dir='ltr'>desideretur3</span> <span class='ocrx_word' id='word_1_231' title='bbox 1086 3071 1145 3102; x_wconf 90' lang='lat' dir='ltr'>ac</span> <span class='ocrx_word' id='word_1_232' title='bbox 1177 3050 1390 3102; x_wconf 92' lang='lat' dir='ltr'>demum</span> <span class='ocrx_word' id='word_1_233' title='bbox 1422 3049 1734 3101; x_wconf 89' lang='lat' dir='ltr'>constituant</span> <span class='ocrx_word' id='word_1_234' title='bbox 1764 3068 1869 3116; x_wconf 95' lang='lat' dir='ltr'>quo</span> <span class='ocrx_word' id='word_1_235' title='bbox 1901 3046 2100 3115; x_wconf 94' lang='lat' dir='ltr'>ordine,</span> <span class='ocrx_word' id='word_1_236' title='bbox 2132 3066 2238 3114; x_wconf 92' lang='lat' dir='ltr'>quo</span> <span class='ocrx_word' id='word_1_237' title='bbox 2269 3056 2394 3097; x_wconf 92' lang='lat' dir='ltr'>tem-</span> 
     </span>
     <span class='ocr_line' id='line_1_30' title="bbox 188 3120 2189 3193; baseline -0.002 -18"><span class='ocrx_word' id='word_1_238' title='bbox 188 3143 318 3193; x_wconf 90' lang='lat' dir='ltr'>pore</span> <span class='ocrx_word' id='word_1_239' title='bbox 359 3123 562 3191; x_wconf 86' lang='lat' dir='ltr'>singula</span> <span class='ocrx_word' id='word_1_240' title='bbox 600 3122 865 3175; x_wconf 92' lang='lat' dir='ltr'>volumina</span> <span class='ocrx_word' id='word_1_241' title='bbox 903 3123 953 3174; x_wconf 91' lang='lat' dir='ltr'>in</span> <span class='ocrx_word' id='word_1_242' title='bbox 993 3122 1162 3174; x_wconf 92' lang='lat' dir='ltr'>lucem</span> <span class='ocrx_word' id='word_1_243' title='bbox 1204 3132 1445 3190; x_wconf 91' lang='lat' dir='ltr'>oporteat</span> <span class='ocrx_word' id='word_1_244' title='bbox 1482 3120 1712 3189; x_wconf 90' lang='lat' dir='ltr'>proferri.</span> <span class='ocrx_word' id='word_1_245' title='bbox 2055 3183 2189 3187; x_wconf 74' lang='lat'>—</span> 
     </span>
    </p>

    <p class='ocr_par' dir='ltr' id='par_1_7' title="bbox 187 3188 2395 3692">
     <span class='ocr_line' id='line_1_31' title="bbox 298 3188 2395 3264; baseline -0.003 -18"><span class='ocrx_word' id='word_1_246' title='bbox 298 3194 467 3264; x_wconf 77' lang='lat' dir='ltr'>Quod</span> <span class='ocrx_word' id='word_1_247' title='bbox 506 3215 634 3245; x_wconf 85' lang='lat' dir='ltr'>vero</span> <span class='ocrx_word' id='word_1_248' title='bbox 674 3194 741 3246; x_wconf 93' lang='lat' dir='ltr'>ad</span> <span class='ocrx_word' id='word_1_249' title='bbox 783 3214 1039 3263; x_wconf 89' lang='lat' dir='ltr'>expensas</span> <span class='ocrx_word' id='word_1_250' title='bbox 1078 3193 1270 3261; x_wconf 91' lang='lat' dir='ltr'>attinet,</span> <span class='ocrx_word' id='word_1_251' title='bbox 1311 3203 1678 3261; x_wconf 87' lang='lat' dir='ltr'>argenteorum</span> <span class='ocrx_word' id='word_1_252' title='bbox 1719 3190 2004 3242; x_wconf 90' lang='lat' dir='ltr'>italicorum</span> <span class='ocrx_word' id='word_1_253' title='bbox 2046 3189 2200 3242; x_wconf 93' lang='lat' dir='ltr'>CCC</span> <span class='ocrx_word' id='word_1_254' title='bbox 2241 3188 2395 3240; x_wconf 88' lang='lat' dir='ltr'>millia</span> 
     </span>
     <span class='ocr_line' id='line_1_32' title="bbox 187 3259 2393 3333; baseline -0.003 -15"><span class='ocrx_word' id='word_1_255' title='bbox 187 3267 303 3319; x_wconf 92' lang='lat' dir='ltr'>Nos</span> <span class='ocrx_word' id='word_1_256' title='bbox 343 3266 475 3317; x_wconf 88' lang='lat' dir='ltr'>ultro</span> <span class='ocrx_word' id='word_1_257' title='bbox 517 3265 702 3317; x_wconf 92' lang='lat' dir='ltr'>damus</span> <span class='ocrx_word' id='word_1_258' title='bbox 745 3276 901 3333; x_wconf 92' lang='lat' dir='ltr'>atque</span> <span class='ocrx_word' id='word_1_259' title='bbox 945 3264 1237 3317; x_wconf 91' lang='lat' dir='ltr'>addicimus</span> <span class='ocrx_word' id='word_1_260' title='bbox 1281 3263 1680 3332; x_wconf 91' lang='lat' dir='ltr'>suppeditandis</span> <span class='ocrx_word' id='word_1_261' title='bbox 1719 3262 2012 3330; x_wconf 91' lang='lat' dir='ltr'>sumptibus</span> <span class='ocrx_word' id='word_1_262' title='bbox 2052 3261 2101 3312; x_wconf 90' lang='lat' dir='ltr'>in</span> <span class='ocrx_word' id='word_1_263' title='bbox 2136 3259 2393 3329; x_wconf 91' lang='lat' dir='ltr'>praesenti</span> 
     </span>
     <span class='ocr_line' id='line_1_33' title="bbox 189 3332 2394 3404; baseline -0.003 -15"><span class='ocrx_word' id='word_1_264' title='bbox 189 3337 505 3390; x_wconf 71' lang='lat' dir='ltr'>necessariis</span> <span class='ocrx_word' id='word_1_265' title='bbox 552 3337 781 3404; x_wconf 90' lang='lat' dir='ltr'>Reliquo</span> <span class='ocrx_word' id='word_1_266' title='bbox 821 3348 994 3388; x_wconf 90' lang='lat' dir='ltr'>autem</span> <span class='ocrx_word' id='word_1_267' title='bbox 1038 3347 1275 3404; x_wconf 90' lang='lat' dir='ltr'>tempore</span> <span class='ocrx_word' id='word_1_268' title='bbox 1322 3335 1644 3387; x_wconf 90' lang='lat' dir='ltr'>necessarios</span> <span class='ocrx_word' id='word_1_269' title='bbox 1690 3332 2010 3402; x_wconf 90' lang='lat' dir='ltr'>suppeditari</span> <span class='ocrx_word' id='word_1_270' title='bbox 2051 3332 2291 3384; x_wconf 93' lang='lat' dir='ltr'>volumus</span> <span class='ocrx_word' id='word_1_271' title='bbox 2332 3351 2394 3382; x_wconf 91' lang='lat' dir='ltr'>ex</span> 
     </span>
     <span class='ocr_line' id='line_1_34' title="bbox 189 3402 2395 3475; baseline -0.004 -14"><span class='ocrx_word' id='word_1_272' title='bbox 189 3409 425 3462; x_wconf 90' lang='lat' dir='ltr'>eiusdem</span> <span class='ocrx_word' id='word_1_273' title='bbox 456 3407 601 3460; x_wconf 92' lang='lat' dir='ltr'>Sacri</span> <span class='ocrx_word' id='word_1_274' title='bbox 634 3407 852 3460; x_wconf 92' lang='lat' dir='ltr'>Consilii</span> <span class='ocrx_word' id='word_1_275' title='bbox 882 3407 1033 3459; x_wconf 84' lang='lat' dir='ltr'>Fidei</span> <span class='ocrx_word' id='word_1_276' title='bbox 1063 3406 1441 3475; x_wconf 87' lang='lat' dir='ltr'>propagandae</span> <span class='ocrx_word' id='word_1_277' title='bbox 1471 3406 1683 3457; x_wconf 89' lang='lat' dir='ltr'>aerario:</span> <span class='ocrx_word' id='word_1_278' title='bbox 1706 3405 1786 3456; x_wconf 92' lang='lat' dir='ltr'>cui</span> <span class='ocrx_word' id='word_1_279' title='bbox 1817 3415 1988 3456; x_wconf 91' lang='lat' dir='ltr'>tamen</span> <span class='ocrx_word' id='word_1_280' title='bbox 2015 3402 2271 3471; x_wconf 90' lang='lat' dir='ltr'>quidquid</span> <span class='ocrx_word' id='word_1_281' title='bbox 2302 3402 2395 3453; x_wconf 92' lang='lat' dir='ltr'>erit</span> 
     </span>
     <span class='ocr_line' id='line_1_35' title="bbox 188 3473 2393 3547; baseline -0.004 -14"><span class='ocrx_word' id='word_1_282' title='bbox 188 3480 482 3533; x_wconf 91' lang='lat' dir='ltr'>vendendis</span> <span class='ocrx_word' id='word_1_283' title='bbox 523 3478 906 3547; x_wconf 88' lang='lat' dir='ltr'>exemplaribus</span> <span class='ocrx_word' id='word_1_284' title='bbox 946 3478 1213 3529; x_wconf 88' lang='lat' dir='ltr'>redactum</span> <span class='ocrx_word' id='word_1_285' title='bbox 1254 3477 1522 3545; x_wconf 90' lang='lat' dir='ltr'>pecuniae,</span> <span class='ocrx_word' id='word_1_286' title='bbox 1554 3476 1748 3528; x_wconf 93' lang='lat' dir='ltr'>tamdiu</span> <span class='ocrx_word' id='word_1_287' title='bbox 1785 3475 1834 3526; x_wconf 92' lang='lat' dir='ltr'>in</span> <span class='ocrx_word' id='word_1_288' title='bbox 1865 3495 1973 3526; x_wconf 92' lang='lat' dir='ltr'>rem</span> <span class='ocrx_word' id='word_1_289' title='bbox 2010 3474 2175 3542; x_wconf 91' lang='lat' dir='ltr'>cedat,</span> <span class='ocrx_word' id='word_1_290' title='bbox 2216 3473 2393 3541; x_wconf 93' lang='lat' dir='ltr'>quoad</span> 
     </span>
     <span class='ocr_line' id='line_1_36' title="bbox 189 3545 2392 3622; baseline -0.004 -18"><span class='ocrx_word' id='word_1_291' title='bbox 189 3573 283 3622; x_wconf 88' lang='lat' dir='ltr'>par</span> <span class='ocrx_word' id='word_1_292' title='bbox 308 3552 436 3604; x_wconf 91' lang='lat' dir='ltr'>ratio</span> <span class='ocrx_word' id='word_1_293' title='bbox 465 3550 615 3602; x_wconf 89' lang='lat' dir='ltr'>fuerit</span> <span class='ocrx_word' id='word_1_294' title='bbox 644 3560 980 3618; x_wconf 90' lang='lat' dir='ltr'>acceptorum</span> <span class='ocrx_word' id='word_1_295' title='bbox 1010 3560 1060 3600; x_wconf 89' lang='lat' dir='ltr'>et</span> <span class='ocrx_word' id='word_1_296' title='bbox 1089 3569 1451 3617; x_wconf 92' lang='lat' dir='ltr'>expensorum.</span> <span class='ocrx_word' id='word_1_297' title='bbox 1492 3548 1548 3599; x_wconf 92' lang='lat' dir='ltr'>Si</span> <span class='ocrx_word' id='word_1_298' title='bbox 1578 3547 1864 3615; x_wconf 93' lang='lat' dir='ltr'>quidquam</span> <span class='ocrx_word' id='word_1_299' title='bbox 1902 3546 2073 3598; x_wconf 89' lang='lat' dir='ltr'>eidem</span> <span class='ocrx_word' id='word_1_300' title='bbox 2103 3545 2392 3597; x_wconf 90' lang='lat' dir='ltr'>accrevisse</span> 
     </span>
     <span class='ocr_line' id='line_1_37' title="bbox 191 3616 2392 3692; baseline -0.004 -16"><span class='ocrx_word' id='word_1_301' title='bbox 191 3624 471 3692; x_wconf 90' lang='lat' dir='ltr'>contingat,</span> <span class='ocrx_word' id='word_1_302' title='bbox 494 3632 878 3674; x_wconf 91' lang='lat' dir='ltr'>accrescentem</span> <span class='ocrx_word' id='word_1_303' title='bbox 909 3620 1185 3689; x_wconf 91' lang='lat' dir='ltr'>pecuniam</span> <span class='ocrx_word' id='word_1_304' title='bbox 1217 3640 1427 3671; x_wconf 93' lang='lat' dir='ltr'>omnem</span> <span class='ocrx_word' id='word_1_305' title='bbox 1455 3619 1642 3671; x_wconf 94' lang='lat' dir='ltr'>insumi</span> <span class='ocrx_word' id='word_1_306' title='bbox 1672 3618 1913 3671; x_wconf 90' lang='lat' dir='ltr'>iubemus</span> <span class='ocrx_word' id='word_1_307' title='bbox 1934 3617 1984 3669; x_wconf 92' lang='lat' dir='ltr'>in</span> <span class='ocrx_word' id='word_1_308' title='bbox 2005 3616 2392 3669; x_wconf 90' lang='lat' dir='ltr'>lucubrationes</span> 
     </span>
    </p>
   </div>
   <div class='ocr_carea' id='block_1_5' title="bbox 332 3723 2251 3757">
    <p class='ocr_par' dir='ltr' id='par_1_8' title="bbox 332 3723 2251 3757">
     <span class='ocr_line' id='line_1_38' title="bbox 332 3723 2251 3757; baseline -0.004 -8"><span class='ocrx_word' id='word_1_309' title='bbox 332 3724 402 3757; x_wconf 87' lang='lat' dir='ltr'>Opp.</span> <span class='ocrx_word' id='word_1_310' title='bbox 422 3725 453 3748; x_wconf 92' lang='lat' dir='ltr'>D.</span> <span class='ocrx_word' id='word_1_311' title='bbox 468 3724 584 3748; x_wconf 55' lang='lat' dir='ltr'>Tuomst.</span> <span class='ocrx_word' id='word_1_312' title='bbox 603 3723 634 3747; x_wconf 89' lang='grc' dir='ltr'>Τ.</span> <span class='ocrx_word' id='word_1_313' title='bbox 655 3723 672 3746; x_wconf 92' lang='grc' dir='ltr'>Ι.</span> <span class='ocrx_word' id='word_1_314' title='bbox 2233 3726 2251 3749; x_wconf 87' lang='lat'>4</span> 
     </span>
    </p>
   </div>
  </div>
 </body>
</html>
