2788 4204
54 382 172 406 Habitudo
179 386 268 412 tempo-

52 410 85 431 ris
104 412 265 430 mensurantis.

55 438 64 446 ·
72 442 98 458 a:
114 437 139 457 et
151 435 228 457 hodie.

53 594 61 603 ·
71 598 100 614 nc
111 599 116 614 :
150 597 265 619 coopera-

54 621 93 640 tur
98 626 107 644 ‚·
121 622 142 640 et
156 618 216 640 forte
230 622 264 640 cst

53 651 107 667 vera
121 645 197 667 lectio.

49 1277 59 1287 ⁶
70 1277 162 1306 Quarta
169 1278 184 1299 ?

48 1699 194 1722 mmmm.

46 1919 262 1968 ffl'q'wm'i'

49 2130 263 2186 ‘monim

47 2159 134 2199 Q‘
249 2168 260 2174 -

47 2393 261 2419 ‘Nmexeodss

1163 291 1273 327 CAP.
1305 292 1353 339 11,
1385 291 1535 328 LECT.
1567 291 1618 328 lv

293 369 476 407 habitudo
497 369 679 418 temporis
704 369 972 415 mensurantis;
1003 369 1108 418 quod
1131 369 1360 416 significatur

292 435 362 472 per
380 422 563 460 adverbia
576 422 771 470 temporis,
779 430 821 458 ut
839 434 935 468 cras,
947 423 1030 458 heri
1043 430 1079 458 et
1098 422 1317 459 huiusmodi
1327 423 1358 459 ²⁸.

349 477 383 513 8.
423 475 587 522 Quinto,
630 475 738 523 ponit
772 481 945 523 quartam
982 475 1232 511 differentiam
1271 488 1359 512 cum

293 528 436 565 subdit:
462 528 576 564 Cuius
595 528 698 564 nulla
711 540 806 576 pars
829 534 884 564 est
903 528 1153 577 significativa
1172 535 1358 576 separata,

293 581 431 618 scilicet
450 593 472 617 a
490 588 570 617 toto
599 581 774 627 nomine;
805 588 1048 629 comparatur
1060 582 1079 602 *
1093 588 1221 618 tamen
1241 582 1289 618 ad
1313 582 1358 618 si-

292 633 574 682 gnificationem
594 634 759 671 nominis
779 634 991 670 secundum
1011 634 1116 682 quod
1136 642 1191 671 est
1209 635 1247 671 in
1266 642 1357 673 toto.

293 686 411 733 Quod
439 686 526 723 ideo
557 695 623 735 est,
653 687 742 736 quia
770 687 991 734 significatio
1019 695 1074 724 est
1102 687 1208 736 quasi
1237 688 1360 725 forma

292 739 469 785 nominis;
490 741 592 777 nulla
612 748 740 777 autem
759 753 846 790 pars
866 748 1038 788 separata
1057 741 1172 777 habet
1195 741 1358 778 formam

292 792 417 840 totius,
434 792 529 829 sicut
548 805 684 830 manus
705 801 877 842 separata
897 794 944 830 ab
970 794 1126 830 homine
1148 807 1226 830 non
1246 795 1360 831 habet

292 846 457 882 formam
477 847 699 883 humanam.
721 848 770 883 Et
783 859 852 895 per
866 847 940 883 hoc
961 846 1196 894 distinguitur
1215 860 1358 885 nomen

292 899 340 934 ab
361 898 543 946 oratione,
562 899 668 936 cuius
686 912 774 948 pars
789 900 972 948 significat
991 907 1163 948 separata
1173 900 1198 947 ζ;
1214 907 1255 936 ut
1271 913 1358 937 cum

293 950 444 1000 dicitur,
473 953 585 989 homo
615 953 741 990 iustus.

346 1016 382 1052 9.
394 1005 544 1042 Deinde
556 1018 644 1042 cum
657 1005 754 1042 dicit:
766 1007 812 1042 In
829 1006 979 1042 nomine
993 1006 1092 1042 enim
1103 1006 1205 1054 quod
1212 1012 1266 1042 est
1275 1014 1357 1054 etc.‚

292 1057 505 1094 manifestat
540 1058 790 1107 praemissam
829 1058 1102 1095 definitionem.
1139 1059 1188 1095 Et
1219 1058 1358 1106 primo,

292 1118 477 1158 quantum
488 1111 537 1148 ad
547 1111 720 1147 ultimam
736 1111 972 1159 particulam3
984 1111 1165 1158 secundo,
1174 1119 1358 1159 quantum

292 1162 341 1199 ad
359 1164 525 1209 tertiam3
546 1163 614 1200 ibi:
636 1164 847 1200 Secundum
866 1176 957 1201 vero
966 1163 1148 1212 placitum
1165 1171 1233 1200 etc.
1255 1164 1358 1200 Nam

290 1214 436 1263 primae
466 1216 564 1253 duae
592 1216 797 1264 particulae
826 1217 1048 1253 manifestae
1072 1223 1159 1252 sunt
1183 1229 1227 1252 ex
1251 1229 1358 1265 prae-

290 1267 430 1315 missis3
460 1269 567 1306 tertia
588 1270 608 1291 ²³
627 1277 755 1306 autem
774 1269 971 1318 particula,
1002 1268 1141 1305 scilicet
1167 1269 1247 1305 sine
1269 1275 1357 1306 tem—

283 1331 392 1368 pore,
421 1321 720 1368 manifestabitur
746 1322 783 1359 in
803 1322 1047 1371 sequentibus
1067 1321 1105 1357 in
1123 1328 1281 1358 tractatu
1299 1323 1359 1359 De

254 1414 262 1418 ,
288 1375 422 1411 verbo.
437 1374 548 1411 Circa
571 1375 741 1424 primum
762 1375 839 1412 duo
860 1375 965 1411 facit:
985 1375 1124 1423 primo,
1146 1375 1359 1413 manifestat

289 1427 528 1476 propositum
543 1440 613 1476 per
623 1428 779 1465 nomina
795 1428 1023 1476 composita3
1040 1428 1221 1476 secundo,
1234 1436 1357 1465 osten-

290 1479 343 1516 dit
371 1480 468 1517 circa
491 1482 566 1518 hoc
591 1480 843 1518 differentiam
872 1481 968 1518 inter
991 1481 1149 1518 nomina
1175 1481 1358 1530 simplicia

290 1539 326 1569 et
345 1533 568 1582 composita;
589 1534 652 1571 ibi:
669 1535 722 1571 At
740 1546 829 1571 vero
851 1547 925 1571 non
947 1535 1262 1583 quemadmodum
1288 1542 1356 1572 etc.

289 1585 507 1623 Manifestat
534 1597 624 1635 ergo
648 1588 774 1636 primo
804 1588 909 1637 quod
936 1600 1024 1636 pars
1057 1588 1223 1624 nominis
1252 1600 1358 1636 sepa-

289 1646 368 1676 rata
387 1639 477 1676 nihil
497 1640 691 1688 significat,
713 1653 782 1689 per
801 1640 958 1677 nomina
977 1640 1200 1689 composita,
1221 1641 1259 1677 in
1279 1641 1358 1689 qui-

289 1692 361 1729 bus
380 1693 455 1729 hoc
470 1694 590 1741 magis
600 1694 620 1716 *
632 1694 794 1731 videtur.
812 1695 855 1730 In
869 1694 944 1730 hoc
960 1693 1062 1730 enim
1077 1693 1234 1730 nomine
1254 1694 1359 1742 quod

290 1752 347 1782 est
364 1746 553 1794 equiferus
570 1752 597 1793 η,
617 1747 713 1783 haec
730 1760 819 1796 pars
835 1748 961 1795 serus,
987 1758 1059 1794 per
1075 1759 1115 1783 se
1134 1746 1224 1783 nihil
1248 1747 1358 1794 signi-

290 1798 379 1835 ficat
399 1810 401 1813 ·
421 1799 517 1836 sicut
556 1800 740 1847 significat
774 1800 812 1836 in
852 1801 924 1836 hac
957 1798 1140 1846 oratione,
1170 1811 1269 1847 quae
1304 1807 1359 1836 est

289 1862 406 1900 equus
421 1853 547 1900 ferus.
578 1853 696 1889 Cuius
725 1853 818 1889 ratio
853 1860 909 1889 est
937 1852 1042 1901 quod
1069 1864 1191 1888 unum
1214 1864 1358 1889 nomen

288 1903 496 1953 imponitur
513 1906 534 1926 *
553 1905 603 1942 ad
622 1905 912 1953 significandum
931 1917 1053 1942 unum
1073 1904 1284 1953 simplicem
1304 1905 1358 1942 in-

288 1958 497 2003 tellectum;
519 1958 621 1995 aliud
641 1966 769 1995 autem
789 1966 844 1995 est
862 1958 901 1995 id
920 1971 942 1994 a
967 1971 1043 2006 quo
1063 1957 1271 2006 imponitur
1290 1971 1357 1995 no-

289 2020 380 2047 men
399 2010 449 2048 ad
472 2011 779 2058 significandum,
801 2012 848 2048 ab
879 2024 925 2048 eo
946 2011 1052 2060 quod
1079 2023 1223 2048 nomen
1248 2011 1357 2059 signi-

289 2063 395 2110 ficat;
424 2063 519 2100 sicut
537 2065 612 2102 hoc
632 2077 775 2101 nomen
796 2064 889 2112 lapis
917 2064 1125 2112 imponitur
1149 2077 1171 2100 a
1190 2065 1357 2101 laesione

289 2117 409 2165 pedis,
419 2129 535 2166 quam
551 2130 630 2154 non
645 2117 843 2166 significat:
858 2117 963 2166 quod
977 2125 1106 2154 tamen
1117 2117 1324 2165 imponitur
1336 2119 1355 2138 ⁴*

290 2170 339 2206 ad
353 2169 645 2218 significandum
661 2177 890 2219 conceptum
906 2170 1104 2207 cuiusdam
1120 2170 1184 2207 rei.
1206 2171 1254 2207 Et
1268 2171 1356 2208 inde

291 2230 346 2260 est
366 2223 472 2272 quod
491 2235 580 2272 pars
598 2223 764 2260 nominis
784 2223 998 2271 compositi,
1019 2223 1124 2272 quod
1149 2223 1357 2272 imponitur

290 2275 339 2312 ad
367 2275 658 2324 significandum
687 2283 916 2325 conceptum
938 2276 1172 2325 simplicem,
1203 2290 1281 2314 non
1310 2278 1356 2314 si-

289 2327 442 2375 gnificat
467 2337 615 2378 partem
651 2329 908 2378 conceptionis
940 2329 1195 2377 compositae,
1231 2343 1254 2366 a
1282 2343 1357 2379 qua

289 2380 498 2430 imponitur
525 2395 669 2419 nomen
687 2383 708 2403 ³⁸
726 2383 775 2419 ad
795 2382 1098 2430 significandum.
1130 2383 1207 2420 Sed
1235 2383 1355 2419 oratio

289 2433 473 2482 significat
491 2435 613 2484 ipsam
634 2435 924 2484 conceptionem
953 2435 1224 2484 compositam:
1253 2436 1356 2472 unde

288 2498 376 2535 pars
396 2488 575 2525 orationis
595 2488 779 2536 significat
805 2495 953 2537 partem
974 2489 1231 2537 conceptionis
1252 2501 1355 2525 com-

238 2587 245 2595 ·
288 2539 446 2587 positae.

342 2665 369 2700 ζ)
391 2666 472 2691 Cuius
485 2673 553 2698 pars
567 2666 701 2699 significat
723 2670 849 2698 separata
860 2684 867 2695 ,
895 2670 925 2692 ut
938 2674 998 2692 cum
1010 2671 1057 2692 etc.
1067 2681 1086 2685 —
1099 2667 1180 2692 Codd.
1193 2668 1274 2692 ABC:
1289 2675 1356 2700 quae

289 2701 370 2728 etiam
388 2701 523 2734 significat
540 2702 697 2734 quandoque
715 2702 771 2726 sine
790 2705 915 2734 tempore,
937 2705 966 2727 ut
984 2709 1043 2727 cum
1063 2707 1111 2727 etc.
1130 2703 1181 2727 Sed
1200 2702 1262 2727 haec
1282 2703 1356 2727 lectio

289 2745 343 2762 non
360 2737 461 2762 videtur
479 2737 631 2770 adoptanda.
651 2737 708 2761 Non
727 2737 796 2761 enim
815 2742 855 2761 est
873 2737 984 2770 amplius
1003 2745 1090 2762 sermo
1105 2738 1137 2762 de
1151 2738 1223 2762 tertia
1238 2738 1355 2762 differen-

289 2772 336 2804 tia,
355 2779 422 2804 quae
441 2776 481 2796 est
499 2771 649 2804 significatio
672 2771 728 2796 sine
746 2776 878 2805 tempore,
908 2773 954 2797 sed
973 2773 1005 2797 de
1024 2777 1114 2804 quarta
1133 2772 1274 2798 differentia
1289 2781 1356 2805 quae

290 2812 332 2832 est
349 2815 402 2832 non
415 2805 565 2839 significatio
583 2807 662 2839 partis
682 2807 794 2831 nomInis
813 2812 946 2840 separatae
965 2815 979 2832 a
997 2812 1052 2832 toto
1071 2808 1184 2832 nomine.

343 2841 372 2876 η)
392 2842 471 2872 Quod
488 2845 528 2867 est
545 2842 687 2876 equiferus.
707 2842 805 2867 Textus
826 2850 934 2874 graecus
954 2842 1045 2867 habet:
1065 2841 1090 2868 ἐν
1109 2842 1148 2875 τῷ
1162 2839 1310 2872 κάλλιππος
1324 2840 1354 2868 τὸ

290 2874 370 2906 ἵππος
393 2877 459 2901 nihil
482 2877 632 2910 significan
651 2882 676 2902 et
700 2877 778 2902 infra:
805 2878 880 2903 Sicut
905 2878 931 2902 in
957 2877 997 2910 τῷ
1014 2876 1215 2911 ἐπακτροκέλης,
1230 2875 1259 2902 τὸ
1281 2877 1356 2909 κέλης

291 2919 344 2937 non
358 2911 462 2944 aliquid
474 2912 609 2945 significat
621 2913 765 2938 secundum
779 2913 902 2944 seipsum.
913 2914 987 2943 Quae
997 2913 1121 2938 dictiones
1136 2914 1197 2945 quia
1211 2914 1288 2938 latine
1303 2921 1355 2938 non

292 2946 390 2978 integre
404 2947 481 2971 unico
495 2947 623 2971 vocabulo
643 2948 793 2978 redduntur,
809 2948 914 2980 ponitur
932 2949 1073 2982 equiferus,
1093 2949 1164 2980 quod
1183 2956 1266 2981 aeque
1288 2949 1356 2973 valet

292 2982 325 3006 ad
343 2986 457 3006 mentem
475 2982 621 3006 Aristotelis
645 2983 846 3014 exprimendam.
867 2984 916 3007 Alii
935 2985 1035 3008 malunt
1052 2983 1209 3008 vocabulum
1233 2991 1356 3015 graecum

292 3017 407 3041 inserere
419 3017 533 3041 versioni
547 3017 640 3041 latinae
654 3025 733 3049 quam
748 3022 860 3047 mutare;
880 3019 926 3042 sed
941 3023 982 3043 est
996 3019 1135 3051 scrupulus
1150 3026 1201 3042 non
1217 3020 1362 3044 curandus.

292 3051 473 3084 Argyropolus
492 3056 578 3076 autem
597 3059 684 3084 neque
702 3049 923 3085 ἐπακτροκέλητον
938 3054 1012 3085 ponit
1030 3061 1116 3086 neque
1134 3053 1289 3087 equiferum,
1310 3055 1356 3079 sed

291 3086 380 3116 vertit,
401 3089 431 3110 ut
449 3086 475 3110 in
495 3087 628 3118 exemplo,
631 3090 710 3118 patet
727 3090 807 3112 antea
826 3088 897 3112 dicto
903 3095 912 3117 ‚·
925 3089 1073 3121 exemplum
1088 3093 1174 3113 autem
1189 3089 1220 3114 ab
1239 3090 1297 3122 ipso
1311 3098 1355 3114 an-

292 3126 334 3146 tea
352 3121 458 3151 dictum,
477 3121 509 3146 de
527 3121 644 3154 equifero
661 3125 710 3146 est.
723 3122 752 3146 ln
770 3123 934 3147 translatione
953 3124 1073 3156 denique,
1088 3132 1139 3156 qua
1162 3125 1266 3155 utimur,
1280 3125 1356 3150 omit-

292 3161 382 3181 tuntur
397 3156 531 3188 sequentis
544 3164 636 3181 versus
650 3157 741 3181 ultima
759 3157 851 3182 verba:
866 3154 896 3182 τὸ
910 3157 984 3190 κέλης
1003 3163 1051 3184 etc.

345 3190 370 3224 Θ)
391 3191 467 3215 Sicut
480 3194 507 3216 et
522 3191 548 3216 in
568 3191 726 3223 compositis.
745 3193 814 3217 Haec
832 3193 910 3218 verba
924 3198 950 3218 et
967 3194 1115 3219 immediate
1133 3195 1275 3228 sequentia,
1294 3195 1357 3227 quia

293 3226 319 3251 in
338 3226 506 3257 simplicibus,
526 3226 619 3250 desunt
637 3226 663 3250 in
681 3227 712 3256 D,
728 3228 774 3252 sed
793 3233 832 3252 est
850 3229 973 3253 mendum
992 3230 1172 3261 amanuensis,
1197 3238 1228 3255 ex
1249 3238 1356 3255 recursu

290 3261 363 3286 vocis
381 3261 550 3293 simplicibus.
569 3262 709 3286 Contextus
723 3267 810 3288 autem
824 3263 937 3296 praefata
949 3264 1028 3288 verba
1041 3265 1148 3297 requirit
1166 3266 1197 3291 ad
1216 3266 1356 3290 sententiae

293 3304 401 3321 sensum
415 3297 629 3328 complendum.-
638 3296 720 3322 Codd.
734 3298 775 3322 alii
791 3299 880 3330 legunt
892 3299 1053 3330 simplicibus
1068 3303 1095 3325 et
1109 3300 1275 3332 compositis:
1289 3309 1355 3333 quae

292 3331 367 3356 lectio
386 3331 455 3355 bona
473 3336 521 3356 est.
541 3331 649 3357 Retineo
674 3337 760 3357 tamen
779 3333 884 3358 Pianam
903 3334 965 3366 quia
983 3335 1140 3367 comparatio
1159 3336 1272 3360 instituta
1290 3337 1356 3361 inter

292 3367 397 3390 nomina
416 3366 586 3398 simpliciaset
604 3367 748 3399 composita
766 3368 848 3399 magis
867 3369 934 3394 clare
952 3369 1085 3394 indicatur.

347 3401 365 3435 ι)
385 3401 459 3426 Nihil
478 3405 565 3426 tamen
580 3410 648 3434 pars
666 3402 722 3427 eius
740 3403 881 3436 significat,
897 3407 927 3429 ut
945 3404 1044 3429 dictum
1060 3408 1100 3430 est
1118 3405 1151 3430 de
1165 3405 1270 3430 nomine
1283 3406 1354 3438 equi-

285 3437 373 3470 ferus.
385 3445 398 3458 α
411 3437 467 3461 Hoc
485 3444 582 3461 nomen
601 3437 734 3470 equiferus
747 3438 851 3470 (inquit
865 3438 1031 3464 doctissimus
1051 3440 1188 3472 sylvester
1206 3441 1354 3472 Maurus),

294 3481 307 3495 ι
322 3471 406 3496 differt
424 3473 455 3496 ab
474 3472 522 3496 hac
540 3472 655 3496 oratione
673 3479 755 3504 equus
767 3473 852 3505 serus,
873 3474 942 3506 quod
954 3475 1033 3507 serus
1051 3475 1077 3499 in
1096 3481 1222 3508 quantum
1242 3481 1281 3500 est
1295 3484 1354 3508 pars

294 3516 307 3530 ι
323 3506 399 3531 huius
419 3507 540 3531 orationis
560 3514 641 3539 equus
653 3508 731 3540 serus
745 3515 791 3539 per
807 3516 835 3532 se
850 3507 974 3540 significat
986 3509 1093 3542 ferum,·
1112 3510 1137 3534 in
1152 3515 1277 3543 quantum
1292 3519 1354 3535 vero

293 3551 308 3565 ι
323 3546 364 3566 est
382 3550 441 3574 pars
461 3542 537 3566 huius
561 3542 673 3566 nominis
697 3542 829 3575 equiferus
844 3551 890 3575 per
909 3551 937 3567 se
961 3544 1022 3568 nihil
1041 3544 1166 3576 significat
1184 3546 1239 3579 (Cf.
1258 3554 1285 3570 n.
1302 3547 1354 3578 ιο).

293 3585 308 3600 ι
323 3577 390 3601 Hinc
408 3582 477 3610 patet
496 3577 635 3602 differentia
653 3577 719 3601 inter
737 3578 840 3602 nomina
855 3578 981 3610 simplicia
995 3583 1020 3603 et
1034 3580 1185 3611 composita.
1204 3582 1292 3605 Partes
1307 3589 1354 3605 no-

293 3621 308 3635 »
323 3611 423 3637 minum
441 3612 597 3645 simplicium
623 3617 754 3644 separatae
773 3620 825 3637 non
843 3613 929 3637 solum
953 3621 1006 3637 non
1024 3613 1180 3646 significant,
1204 3616 1250 3640 sed
1270 3623 1354 3648 neque

2431 298 2475 323 21

1474 382 1531 406 10.
1548 368 1696 406 Deinde
1713 381 1800 405 cum
1823 368 1924 405 dicit:
1941 368 1993 404 At
2010 379 2100 404 vero
2122 379 2195 403 non
2218 374 2299 414 etc.‚
2318 368 2481 406 ostendit

1415 430 1599 470 quantum
1628 422 1677 459 ad
1705 423 1779 459 hoc
1808 421 2059 459 differentiam
2088 420 2183 457 inter
2211 421 2367 457 nomina
2391 422 2479 459 sim-

1413 475 1524 523 plicia
1553 483 1589 512 et
1609 475 1830 524 composita,
1848 482 1884 511 et
1905 474 1992 511 dicit
2016 474 2119 522 quod
2139 486 2217 510 non
2238 474 2287 511 ita
2307 487 2347 510 se
2366 475 2481 511 habet

1415 528 1453 564 in
1472 529 1690 565 nominibus
1710 528 1959 577 simplicibus,
1981 527 2075 564 sicut
2095 535 2131 564 et
2150 527 2187 563 in
2208 528 2427 576 compositis
2447 525 2477 566 ⁰:

1415 581 1503 629 quia
1531 581 1569 618 in
1597 582 1829 630 simplicibus
1856 594 1944 630 pars
1977 581 2080 616 nullo
2108 580 2227 617 modo
2258 588 2313 617 est
2340 581 2478 629 signifi-

1415 634 1547 681 cativa,
1569 647 1693 684 neque
1722 635 1934 672 secundum
1961 635 2171 680 veritatem,
2192 646 2316 682 neque
2346 647 2478 672 secun-

1415 688 1507 724 dum
1527 688 1804 736 apparentiam3
1835 688 1903 724 sed
1922 687 1960 724 in
1982 687 2201 736 compositis
2219 687 2300 724 vult
2316 688 2476 736 quidem,

1414 740 1510 777 idest
1528 741 1787 789 apparentiam
1817 741 1931 777 habet
1958 740 2212 788 significandi3
2234 740 2323 777 nihil
2350 749 2479 778 tamen

1413 806 1500 842 pars
1520 794 1600 829 eius
1620 794 1822 842 significat,
1842 801 1883 830 ut
1912 793 2052 829 dictum
2070 801 2125 830 est
2140 793 2187 830 de
2207 793 2362 830 nomine
2377 795 2477 843 equi-

1407 848 1549 895 ferus‘.
1580 847 1686 883 Haec
1714 854 1842 883 autem
1875 845 1967 882 ratio
1998 846 2229 883 differentiae
2259 854 2315 883 est
2331 848 2361 895 *‚
2389 847 2478 896 quia

1414 911 1557 935 nomen
1586 900 1744 948 simplex
1773 899 1867 935 sicut
1885 898 2092 946 imponitur
2119 899 2168 936 ad
2187 899 2477 946 significandum

1415 960 1643 1000 conceptum
1663 952 1886 1000 simplicem,
1916 951 1966 987 ita
1994 952 2107 989 etiarn
2135 952 2342 1000 imponitur
2362 954 2411 991 ad
2430 954 2476 991 si-

1414 1005 1672 1051 gnificandum
1692 1005 1740 1041 ab
1760 1004 1886 1052 aliquo
1915 1004 2074 1052 simplici
2099 1013 2304 1053 conceptu;
2334 1019 2478 1044 nomen

1414 1070 1507 1093 vero
1537 1057 1793 1106 compositum
1822 1057 2029 1105 imponitur
2056 1070 2078 1093 a
2104 1058 2315 1106 composita
2343 1073 2476 1097 conce-

1412 1110 1555 1158 ptione,
1578 1123 1623 1147 ex
1643 1123 1717 1159 qua
1736 1110 1851 1146 habet
1875 1110 2135 1158 apparentiam
2161 1111 2266 1159 quod
2289 1125 2376 1161 pars
2397 1113 2476 1151 eius

1414 1163 1608 1210 significet.

1474 1228 1530 1252 11.
1552 1215 1701 1252 Deinde
1723 1227 1810 1252 curn
1834 1215 1935 1252 dicit:
1958 1217 2169 1252 Secundum
2189 1217 2370 1264 placitum
2393 1225 2474 1266 etc.‚

1414 1268 1627 1305 manifestat
1641 1268 1788 1305 tertiam
1803 1275 1950 1316 partem
1961 1268 2175 1317 praedictae
2192 1270 2429 1317 definitionis;
2442 1279 2478 1309 et

1415 1321 1503 1358 dicit
1530 1322 1635 1370 quod
1663 1321 1750 1358 ideo
1771 1322 1914 1358 dictum
1935 1330 1990 1358 est
2009 1322 2113 1369 quod
2133 1335 2275 1360 nomen
2295 1323 2477 1371 significat

1414 1375 1626 1412 secundum
1654 1375 1845 1423 placitum,
1877 1374 1966 1423 quia
1993 1375 2138 1411 nullum
2167 1388 2310 1413 nomen
2339 1385 2394 1414 est
2412 1390 2476 1414 na-

1413 1428 1579 1465 turaliter
1597 1434 1621 1465 ³².
1652 1429 1710 1464 Ex
1737 1429 1812 1464 hoc
1841 1428 1942 1464 enim
1972 1435 2027 1464 est
2055 1440 2208 1475 nomen,
2239 1429 2343 1477 quod
2368 1430 2477 1478 signi-

1412 1482 1517 1518 ficat:
1547 1494 1624 1518 non
1657 1489 1786 1518 autem
1811 1481 1994 1529 significat
2019 1481 2244 1529 naturaliter,
2265 1482 2332 1519 sed
2352 1495 2396 1519 ex
2424 1484 2478 1520 in-

1413 1534 1613 1572 stitutione.
1648 1536 1698 1571 Et
1730 1535 1805 1571 hoc
1839 1542 1894 1571 est
1922 1534 2027 1582 quod
2054 1534 2199 1571 subdit:
2230 1536 2303 1571 Sed
2329 1537 2477 1583 quando

1401 1589 1455 1635 fit
1477 1593 1576 1634 nota,
1598 1587 1694 1624 idest
1712 1587 1865 1636 quando
1886 1587 2093 1636 imponitur
2109 1587 2157 1624 ad
2174 1588 2475 1635 significandum.

1414 1640 1455 1677 Id
1482 1640 1584 1677 enim
1622 1641 1727 1689 quod
1755 1641 1969 1677 naturaliter
1997 1640 2180 1688 significat
2211 1653 2289 1678 non
2317 1642 2379 1689 fit,
2410 1643 2477 1679 sed

1413 1693 1628 1730 naturaliter
1643 1701 1699 1730 est
1713 1693 1874 1741 signum.
1896 1695 1944 1730 Et
1962 1694 2036 1729 hoc
2056 1693 2239 1740 significat
2263 1707 2350 1731 cum
2373 1695 2475 1732 dicit:

1412 1746 1599 1783 Illitterati
1610 1747 1709 1783 enim
1719 1747 1812 1792 soni,
1825 1752 1866 1783 ut
1866 1748 2046 1795 ferarum
2058 1744 2081 1792 λ,
2094 1747 2183 1795 quia
2197 1747 2335 1784 scilicet
2349 1748 2476 1786 litteris

1413 1799 1612 1846 significari
1627 1813 1706 1836 non
1720 1807 1890 1848 possunt.
1912 1800 1960 1836 Et
1975 1799 2062 1836 dicit
2075 1800 2201 1847 potius
2221 1813 2333 1837 sonos
2358 1814 2475 1849 quam

1411 1863 1532 1898 voces,
1553 1853 1641 1901 quia
1661 1852 1850 1902 quaedam
1872 1852 2047 1889 animalia
2068 1865 2145 1889 non
2165 1853 2306 1890 habent
2323 1867 2474 1903 vocem,

1413 1918 1459 1941 eo
1481 1906 1585 1954 quod
1614 1913 1742 1943 carent
1763 1906 1965 1954 pulmone,
1995 1905 2062 1942 sed
2081 1913 2226 1942 tantum
2247 1907 2475 1955 quibusdam

1413 1958 1515 2009 sonis
1551 1959 1724 2008 proprias
1760 1959 1956 2007 passiones
1994 1959 2208 1995 naturaliter
2245 1960 2474 2007 significant:

1412 2011 1502 2048 nihil
1532 2019 1659 2049 autem
1688 2013 1827 2049 horum
1856 2024 2040 2048 sonorum
2062 2019 2117 2048 est
2136 2025 2290 2050 nomen.
2321 2014 2378 2050 Ex
2398 2026 2474 2062 quo

1412 2065 1609 2102 manifeste
1645 2065 1753 2102 datur
1780 2064 1931 2112 intelligi
1964 2065 2068 2113 quod
2096 2077 2239 2102 nornen
2269 2078 2347 2102 non
2366 2066 2475 2114 signi—

1411 2117 1500 2154 ficat
1527 2118 1753 2155 naturaliter.
2054 2115 2059 2118 ”

1470 2182 1526 2207 12.
1558 2171 1765 2207 Sciendum
1793 2178 1921 2207 tamen
1959 2177 2015 2206 est
2051 2170 2155 2218 quod
2184 2171 2280 2207 circa
2307 2172 2382 2208 hoc
2409 2172 2477 2209 fuit

1412 2223 1562 2260 diversa
1590 2223 1847 2272 quorumdam
1876 2223 2016 2272 opini0.
2048 2223 2215 2270 Quidam
2245 2225 2346 2261 enim
2373 2225 2474 2261 dixe-

1412 2284 1497 2313 runt
1526 2277 1630 2325 quod
1658 2276 1814 2312 nomina
1847 2277 1950 2312 nullo
1972 2276 2091 2312 modo
2121 2277 2336 2314 naturaliter
2363 2277 2472 2325 signi-

1411 2329 1544 2366 ficant:
1581 2342 1652 2365 nec
1681 2329 1804 2365 differt
1832 2341 1929 2378 quae
1958 2341 2017 2365 res
2046 2341 2122 2377 quo
2151 2330 2307 2367 nomine
2335 2330 2473 2378 signifi-

1411 2389 1552 2418 centur.
1582 2382 1654 2418 Alii
1683 2394 1776 2418 vero
1806 2382 1978 2418 dixerunt
2011 2382 2115 2430 quod
2139 2383 2296 2420 nomina
2315 2383 2472 2420 omnino

1410 2435 1625 2472 naturaliter
1650 2434 1870 2482 significant,
1891 2435 1997 2484 quasi
2013 2436 2170 2472 nomina
2193 2436 2265 2473 sint
2287 2437 2474 2473 naturales

1410 2488 1670 2525 similitudines
1690 2500 1830 2525 rerum.
1861 2488 2030 2535 Quidam
2048 2501 2142 2526 vero
2179 2489 2350 2526 dixerunt
2369 2489 2474 2537 quod

1410 2541 1567 2577 nomina
1581 2554 1659 2578 non
1675 2541 1890 2577 naturaliter
1904 2541 2114 2589 significant
2129 2549 2311 2590 quantum
2328 2542 2376 2579 ad
2386 2543 2471 2590 hoc,

1410 2677 1424 2691 »
1440 2668 1536 2693 habent
1553 2668 1607 2692 vim
1621 2667 1794 2700 significandi:
1811 2675 1833 2692 e.
1844 2675 1882 2699 gr.
1897 2672 1983 2699 partes
1998 2667 2074 2691 huius
2087 2667 2198 2692 nominis
2213 2668 2315 2697 Petrus,
2330 2676 2396 2700 quae
2410 2675 2472 2694 sunt

1411 2714 1424 2726 a>
1440 2704 1490 2732 Pe,
1510 2707 1576 2733 trus,
1591 2711 1644 2727 non
1659 2703 1754 2728 habent
1772 2703 1851 2727 ullam
1869 2703 1923 2727 vim
1938 2701 2104 2734 significandi,
2119 2704 2180 2735 quia
2193 2712 2244 2728 non
2259 2709 2319 2727 sunt
2337 2704 2473 2736 impositae

1411 2749 1423 2761 ›
1440 2739 1472 2763 ad
1491 2738 1587 2771 aliquid
1606 2737 1810 2770 significandum.
1829 2739 1863 2762 At
1880 2746 1943 2762 vero
1962 2743 2046 2770 partes
2060 2739 2194 2763 nominum
2214 2739 2415 2770 compositorum
2431 2748 2471 2764 se-

1410 2783 1424 2797 »
1440 2779 1543 2806 paratae
1561 2773 1656 2798 habent
1673 2774 1727 2798 vim
1746 2773 1911 2806 significandi,
1931 2774 1977 2798 sed
1996 2773 2021 2797 in
2041 2779 2164 2805 quantum
2180 2780 2240 2798 sunt
2254 2780 2339 2806 partes
2353 2775 2410 2799 talis
2425 2783 2471 2799 no-

1411 2819 1423 2831 »
1441 2809 1517 2833 minis
1532 2816 1584 2833 non
1595 2814 1712 2833 exercent
1724 2810 1801 2834 talem
1815 2809 1869 2833 vim
1883 2808 2090 2840 significativam:
2106 2817 2128 2833 e.
2142 2817 2166 2841 g.
2175 2810 2260 2843 serus,
2277 2810 2347 2842 quod
2361 2815 2400 2834 est
2411 2818 2471 2842 pars

1410 2853 1424 2867 x
1440 2844 1516 2869 huius
1531 2844 1644 2868 nominis
1659 2844 1798 2879 equiferus,
1810 2844 1946 2876 separatim
1957 2844 2034 2868 habet
2047 2844 2099 2868 vim
2115 2844 2279 2876 significandi,
2290 2846 2335 2869 sed
2350 2845 2375 2869 in
2390 2853 2471 2877 quan-

1411 2890 1423 2902 »
1439 2884 1495 2904 tum
1514 2884 1554 2904 est
1572 2887 1632 2911 pars
1650 2879 1728 2904 huius
1747 2880 1866 2910 nominis,
1881 2887 1933 2903 non
1952 2885 2052 2904 exercet
2069 2880 2145 2904 talem
2160 2880 2222 2909 vim,
2246 2888 2329 2912 neque
2348 2879 2472 2911 significat

1411 2923 1424 2938 »
1434 2915 1525 2948 serum
1535 2925 1547 2938 ι
1566 2913 1725 2948 (Aristotelis
1744 2916 1839 2947 Opera,
1855 2922 1921 2947 quae
1939 2919 2036 2940 extant
2052 2915 2152 2943 omnia,
2168 2915 2239 2939 brevi
2253 2915 2423 2946 paraphrasi,
2439 2923 2471 2940 ac

1408 2950 1514 2975 litterae
1527 2954 1658 2982 perpetuo
1677 2951 1828 2975 inhaerente
1846 2951 2035 2981 explanatione
2059 2951 2200 2977 illustrata,
2215 2955 2278 2974 tom.
2292 2951 2310 2980 l,
2335 2950 2375 2975 De
2390 2950 2471 2975 inter-

1404 2986 1566 3017 pretatione,
1586 2986 1630 3009 lib.
1640 2986 1658 3015 1,
1678 2993 1734 3018 cap.
1747 2994 1774 3015 11,
1787 2994 1844 3018 pag.
1859 2985 1900 3015 68,
1915 2993 1971 3018 seq.
1981 2999 2000 3004 -
2011 2986 2108 3009 Romae
2131 2984 2215 3018 1668).

1463 3020 1489 3052 κ)
1503 3021 1611 3045 Nullum
1631 3028 1724 3046 nomen
1739 3025 1778 3046 est
1796 3021 1962 3045 naturaliter.
1977 3021 2044 3045 Vera
2063 3026 2101 3045 est
2115 3020 2177 3044 haec
2195 3020 2268 3045 lectio
2287 3021 2403 3045 omnium
2424 3028 2470 3045 no-

1410 3060 1522 3080 strorum
1537 3056 1620 3086 codd„
1635 3061 1663 3080 ut
1676 3057 1763 3081 videre
1777 3061 1817 3081 est
1830 3057 1856 3080 in
1871 3061 1938 3080 textu
1948 3056 2117 3085 Aristotelico‚
2132 3056 2203 3079 cuius
2217 3055 2295 3080 verba
2310 3055 2349 3080 hic
2364 3056 2470 3080 recitan-

1409 3096 1450 3115 tur
1468 3099 1483 3115 a
1502 3099 1523 3115 s.
1544 3091 1653 3115 Thoma.
1677 3092 1738 3116 Vult
1757 3092 1825 3116 enim
1850 3099 1870 3115 s.
1891 3091 2006 3115 Thomas
2030 3091 2138 3123 probare
2157 3098 2216 3114 cum
2239 3090 2377 3115 Aristotele
2400 3091 2469 3123 quod

1410 3133 1502 3150 nomen
1523 3125 1647 3158 significat
1670 3135 1700 3151 ex
1725 3126 1881 3151 institutione
1888 3134 1895 3156 ;
1916 3126 2007 3158 probat
2026 3131 2110 3150 autem
2130 3125 2177 3150 hoc
2197 3126 2289 3149 modo:
2305 3127 2403 3150 nullum
2423 3134 2468 3151 no-

1410 3168 1468 3186 men
1493 3166 1533 3186 est
1551 3169 1565 3185 a
1585 3166 1687 3192 natura;
1709 3170 1770 3193 ergo
1794 3169 1889 3186 nornen
1917 3160 2040 3192 significat
2065 3169 2094 3185 ex
2119 3161 2282 3185 institutione.
2307 3162 2469 3186 Antecedens

1410 3196 1546 3229 probatur:
1561 3204 1621 3220 nam
1640 3205 1693 3221 non
1712 3202 1751 3221 est
1766 3204 1860 3221 nomen
1880 3196 1927 3220 nisi
1947 3202 2073 3228 quatenus
2092 3196 2238 3229 significat,·
2253 3204 2314 3228 ergo
2329 3197 2360 3220 ab
2380 3204 2411 3220 eo
2430 3201 2470 3220 est

1410 3239 1519 3262 nomen,
1539 3239 1553 3256 a
1572 3239 1623 3264 quo
1638 3238 1677 3256 est
1696 3231 1859 3263 significatio;
1880 3232 1926 3256 sed
1941 3231 2090 3264 significatio
2104 3231 2214 3255 nominis
2230 3239 2281 3255 non
2300 3237 2339 3256 est
2353 3239 2367 3255 a
2382 3236 2469 3255 natura

1411 3265 1486 3300 (quia
1499 3267 1524 3291 id
1544 3267 1615 3298 quod
1634 3267 1781 3292 naturaliter
1794 3266 1918 3299 significat
1937 3275 1989 3291 non
2004 3266 2044 3297 fit,
2066 3267 2111 3291 sed
2125 3267 2272 3291 naturaliter
2286 3271 2325 3290 est
2339 3265 2466 3299 signum);

1410 3309 1471 3333 ergo
1486 3302 1586 3326 nullum
1605 3310 1700 3326 nomen
1720 3307 1759 3326 est
1777 3310 1791 3326 a
1810 3308 1905 3326 natura.
1921 3315 1941 3320 —
1955 3302 1980 3326 Si
2000 3307 2085 3326 autem
2105 3303 2202 3333 legatur
2220 3309 2279 3325 cum
2300 3301 2389 3325 Piana:
2411 3302 2468 3325 nul-

1408 3338 1462 3361 lum
1482 3344 1575 3362 nomen
1594 3337 1729 3370 significat
1747 3337 1906 3362 naturaliter
1912 3344 1920 3365 ,¹
1936 3337 2051 3368 probatio
2066 3342 2106 3361 est
2119 3336 2236 3368 repetitio
2250 3337 2348 3365 asserti,
2364 3343 2466 3367 nempe,

1409 3373 1509 3396 nullum
1535 3379 1627 3396 nomen
1651 3372 1784 3405 significat
1811 3372 1987 3401 naturaliter,
2008 3372 2070 3404 quia
2094 3373 2192 3396 nullum
2218 3378 2310 3395 nomen
2335 3371 2469 3404 significat

1409 3407 1576 3431 naturaliter.

1461 3441 1487 3475 λ)
1509 3442 1544 3466 Et
1563 3442 1611 3466 hoc
1628 3442 1772 3474 significat,
1793 3450 1852 3467 cum
1868 3442 1932 3466 dicit
1946 3446 2021 3466 etc.—
2032 3442 2112 3466 Codd.
2127 3442 2182 3466 CE:
2206 3444 2231 3465 et
2249 3441 2297 3465 hoc
2319 3441 2468 3474 significari

1409 3477 1472 3501 dicit
1478 3484 1529 3508 per
1543 3477 1693 3501 illitteratos
1702 3484 1779 3501 sonos
1787 3477 1983 3510 serarum—B:
1998 3480 2024 3501 et
2033 3477 2081 3501 hoc
2094 3475 2241 3509 significari
2251 3476 2325 3500 debet
2334 3484 2384 3508 per
2394 3474 2467 3500 etc.'—

1407 3512 1442 3535 A:
1457 3515 1483 3536 et
1497 3512 1545 3535 hoc
1558 3511 1709 3543 significare
1723 3512 1773 3536 erit
1780 3519 1830 3543 per
1844 3512 1994 3535 illitteratos
2006 3518 2083 3535 sonos
2091 3511 2223 3544 serarum,
2234 3511 2279 3542 qui
2287 3511 2385 3536 scilicet
2395 3515 2468 3534 etc.-

1409 3547 1442 3570 D:
1458 3550 1483 3570 et
1497 3547 1545 3571 hoc
1559 3546 1709 3578 significare
1719 3547 1783 3571 dicit
1790 3550 1902 3578 propter
1916 3546 2066 3570 illitteratos
2076 3551 2123 3570 etc.
2135 3546 2285 3570 Retinemus
2295 3546 2408 3575 Pianam,
2420 3547 2467 3570 sed

1408 3589 1459 3605 non
1479 3581 1595 3612 displicet
1611 3582 1684 3605 codd.
1699 3581 1741 3605 CE
1760 3582 1842 3610 lectio,
1859 3581 1897 3605 cui
1917 3581 1992 3605 etiam
2010 3581 2118 3605 aliorum
2136 3581 2210 3605 codd.
2231 3581 2306 3605 lectio
2325 3587 2364 3606 est
2382 3581 2467 3613 magis

1408 3616 1555 3640 conformis.

2505 885 2515 894 ·
2525 891 2550 906 c:
2566 861 2718 907 trutinantem

2505 911 2653 942 differentiae
2676 918 2716 933 ra-

2505 939 2538 959 tio
2553 940 2595 959 est.
