2788 4204
79 1031 89 1039 ·
104 1029 291 1050 Demonstrativi

78 1062 105 1077 ex
122 1056 198 1082 codd„
211 1061 292 1076 exc.x.

77 1091 87 1101 ⁸
95 1091 130 1113 Cf.
142 1092 230 1117 lect.1v,
242 1097 264 1112 n.
272 1097 288 1112 1.

74 1399 84 1408 ⁸
92 1404 132 1419 aa:
144 1397 289 1418 demonstr-a-

74 1425 157 1445 tiones.

74 1453 82 1460 '¹
98 1450 173 1472 Codd.
184 1451 240 1475 (exc.
250 1451 283 1472 xi:

73 1483 102 1498 ex
115 1476 207 1498 immed.
222 1482 285 1498 esse.

70 1556 80 1566 ³
97 1555 166 1576 Num.
177 1561 197 1582 5.

73 1714 81 1721 ⁶
98 1714 172 1745 Codd.
186 1726 201 1730 -
215 1715 282 1743 rufi-

70 1746 134 1767 gura
150 1743 206 1763 ista.

331 244 404 279 242

328 312 433 348 figura,
456 311 485 339 in
507 320 565 348 qua
585 311 696 339 medius
718 310 856 338 terminus
878 309 1025 338 subiicitur
1047 307 1149 335 maiori
1172 305 1340 334 extremitati
1362 311 1390 333 et

327 351 508 387 praedicatur
528 352 563 378 de
578 350 683 378 minori
697 350 829 378 termino.
843 367 862 371 -
876 349 950 376 Hinc
965 347 1099 376 scientiae
1118 345 1346 379 mathematicae,
1362 351 1390 372 et

327 391 400 419 aliae
415 400 489 427 quae
504 391 703 418 demonstrant
714 395 838 427 propter
852 389 928 425 quid,
944 394 975 415 ut
989 386 1146 423 plurimum
1161 391 1282 429 utuntur
1295 384 1390 420 prima

327 430 426 467 figura.
447 448 465 452 -
488 431 512 458 3.
536 431 677 457 Probatur
698 429 824 456 secundo
846 428 942 462 thesis,
965 426 1032 463 quia
1053 425 1182 453 definitio
1194 424 1388 460 ’potlssimum

326 470 423 498 locum
445 471 530 498 habet
550 469 580 497 in
595 468 717 505 scientiis
738 466 983 501 demonstrativis3
1006 472 1033 493 et
1054 465 1083 492 in
1105 464 1167 492 sola
1187 463 1281 500 prima
1298 463 1389 500 figura

326 509 509 546 investigatur
530 508 667 543 definitio,
683 516 756 544 quae
777 506 956 543 praedicatur
977 506 1012 532 de
1028 504 1146 532 definito
1167 502 1340 532 affirmative
1361 510 1389 531 et

325 549 534 583 universaliter,
554 549 583 576 in
598 548 660 575 sola
674 553 770 575 autem
785 546 878 582 prima
892 545 982 581 figura
996 543 1178 572 concluditur
1191 542 1389 571 universaliter

326 595 353 616 et
374 586 551 616 affirmative.
563 597 615 622 -4.
632 587 773 614 Probatur
793 585 876 613 tertio
891 585 992 612 eadem
1006 583 1093 611 thesis
1108 592 1141 611 ex
1157 593 1191 611 eo
1214 583 1294 619 quod
1315 582 1388 610 aliae

325 628 440 665 figurae,
463 628 499 655 ad
521 628 577 654 hoc
597 633 628 654 ut
642 625 856 662 propositiones
877 623 1052 652 universales
1067 621 1257 651 affirmativae
1279 621 1388 650 media-

325 674 378 702 tae,
388 676 420 695 ex
431 667 533 703 quibus
548 666 716 702 procedunt,
725 665 898 692 reducantur
909 664 945 691 ad
955 662 1145 697 immediatas,
1157 662 1286 699 indigent
1295 661 1388 697 prima

324 707 429 743 figura3
451 713 480 734 at
500 705 593 741 prima
614 705 704 741 figura
718 703 779 732 aliis
801 704 838 731 ad
860 704 915 731 hoc
937 712 997 730 non
1019 702 1125 739 indiget
1140 701 1217 739 quia,
1232 708 1264 729 ut
1277 701 1387 729 dictum

323 753 365 774 est
387 748 425 781 (n.
441 745 592 781 praeced),
615 744 643 771 in
666 744 727 780 ipsa
749 743 810 771 sola
832 741 1215 770 inferuntur-conclusiones
1237 738 1387 769 affirmati-

322 795 374 813 vae
395 785 479 812 simul
501 791 527 812 et
548 784 736 818 universales,
759 790 786 811 et
808 783 925 819 insuper
942 782 1010 819 quia
1031 781 1060 809 in
1082 781 1144 818 ipsa
1166 781 1227 809 sola
1249 780 1388 816 accipitur

322 825 449 858 medium
463 824 537 851 inter
551 830 684 851 extrema.
697 840 715 844 -
732 823 757 850 5.
774 822 973 850 Praedicatum
995 821 1206 849 individualiter
1227 821 1320 848 inesse
1341 820 1386 847 vel

321 873 376 892 non
406 864 498 891 inesse
520 862 649 891 subiecto
675 862 779 891 dicitur
800 862 830 890 in
858 861 1107 899 propositionibus
1135 858 1314 889 affirmativis
1341 859 1386 887 vel

553 1092 565 1115 ,2
582 1067 808 1105 determinat
837 1067 885 1104 de
914 1068 1038 1104 forma
1059 1067 1175 1116 ipsius
1197 1067 1226 1113 *,
1258 1073 1382 1102 osten-

466 1147 471 1155 .
524 1116 564 1149 'nr‘-
582 1121 676 1158 dens
696 1120 734 1157 in
754 1133 829 1170 qua
842 1122 980 1170 figura
999 1121 1205 1170 praecipue
1225 1119 1291 1156 fiat
1310 1120 1382 1168 syl—

315 1174 497 1223 logismus
518 1174 850 1211 demonstrativus.
873 1175 922 1210 Et
941 1174 1120 1211 dividitur
1135 1174 1174 1210 in
1190 1173 1284 1210 duas
1298 1185 1382 1221 par-

315 1235 381 1265 tes.
413 1229 454 1264 In
482 1227 606 1276 prima
639 1227 803 1264 ostendit
831 1228 936 1276 quod
961 1227 1201 1276 syllogismus
1222 1226 1381 1263 demon-

315 1281 491 1318 strativus
520 1280 687 1317 maxime
715 1280 758 1317 fit
786 1280 824 1317 in
850 1280 976 1329 prima
1000 1281 1133 1328 figura.
1164 1281 1213 1317 Et
1236 1278 1382 1327 quia-in

313 1334 438 1383 prima
466 1335 588 1381 figura
616 1333 834 1382 proceditur
863 1334 975 1370 etiam
995 1340 1012 1355 ‘³‘
1042 1346 1087 1370 ex
1111 1331 1315 1381 negativis,
1346 1342 1383 1370 et

314 1395 465 1437 oportet
484 1386 887 1424 demonstrationem*
915 1399 961 1423 ex
989 1386 1219 1423 immediatis
1246 1396 1380 1432 proce-

315 1442 405 1478 dere
423 1442 453 1488 *,
475 1440 639 1477 ostendit
666 1439 704 1476 in
730 1439 899 1476 secunda
926 1447 1033 1488 parte
1069 1440 1270 1488 quomodo
1292 1453 1380 1478 con-

311 1494 417 1543 tingit
435 1493 738 1542 propositionem
758 1493 975 1540 negativam
996 1505 1078 1529 esse
1098 1493 1378 1540 immediatam

311 1548 384 1585 ibi:
415 1548 519 1584 Sicut
545 1552 670 1583 autem
700 1558 778 1583 esse
805 1546 842 1582 A
870 1546 907 1582 in
931 1547 967 1582 B
989 1546 1009 1566 '¹‘
1030 1553 1098 1583 etc.

366 1613 401 1638 2.
431 1600 605 1637 Primum
634 1599 799 1636 ostendit
817 1599 935 1636 tribus
959 1599 1185 1647 rationibus,
1216 1613 1379 1650 quarum

309 1654 434 1703 prima
462 1653 543 1690 talis
572 1660 638 1690 est.
670 1654 711 1689 In
740 1665 969 1702 quacunque
997 1653 1118 1700 figura
1146 1655 1314 1692 maxime
1338 1655 1381 1692 fit

311 1706 552 1755 syllogismus
567 1712 725 1755 propter
754 1706 853 1754 quid,
874 1706 936 1742 illa
955 1706 1078 1754 figura
1093 1707 1113 1726 ⁴*
1138 1708 1305 1745 maxime
1325 1716 1381 1745 est

310 1760 451 1797 faciens
480 1760 595 1806 scire,
631 1766 668 1796 et
694 1766 850 1808 propter
877 1759 953 1796 hoc
987 1767 1043 1796 est
1074 1759 1195 1808 magis
1228 1774 1380 1799 accom-

310 1813 429 1850 moda
464 1812 869 1858 demonstrationibus3
907 1825 995 1849 cum
1031 1812 1305 1852 demonstratio
1335 1815 1381 1852 sit

310 1866 550 1914 syllogismus
571 1865 711 1902 faciens
731 1866 838 1903 scire.
861 1866 939 1903 Sed
957 1866 996 1903 in
1014 1866 1139 1914 prima
1157 1868 1280 1916 figura
1299 1881 1380 1905 ma-

309 1920 411 1957 xime
444 1920 487 1956 fit
524 1919 765 1968 syllogismus
795 1925 953 1968 propter
985 1920 1076 1968 quid
1111 1921 1241 1968 (quod
1276 1930 1381 1970 patet

310 1985 355 2009 ex
384 1973 459 2009 hoc
487 1972 592 2021 quod
617 1972 910 2009 mathematicae
938 1972 1116 2009 scientiae
1131 1971 1164 2020 β,
1197 1981 1240 2011 ut
1267 1975 1379 2012 arith-

310 2025 448 2063 metica
481 2033 517 2062 et
535 2025 756 2074 geometria,
778 2033 814 2062 et
833 2038 1086 2075 quaecunque
1105 2026 1200 2064 aliae
1222 2034 1381 2077 propter

309 2079 400 2127 quid
435 2079 716 2126 demonstrant,
756 2086 797 2115 ut
833 2078 1043 2128 plurimum
1078 2079 1208 2127 prima
1238 2082 1378 2131 figura

364 2259 390 2292 α)
411 2258 570 2283 Proceditur
589 2257 669 2282 etiam
689 2265 726 2282 ex
741 2257 882 2290 negatIvis.
892 2270 911 2276 ·—
921 2257 970 2282 GO
985 2263 1010 2282 et
1024 2266 1049 2290 p.
1063 2266 1099 2283 m.
1114 2259 1137 2282 A
1151 2259 1274 2284 omittunt
1287 2260 1383 2289 etiam;

310 2295 356 2319 sed
376 2299 416 2319 est
434 2301 514 2318 error.
540 2293 605 2317 Nam
625 2298 736 2324 quatuor
755 2292 825 2317 modi
851 2298 912 2317 sunt
935 2294 1118 2318 concludentes
1138 2294 1163 2318 in
1182 2294 1265 2327 prima
1284 2294 1381 2328 figura,

311 2337 423 2363 quorum
443 2329 494 2353 duo
513 2333 539 2352 et
557 2329 685 2360 praecipui
705 2332 765 2352 sunt
783 2327 927 2352 affirmativi
947 2329 1088 2361 (barbara,
1108 2329 1201 2362 darii),
1222 2330 1274 2355 duo
1293 2336 1381 2356 autem

311 2371 372 2390 sunt
390 2364 500 2397 negativi
513 2361 564 2399 (Cf.
575 2364 633 2388 lect.
646 2371 701 2394 vui,
717 2368 770 2388 not.
781 2363 814 2396 ρ).
829 2363 906 2388 Falsa
919 2369 959 2388 est
973 2372 1035 2396 ergo
1049 2365 1205 2397 propositio,
1221 2366 1382 2398 proceditur

278 2410 282 2414 -
311 2408 349 2425 ex
367 2400 507 2433 negativis.
528 2399 601 2423 Unde
620 2399 644 2423 in
664 2399 720 2423 cod.
735 2399 757 2422 Α
778 2407 799 2423 s.
815 2406 850 2423 m.
866 2399 966 2424 additur
984 2399 1074 2430 etiam,
1090 2401 1162 2433 quod
1176 2409 1237 2426 cum
1251 2401 1271 2426 P
1284 2401 1384 2427 habent

312 2436 352 2460 alii
372 2435 482 2460 codices.
500 2448 519 2454 *-
534 2434 601 2458 Infra
626 2434 759 2464 (ostendit
778 2434 803 2458 in
823 2434 940 2459 secunda
960 2438 1042 2467 parte
1043 2437 1058 2467 )
1078 2443 1146 2460 unus
1165 2436 1189 2460 G
1209 2441 1297 2462 contra
1317 2437 1336 2461 P
1357 2441 1383 2462 et

313 2472 376 2495 alios
396 2471 496 2495 codices
516 2470 590 2501 legit:
610 2469 727 2493 ostendit
751 2469 822 2501 quod
840 2473 946 2501 oportet
964 2470 1175 2502 propositionem
1195 2478 1244 2497 etc.
1260 2484 1279 2492 κ
1296 2472 1381 2503 Quam

312 2507 449 2531 lectionem
468 2513 520 2530 non
539 2512 598 2530 esse
617 2505 799 2536 acceptandam
818 2510 919 2529 constat
937 2513 967 2531 ex
986 2506 1104 2538 sequenti
1123 2515 1149 2531 n.
1166 2506 1189 2531 5.

367 2541 392 2574 β)
412 2540 618 2566 Mathematicae
636 2540 808 2565 scientiae...
818 2543 932 2572 propter
953 2541 1019 2573 quid
1042 2541 1235 2567 demonstrant.
1250 2556 1270 2562 ·-
1287 2543 1382 2567 Notatu

314 2577 390 2610 digna
409 2581 449 2601 est
467 2575 605 2600 methodus
631 2583 684 2608 qua
707 2575 747 2600 hic
765 2575 844 2599 utitur
862 2575 1015 2601 Aristoteles
1041 2576 1073 2601 ad
1091 2576 1187 2601 thesim
1211 2577 1381 2610 probandam.

312 2611 504 2637 Demonstratio
523 2615 562 2635 est
581 2611 674 2635 mentis
694 2615 798 2635 nostrae
820 2610 1021 2636 instrumentum
1045 2611 1085 2643 (ut
1104 2612 1200 2636 dictum
1220 2618 1260 2637 est
1279 2613 1338 2638 lect.
1347 2621 1381 2643 ιν,

312 2652 366 2672 not.
380 2644 419 2682 π),
439 2646 512 2671 cuius
531 2646 638 2678 proinde
656 2646 720 2670 ratio
735 2646 895 2670 desumenda
913 2651 954 2670 est
969 2654 983 2671 a
995 2645 1054 2677 fine,
1070 2651 1175 2679 propter
1192 2655 1272 2679 quem
1291 2653 1331 2673 est
1344 2649 1382 2672 in-

313 2683 400 2707 stituta
415 2682 464 2714 (Cf.
479 2682 488 2706 1
501 2681 598 2711 Pei-ih„
614 2681 671 2706 lect.
685 2689 730 2712 vn,
745 2689 771 2706 n.
784 2681 820 2713 2).
835 2680 904 2705 Finis
918 2686 1005 2707 autem
1020 2682 1245 2707 demonstrationis
1261 2688 1302 2708 est
1314 2683 1384 2708 scire

314 2716 364 2753 (Cf.
379 2718 436 2742 lect.
446 2724 480 2748 w,
496 2725 521 2742 n.
536 2716 578 2750 9);
597 2716 663 2741 scire
682 2721 769 2741 autem
788 2716 901 2749 perfecte
920 2722 981 2741 tunc
1000 2717 1099 2747 dicitur,
1112 2718 1216 2750 quando
1228 2725 1271 2743 res
1286 2726 1383 2751 cogno-

312 2753 399 2784 scitur,
419 2758 444 2777 et
463 2752 517 2777 eius
537 2759 621 2782 causa,
642 2759 688 2777 seu
703 2754 817 2784 propter
836 2751 901 2784 quid
919 2752 952 2776 sit
972 2751 1030 2786 (ib.‚
1050 2760 1077 2776 n.
1093 2748 1128 2787 5).
1149 2752 1215 2782 Quia
1226 2761 1289 2778 vero
1301 2754 1382 2786 syllo-

312 2789 412 2821 gismus
432 2787 649 2812 demonstrativus
667 2786 722 2812 fieri
741 2791 828 2819 potest
846 2787 871 2812 in
890 2787 972 2812 tribus
991 2786 1089 2819 figuris,
1109 2788 1152 2812 illa
1168 2787 1251 2820 figura
1265 2789 1314 2813 erit
1327 2796 1382 2813 ma-

311 2825 379 2848 xime
393 2822 604 2848 demonstrationi
617 2823 728 2855 propria‚
738 2830 805 2855 quae
818 2823 928 2847 maxime
943 2823 1042 2854 attingit
1049 2825 1163 2854 propter
1174 2823 1240 2856 quid
1251 2824 1298 2854 rei,
1311 2824 1382 2856 quod

312 2866 358 2891 per
373 2858 619 2883 demonstrationem
634 2858 803 2882 concluditur.
822 2858 894 2888 Quae
909 2858 1015 2890 quidem
1034 2857 1115 2890 figura
1134 2863 1175 2883 est
1193 2859 1284 2891 prima.
1295 2859 1382 2884 -Ari-

312 2893 419 2919 stoteles
434 2899 520 2919 autem
532 2894 564 2918 ad
578 2893 741 2926 probandum
751 2894 823 2926 quod
836 2893 1023 2919 demonstratio
1038 2894 1064 2917 in
1079 2893 1163 2926 prima
1174 2892 1257 2926 figura
1270 2895 1382 2919 maxime

312 2930 372 2954 facit
390 2930 464 2960 scire,
479 2934 673 2962 argumentatur
687 2936 702 2953 a
716 2929 797 2962 signo,
808 2928 858 2953 hoc
872 2933 912 2953 est
925 2928 958 2953 ab
972 2928 1091 2961 exemplo
1106 2928 1310 2961 mathematicae,
1322 2930 1383 2962 quia

312 2965 417 2989 scientia
435 2965 492 2995 ista,
511 2964 598 2996 quoad
614 2969 730 2988 nostram
745 2964 918 2996 cognitionem
937 2964 1089 2994 naturalem,
1105 2964 1131 2988 in
1145 2965 1258 2989 maximo
1272 2969 1313 2989 est
1327 2972 1382 2989 cer-

311 3000 425 3024 titudinis
443 3000 532 3033 gradu.
555 2999 630 3024 Ratio
649 3004 690 3024 est
708 2999 768 3032 quia
787 2999 903 3024 veritatis
921 2999 1059 3024 conclusae
1078 2999 1203 3024 mathesis
1222 3000 1384 3025 demonstrat

312 3040 416 3067 propter
435 3035 506 3067 quid,
519 3042 570 3059 non
585 3035 672 3059 solum
690 3034 777 3067 quoad
791 3041 900 3059 causam
919 3034 1002 3067 (quod
1021 3039 1061 3059 est
1079 3034 1151 3060 omni
1170 3034 1292 3060 scientiae
1310 3043 1380 3060 com-

312 3069 410 3104 mune),
430 3070 477 3095 sed
496 3070 573 3095 etiam
591 3070 679 3102 quoad
697 3076 753 3095 esse
771 3069 827 3103 (Cf.
843 3070 902 3095 lect.
917 3070 1044 3102 praeced.,
1059 3075 1114 3095 not.
1128 3068 1169 3104 τ).
1188 3070 1214 3095 Si
1233 3071 1310 3103 igitur
1327 3078 1383 3095 ma·
1418 3074 1423 3079 ’

311 3105 450 3130 thematica
468 3106 573 3130 scientia
587 3110 614 3130 ut
633 3105 774 3138 plurimum
793 3105 872 3130 utitur
891 3106 974 3138 prima
992 3104 1082 3138 figura,
1098 3105 1202 3138 signum
1217 3111 1257 3130 est
1272 3106 1343 3139 quod
1357 3106 1383 3130 in

312 3140 359 3165 hac
378 3140 459 3173 figura
483 3141 594 3165 maxime
613 3139 641 3165 fit
659 3140 728 3173 syllo
747 3141 828 3165 'smus
855 3145 960 3173 propter
980 3140 1058 3173 quid,
1078 3140 1173 3165 faciens
1193 3141 1267 3166 scire.
1291 3141 1383 3174 Neque

313 3176 380 3200 aliud
393 3176 462 3200 addit
471 3176 634 3200 Aristoteles.
644 3176 678 3200 At
687 3184 710 3200 s.
775 3183 832 3200 mas
842 3176 968 3201 rationem
983 3176 1110 3208 adiungit:
1127 3177 1215 3201 Causa
1225 3179 1314 3202 autem
1325 3182 1383 3201 etc.:

313 3219 380 3243 quae
398 3211 464 3236 ratio
482 3212 576 3244 petitur
595 3218 626 3236 ex
645 3211 700 3243 ipsa
718 3215 810 3236 natura
827 3210 969 3243 figurarum
989 3211 1143 3244 syllogismi,
1160 3216 1187 3236 et
1205 3219 1235 3236 ex
1253 3212 1383 3244 principiis

313 3247 402 3278 positis
421 3254 469 3278 pro
488 3247 641 3279 syllogismo
661 3247 863 3272 demonstrativo
873 3249 987 3279 propter
1001 3246 1074 3279 quid,
1090 3247 1161 3280 quod
1175 3246 1273 3272 scilicet
1291 3247 1384 3272 debeat

313 3289 372 3306 esse
391 3289 420 3306 ex
439 3281 487 3311 his,
507 3289 574 3314 quae
593 3287 654 3306 sunt
672 3289 718 3314 per
737 3289 778 3311 se,
798 3287 845 3306 etc.
866 3281 916 3314 (Cf.
935 3282 994 3307 lect.
1008 3289 1050 3306 xiv
1063 3287 1089 3306 et
1103 3280 1199 3316 seqq.).
1213 3295 1233 3301 -
1247 3281 1285 3307 Sit
1303 3283 1383 3316 syllo-

314 3317 426 3348 gismus:
450 3317 532 3341 Omne
546 3317 644 3342 habens
663 3317 793 3342 rationem
813 3320 852 3342 est
870 3324 963 3349 capax
981 3317 1121 3346 scientiae,-
1139 3318 1187 3343 sed
1200 3317 1383 3348 omnishomo

313 3355 352 3376 est
370 3352 467 3377 habens
486 3352 633 3381 rationem,·
650 3359 716 3385 ergo
734 3352 820 3377 omnis
845 3352 923 3377 homo
941 3355 982 3378 est
999 3359 1091 3385 capax
1108 3352 1244 3378 scientiae.
1269 3353 1383 3378 Medium

313 3386 429 3418 (habens
443 3387 592 3419 ratitmem)
611 3392 651 3412 est
665 3387 810 3412 subiectum
828 3388 854 3412 in
873 3388 976 3418 maiori,
996 3393 1023 3413 et
1040 3388 1216 3420 praedicatum
1234 3389 1261 3413 in
1275 3388 1382 3420 minori;

315 3426 354 3446 est
372 3429 434 3453 ergo
453 3423 620 3455 syllogismus
635 3423 660 3447 in
674 3423 755 3455 prima
769 3421 860 3455 figura.
870 3423 949 3447 —Sed
969 3423 1085 3448 medium
1105 3423 1219 3455 (habere
1233 3423 1384 3456 rationem)

315 3462 354 3480 est
373 3464 449 3481 causa
468 3458 570 3482 maioris
590 3458 695 3482 extremi
715 3458 822 3490 (capax
835 3458 988 3490 scientiae),
1009 3463 1035 3483 et
1054 3459 1130 3483 simul
1151 3464 1191 3484 est
1207 3459 1316 3484 effectus
1335 3459 1383 3484 mi-

315 3492 384 3515 noris
403 3492 567 3517 extremitatis
586 3493 690 3524 (omnis
708 3493 813 3525 homo).
838 3493 924 3518 Causa
943 3498 1031 3518 autem
1051 3501 1146 3519 causae
1165 3499 1205 3518 est
1223 3501 1302 3519 causa
1324 3501 1384 3519 cau-

316 3525 376 3557 sati;
396 3533 458 3558 ergo
476 3533 535 3551 cum
553 3528 638 3552 minor
657 3528 803 3553 extremitas
820 3529 853 3553 sit
871 3534 949 3553 causa
967 3528 1055 3558 medii,
1075 3533 1102 3553 et
1119 3529 1236 3554 medium
1255 3530 1289 3554 sit
1307 3536 1384 3554 causa

316 3561 419 3586 maioris
438 3562 616 3592 extremitatis,
636 3562 753 3595 sequitur
771 3563 842 3596 quod
861 3564 946 3588 minor
966 3564 1122 3594 extremitas,
1141 3564 1271 3590 mediante
1289 3565 1384 3594 medio,

914 229 1296 267 POSTERIORUM
1323 228 1752 267 ANALYTICORUM
1781 232 1874 269 LIB.
1906 234 1919 269 I

1445 306 1600 343 negativis,
1626 309 1744 344 quando
1770 319 1831 338 non
1852 311 1960 339 habent
1987 312 2113 339 medium
2135 321 2187 348 per
2207 313 2288 349 quod
2309 314 2477 349 probentur.
2494 332 2512 336 —

1445 346 1472 373 6.
1495 346 1664 391 Ostenditur
1690 350 1769 385 quod
1795 350 1957 386 propositio
1985 351 2116 388 negativa
2138 358 2181 379 est
2206 352 2347 388 mediata,
2376 362 2442 381 cum
2463 361 2513 382 aut

1443 387 1641 421 praed1catum
1663 394 1705 415 est
1725 388 1756 416 in
1777 389 1876 426 aliquo
1897 396 1969 426 toto,
1986 400 2037 418 seu
2053 400 2166 427 genere,
2182 391 2342 420 subiectum
2364 399 2460 421 autern
2482 394 2512 422 in

1443 425 1523 453 nullo
1545 435 1658 463 genere,
1673 428 1718 455 vel
1738 428 1896 464 viceversa3
1918 436 1968 458 aut
1989 439 2055 458 cum
2069 437 2225 467 utrumque
2240 437 2282 459 est
2297 431 2326 459 in
2341 431 2439 469 aliquo
2460 442 2509 470 ge-

1443 474 1520 509 nere,
1542 467 1593 493 sed
1614 476 1676 510 non
1697 467 1726 495 in
1748 469 1863 497 eodem.
1887 469 1970 498 Ratio
1997 477 2054 505 est,
2077 470 2145 507 quia
2166 470 2196 498 in
2218 470 2261 498 his
2283 471 2396 499 casibus
2417 478 2512 508 potest

1443 503 1505 532 fieri
1520 505 1702 542 syllogismus
1716 508 1754 535 ad
1774 508 1949 544 praedictam
1967 510 2197 546 propositionem
2213 511 2480 539 demonstrandam.
2492 529 2512 533 -

1444 553 1470 580 7.
1486 545 1656 588 Declaratur
1667 547 1747 582 quod
1762 548 1944 584 suppositum
1961 555 2003 577 est
2016 549 2046 577 in
2061 549 2243 586 praecedenti
2255 559 2510 587 numero,nempe,

1443 590 1610 627 confingere
1632 586 1712 621 quod
1734 587 1973 626 subiectumknon
1994 589 2030 616 sit
2050 589 2080 616 in
2102 590 2206 617 eodem
2221 599 2325 626 genere
2340 599 2406 618 cum
2427 599 2510 626 prae-

1441 623 1553 666 dicato,
1580 631 1608 652 et
1629 625 1787 654 viceversa:
1816 637 1885 655 nam
1914 628 2055 665 contingit
2079 638 2171 656 unum
2199 629 2391 663 terminorum
2419 629 2510 666 accipi

1441 671 1471 690 m
1490 671 1554 706 uno
1575 664 1821 708 praedicamento,
1837 666 1867 694 in
1884 677 1943 704 quo
1964 677 2025 696 non
2047 675 2090 696 est
2103 668 2185 696 alius.
2202 685 2221 690 -
2236 669 2263 696 8.
2279 669 2444 705 Propositio
2459 678 2509 697 ne-

1441 708 1535 738 gativa
1555 709 1598 730 est
1618 704 1800 741 immediata,
1823 706 1846 733 si
1867 713 1969 735 neuter
1989 707 2180 736 terminorum
2195 708 2231 736 sit
2245 708 2275 736 in
2291 709 2420 745 quodam
2435 715 2509 744 toto,

1441 750 1492 768 seu
1507 742 1560 769 sub
1580 742 1679 779 aliquo
1694 753 1813 781 genere:
1835 746 1893 773 hoc
1907 746 1984 774 enim
1998 747 2095 783 posito
2117 756 2178 775 non
2198 754 2294 783 potest
2307 749 2508 777 demonstrari.

1441 781 1516 808 Nam
1538 782 1747 811 demonstratio
1765 790 1891 822 propter
1905 786 1974 822 quid
1987 786 2090 822 accipit
2111 796 2165 822 pro
2187 787 2284 815 medio
2300 787 2508 824 definitionem,

1441 820 1497 848 hoc
1519 827 1561 848 est
1582 830 1673 858 genus
1695 829 1723 850 et
1744 823 1951 860 differentiam;
1973 834 2063 862 genus
2085 832 2182 853 autem
2203 826 2311 854 assumi
2331 836 2393 855 non
2413 833 2509 864 potest

1441 860 1477 887 de
1498 866 1636 897 extremo,
1659 863 1740 899 quod
1761 872 1822 891 non
1843 870 1886 892 est
1907 863 1937 892 in
1958 864 2056 901 aliquo
2077 874 2191 902 genere.

1437 962 1634 1007 utuntur);
1665 973 1754 1009 ergo
1782 962 1908 1011 prima
1935 963 2058 1011 figura
2087 970 2143 1000 est
2170 963 2338 1001 maxime
2367 964 2508 1002 faciens

1438 1012 1533 1049 scire
1563 1021 1600 1050 et
1627 1014 1794 1051 maxime
1823 1014 2078 1053 accommoda
2107 1015 2506 1063 demonstrationibus.

1438 1066 1565 1102 Causa
1593 1074 1743 1114 autem,
1774 1081 1891 1117 quare
1925 1069 2199 1107 demonstratio
2222 1076 2382 1119 propter
2417 1071 2509 1119 quid

1437 1119 1605 1156 maxime
1634 1120 1677 1157 fit
1709 1121 1747 1158 in
1778 1121 1903 1169 prima
1931 1122 2074 1170 figura,
2109 1123 2206 1159 haec
2239 1130 2305 1160 est.
2336 1124 2440 1160 Nam
2468 1124 2507 1160 in

1435 1173 1562 1220 prima
1589 1173 1712 1221 figura
1751 1175 1895 1211 medius
1922 1175 2107 1212 terminus
2145 1175 2340 1213 subiicitur
2367 1177 2509 1214 maiori

1437 1226 1681 1274 extremitati,
1718 1240 1816 1276 quae
1851 1236 1907 1265 est
1933 1228 2195 1277 praedicatum
2229 1229 2505 1278 conclusionis,

1437 1287 1473 1316 et
1499 1279 1740 1328 praedicatur
1769 1281 1816 1317 de
1845 1282 1987 1318 minori
2011 1282 2187 1328 termino,
2217 1281 2282 1331 qui
2307 1290 2363 1320 est
2381 1283 2505 1320 subie-

1437 1340 1540 1369 ctum
1570 1334 1835 1372 conclusionis.
1867 1335 2030 1383 Oportet
2057 1343 2186 1373 autem
2210 1335 2249 1372 in
2268 1335 2505 1373 demonstra-

1435 1386 1538 1423 tione
1553 1387 1743 1435 *propter
1761 1388 1852 1435 quid
1882 1387 2055 1426 medium
2085 1401 2169 1425 esse
2189 1401 2345 1425 causam
2359 1389 2506 1437 passio-
2534 1402 2542 1410 ·

1436 1440 1504 1485 nis,
1535 1452 1634 1488 quae
1653 1440 1893 1488 praedicatur
1920 1441 1958 1478 in
1987 1441 2232 1478 conclusione
2253 1441 2301 1478 de
2321 1442 2504 1479 subiecto.
2534 1454 2547 1475 ο

1436 1493 1486 1529 Et
1511 1505 1612 1529 unus
1640 1493 1781 1530 modus
1802 1493 1952 1531 dicendi
1968 1506 2043 1542 per
2059 1507 2100 1531 se
2127 1502 2184 1531 est
2202 1495 2358 1543 quando
2379 1495 2505 1532 subie-

1436 1553 1539 1582 ctum
1570 1553 1625 1584 est
1654 1558 1769 1583 causa
1795 1547 2019 1595 praedicati,
2048 1555 2091 1584 ut
2111 1548 2386 1597 interfectum*
2414 1549 2505 1587 inte-

1435 1599 1513 1645 riit,
1534 1599 1631 1636 sicut
1650 1611 1765 1648 supra
1784 1599 1928 1636 dictum
1948 1607 2005 1637 est
2019 1602 2058 1646 ”3
2079 1608 2117 1637 et
2134 1602 2210 1638 hoc
2229 1600 2412 1649 competit
2423 1597 2506 1649 pri-⁷
2534 1610 2543 1619 ·

1435 1665 1521 1690 mae
1545 1654 1727 1702 figurae,
1761 1653 1800 1689 in
1829 1665 1904 1702 qua
1932 1652 2106 1690 medium
2140 1653 2336 1690 subiicitur
2367 1654 2508 1691 maiori

1435 1706 1672 1753 extremitati,
1700 1713 1743 1743 ut
1771 1705 1914 1743 dictum
1944 1713 2000 1743 est
2016 1707 2047 1743 *.

1490 1761 1525 1797 3.
1557 1759 1776 1796 Secundam
1797 1759 1983 1796 rationem
2002 1759 2126 1808 ponit;
2147 1759 2215 1797 ibi:
2238 1759 2372 1797 Postea
2391 1759 2506 1808 tyrius
2550 1765 2556 1771 “
2581 1766 2587 1772 ·

1435 1814 1536 1862 quod
1562 1813 1653 1861 quid
1678 1818 1733 1849 est
1754 1819 1837 1859 etc„
1860 1825 1958 1862 quae
1978 1812 2060 1850 talis
2079 1820 2147 1851 est.
2182 1813 2293 1855 Quod
2309 1812 2402 1862 quid
2416 1813 2504 1851 est*

1434 1866 1677 1916 potissimum
1697 1866 1826 1902 locum
1854 1865 1893 1902 in
1922 1865 2230 1915 demonstrativis
2256 1865 2420 1904 scientiis
2436 1865 2504 1904 ha-

1435 1921 1510 1967 bet,
1531 1919 1631 1970 quia,
1653 1919 1749 1955 sicut
1768 1918 1911 1955 dictum
1931 1926 1987 1956 est
2000 1919 2032 1966 ²¹³,
2054 1919 2224 1956 definitio
2245 1926 2310 1956 aut
2329 1926 2385 1956 est
2402 1919 2504 1968 prin-

1435 1973 1577 2022 cipium
1610 1971 1964 2018 demonstrationis,
1995 1979 2060 2009 aut
2092 1972 2307 2019 conclusio,
2342 1979 2407 2009 aut
2439 1972 2504 2010 de-

1435 2025 1657 2064 monstratio
1686 2024 1876 2074 positione
1896 2025 2088 2062 differens.
2115 2025 2178 2062 Ad
2196 2024 2503 2073 investigandum

1435 2088 1564 2117 autem
1598 2078 1862 2116 definitionem
1898 2078 1980 2115 sola
2007 2077 2132 2127 prima
2160 2078 2283 2127 figura
2311 2078 2502 2116 convenit.

1436 2259 1529 2285 debeat
1539 2267 1599 2284 esse
1609 2266 1688 2284 causa
1700 2258 1805 2283 maioris
1815 2257 1990 2282 extremitatis.
2000 2256 2034 2281 Et
2046 2256 2096 2282 hoc
2107 2262 2148 2282 est
2161 2257 2276 2289 praecise
2285 2257 2357 2291 quod
2366 2257 2392 2282 in
2402 2257 2507 2283 conclu-

1435 2296 1508 2320 sione
1527 2295 1632 2320 dicitur:
1655 2294 1749 2319 Omnis
1767 2293 1845 2319 homo
1864 2296 1904 2318 est
1917 2300 2009 2325 capax
2022 2292 2156 2318 scientiae.
2176 2292 2310 2326 Capacitss
2324 2292 2394 2317 enim
2409 2292 2506 2318 sciendi

1436 2331 1468 2356 de
1482 2330 1588 2355 homine
1602 2330 1693 2355 dicitur
1701 2336 1753 2362 per
1767 2335 1795 2354 se
1808 2329 1834 2353 in
1849 2333 1943 2360 quarto
1954 2328 2035 2353 modo
2049 2327 2149 2353 dicendi
2162 2335 2210 2362 per
2222 2336 2252 2353 se
2266 2328 2317 2360 (ef.
2327 2329 2386 2353 lect.
2394 2335 2420 2359 x,
2429 2335 2456 2354 n.
2467 2328 2505 2362 7).

1435 2366 1463 2391 In
1481 2366 1566 2399 prima
1583 2373 1646 2398 ergo
1663 2364 1746 2397 figura
1765 2364 1879 2389 medium
1899 2368 1941 2388 est
1953 2363 2103 2395 immediata
2117 2371 2195 2389 causa
2208 2364 2314 2389 maioris
2329 2363 2505 2395 extremitatis,

1435 2407 1461 2426 et
1479 2405 1670 2434 consequenter
1688 2400 1836 2425 immediata
1855 2407 1932 2424 causa
1947 2406 1993 2423 cur
2005 2399 2061 2431 ipsa
2074 2399 2157 2424 maior
2176 2399 2321 2424 extremitas
2341 2399 2401 2424 insit
2414 2406 2462 2432 per
2475 2406 2505 2424 se

1435 2437 1529 2462 minori
1544 2435 1697 2461 extremitati
1709 2435 1735 2461 in
1748 2435 1923 2460 conclusione.
1938 2434 2020 2467 Atqui
2035 2434 2150 2460 medium
2164 2442 2223 2459 esse
2234 2433 2285 2459 hoc
2297 2434 2378 2459 modo
2391 2440 2505 2465 causam,

1435 2471 1484 2497 hoc
1499 2476 1540 2497 est
1549 2474 1663 2504 propter
1676 2470 1741 2503 quid
1753 2470 1882 2503 passionis
1897 2469 2084 2501 conclusionis,
2098 2469 2263 2502 potissimum
2280 2469 2372 2494 accidit
2383 2469 2411 2498 in
2422 2469 2507 2502 prima

1435 2506 1526 2540 figura.
1546 2507 1613 2532 Nam
1626 2507 1653 2531 in
1667 2506 1780 2531 secunda
1796 2505 1912 2531 medium
1926 2505 1967 2530 bis
1985 2505 2154 2537 praedicatur,
2169 2509 2195 2530 et
2206 2505 2266 2530 ideo
2278 2512 2332 2531 non
2345 2509 2432 2537 potest
2445 2510 2506 2533 eme

1436 2550 1515 2568 causa
1532 2542 1637 2567 maioris
1661 2541 1828 2566 extremitatis
1846 2541 1873 2565 in
1892 2540 2056 2573 praemissis,
2075 2545 2101 2565 et
2119 2543 2311 2572 consequenter
2327 2547 2414 2575 neque
2431 2547 2506 2572 prae-

1436 2578 1510 2602 dicati
1530 2577 1711 2602 conclusionis.
1731 2577 1759 2601 ln
1773 2576 1847 2601 tertia
1859 2583 1923 2600 vero
1936 2571 2019 2608 figura
2033 2575 2148 2600 medium
2167 2575 2207 2600 bis
2221 2575 2362 2600 subiicitur.
2380 2574 2450 2608 Ergo
2464 2579 2505 2599 est

1436 2620 1515 2638 causa
1532 2612 1681 2637 immediata
1698 2611 1803 2636 maioris
1822 2610 1997 2641 extremitatis,
2014 2610 2061 2635 sed
2080 2610 2142 2644 qula
2159 2618 2212 2636 non
2230 2614 2271 2635 est
2288 2609 2394 2635 effectus
2412 2610 2504 2635 imme-

1436 2648 1520 2673 diatus
1539 2647 1648 2672 minoris
1667 2646 1834 2672 exn-emittitis
1853 2646 1893 2678 (ut
1911 2646 1936 2670 in
1954 2646 2038 2678 prims
2055 2644 2147 2678 figura)
2167 2652 2220 2670 non
2238 2649 2326 2677 potest
2339 2651 2400 2670 esse
2426 2652 2505 2670 eausa

1435 2683 1583 2708 immediata
1602 2690 1648 2708 cur
1666 2682 1750 2707 maior
1767 2681 1915 2707 extremitas
1933 2681 1995 2706 insit
2012 2680 2105 2706 minori
2123 2680 2276 2706 extremitati
2290 2681 2316 2707 in
2330 2679 2505 2707 conclusione.

1490 2718 1564 2748 Quae
1582 2718 1670 2743 omnia
1687 2722 1717 2742 ut
1734 2717 1818 2749 magis
1837 2717 1889 2741 sint
1902 2715 2051 2747 manifesta,
2070 2715 2222 2742 adducimus
2242 2715 2308 2741 duos
2327 2715 2504 2749 syllogismos,

1436 2761 1549 2786 quorum
1568 2760 1636 2778 unus
1655 2757 1695 2778 est
1713 2752 1739 2777 in
1757 2751 1879 2782 secunda,
1898 2751 1962 2776 alter
1979 2758 2043 2776 vero
2061 2751 2087 2775 in
2105 2751 2179 2776 tertia
2196 2749 2293 2783 figura:

1508 2823 1535 2847 ln
1556 2824 1580 2847 2·
1601 2822 1644 2856 fig.
1667 2822 1751 2848 Omne
1768 2829 1860 2854 capax
1877 2821 2004 2849 scientiae
2021 2824 2061 2847 est
2078 2821 2177 2848 habens
2195 2821 2341 2851 rationem,-

1659 2858 1756 2883 Nullus
1774 2865 1855 2890 equus
1874 2860 1914 2883 est
1931 2857 2029 2882 habens
2047 2857 2194 2887 rationem,-

1661 2894 1736 2927 Ergo
1755 2893 1844 2918 nullus
1862 2899 1944 2926 equus
1962 2895 2002 2918 est
2019 2899 2110 2924 capax
2127 2892 2264 2918 scientiae.

1508 2929 1536 2954 In
1556 2928 1581 2954 3·
1602 2928 1646 2962 fig.
1668 2928 1760 2954 Omnis
1777 2928 1869 2954 anima
1887 2927 2029 2952 rationalis
2047 2930 2087 2953 est
2104 2934 2196 2960 capax
2213 2927 2340 2953 scientiae
2345 2934 2354 2957 ,-

1664 2963 1757 2989 Omnis
1775 2963 1866 2989 anima
1885 2963 2027 2989 rationalis
2045 2965 2085 2988 est
2096 2963 2191 2997 forma
2210 2962 2354 2993 materian·
2408 2965 2410 2967 ’

1661 2997 1736 3032 Ergo
1754 2999 1845 3032 aliqua
1856 3000 1952 3032 forma
1968 2998 2097 3023 materiae
2116 3001 2156 3023 est
2172 3004 2265 3031 capax
2281 2998 2416 3024 seleutias.

1491 3070 1564 3096 Prior
1582 3070 1752 3104 syllogismus
1771 3077 1823 3095 non
1843 3074 1883 3094 est
1896 3071 2011 3102 propter
2028 3068 2101 3102 quid,
2119 3068 2166 3094 sed
2184 3073 2226 3094 est
2244 3076 2276 3094 ex
2289 3068 2383 3094 effectu
2394 3073 2420 3094 et
2432 3075 2448 3094 ι
2458 3075 2505 3101 po-

1437 3106 1551 3131 steriori:
1570 3114 1622 3130 non
1646 3106 1715 3130 enim
1733 3104 1829 3131 habere
1851 3105 1978 3130 rationem
1996 3109 2036 3129 est
2054 3111 2086 3129 ex
2110 3104 2248 3138 capacitate
2266 3103 2388 3129 scientiae
2406 3103 2473 3128 sicut
2490 3110 2506 3128 ι

1437 3148 1485 3166 sua
1503 3149 1590 3172 causa,
1603 3141 1651 3166 sed
1664 3148 1695 3165 ex
1707 3141 1827 3173 opposito
1841 3140 1967 3173 capacitas
1981 3135 2101 3164 scientiae
2114 3144 2154 3164 est
2167 3147 2182 3164 a
2193 3140 2300 3164 ratione.
2314 3138 2403 3164 Potest
2415 3137 2506 3172 usque

1437 3177 1520 3202 maior
1538 3183 1600 3201 vere
1618 3176 1709 3201 inverti
1727 3175 1778 3200 hoc
1796 3176 1891 3200 modo:
1913 3175 1997 3200 Omne
2010 3174 2109 3200 habens
2122 3174 2306 3200 rationem-est
2318 3181 2410 3207 capax
2422 3173 2505 3200 nden-

1437 3212 1507 3242 tiae‚·
1525 3212 1573 3237 sed
1591 3211 1658 3236 facta
1674 3211 1723 3236 hac
1742 3211 1920 3242 conversione,
1939 3210 2108 3243 syllogismus
2127 3215 2167 3241 est
2185 3210 2211 3235 in
2228 3210 2313 3243 prima
2323 3208 2414 3243 figura,
2426 3213 2454 3236 et
2465 3213 2506 3234 est

1437 3247 1532 3278 falsus,
1551 3254 1612 3272 cum
1629 3247 1716 3272 minor
1734 3247 1789 3272 eius
1809 3246 1842 3272 sit
1860 3246 1987 3279 negativa
2006 3243 2057 3277 (cf.
2070 3245 2128 3271 lect.
2141 3252 2200 3276 vm,
2219 3249 2273 3271 not.
2287 3245 2322 3278 ρ),
2341 3244 2416 3270 Adde
2434 3243 2505 3278 quod

1438 3287 1522 3307 stante
1539 3282 1647 3315 repetita
1665 3281 1862 3314 praedicatione,
1881 3281 1996 3306 medium
2015 3288 2067 3305 non
2085 3284 2172 3313 potest
2189 3287 2250 3306 esse
2267 3287 2358 3311 causa,
2372 3287 2425 3305 <seu
2437 3285 2504 3313 pm·

1434 3321 1499 3350 pter
1517 3317 1582 3351 quid
1600 3317 1781 3348 conclusionis,
1800 3322 1829 3341 ut
1846 3316 1888 3341 hic
1907 3323 1986 3349 supra
2004 3315 2102 3341 dictum
2123 3320 2172 3341 est.

1492 3353 1520 3378 ln
1539 3353 1620 3378 altero
1637 3358 1701 3378 vero
1720 3352 1874 3386 syllogismo
1887 3351 2004 3376 medium
2015 3351 2042 3376 in
2056 3350 2154 3376 maiori
2166 3355 2207 3376 est
2219 3348 2327 3384 quidem
2340 3357 2420 3375 caasa
2430 3352 2505 3382 praei·

1438 3389 1520 3418 dicati,
1531 3389 1578 3413 sed
1587 3393 1665 3421 prout
1677 3392 1719 3414 est
1732 3387 1877 3417 subiectum
1892 3387 2000 3412 minoris
2013 3393 2066 3419 non
2085 3390 2126 3412 eet
2138 3386 2187 3411 nisi
2201 3393 2280 3411 cansa
2292 3389 2392 3417 remota
2404 3383 2504 3418 praedi-

1438 3424 1485 3448 cati
1499 3424 1615 3448 eiusdem
1629 3423 1744 3448 minoris.
1763 3423 1821 3448 Non
1834 3423 1902 3447 enim
1916 3427 2044 3455 quatenus
2057 3420 2199 3447 formaliter
2215 3420 2346 3446 rationalis
2359 3419 2444 3445 anima
2457 3426 2503 3444 no-

1438 3464 1491 3484 stra
1505 3464 1546 3484 est
1559 3459 1643 3484 sonna
1661 3459 1791 3490 materiae,
1806 3458 1853 3483 sed
1868 3462 1995 3491 quatenus
2009 3461 2050 3482 est
2059 3457 2200 3482 virtualiter
2218 3462 2351 3488 corporea.
2363 3454 2440 3480 Unde
2451 3461 2504 3478 non

1438 3494 1598 3520 concluditur
1607 3497 1721 3527 propter
1733 3493 1807 3526 quid.
1821 3493 1921 3518 Deinde
1934 3492 1969 3518 ob
1983 3491 2110 3517 rationem
2119 3498 2198 3525 supra
2208 3490 2373 3524 assignatam,
2387 3488 2503 3515 madium

1437 3537 1490 3554 non
1509 3534 1597 3562 potest
1615 3537 1675 3554 esse
1693 3536 1771 3554 eausa
1790 3528 1939 3555 immediata
1957 3526 2146 3559 conclusionis3
2165 3533 2233 3560 quse
2250 3525 2310 3551 ideo
2326 3524 2430 3551 nonnisi
2447 3531 2506 3557 pst-r

1437 3564 1576 3590 ticulariter
1595 3564 1682 3590 inferri
1699 3569 1794 3597 potest.
