2548 4192
928 274 983 310 IN
1013 274 1050 310 S.
1077 273 1319 311 THOMAM
1346 276 1668 322 AQUINATEM

198 354 439 386 substantialem
473 354 505 383 in
529 352 656 383 homine
677 352 828 393 formam
853 353 1078 384 adstruendam
1100 354 1266 394 pertinent.

2264 295 2393 321 CCLXXI

1324 367 1338 382 »
1362 355 1482 387 dicium
1506 357 1632 388 Ioannis
1648 359 1776 398 Pekam,
1794 360 1843 390 cui
1861 360 2058 392 Oxonienses
2074 363 2224 402 magistri,
2241 370 2312 394 tum
2327 365 2390 396 Or-

198 397 415 429 Kildwardbio
438 397 471 427 in
495 397 641 427 eamdem
665 397 774 427 sedern
791 397 1053 428 Cantuariensem
1073 408 1158 429 anno
1186 398 1282 440 1279*
1323 411 1338 426 ³>
1361 399 1442 430 dinis
1466 401 1598 432 fratrum
1620 403 1896 443 Praedicatorum,
1929 412 2000 436 turn
2023 406 2156 437 aliarum
2189 407 2392 448 familiarum,

198 442 345 473 suffectus
369 448 415 472 est
438 441 570 471 Ioannes
593 441 750 471 Pekamus
768 441 896 472 Ordinis
911 442 1085 481 Minorum,
1101 443 1156 483 qui
1171 443 1267 473 latam

198 497 216 516 a
234 486 472 526 praedecessore
501 488 667 516 cen‘suram
683 484 881 516 confirmavit
897 496 981 516 anno
1003 487 1096 526 1284.
1113 488 1204 518 Hanc
1221 497 1267 517 re-

184 530 255 560 ‘fert
272 530 418 560 laudatus
434 530 663 569 Dargentraeus
680 536 771 560 tomo
789 530 800 559 I
817 530 912 560 citato
927 540 998 570 pag.
1017 532 1091 570 234,
1107 531 1140 561 in
1155 542 1265 572 eaque,

174 582 177 584 ·
194 574 304 614 paullo
330 574 533 605 commutatis
555 573 669 612 verbis,
693 574 819 613 triginta
841 581 1042 605 recensentur
1060 576 1190 606 articuli.
1208 577 1265 606 Pe-

194 619 327 649 kamum
351 619 430 649 olim
453 618 617 648 aemulum
641 617 737 648 fuisse
760 618 907 649 Thomae
926 619 1104 660 Aquinatis,
1121 620 1264 651 Lutetiae

193 662 387 693 Parisiorum
410 663 548 693 secunda
565 663 633 693 vice
649 662 792 693 scholam
807 663 952 702 regentis,
969 670 1140 705 contraque
1156 665 1264 704 ipsum

193 707 227 737 in
250 707 385 747 publicis
409 706 676 747 disputationibus
707 707 941 746 obluctantem,
965 715 1069 739 narrat
1097 709 1263 740 Bartholo—

192 761 302 782 maeus
326 751 504 791 Logotheta
526 751 613 791 regni
642 751 763 782 Siciliae
782 751 815 781 in
837 752 990 782 Processu
1015 753 1262 784 canonizationis

192 795 278 836 apud
293 795 440 826 Bollandi
457 795 704 826 Continuatores
721 796 822 836 capite
837 807 878 835 1x,
899 806 988 827 num.
1007 808 1059 838 77.
1075 798 1178 828 Verba
1195 798 1261 828 eius

192 846 283 870 sunt:
311 853 326 868 «
346 840 426 870 Item
450 840 526 870 dixit
550 839 651 870 dictus
667 841 753 871 testis
778 839 984 884 (Logotheta)
1009 851 1041 871 se
1065 842 1221 872 audivisse
1245 853 1263 873 a

195 896 210 911 »
232 875 377 924 plufibus
392 884 538 915 fratribus
552 879 899 915 Praedicatoribus'fide
916 885 1034 925 dignis,
1057 887 1145 926 quod
1161 896 1261 927 quan-

193 940 208 955 »
231 928 273 958 do
297 928 383 959 idem
406 929 499 959 frater
521 928 666 959 Thomas
690 939 754 959 una
776 930 844 960 vice
861 929 1041 970 disputabat
1054 930 1190 969 Parisiis,
1205 931 1260 961 ubi

194 985 209 1000 2>
232 979 297 1003 erat
321 973 414 1003 frater
437 974 571 1004 Ioannes
595 974 634 1004 de
657 973 775 1003 Pizano
800 972 858 1016 (de
881 972 1035 1016 Pekamo)
1056 973 1184 1005 Ordinis
1202 975 1260 1005 fra-

193 1029 207 1044 »
230 1024 316 1048 trum
339 1017 514 1056 Minorum,
539 1017 594 1058 qui
618 1017 678 1048 fuit
701 1024 812 1057 postea
829 1017 1096 1058 Archiepiscopus
1121 1018 1259 1049 Cantua-

192 1072 207 1088 2
230 1061 350 1100 riensis,
367 1068 665 1103 quantumcumque
685 1062 786 1092 dictus
805 1062 899 1092 frater
917 1062 1051 1092 Ioannes
1067 1070 1260 1102 exasperaret

192 1117 207 1132 ι
230 1106 380 1136 eumdem
403 1105 531 1136 fratrem
553 1105 718 1136 Thomam
740 1105 841 1136 verbis
865 1106 1052 1146 ampullosis
1072 1113 1103 1136 et
1117 1106 1258 1146 tumidis,

191 1161 206 1176 »
229 1159 408 1190 numquam
430 1155 538 1180 tamen
560 1149 628 1190 ipse
652 1149 745 1180 frater
774 1150 919 1180 Thomas
949 1150 1104 1181 restrinxit
1126 1151 1260 1182 verbum

190 1205 206 1220 »
227 1193 426 1232 humilitatis,
450 1194 505 1224 sed
528 1204 652 1234 semper
675 1204 750 1225 cum
773 1194 940 1225 dulcedine
955 1201 986 1225 et
1001 1194 1197 1225 humanitate
1213 1205 1259 1226 re-

190 1250 206 1266 »
229 1237 366 1278 spondit.
387 1250 402 1265 >
430 1238 564 1268 Laudati
587 1238 788 1269 Bollandiani
811 1238 844 1268 in
868 1238 953 1269 notis
972 1248 1009 1268 ex
1024 1238 1187 1278 Wadingo
1203 1239 1258 1270 ha-

186 1282 272 1321 bent,
290 1281 445 1312 adservari
460 1281 579 1313 Oxonii
598 1282 630 1312 in
650 1282 796 1323 Collegio
815 1282 1007 1313 Mettonensi
1022 1284 1259 1324 manuscriptas

186 1326 438 1368 disceptationes
449 1326 597 1358 Thomae
617 1334 647 1357 et
665 1326 805 1357 Pekami.

160 1377 167 1380 ·
253 1372 367 1402 Latam
389 1371 615 1412 vulgatamque
639 1381 657 1401 a
680 1371 897 1402 Kildwardbio
922 1381 1088 1402 censuram
1112 1378 1142 1402 et
1164 1382 1183 1402 a
1201 1372 1257 1403 Pe-

185 1415 282 1446 kamo
302 1415 522 1446 confirmatam
546 1425 636 1455 aegre
650 1415 791 1446 tulerunt
807 1423 961 1447 nostrates
982 1416 1168 1447 consodales
1191 1417 1257 1447 alii-

185 1469 249 1501 que
272 1460 428 1491 doctores.
457 1460 649 1491 Guillelmus
669 1460 707 1490 de
726 1460 894 1499 Morbeka,
914 1460 970 1501 qui
989 1460 1086 1491 libros
1103 1461 1256 1492 Aristote-

184 1504 235 1543 lis,
258 1505 439 1545 postulante
463 1511 494 1535 et
519 1511 652 1545 urgente
677 1504 825 1543 Thoma‚
855 1505 893 1535 de
921 1514 1032 1545 graeco
1060 1505 1093 1535 in
1121 1506 1256 1537 latinum

184 1555 328 1588 verterat,
352 1548 620 1590 Archiepiscopus
645 1548 818 1580 Corinthiis
843 1550 934 1580 datus
958 1550 997 1579 ab
1022 1550 1207 1581 Innocentio
1227 1551 1256 1582 V

183 1593 235 1624 vel
257 1603 276 1624 a
299 1594 417 1624 Ioanne
443 1594 503 1624 XX
521 1593 605 1624 dicto
625 1593 709 1632 XXI,
730 1603 814 1625 acres
840 1594 956 1624 litteras
976 1594 1062 1624 dedit
1080 1594 1256 1625 Kildward-

183 1637 250 1676 bio,
274 1638 314 1668 de
337 1648 412 1669 suae
434 1638 560 1669 levitate
583 1647 732 1668 censurae
755 1639 864 1678 ipsum
888 1638 1074 1677 admonens,
1099 1639 1254 1670 eiusdem-

183 1691 247 1722 que
271 1682 430 1713 saniorem
454 1681 698 1713 declarationem
722 1683 803 1713 serio
827 1682 1003 1723 postulans·
1028 1683 1214 1723 Repositam
1237 1694 1255 1714 a

183 1726 404 1758 Cantuariensi
427 1726 676 1766 Archiepiscopo
707 1728 872 1768 epistolam
901 1727 945 1758 ad
973 1728 1253 1768 Archiepiscopum

185 1770 335 1802 Corinthi
356 1771 397 1802 de
419 1771 566 1802 articulis
589 1771 808 1802 condemnatis
832 1773 864 1801 in
888 1771 1011 1812 Anglia
1027 1778 1186 1812 praestant
1202 1782 1253 1803 co-

181 1815 266 1846 dices
280 1825 356 1846 mss.
371 1815 566 1856 Anglicanus
581 1815 659 1845 alter
677 1822 708 1846 et
726 1816 803 1847 alter
820 1815 1022 1846 Florentinus
1038 1816 1124 1856 apud
1138 1817 1253 1847 Echar-

182 1859 272 1898 dum,
287 1869 363 1890 cum
377 1866 527 1900 sequente
545 1859 767 1900 inscriptione:
787 1860 844 1890 Fr.
855 1860 987 1891 Roberti
1007 1860 1253 1893 Cantuariensis

181 1903 226 1935 ad
246 1904 527 1944 Archiepiscopum
554 1903 714 1935 Corinthii
735 1904 912 1936 declaratio
921 1903 1085 1946 falsitatis
1099 1915 1251 1946 quorum-

174 1947 256 1996 dam
280 1949 493 1979 articulorum
514 1947 661 1980 Oxoniae
685 1950 979 1980 condemnatorum.
1002 1950 1053 1980 Ab
1077 1950 1252 1983 florentinis

182 1992 406 2024 consodalibus
429 1993 517 2024 irrito
540 1998 618 2023 voto
642 1993 887 2034 perquisivimus
913 2003 993 2024 num
1016 1994 1114 2026 hocce
1133 1995 1250 2036 scripto

178 2043 444 2078 praeconceptam
460 2036 648 2068 sententiam
662 2037 800 2069 firmaret
815 2039 985 2078 Robertus‚
1000 2049 1041 2069 an
1055 2039 1251 2080 palinodiam

125 2078 127 2080 ’
177 2088 310 2113 caneret.
331 2082 400 2112 Hac
429 2083 467 2113 de
495 2092 528 2112 re
557 2080 748 2114 Guillelmus
775 2083 938 2115 Ochamus
958 2084 990 2114 in
1009 2083 1152 2124 Dialogis
1176 2085 1249 2126 Ip.‚

177 2125 232 2157 lib.
253 2126 292 2164 II,
313 2136 381 2166 cap.
400 2137 476 2165 xxn,
501 2125 545 2157 sic
563 2125 674 2159 habet:
702 2141 716 2156 α
735 2129 942 2169 Magister....
958 2129 1006 2159 De
1023 2128 1128 2168 primo
1145 2127 1249 2171 (Kild-

179 2182 194 2198 ι
216 2168 373 2213 wardbio)
398 2170 527 2201 diversis
550 2171 655 2201 modis
680 2172 794 2203 dicitur
817 2183 834 2202 a
858 2172 997 2203 diversis.
1022 2173 1140 2204 Dicunt
1163 2174 1249 2205 enim

178 2227 194 2242 »
216 2214 359 2255 quidam,
377 2215 465 2256 quod
490 2215 652 2246 damnatio
673 2227 729 2247 sua
748 2217 912 2248 temeraria
928 2217 1087 2256 existebat,
1104 2228 1142 2248 eo
1159 2220 1249 2260 quod

176 2271 193 2286 »
214 2259 374 2298 veritates,
404 2266 440 2290 ut
468 2259 597 2298 dicunt,
628 2262 861 2292 condemnavit.
891 2262 984 2292 Unde
1008 2262 1140 2303 quidam
1168 2263 1248 2295 alius

162 2298 193 2331 ⁸»
215 2303 483 2344 Archiepiscopus
515 2303 705 2347 (Corinthi)
737 2306 846 2346 ipsum
870 2306 908 2337 de
935 2306 1018 2338 dicta
1044 2307 1246 2339 damnatione

177 2359 194 2374 r
215 2348 325 2379 acriter
348 2348 562 2389 reprehendit:
586 2350 723 2380 scribens
747 2350 775 2381 ei
799 2351 978 2391 epistolam,
1002 2351 1035 2381 in
1059 2362 1123 2392 qua
1146 2353 1246 2383 mani-

177 2404 192 2420 »
215 2392 292 2423 feste
311 2393 453 2432 asseruit,
473 2394 562 2434 quod
580 2394 724 2426 veritates
744 2395 956 2426 damnaverat.
975 2408 989 2423 »
1012 2396 1124 2437 Neque
1139 2397 1246 2427 solum

174 2443 302 2468 nostrae
319 2438 422 2477 gentis
439 2437 612 2468 hominum
631 2439 729 2470 hocce
747 2439 903 2470 iudicium
920 2446 1000 2471 erat:
1017 2441 1072 2470 sed
1088 2448 1118 2471 et
1130 2442 1247 2481 plures

173 2481 244 2518 alii,
262 2482 364 2521 ipsam
381 2479 576 2524 (censuram)
583 2482 694 2523 fuisse
711 2485 918 2514 temerariam
938 2490 1149 2525 reputarunt:
1163 2484 1244 2528 (lau-

175 2525 239 2555 dati
262 2525 379 2556 Okami
402 2526 496 2557 verba
519 2525 617 2569 sunt).
642 2528 757 2558 Plures
776 2529 859 2558 enim
882 2529 1081 2560 Parisienses
1100 2530 1246 2562 doctores

174 2574 206 2600 et
227 2570 392 2601 scholares
421 2572 615 2602 assertiones
641 2572 813 2603 damnatas
844 2583 865 2603 a
889 2573 973 2604 dicto
1000 2574 1244 2616 Archiepiscopo

168 2614 300 2654 publice
323 2619 505 2646 tenuerunt.

239 2658 444 2689 Adversarios
469 2660 626 2690 Pekamus
653 2671 718 2691 non
738 2671 869 2702 paucos,
889 2669 1042 2693 nostrates
1062 2670 1093 2694 et
1111 2671 1243 2703 exterOS,

173 2709 285 2734 nactus
309 2710 369 2742 est,
394 2714 477 2744 quos
501 2704 581 2735 inter
605 2705 734 2736 emicuit
757 2705 932 2737 Richardus
957 2707 1091 2747 Clapoel
1115 2708 1243 2739 Ordinis

173 2747 447 2787 Praedicatorum,
472 2759 571 2789 quern
586 2749 838 2781 addictissimum
861 2751 1019 2793 Thomae,
1037 2752 1168 2793 eiusque
1188 2753 1243 2784 do-

173 2792 290 2822 ctrinae
319 2792 461 2823 nobilem
488 2793 647 2824 vindicem
675 2801 784 2825 contra
808 2795 1019 2826 Guillelmum
1048 2797 1087 2827 de
1111 2798 1244 2828 Lamare

172 2836 317 2877 superius
332 2836 542 2868 laudavimus.
565 2837 725 2869 Articulos
744 2845 829 2878 octo,
845 2850 928 2881 quos
943 2841 1022 2881 ipse,
1039 2851 1099 2881 pro
1114 2842 1244 2872 Thoma

171 2880 323 2911 vindicias
347 2891 459 2921 agens,
484 2881 591 2922 palam
614 2892 631 2912 e
656 2889 804 2923 suggestu
835 2885 959 2923 docuit,
987 2885 1085 2916 veluti
1109 2886 1244 2917 totidem

172 2933 292 2955 errores
315 2931 371 2955 aut
392 2925 545 2964 haereses,
570 2926 610 2956 ad
632 2927 761 2957 Pekami
784 2929 1023 2969 Archiepiscopi
1037 2930 1175 2961 tribunal
1190 2932 1243 2962 de-

172 2968 314 2999 tulerunt
337 2969 464 3000 aemuli.
489 2969 629 3000 Coetum
651 2971 876 3011 magistrorum
891 2974 1031 3004 Londini
1055 2975 1088 3005 in
1111 2976 1243 3007 ecclesia

173 3013 285 3043 beatae
307 3013 439 3044 Mariae
461 3014 500 3044 de
522 3015 670 3045 Arcubus
693 3015 797 3055 coegit
818 3017 871 3047 ille
894 3027 981 3048 anno
999 3017 1083 3049 1286
1098 3020 1242 3051 indictio-

173 3066 215 3087 ne
232 3066 304 3095 ΧΠ,
331 3057 443 3088 ultimo
458 3058 510 3088 die
530 3060 648 3089 mensis
670 3060 803 3100 aprilis:
818 3061 1059 3103 praedictosque
1082 3064 1241 3103 articulos,

172 3107 339 3141 tamquam
361 3101 510 3132 haereses
532 3102 711 3134 declaravit
733 3109 764 3134 et
776 3107 1008 3144 pronunciavit
1026 3117 1094 3138 esse
1108 3108 1242 3139 damna-

174 3150 232 3176 tos.
257 3144 489 3185 Spelmannum
513 3146 643 3177 consule
659 3147 740 3178 inter
755 3148 900 3180 Concilia
916 3150 1010 3181 Orbis
1025 3151 1196 3183 Britannici
1212 3160 1244 3184 et

172 3185 339 3227 Labbeum
361 3189 395 3219 in
419 3189 616 3221 Collectione
635 3191 867 3224 Conciliorum.
882 3194 1085 3235 Dargentraei
1101 3197 1241 3227 animad-

170 3233 351 3264 versionem
375 3233 488 3264 addere
510 3234 572 3265 hoc
595 3234 669 3265 loco
692 3243 843 3276 praestat:
866 3251 881 3266 «
900 3239 1104 3271 Manifestum
1121 3248 1177 3279 est,
1195 3243 1241 3272 in-

175 3291 196 3306 »-
213 3279 368 3318 quamtis,
393 3278 427 3308 in
455 3284 568 3309 octavo
601 3279 734 3310 articulo
764 3282 952 3312 sententiam
982 3294 1007 3314 s.
1032 3285 1179 3315 Thomae
1202 3286 1242 3316 de

175 3335 190 3350 x>
214 3332 279 3352 una
302 3322 508 3353 substantiali
528 3322 645 3363 forma
668 3324 814 3363 hominis,
841 3326 897 3366 qui
920 3327 1045 3358 animus
1069 3329 1109 3359 sit
1132 3329 1172 3359 ad
1194 3329 1240 3359 in-

174 3379 190 3394 »
213 3366 420 3397 formandum
443 3376 558 3406 corpus
586 3367 776 3408 destinatus,
805 3370 981 3401 enunciari:
1006 3382 1087 3412 quae
1110 3373 1241 3413 quidem

174 3423 190 3438 w
212 3417 330 3441 temere
361 3411 559 3451 improbatur
581 3421 599 3441 a
629 3411 779 3443 Pekamo.
804 3414 930 3454 Reliqui
960 3422 1068 3445 autern
1099 3417 1240 3455 articuli,

175 3467 190 3481 ›
213 3455 328 3495 partim
352 3454 534 3485 consectarii
558 3462 633 3486 sunt
655 3455 750 3486 huius
773 3457 1002 3497 propositionis
1027 3458 1106 3500 (qui
1130 3470 1242 3501 nempe

175 3511 191 3526 :v
213 3499 429 3539 differentiam
461 3501 631 3530 enuntiant
654 3501 738 3530 inter
766 3501 903 3531 hominis
933 3511 1050 3542 corpus
1082 3505 1187 3534 vivum
1212 3511 1242 3535 et

175 3555 196 3570 2>-
213 3548 375 3574 mortuum
372 3543 405 3586 ):
428 3543 542 3584 partim
556 3543 636 3574 falso
650 3544 792 3584 impositi
809 3543 1004 3586 (cuiusmodi
1018 3553 1104 3585 sunt,
1122 3549 1154 3578 in
1171 3550 1240 3588 qui-

174 3599 191 3614 »
212 3587 271 3618 bus
293 3588 403 3619 eadem
437 3588 580 3618 absolute
602 3598 642 3619 ac
669 3590 843 3620 universim
873 3589 1058 3630 differentia
1087 3594 1242 3623 statuitur

174 3643 196 3658 ν’
213 3631 298 3662 inter
320 3633 426 3663 vivum
453 3632 574 3663 Christi
595 3642 711 3673 corpus
734 3639 765 3664 et
787 3634 976 3677 mortuum).
993 3635 1099 3672 Quare
1113 3636 1175 3667 hoc
1191 3637 1239 3667 iu-

1323 456 1337 470 »
1360 445 1507 475 nonnulli
1533 446 1640 486 palam
1668 448 1942 488 contradixerunt,
1966 450 2088 481 nullam
2119 451 2261 482 obtinuit
2284 460 2392 484 aucto-

1312 499 1336 531 ιπ»
1359 488 1492 519 ritatem.
1516 502 1530 517 »
1553 491 1719 531 Ampliora
1744 492 1890 523 dabimus
1914 501 2064 534 sequente
2088 495 2121 525 in
2155 495 2390 528 Dissertatione.

1386 533 1424 563 ΙΙ.
1449 534 1595 565 Veterem
1623 535 1704 566 hanc
1735 537 1882 567 adversus
1910 538 2057 569 Thomae
2091 539 2242 579 dogmata
2266 541 2390 571 cantile-

1318 586 1393 606 nam
1416 587 1494 608 aevo
1518 579 1665 620 sequiore
1687 580 1901 612 instaurarunt
1924 592 2069 613 censores
2084 583 2147 614 alii.
2175 596 2190 611 «
2209 584 2332 616 Prodiit
2350 585 2390 615 si-

1321 633 1335 647 »
1357 621 1488 662 quidem
1512 621 1689 664 (inquiebat
1711 625 1845 665 Sylvius
1868 626 1937 657 Ioco
1961 627 2074 669 citato)
2109 638 2193 658 anno
2227 629 2390 669 superiore

1320 678 1334 692 >›
1357 663 1474 709 (1623)
1504 667 1582 698 liber
1605 669 1822 709 apologeticus
1852 680 1911 710 pro
1942 671 2038 702 Scoto
2070 672 2220 713 Scotique
2245 673 2387 704 vindice:

1319 722 1333 736 ›>
1355 709 1388 740 in
1405 721 1471 751 quo
1488 711 1583 742 huius
1607 713 1688 743 beati
1713 713 1893 756 (Thomae)
1917 715 2058 746 doctrina
2073 715 2204 747 mirifice
2220 717 2387 757 sugillatur

1318 767 1333 781 >›
1356 761 1386 785 et
1409 755 1591 794 traducitur3
1616 757 1706 797 quasi
1729 768 1804 788 vero
1820 769 1886 788 non
1903 760 2043 798 potuerit
2058 767 2168 791 auctor
2183 761 2317 792 Scotum
2331 771 2382 792 ex—

1317 811 1331 825 »
1354 799 1464 829 tollere
1487 800 1537 830 vel
1561 800 1745 840 defendere,
1769 802 1828 832 nisi
1859 803 2023 834 Thomam
2054 805 2251 845 deprimeret.
2270 818 2285 833 »
2312 806 2383 836 Ho-

1315 849 1395 873 stem
1418 853 1476 883 pro
1500 844 1618 874 meritis
1643 846 1771 885 castigat
1793 846 1878 876 idem
1902 847 2026 888 Sylvius
2050 849 2082 878 in
2104 849 2255 880 Oratione
2271 850 2385 890 apolo-

1313 887 1413 926 getica
1429 887 1529 918 Duaci
1545 898 1629 918 anno
1645 889 1830 930 insequente
1852 892 1934 930 1624
1949 892 2063 922 habita.
2082 893 2132 923 Ad
2148 893 2225 924 haec
2239 900 2384 934 tempora

1314 938 1434 971 spectat
1447 932 1500 972 fr.
1524 933 1681 963 Dermicii
1709 934 1850 965 Thadaei
1865 935 1973 966 Nitela
1989 936 2229 968 Franciscanae
2241 938 2384 979 Religio-

1314 977 1374 1013 nis,
1400 986 1482 1016 quae
1504 976 1660 1017 Lugduni
1682 978 1800 1017 prodiit
1823 989 1906 1009 anno
1936 980 2029 1021 1627,
2053 990 2085 1020 4.

1380 1019 1525 1050 Succedit
1548 1021 1658 1051 Petrus
1683 1021 1721 1051 de
1740 1022 1821 1052 Alva
1845 1030 1875 1053 et
1893 1025 2038 1063 Astorga,
2055 1025 2110 1065 qui
2126 1025 2270 1065 pluribus
2292 1026 2388 1057 editis.

1313 1063 1486 1103 Opusculis
1502 1065 1687 1095 acerrimam
1701 1076 1843 1105 pugnarn
1858 1067 1967 1098 movit:
1985 1068 2127 1109 illudque
2144 1079 2302 1101 recensere
2320 1070 2386 1102 hoc

1312 1107 1386 1137 loco
1410 1108 1483 1138 satis
1513 1108 1617 1147 fuerit,
1641 1110 1731 1150 quod
1753 1110 1932 1141 inscribitur
1954 1112 2067 1143 Nodus
2091 1113 2318 1145 indissolubilis
2342 1115 2383 1146 de

1313 1157 1466 1191 conceptu
1481 1153 1596 1183 mentis
1609 1158 1640 1183 et
1654 1155 1785 1192 ventris,
1797 1155 1880 1195 typis
1895 1155 2016 1186 editum
2031 1156 2183 1187 Bruxellis
2198 1168 2282 1189 anno
2299 1160 2380 1190 1662

1312 1196 1398 1235 apud
1421 1196 1607 1236 Philippum
1637 1197 1817 1237 Uleugaert,
1841 1199 1986 1239 Pugnam
2016 1201 2136 1240 egregie
2165 1202 2382 1234 sustinuerunt

1312 1249 1371 1279 pro
1394 1240 1554 1280 Aquinate
1577 1241 1761 1272 Franciscus
1792 1243 1934 1273 Ianssens
1958 1243 2088 1284 Elinga,
2113 1245 2297 1277 Vincentius
2321 1247 2379 1278 Ba-

1311 1294 1388 1321 ron,
1418 1284 1595 1315 Bernardus
1624 1285 1772 1326 Guyard,
1803 1287 1995 1327 Seraphinus
2023 1289 2222 1320 Piccinardus
2251 1291 2376 1332 aliique.

1311 1328 1336 1358 F
1339 1328 1475 1359 estivum
1499 1329 1635 1370 denique
1659 1340 1726 1360 non
1749 1332 1963 1371 praetermitto
1979 1340 2209 1373 commentum,
2227 1336 2315 1375 quod
2330 1336 2379 1366 Io-

1311 1382 1407 1403 annes
1435 1373 1576 1414 Baptista
1604 1374 1689 1404 Poza
1722 1376 1908 1415 excogitavit
1939 1376 1972 1406 in
2002 1377 2191 1408 Elucidario
2213 1379 2377 1419 Deiparae

1311 1417 1517 1458 eiusdemque
1550 1419 1654 1458 operis
1687 1420 1853 1460 apologiis.
1888 1421 2007 1451 Notam
2044 1421 2142 1452 inurit
2170 1422 2222 1453 ille
2255 1424 2378 1454 nullam

1309 1456 1461 1502 A‘quinati
1491 1463 1756 1504 dogmatibusque
1780 1464 1867 1503 eius,
1901 1475 1982 1506 quae
2005 1465 2055 1495 vel
2088 1475 2143 1496 ore
2176 1467 2302 1498 dictavit
2330 1468 2382 1498 vel

1310 1506 1432 1536 calamo
1457 1506 1588 1547 scripsit:
1614 1514 1645 1538 at
1667 1507 1700 1537 in
1724 1508 1867 1539 eiusdem
1890 1516 1996 1540 tamen
2012 1510 2118 1550 Opera
2134 1510 2286 1551 plurimas
2303 1522 2379 1543 con-

1309 1550 1409 1581 tendit
1431 1550 1591 1591 irrepsisse
1614 1552 1717 1582 theses
1740 1553 1790 1583 vel
1813 1553 1901 1593 prelo
1926 1560 2046 1584 errante
2065 1555 2115 1584 vel
2135 1556 2380 1587 amanuensium

1309 1594 1474 1625 oscitantia
1496 1596 1546 1626 vel
1569 1596 1808 1636 interpolatricis
1832 1608 1946 1628 manus
1970 1598 2096 1637 fraude,
2127 1609 2209 1640 quae
2232 1607 2288 1631 aut
2305 1600 2378 1641 fal-

1306 1649 1363 1669 sae
1386 1639 1446 1669 dici
1471 1639 1604 1671 debeant
1634 1647 1688 1671 aut
1716 1651 1872 1672 erroneae
1895 1652 1935 1673 ac
1957 1642 2131 1673 damnatae
2153 1644 2193 1674 ab
2216 1645 2375 1683 Ecclesia,

1308 1690 1363 1714 aut
1385 1684 1513 1714 alienae
1535 1694 1555 1714 a
1579 1686 1740 1715 communi
1757 1686 1934 1717 Doctorum
1949 1697 2056 1717 sensu.
2072 1687 2164 1718 Edita
2181 1689 2218 1718 ab
2242 1689 2304 1720 hoc
2320 1699 2376 1720 au-

1308 1734 1393 1758 ctore
1417 1727 1583 1768 Opuscula
1614 1739 1711 1759 nemo
1743 1730 1842 1761 nescit
1872 1731 2046 1771 proscripta
2070 1731 2165 1762 fuisse
2189 1743 2207 1762 a
2230 1733 2377 1765 Romana

1307 1782 1332 1802 s,
1357 1771 1461 1803 Officii
1486 1772 1741 1813 Congregatione
1765 1781 1796 1805 et
1814 1775 2021 1816 Inquisitione
2045 1776 2230 1816 Hispanica:
2255 1778 2377 1817 plures-

1306 1826 1369 1857 que
1392 1816 1457 1846 iam
1480 1824 1623 1856 prostant
1642 1827 1659 1847 a
1679 1818 1868 1849 doctissimis
1886 1820 1959 1850 viris
1979 1820 2147 1851 adornatae
2165 1821 2329 1853 vindiciae.

1374 1861 1426 1891 111.
1450 1861 1502 1891 Ad
1525 1871 1690 1892 censuram
1713 1863 1920 1894 Parisiensem
1942 1864 2022 1894 redit
2045 1874 2160 1903 sermo,
2178 1875 2196 1895 a
2212 1865 2372 1906 Stephano

1305 1905 1457 1945 Tempier
1479 1905 1641 1946 Episcopo
1664 1906 1772 1944 latam,
1797 1917 1834 1938 ex
1856 1918 1920 1949 qua
1942 1908 2134 1939 validissima
2157 1909 2189 1939 in
2204 1910 2371 1950 Aquinatis

1306 1949 1483 1980 doctrinam
1506 1950 1650 1990 depromi
1674 1961 1761 1982 arma
1776 1962 1881 1992 posse,
1898 1953 2019 1992 putavit
2035 1953 2113 1983 olim
2130 1953 2320 1984 Guillelmus
2335 1955 2373 1985 de

1304 1993 1335 2024 la
1357 1994 1454 2032 Mare,
1479 2001 1631 2034 putarunt
1653 1995 1716 2034 alii,
1737 1996 1792 2037 qui
1816 2006 1894 2027 aevo
1909 1997 2054 2038 sequiore
2068 1997 2301 2029 insurrexerunt
2315 1999 2373 2029 ho-

1304 2044 1375 2069 stes.
1400 2038 1574 2077 Vindiciae,
1594 2049 1673 2080 quas
1697 2040 1849 2071 adornare
1872 2041 1958 2079 libet,
1976 2048 2011 2072 ut
2034 2042 2170 2072 modum
2185 2042 2320 2073 habeant
2337 2053 2374 2074 ac

1304 2082 1460 2122 ordinem,
1484 2083 1644 2123 generales
1658 2085 1815 2125 quaedam
1831 2086 2077 2126 praemittendae
2092 2093 2166 2117 sunt
2180 2087 2213 2116 in
2227 2087 2373 2118 eamdem

1304 2137 1469 2158 censuram
1492 2127 1780 2159 animadversiones
1801 2136 1837 2160 ut
1856 2140 2014 2171 quaenam
2028 2130 2082 2160 illa
2101 2130 2205 2169 fuerit,
2221 2141 2284 2172 qua
2300 2132 2373 2172 pol-

1302 2171 1364 2202 leat
1387 2172 1587 2211 auctoritate,
1612 2183 1718 2214 quove
1741 2173 1774 2203 in
1802 2175 1903 2214 pretio
1928 2175 2032 2205 habita
2056 2174 2113 2213 sit,
2137 2175 2300 2215 splendide
2323 2176 2372 2206 in—

1302 2222 1452 2247 notescat.

1368 2263 1415 2291 Ac
1438 2261 1543 2301 primo
1567 2261 1664 2292 totius
1681 2262 1896 2293 Universitatis
1920 2263 2100 2293 Parisiensis
2124 2263 2278 2294 iudicIum
2297 2274 2373 2304 per-

1301 2315 1411 2345 peram
1434 2315 1469 2335 ac
1492 2305 1571 2335 falso
1596 2306 1780 2346 appellatur.
1806 2307 1842 2336 Id
1865 2307 1979 2337 evincit
1994 2307 2223 2347 Dargentraeus
2239 2318 2276 2338 ex
2290 2308 2367 2349 ipsis

1299 2349 1419 2387 litteris,
1443 2359 1522 2390 quas
1546 2350 1632 2380 dedit
1655 2350 1832 2390 Stephanus
1856 2351 2017 2391 Tempier,
2037 2361 2119 2392 quae
2142 2362 2245 2382 unum
2260 2353 2368 2393 ipsum

1299 2393 1482 2424 Antistitem
1505 2404 1541 2424 ac
1563 2394 1642 2424 alios
1666 2395 1839 2425 nonnullos
1863 2395 1896 2425 in
1919 2395 2080 2426 Facultate
2099 2396 2278 2436 theologica
2301 2407 2368 2428 ma-

1298 2437 1411 2477 gistros
1435 2437 1582 2469 exhibent
1600 2448 1748 2469 censurae
1765 2446 1919 2470 auctores.
1936 2440 1971 2470 In
1985 2440 2094 2471 litteris
2109 2441 2196 2481 apud
2210 2441 2367 2472 Bulaeum

1298 2481 1432 2521 vulgatis
1456 2482 1533 2513 haec
1555 2482 1727 2514 habentur:
1752 2484 1821 2514 Nos
1844 2489 1909 2514 tam
1927 2484 2166 2524 praelatorum,
2193 2495 2288 2526 quam
2314 2486 2368 2517 do-

1299 2531 1422 2556 ctorum
1437 2536 1553 2557 sacrae
1565 2527 1712 2568 Paginae
1726 2533 1757 2559 et
1772 2529 1910 2559 aliorum
1920 2529 2119 2569 prudentum
2136 2531 2280 2561 virorum
2297 2540 2370 2561 con-

1297 2571 1379 2601 silio.
1403 2571 1496 2608 Quae
1519 2571 1617 2611 paulo
1641 2572 1730 2602 aliter
1753 2572 1924 2603 efferuntur
1945 2573 2040 2604 verba
2053 2574 2086 2604 in
2101 2584 2176 2605 mss.
2192 2574 2368 2606 Sorbonico

1299 2615 1417 2645 codice:
1441 2615 1511 2646 Nos
1533 2621 1598 2646 tam
1622 2616 1787 2647 doctorum
1810 2627 1926 2648 sacrae
1949 2618 2148 2659 Scripturae,
2173 2629 2268 2660 quam
2288 2619 2367 2650 alio-

1299 2669 1372 2689 rum
1397 2661 1630 2690 communicato
1653 2662 1796 2692 consilio.

1364 2703 1525 2734 Articulus
1548 2714 1645 2744 porro
1678 2706 1814 2736 occurrit
1843 2706 1968 2745 nunus,
1999 2707 2054 2747 qui
2077 2707 2175 2738 veluti
2199 2718 2216 2738 a
2239 2707 2367 2738 Thoma

1297 2747 1429 2778 traditus
1453 2754 1581 2779 notetur
1611 2749 1852 2791 damneturque.
1877 2751 2036 2791 Equidem
2059 2751 2092 2782 in
2116 2752 2266 2792 Stephani
2287 2752 2368 2783 litte-

1298 2792 1338 2822 ris
1362 2802 1452 2823 num.
1474 2792 1511 2823 81
1541 2793 1619 2823 etin
1638 2793 1836 2825 Collectione
1856 2805 1999 2826 errorum
2017 2795 2050 2825 in
2069 2796 2184 2836 Anglia
2200 2803 2230 2826 et
2243 2796 2367 2827 Parisiis

1297 2836 1561 2877 proscriptorum,
1586 2838 1686 2878 capite
1709 2849 1762 2877 vn,
1787 2849 1876 2870 num.
1907 2850 1955 2880 17,
1980 2840 2172 2880 quibusdam
2199 2840 2232 2870 in
2255 2841 2366 2871 editio-

1298 2881 1390 2911 nibus
1410 2881 1506 2911 thesis
1529 2882 1644 2922 legitur
1666 2882 1714 2913 his
1739 2890 1891 2923 concepta
1913 2883 2030 2914 verbis:
2059 2884 2153 2921 Quod
2174 2885 2250 2924 quia
2274 2885 2364 2915 intel-

1297 2926 1452 2966 ligentiae
1475 2936 1538 2956 non
1569 2927 1686 2957 habent
1709 2929 1896 2964 materiam,
1920 2928 2011 2958 Deus
2034 2938 2096 2958 non
2118 2934 2229 2968 posset
2245 2929 2361 2968 plures

1297 2969 1437 3000 eiusdem
1456 2971 1572 3010 speciei
1586 2970 1726 3011 facere:
1744 2977 1857 3002 contra
1870 2971 1924 3012 fr.
1946 2972 2107 3002 Thomam.
2129 2973 2248 3003 Verum
2265 2973 2363 3003 enim-

1297 3023 1391 3052 vero,
1416 3014 1655 3054 diligentissima
1683 3016 1851 3046 collatione
1874 3016 1954 3046 facta
1978 3026 2052 3046 cum
2081 3017 2183 3047 tribus
2205 3016 2364 3048 codicibus

1297 3060 1524 3098 manuscriptis
1543 3059 1721 3097 Sorbonae,
1746 3067 1906 3100 postrema
1934 3060 2099 3090 desiderari
2122 3061 2175 3090 illa
2203 3061 2297 3091 verba
2319 3069 2364 3092 te-

1296 3109 1395 3132 statur
1413 3103 1662 3142 Dargentraeus:
1693 3104 1875 3145 eisdemque
1905 3104 2029 3134 omissis
2053 3104 2192 3135 referunt
2215 3106 2365 3136 eumdem

1296 3146 1466 3177 articulum
1489 3154 1520 3177 et
1543 3148 1725 3187 expendunt
1747 3148 1903 3178 Henricus
1923 3148 1961 3178 de
1986 3148 2138 3179 Gandavo
2154 3149 2306 3186 Quodlib.
2326 3151 2363 3190 II,

1296 3201 1327 3230 q.
1354 3200 1424 3229 v111,
1445 3197 1475 3221 et
1501 3191 1653 3228 Quodlib.
1674 3193 1728 3230 XI,
1748 3202 1778 3233 q.
1799 3203 1821 3230 1,
1845 3199 1876 3223 et
1893 3192 2044 3232 Aegidius
2063 3193 2229 3224 Romanus
2248 3194 2360 3231 Quod-

1295 3234 1348 3264 lib.
1370 3235 1415 3272 II,
1441 3242 1561 3275 quaest.
1587 3245 1641 3266 vn.
1665 3236 1750 3266 Hinc
1780 3236 1975 3267 invidiosum
2004 3237 2083 3267 illud
2111 3237 2362 3268 additamentum

1295 3278 1498 3308 aemulorum
1520 3278 1630 3309 fraude
1654 3286 1684 3310 et
1707 3280 1792 3310 malo
1817 3281 1893 3310 dolo
1917 3281 2048 3321 irrepsit.

1362 3322 1431 3361 Ipse
1454 3322 1650 3362 Stephanus,
1675 3331 1784 3354 auctor
1815 3335 1980 3363 censurae,
2010 3335 2084 3355 cum
2107 3326 2140 3355 in
2168 3325 2361 3365 praefatione

1295 3366 1431 3404 generali
1454 3366 1593 3406 quadam
1615 3367 1731 3398 indicet
1753 3369 1885 3398 notione
1909 3379 1963 3399 eos
1987 3369 2042 3409 qui
2066 3370 2231 3399 damnatos
2247 3369 2359 3400 articu-

1294 3409 1343 3439 los
1367 3409 1576 3448 tradiderunt,
1601 3411 1764 3441 Thomam
1792 3412 1887 3442 etiarn
1909 3413 2103 3452 Aquinatem
2127 3414 2358 3444 accensendum

1294 3453 1390 3483 verbo
1414 3453 1522 3492 nullo,
1550 3454 1668 3484 indicio
1692 3455 1782 3485 nullo
1811 3455 1973 3494 significat.
2002 3457 2057 3486 Ait
2086 3457 2188 3487 enim:
2217 3458 2359 3498 Magna-

1295 3506 1367 3526 rum
1387 3502 1418 3527 et
1434 3498 1586 3537 gravium
1604 3508 1821 3537 personarum
1845 3499 1958 3530 crebra
1975 3501 2105 3541 zeloque
2118 3502 2203 3542 fidei
2221 3511 2357 3533 accensa

1296 3541 1472 3571 insinuavit
1497 3542 1611 3572 relatio
1637 3542 1722 3582 quod
1745 3544 1893 3573 nonnulli
1910 3544 2045 3575 Parisiis
2067 3545 2229 3576 studentes
2252 3547 2284 3576 in
2304 3555 2359 3576 ar—

1295 3584 1388 3622 tibus,
1403 3586 1559 3625 propriae
1571 3585 1748 3626 facultatis
1765 3588 1881 3618 limites
1899 3589 2096 3626 excedentes,
2116 3590 2269 3630 quosdam
2289 3600 2359 3620 ma·

1297 3628 1430 3669 nifestos
1453 3635 1484 3660 et
1506 3631 1702 3661 execrabiles
1726 3641 1864 3670 errores,
1885 3633 1948 3663 imo
1961 3634 2072 3673 potius
2087 3635 2244 3665 vanitates
2262 3639 2293 3664 et
2308 3635 2359 3665 in-
