2788 4204
326 235 377 272 74

322 306 417 343 sicut
444 298 676 350 necessaria,
712 315 836 351 neque
866 314 1019 351 semper
1047 315 1125 338 non
1153 310 1260 348 sunt,
1296 302 1391 338 sicut

320 355 580 407 impossibilia,
617 356 684 393 sed
713 357 944 405 quandoque
974 363 1061 392 sunt
1094 363 1129 392 et
1158 356 1388 405 quandoque

320 426 399 450 non
419 416 515 448 sunt.
534 410 582 445 Et
599 411 753 447 ulterius
773 411 987 448 manifestat
1006 410 1205 457 quomodo
1222 410 1390 447 similiter

320 479 360 504 se
393 466 531 503 habeat
562 464 601 500 in
636 463 932 501 contradictoriis
968 462 1317 511 enunciationibus;
1353 472 1389 501 et

319 520 408 558 dicit
436 518 539 567 quod
566 519 702 555 harum
733 516 1062 564 mundationum,
1098 530 1195 566 quae
1225 525 1312 554 sunt
1340 519 1387 555 de

319 572 631 620 contingentibus,
662 582 816 608 necesse
838 579 892 607 est
912 570 1016 620 quod
1045 572 1115 608 sub
1137 571 1386 609 disiunctione

319 630 433 666 altera
460 637 548 675 pars
578 624 881 663 contradictionis
902 625 947 661 sit
965 637 1058 662 vera
1085 625 1277 671 vel.falsa;
1307 638 1386 662 non

292 684 296 690 ’
317 690 445 719 tamen
472 683 567 718 haec
585 681 646 717 vel
675 680 735 717 illa
764 679 1024 726 determinate,
1054 679 1121 715 sed
1143 691 1183 715 se
1202 679 1318 716 habet
1337 680 1385 716 ad

316 735 545 773 utrumlibet.
577 735 626 771 Et
651 735 681 771 si
701 733 891 781 contingat
920 733 1024 782 quod
1053 734 1168 770 altera
1186 745 1275 781 pars
1295 745 1384 769 con-

317 789 546 827 tradictionis
575 788 694 837 magis
723 788 769 825 sit
795 799 908 834 vera,
943 788 1038 824 sicut
1066 785 1200 824 accidit
1228 786 1266 823 in
1296 798 1384 822 con-

315 843 542 891 tingentibus
571 855 667 892 quae
690 850 777 880 sunt
803 848 846 878 ut
873 841 911 877 in
939 841 1122 890 pluribuS‚
1153 852 1231 876 non
1254 848 1383 876 tamen

317 908 360 932 ex
394 898 469 933 hoc
503 909 657 936 necesse
694 903 749 933 est
782 895 887 944 quod
928 907 972 932 ex
1012 893 1232 931 necessitate
1268 894 1383 929 altera

316 962 446 987 earum
476 950 721 987 determinate
751 949 797 986 sit
823 961 916 986 vera
943 949 1005 985 vel
1033 948 1135 984 falsa.

365 1091 392 1125 η)
412 1092 472 1116 Non
487 1091 618 1123 contingit
632 1091 658 1115 in
667 1090 772 1123 futuris
787 1096 854 1122 quae
862 1091 977 1121 possunt
990 1095 1045 1113 esse
1059 1091 1086 1112 et
1099 1095 1149 1112 non
1164 1094 1227 1112 esse.
1237 1100 1256 1104 —
1266 1087 1323 1111 Non
1338 1087 1384 1111 abs

312 1127 406 1152 re-erit
420 1127 543 1151 nonnulla
564 1127 605 1151 hic
629 1126 722 1150 addere
742 1125 767 1149 in
793 1125 970 1150 defensionem
994 1123 1147 1148 Aristotelis.
1172 1123 1286 1147 Dubium
1306 1130 1384 1154 gene-

313 1164 365 1188 rale
389 1163 552 1196 propositum
575 1167 642 1187 erat:
666 1162 761 1186 Utrum
787 1161 812 1185 in
838 1159 1066 1186 enunciationibus
1085 1159 1265 1191 singularibus
1291 1159 1323 1183 de
1335 1159 1383 1191 fu-

313 1203 374 1224 turo
399 1199 424 1223 in
445 1198 558 1223 materia
582 1197 746 1230 contingenti
771 1204 872 1222 necesse
890 1196 925 1220 sit
944 1195 1015 1228 quod
1034 1194 1209 1220 determinate
1229 1202 1282 1219 una
1301 1201 1382 1226 oppo-

312 1235 424 1259 sitarum
443 1234 479 1258 sit
498 1241 568 1261 vera,
588 1237 614 1258 et
627 1234 714 1258 altera
726 1233 802 1266 salsa
816 1231 884 1265 (lect.
898 1238 951 1260 xm,
968 1239 992 1255 n.
1008 1230 1045 1264 6).
1060 1230 1107 1255 Cui
1123 1229 1201 1255 dubio
1225 1237 1381 1263 responsum

313 1275 351 1294 est
376 1269 501 1301 negative.
515 1269 589 1294 Ratio
604 1269 724 1293 indirecta
743 1269 790 1293 fuit
802 1268 881 1300 quod,
897 1266 980 1299 posita
995 1266 1208 1291 determinatione
1226 1265 1340 1290 veritatis
1355 1266 1381 1290 in

312 1307 431 1330 alterutra
450 1312 479 1329 ex
505 1304 624 1337 praefatis
644 1304 873 1334 enunciationibus,
899 1302 1071 1334 contingentia
1096 1307 1121 1326 et
1147 1302 1249 1326 libertas
1274 1301 1380 1325 omnino

311 1342 474 1370 tollerentur;
494 1340 558 1364 ratio
572 1348 634 1364 vero
648 1340 742 1364 directa
757 1340 817 1372 quia
837 1347 888 1363 non
904 1339 997 1363 eodem
1017 1337 1096 1361 modo
1111 1345 1140 1361 se
1154 1337 1232 1361 habet
1246 1337 1339 1361 veritas
1355 1337 1380 1361 in

311 1376 402 1401 suturis
422 1376 573 1400 necessariis
592 1381 617 1400 et
636 1375 854 1407 contingentibus:
871 1374 931 1406 quia
950 1374 992 1398 illa
1007 1377 1067 1397 sunt
1082 1373 1250 1397 determinata
1269 1373 1300 1396 ad
1320 1380 1380 1397 esse

312 1412 337 1436 in
353 1412 406 1436 suis
422 1411 513 1442 causis,
527 1412 573 1436 sed
593 1411 764 1442 contingentia
783 1411 868 1435 futura
888 1417 972 1441 neque
992 1408 1016 1432 in
1037 1415 1073 1438 se,
1093 1407 1154 1440 quia
1174 1415 1225 1432 non
1245 1413 1314 1438 sunt,
1334 1415 1378 1432 ne-

312 1455 363 1479 que
382 1448 408 1472 in
423 1447 477 1471 suis
492 1447 584 1477 causis,
600 1454 666 1479 quae
685 1453 713 1470 se
732 1446 827 1470 habent
846 1445 877 1469 ad
896 1443 1059 1473 utrumlibet,
1079 1448 1140 1467 sunt
1158 1443 1241 1474 magis
1258 1443 1379 1467 determi—

311 1489 369 1508 nata
383 1483 415 1507 ad
434 1486 532 1507 statum
553 1481 707 1511 existentiae,
722 1489 801 1513 quam
822 1481 853 1505 ad
872 1483 972 1505 statum
994 1478 1215 1503 non—existentiae
1235 1475 1285 1511 (Cf.
1300 1486 1379 1510 supra

311 1523 364 1543 not.
383 1517 425 1552 γ).
451 1518 536 1548 Quam
560 1516 704 1541 Aristotelis
731 1516 870 1540 doctrinam
895 1514 1058 1548 amplectitur
1079 1514 1186 1538 omnino
1210 1521 1231 1537 s-
1246 1513 1377 1545 Thomas,

311 1562 422 1586 eamque
440 1558 508 1578 tanta
528 1554 583 1577 luce
602 1552 744 1577 evidentiae
762 1551 893 1584 perfundit
911 1549 1119 1579 commentando,
1133 1554 1162 1574 ut
1176 1549 1284 1573 dubium
1299 1557 1378 1574 omne

311 1590 435 1614 excludat.

363 1625 536 1649 Nihilominus
555 1622 670 1647 nonnulli
689 1622 854 1646 Aristotelem
879 1625 1030 1646 accusarunt
1054 1620 1085 1644 de
1103 1620 1172 1645 laesa
1198 1621 1282 1645 divina
1305 1628 1379 1654 prae-

309 1661 413 1685 scientia
427 1660 512 1693 quoad
525 1659 608 1683 futura
623 1657 794 1689 contingentia
809 1664 834 1683 et
848 1657 935 1682 libera.
955 1656 1034 1681 Aiunt
1048 1656 1130 1681 enim:
1147 1656 1171 1681 id
1187 1657 1256 1688 quod
1272 1665 1324 1681 non
1339 1662 1379 1682 est

310 1696 476 1720 determinate
489 1702 580 1719 verum
593 1694 634 1718 vel
647 1693 749 1724 falsum,
765 1701 815 1718 non
831 1699 871 1719 est
884 1692 1051 1717 determinate
1065 1692 1238 1723 cognoscibile
1250 1690 1321 1725 (quia
1336 1700 1378 1717 co-

309 1731 482 1764 gnoscibilitas
506 1730 622 1762 sequitur
645 1729 774 1753 entitatem
800 1729 856 1764 rei).
877 1728 935 1758 Sed,
959 1728 1027 1752 iuxta
1048 1728 1222 1758 Aristotelem,
1242 1728 1267 1752 in
1287 1728 1378 1754 futuris

308 1766 514 1798 contingentibus
534 1770 654 1790 neutrum
674 1764 853 1797 oppositorum
874 1769 913 1789 est
932 1763 1098 1788 determinate
1111 1771 1202 1788 verum
1218 1764 1259 1788 vel
1275 1763 1377 1788 falsum.

308 1803 378 1834 Ergo
396 1802 546 1826 Aristoteles
562 1808 608 1833 per
622 1800 687 1824 hanc
701 1808 775 1824 suam
791 1800 942 1830 doctrinam,
956 1807 1007 1831 qua
1024 1799 1105 1823 tendit
1119 1799 1150 1823 ad
1166 1799 1287 1824 tuendam
1302 1800 1378 1824 liber-

307 1843 385 1862 tatem
405 1837 524 1867 hominis,
545 1840 620 1868 negat
640 1836 694 1860 Deo
713 1836 845 1860 scientiam
866 1835 1011 1859 futurorum
1031 1834 1240 1866 contingentium,
1254 1840 1280 1859 et
1291 1841 1319 1860 ut
1332 1835 1378 1860 ho-

307 1874 391 1898 mines
404 1873 478 1897 faciat
497 1872 599 1902 liberos,
620 1871 678 1896 facit
697 1871 843 1904 sacrilegos,
859 1871 924 1896 sicut
950 1871 981 1895 de
995 1870 1083 1895 Tullio
1101 1878 1122 1894 s.
1139 1870 1298 1902 Augustinus
1318 1871 1379 1896 dixit

308 1908 367 1942 (De
385 1909 491 1934 civitate
511 1908 570 1935 Dei,
585 1907 628 1931 lib.
643 1907 674 1937 V,
688 1915 741 1939 cap.
758 1915 790 1937 ix,
806 1915 831 1932 n.
848 1906 882 1942 2).

362 1944 429 1974 Quid
448 1944 599 1968 Aristoteles
619 1942 728 1967 senserit
747 1943 779 1967 de
800 1943 861 1973 Deo,
877 1942 985 1974 eiusque
1004 1941 1117 1972 scientia,
1133 1941 1300 1973 providentia,
1321 1950 1377 1967 cae—

306 1980 420 2012 terisque
435 1979 559 2003 attributis
573 1986 625 2003 non
639 1978 796 2010 quaerimus;
811 1977 1051 2011 impraesentiarum
1065 1976 1182 2009 quaestio
1196 1982 1247 2001 tota
1262 1978 1378 2002 consistit

308 2016 334 2040 in
349 2015 412 2040 hoc:
427 2020 512 2039 utrum
528 2022 557 2039 ex
573 2014 708 2047 praecitata
723 2014 850 2038 solutione
863 2014 894 2038 ad
908 2013 1072 2046 propositum
1086 2012 1192 2036 dubium
1211 2013 1242 2037 de
1257 2013 1376 2038 enuncia-

306 2051 418 2076 tionibus
437 2050 609 2081 singularibus
629 2049 661 2073 de
680 2049 764 2073 futuro
784 2049 940 2080 contingenti
960 2048 1046 2072 inferri
1061 2048 1144 2080 possit
1158 2048 1259 2079 negatio
1279 2049 1378 2073 divinae

307 2087 458 2111 eorumdem
478 2085 620 2110 futurorum
639 2085 828 2118 praescientiae.
849 2085 929 2109 Porro
947 2084 1011 2108 haec
1030 2083 1108 2108 illatio
1127 2083 1245 2108 absolute
1262 2085 1377 2115 neganda

307 2127 353 2147 est.
369 2122 434 2146 Nam
454 2129 475 2145 s.
486 2121 602 2145 Thomas
616 2120 722 2153 praefati
742 2120 810 2144 dubii
827 2120 981 2144 solutionem
997 2119 1185 2143 Aristotelicum
1205 2117 1295 2151 (quam
1312 2120 1376 2144 Boe-

306 2157 374 2182 thius
384 2171 404 2175 —
414 2157 460 2181 Ed.
474 2157 493 2181 ΙΙ
510 2157 551 2181 De
566 2156 711 2188 interpret„
727 2163 786 2188 pag.
803 2155 852 2188 375
863 2169 882 2174 -
893 2155 952 2180 dicit
964 2154 1112 2179 firmissima
1127 2160 1153 2179 et
1166 2155 1323 2179 validissima
1337 2162 1377 2179 ar-

306 2192 497 2225 gumentatione
512 2190 685 2223 constitutam)
706 2191 867 2224 amplectitur
879 2198 908 2215 ac
922 2190 1043 2220 defendit,
1063 2190 1115 2214 imo
1128 2190 1220 2215 retinet
1238 2198 1267 2215 ac
1286 2191 1379 2223 probat

306 2229 376 2261 quod
396 2228 417 2252 si
435 2235 510 2252 secus
523 2232 599 2257 esset,
613 2234 707 2259 nempe
726 2227 747 2251 si
766 2228 843 2251 altera
859 2234 889 2251 ex
903 2225 1122 2259 propositionibus
1138 2226 1169 2250 de
1185 2225 1276 2251 futuris
1290 2226 1376 2250 liberis

306 2269 375 2289 esset
393 2263 560 2288 determinate
578 2270 646 2293 vera,
665 2262 752 2287 omnia
767 2270 797 2287 ex
816 2262 968 2287 necessitate
981 2261 1080 2292 fierent,
1097 2266 1122 2286 et
1134 2267 1218 2286 actum
1233 2267 1302 2286 esset
1320 2267 1376 2286 tum

307 2300 338 2324 de
363 2298 533 2329 contingentia
554 2306 649 2327 rerum,
670 2304 725 2323 turn
745 2298 856 2322 maxime
876 2298 907 2322 de
929 2297 1044 2323 libertate
1063 2297 1183 2321 humana.
1207 2297 1270 2327 Imo,
1294 2297 1375 2328 addo,

306 2335 361 2367 ipsa
390 2334 493 2358 libertas
525 2333 609 2358 divina
629 2334 653 2358 in
679 2333 815 2358 discrimen
840 2338 987 2358 vocaretur:
1008 2342 1059 2358 non
1079 2332 1147 2357 enim
1169 2332 1271 2357 libertas
1291 2332 1376 2357 divina

306 2375 345 2394 est
355 2370 387 2394 ad
399 2369 548 2402 oppositum
568 2369 630 2398 eius,
642 2370 711 2401 quod
725 2377 754 2394 ex
767 2369 792 2393 vi
802 2369 926 2393 obiectiva
940 2369 1122 2401 propositionis
1137 2366 1222 2400 (puta:
1233 2368 1375 2400 triangulus

305 2405 383 2430 habet
401 2410 453 2429 tres
473 2405 581 2435 angulos
601 2405 722 2437 aequales
742 2404 844 2428 duobus
864 2403 949 2436 rectis)
970 2410 1010 2429 est
1034 2403 1201 2429 determinate
1224 2411 1324 2428 verum.
1344 2404 1377 2428 Et

306 2440 471 2465 nihilominus
495 2444 597 2464 sanctus
616 2441 711 2464 Doctor
730 2440 923 2472 praescientiam
943 2439 1087 2464 futurorum
1108 2439 1247 2463 liberorum
1272 2444 1375 2464 strenue

306 2481 451 2508 propugnat
471 2474 521 2508 (Cf.
535 2475 591 2499 lect.
604 2483 654 2505 xrv,
675 2483 700 2500 n.
716 2482 748 2499 20
768 2475 844 2507 seq.).
864 2475 971 2506 Signum
992 2481 1031 2500 est
1050 2483 1111 2507 ergo
1131 2475 1200 2507 quod
1216 2482 1246 2499 ex
1265 2474 1375 2499 indeter-

306 2511 445 2535 minatione
469 2510 603 2542 utriusque
618 2511 695 2543 partis
721 2510 925 2534 contradictionis
940 2510 965 2534 in
981 2510 1072 2535 futuris
1093 2510 1179 2534 liberis
1195 2510 1263 2534 haud
1288 2510 1375 2542 sequi-

305 2552 346 2571 tur
371 2546 472 2575 negatio
491 2545 591 2570 divinae
611 2545 807 2578 praescientiae,
828 2546 874 2570 sed
889 2550 997 2577 utraque
1013 2546 1127 2570 coexistit
1142 2544 1192 2577 (Cf.
1204 2545 1373 2570 Ammonium

306 2582 332 2606 in
352 2582 413 2606 Peri
426 2582 517 2610 herm„
537 2586 598 2605 sect.
614 2581 642 2610 ΙΙ,
657 2582 698 2606 De
708 2581 935 2613 propositionibus
954 2589 991 2606 ex
1004 2581 1119 2606 subiecto
1134 2584 1238 2605 rantum
1258 2584 1284 2605 et
1294 2588 1374 2613 prae-

306 2617 395 2642 dicato
413 2616 575 2648 compositis,
591 2616 607 2648 ξ
620 2624 668 2647 vn,
684 2617 729 2641 fol.
747 2624 787 2640 20.
798 2630 817 2634 -
827 2617 873 2640 Ed.
889 2615 950 2648 cin).
962 2631 983 2635 —
993 2617 1091 2641 Deinde
1106 2621 1167 2640 noto
1186 2616 1255 2648 quod
1275 2616 1373 2640 Aristo-

305 2653 369 2677 teles
386 2652 498 2684 loquitur
511 2652 559 2676 hoc
573 2652 630 2676 loco
644 2652 676 2676 de
690 2651 927 2676 indeterminatione
941 2651 1054 2676 veritatis
1067 2652 1092 2675 in
1106 2657 1215 2683 utraque
1226 2657 1297 2683 parte
1312 2659 1373 2675 con-

305 2688 460 2712 tradictionis
474 2688 559 2720 quoad
581 2687 709 2720 praedicta
722 2687 814 2716 futura,
834 2692 889 2711 tum
909 2688 1068 2712 considerata
1087 2687 1170 2711 forma
1190 2686 1373 2719 propositionis

306 2723 479 2754 disiunctivae‚
492 2729 546 2748 tum
560 2723 718 2748 considerata
731 2727 820 2747 natura
834 2722 985 2747 eorumdem
1000 2722 1158 2746 futurorum:
1173 2729 1226 2754 quo
1242 2729 1321 2746 sensu
1336 2721 1373 2746 af-

830 225 949 261 PERI
980 225 1328 262 HERMENEIAS
1358 225 1452 262 LIB.
1475 227 1506 273 Ι,
1538 227 1650 264 CAP.
1673 229 1742 276 IX,
1774 229 1924 267 LECT.
1946 231 2018 267 XV

1504 306 1536 342 5.
1558 306 1706 344 Deinde
1728 320 1816 344 cum
1833 308 1938 346 dicit:
1964 310 2091 351 Quare
2109 310 2349 359 manifestum
2365 316 2420 347 est
2433 317 2514 358 etc„

1447 359 1637 396 concludit
1663 360 1869 410 principale
1889 362 2075 400 intentum
2097 371 2132 400 et
2158 364 2246 401 dicit
2271 364 2516 401 manifestum

1446 423 1527 448 esse
1558 425 1602 449 ex
1630 414 1831 462 praedictis
1861 416 1965 464 quod
1993 429 2072 453 non
2102 425 2157 453 est
2176 429 2331 454 necesse
2352 417 2389 453 in
2410 417 2516 454 omni

1444 477 1581 512 genere
1602 467 1900 506 affirmationum
1922 476 1957 505 et
1972 470 2217 517 negationum
2238 470 2514 519 oppositarum,

1444 519 1600 556 alteram
1631 520 1877 558 determinate
1908 534 1989 560 esse
2017 535 2151 560 veram
2182 531 2218 560 et
2246 525 2402 561 alteram
2432 536 2514 560 esse

1443 571 1594 609 falsam:
1625 574 1713 622 quia
1741 587 1819 611 non
1849 575 1987 613 eodem
2016 576 2135 613 modo
2166 589 2205 613 se
2233 578 2349 614 habet
2375 576 2514 614 veritas

1444 631 1479 660 et
1507 626 1644 664 falsitas
1673 626 1711 664 in
1738 628 1797 665 his
1835 642 1933 677 quae
1963 637 2050 667 sunt
2083 630 2160 667 iarn
2190 631 2236 668 de
2260 629 2450 679 praesenti
2479 637 2515 667 et

1442 678 1480 714 in
1508 679 1567 716 his
1596 692 1694 728 quae
1723 693 1802 718 non
1822 690 1924 729 sunt,
1946 683 2012 720 sed
2031 692 2192 732 possunt
2214 696 2295 721 esse
2314 685 2376 720 vel
2395 684 2415 704 '¹‘
2435 695 2514 720 non

1442 744 1536 770 esse.
1569 733 1645 770 Sed
1672 735 1748 771 hoc
1777 736 1896 772 modo
1926 748 1966 773 se
1994 737 2109 774 habet
2137 738 2175 774 in
2202 736 2388 785 utrisque,
2418 736 2514 773 sicut

1441 786 1584 823 dictum
1602 794 1667 834 est,
1685 787 1774 836 quia
1789 787 1929 826 scilicet
1942 789 1981 826 in
1995 789 2053 826 his
2069 801 2166 837 quae
2183 797 2270 826 sunt
2285 802 2440 826 necesse
2458 797 2513 826 est

1441 839 1688 877 determinate
1719 841 1878 878 alterum
1915 855 1997 879 esse
2025 855 2163 880 verum
2198 850 2234 879 et
2259 843 2419 879 alterum
2448 843 2512 879 fal-

1441 905 1545 930 sum:
1571 894 1676 943 quod
1697 907 1776 932 non
1804 895 1984 944 contingit
2004 896 2043 933 in
2070 896 2202 933 futuris
2233 908 2330 944 quae
2352 903 2514 944 possunt

1439 959 1520 983 esse
1542 954 1578 984 et
1595 960 1674 984 non
1695 961 1776 985 esse
1786 954 1811 985 ⁷¹.
1829 950 1878 986 Et
1897 949 1950 985 sic
1964 951 1984 971 '¹‘
1998 949 2220 986 terminatur
2238 949 2385 998 primus
2405 948 2510 986 liber.

1438 1087 1523 1112 firmat
1547 1094 1572 1113 et
1597 1089 1689 1113 merito
1714 1089 1783 1114 illam
1809 1089 2075 1115 indeterminationem
2099 1098 2157 1115 esse
2182 1090 2288 1115 omnino
2307 1095 2412 1115 certam.
2431 1090 2509 1123 Atqu·

1438 1123 1605 1148 manifestum
1625 1129 1664 1148 est
1683 1125 1789 1149 alteram
1810 1125 2014 1150 contradictionis
2033 1130 2133 1158 partem
2153 1126 2221 1150 haud
2245 1125 2366 1158 cognosci
2391 1133 2477 1158 neque
2496 1133 2511 1150 a

1438 1159 1514 1183 nobis
1533 1167 1618 1192 neque
1637 1168 1651 1184 a
1671 1160 1733 1191 Deo,
1754 1160 1802 1185 nisi
1821 1161 1963 1185 secundum
1987 1161 2058 1186 illam
2077 1162 2276 1186 obiectivitatem
2295 1162 2336 1185 vel
2359 1161 2508 1192 veritatem,

1437 1202 1515 1227 quam
1540 1203 1570 1219 ex
1589 1203 1618 1220 se
1640 1195 1726 1220 habet.
1746 1196 1838 1226 Quoad
1858 1204 1886 1221 se
1911 1202 1997 1221 autern
2019 1197 2096 1221 habet
2114 1197 2247 1221 veritatem
2267 1202 2292 1221 et
2310 1196 2510 1222 obiectivitatem

1436 1230 1603 1255 solummodo
1622 1231 1824 1256 indeterminate.
1847 1232 1916 1264 Ergo
1940 1232 2042 1256 nonnisi
2061 1232 2256 1257 indeterminate
2279 1233 2358 1258 altera
2383 1232 2510 1257 contradi-

1436 1265 1526 1290 ctionis
1540 1274 1600 1298 pars
1614 1266 1645 1291 de
1659 1267 1745 1291 futuro
1758 1267 1913 1299 contingenti
1927 1273 1967 1292 est
1980 1267 2160 1300 cognoscibilis
2174 1273 2199 1292 et
2211 1268 2387 1299 cognoscitur:
2400 1267 2421 1292 si
2432 1275 2508 1292 secus

1435 1306 1517 1332 esset,
1543 1309 1638 1334 nempe
1662 1302 1684 1326 si
1709 1307 1738 1327 ut
1762 1303 1960 1328 determinatum
1985 1308 2183 1335 cognosceretur
2211 1303 2280 1335 quod
2310 1303 2509 1328 determinatum

1435 1344 1486 1361 non
1506 1342 1553 1368 est,
1573 1345 1648 1362 mens
1667 1338 1692 1362 in
1712 1346 1760 1362 sua
1779 1338 1924 1371 cognitione
1943 1338 2080 1363 falleretur.

1488 1372 1547 1402 Sed,
1567 1373 1658 1397 dicitur
1676 1373 1702 1397 in
1721 1374 1828 1406 allegata
1844 1374 1996 1405 obiectione,
2017 1374 2042 1399 id
2062 1374 2132 1406 quod
2152 1381 2204 1398 non
2223 1379 2262 1398 est
2281 1374 2450 1399 determinate
2461 1381 2507 1399 ve-

1433 1415 1491 1432 rum
1511 1408 1552 1432 vel
1572 1407 1675 1439 falsum,
1694 1416 1746 1433 non
1765 1414 1805 1434 est
1825 1409 1992 1434 determinate
2011 1410 2193 1441 cognoscibile.
2214 1410 2246 1434 Et
2264 1409 2313 1434 hoc
2333 1410 2507 1441 concedimus,

1433 1443 1493 1475 quia
1513 1448 1552 1467 est
1570 1443 1712 1476 propositio
1732 1445 1837 1469 evidens
1857 1452 1887 1469 ex
1906 1445 2030 1469 terminis.
2050 1445 2116 1469 Cum
2136 1451 2222 1470 autem
2242 1445 2410 1476 subsumitur,
2423 1453 2506 1478 oppo-

1433 1479 1542 1503 sitorum
1562 1478 1706 1503 futumrum
1721 1479 1860 1505 liberorum
1874 1485 1994 1505 neutrum
2008 1481 2075 1506 iuxta
2087 1481 2253 1506 Aristotelem
2267 1488 2326 1505 esse
2339 1481 2507 1506 determinate

1432 1521 1524 1538 verum
1543 1515 1583 1538 vel
1603 1514 1712 1545 falsum3
1733 1520 1758 1539 et
1776 1515 1801 1539 id
1825 1516 1902 1540 etiam
1921 1516 2102 1545 concedimus,
2122 1517 2266 1541 dummodo
2285 1517 2389 1541 sistatur
2407 1517 2432 1541 in
2451 1517 2507 1542 sola

1433 1549 1637 1574 consideratione
1657 1555 1761 1575 naturae
1781 1555 1806 1575 et
1824 1551 1916 1576 obiecti
1935 1551 2118 1584 propositionis
2138 1552 2276 1584 singularis
2296 1553 2328 1577 de
2346 1552 2432 1576 futuro
2445 1560 2507 1577 con-

1431 1585 1546 1618 tingenti,
1564 1591 1592 1610 ut
1611 1585 1652 1610 hic
1670 1593 1749 1618 supra
1767 1586 1919 1618 explicatum
1939 1591 1987 1611 est.
2007 1587 2066 1617 Quo
2086 1587 2178 1619 posito,
2198 1595 2323 1620 negamus
2343 1595 2507 1619 consequens

1432 1626 1457 1645 et
1476 1621 1686 1653 consequentiam
1707 1621 1824 1645 eiusdem
1852 1621 2011 1646 obiectionis.
2032 1622 2064 1646 Et
2083 1630 2172 1646 revera
2196 1622 2221 1647 id
2246 1623 2316 1655 quod
2336 1628 2375 1647 est
2396 1623 2506 1648 indeter-

1432 1656 1527 1681 minate
1546 1664 1646 1687 verum,
1659 1657 1748 1689 procul
1765 1657 1843 1681 dubio
1862 1665 1913 1681 non
1933 1662 2019 1690 potest
2037 1658 2159 1689 cognosci
2178 1662 2205 1682 ut
2223 1665 2315 1682 verum
2330 1658 2506 1683 determinate.

1432 1692 1483 1716 Sed
1502 1692 1526 1716 id
1546 1692 1617 1724 quod
1636 1697 1675 1717 est
1693 1693 1779 1724 quoad
1798 1700 1827 1717 se
1846 1692 2040 1718 indeterminate
2058 1701 2158 1723 verum,
2185 1698 2271 1726 potest
2289 1693 2393 1718 aliunde
2411 1693 2507 1718 habere

1433 1727 1685 1757 determinationem
1699 1727 1765 1752 sicut
1777 1728 1885 1753 studere
1896 1729 1937 1752 vel
1951 1736 2002 1753 non
2016 1729 2124 1754 studere
2140 1733 2179 1753 est
2192 1729 2254 1761 quid
2266 1728 2505 1760 indeterminatum;

1432 1768 1457 1787 et
1469 1768 1556 1788 tamen
1569 1764 1720 1788 alterutrum
1734 1768 1820 1795 potest
1839 1764 2000 1788 determinari
2020 1765 2106 1797 quoad
2123 1772 2166 1789 me
2185 1772 2215 1789 ex
2234 1772 2292 1789 mea
2310 1765 2450 1790 voluntate.
2470 1765 2506 1790 lta

1432 1803 1472 1823 est
1494 1799 1526 1823 de
1554 1799 1646 1824 futuris
1670 1799 1876 1831 contingentibus
1900 1799 1925 1823 in
1949 1799 2039 1824 ordine
2063 1800 2095 1824 ad
2119 1800 2231 1824 divinam
2255 1800 2437 1832 cognitionem.
2460 1800 2506 1826 Illa

1431 1839 1492 1858 sunt
1510 1840 1565 1859 tum
1589 1841 1626 1859 ex
1643 1841 1671 1859 se
1697 1839 1753 1859 tum
1772 1834 1797 1859 in
1817 1835 1871 1859 suis
1891 1835 1975 1859 causis
1995 1835 2118 1868 proximis
2140 1835 2334 1860 indeterminate
2360 1835 2444 1860 futura
2463 1836 2505 1860 vel

1432 1878 1484 1894 non
1499 1869 1597 1900 futura;
1611 1875 1636 1894 et
1649 1875 1735 1894 tamen
1755 1870 1824 1894 Deus
1838 1870 1923 1895 futura
1936 1870 2015 1895 libera
2029 1871 2196 1895 determinate
2209 1871 2349 1903 cognoscit,
2363 1878 2415 1895 non
2428 1871 2503 1903 quasi

1433 1905 1600 1930 determinate
1612 1913 1642 1930 ex
1656 1913 1684 1930 se
1696 1906 1737 1930 vel
1757 1913 1787 1930 ex
1807 1906 1892 1930 causis
1911 1906 2033 1939 proximis
2053 1906 2112 1937 sint,
2133 1907 2179 1931 sed
2192 1906 2252 1939 quia
2271 1914 2331 1931 curn
2351 1906 2505 1931 determina-

1432 1941 1492 1965 bilia
1511 1941 1575 1972 sint,
1596 1940 1798 1965 determinantur
1816 1949 1830 1965 a
1845 1941 1915 1972 Deo,
1933 1941 1989 1974 qui,
2003 1946 2032 1966 ut
2046 1941 2190 1966 audivimus
2205 1950 2219 1966 a
2233 1949 2254 1966 s.
2265 1941 2376 1971 Thoma,
2396 1947 2436 1966 est
2454 1949 2501 1975 per

1432 1985 1461 2001 se
1480 1984 1556 2001 causa
1574 1976 1692 2001 omnium
1711 1984 1778 2009 quae
1791 1976 1816 2000 in
1829 1976 1878 2001 hoc
1894 1978 1991 2001 mundo
2010 1977 2135 2008 accidunt,
2146 1982 2179 2007 et,
2190 1982 2259 2002 extra
2271 1977 2390 2002 ordinem
2405 1977 2503 2002 entium

1432 2012 1560 2042 existens,
1580 2017 1621 2036 est
1647 2019 1724 2036 causa
1749 2011 1908 2044 profundens
1937 2017 2020 2037 toturn
2039 2020 2085 2037 ens
2105 2017 2130 2037 et
2152 2020 2244 2037 omnes
2268 2012 2322 2037 eius
2349 2012 2503 2038 differentias

1431 2047 1500 2082 (lect.
1513 2055 1562 2078 xw,
1576 2055 1601 2071 n.
1619 2046 1672 2080 22).
1692 2047 1726 2072 Ut
1749 2047 1900 2072 Aristoteles
1920 2047 1974 2072 iure
2002 2053 2164 2072 accusaretur
2183 2049 2214 2073 de
2234 2049 2303 2073 laesa
2323 2048 2409 2072 divina
2428 2055 2504 2081 prae-

1431 2083 1536 2108 scientia
1551 2083 1704 2113 fururorum,
1718 2083 1881 2116 probandum
1892 2089 1962 2108 esset
1975 2083 2057 2108 futura
2070 2083 2157 2113 libera,
2171 2089 2310 2116 antequam
2320 2082 2389 2113 fiant,
2403 2083 2504 2116 abipso

1431 2119 1511 2143 fuisse
1530 2123 1627 2143 asserta
1647 2118 1842 2143 indeterminata
1863 2118 1889 2142 in
1908 2118 2001 2151 seipsis
2021 2124 2046 2143 et
2064 2118 2090 2143 in
2110 2118 2194 2143 causis
2217 2118 2339 2151 proximis
2358 2116 2441 2152 (quod
2464 2123 2505 2144 est

1430 2153 1533 2189 verum)
1554 2159 1579 2179 et
1597 2153 1826 2179 indeterminabilis
1844 2158 1922 2186 atque
1941 2154 2135 2179 indeterminata
2154 2154 2204 2178 alio
2228 2154 2322 2187 quovis
2345 2154 2433 2179 modo.
2452 2154 2504 2179 Sed

1431 2190 1463 2215 de
1476 2190 1524 2215 hac
1543 2190 1656 2214 secunda
1670 2195 1742 2222 parte
1757 2197 1808 2214 non
1821 2194 1911 2214 tractat
1925 2189 1980 2221 ipse
1995 2189 2019 2214 in
2037 2189 2178 2222 praesenti;
2199 2189 2259 2222 quia
2273 2189 2376 2214 nonnisi
2396 2189 2428 2214 de
2442 2197 2503 2222 pro-

1430 2225 1610 2258 positionibus,
1625 2225 1745 2257 spectatis
1759 2225 1872 2257 ipsarum
1890 2230 1979 2249 natura
1998 2230 2023 2250 et
2041 2225 2150 2255 obiecto,
2170 2225 2205 2249 illi
2225 2230 2264 2250 est
2279 2232 2380 2250 sermo:
2400 2232 2503 2258 nempe,

1430 2266 1458 2286 ut
1472 2261 1576 2286 brevius
1590 2261 1681 2291 dicam,
1696 2260 1809 2293 loquitur
1828 2261 1860 2285 de
1879 2260 2100 2285 determinatione
2119 2260 2144 2285 in
2164 2260 2242 2293 priori
2261 2268 2340 2285 sensu
2354 2268 2433 2293 quam
2447 2268 2502 2286 me-

1430 2297 1478 2321 rito
1498 2302 1585 2328 negat;
1606 2304 1657 2320 non
1677 2296 1791 2328 loquitur
1810 2296 1842 2320 de
1861 2296 2112 2321 determinabilitate
2131 2303 2217 2328 neque
2236 2296 2268 2321 de
2281 2295 2503 2322 determinatione

1430 2332 1455 2356 in
1475 2333 1556 2357 altero
1575 2339 1665 2362 sensu,
1681 2331 1740 2364 quia
1755 2339 1806 2356 non
1822 2336 1862 2356 est
1880 2332 1911 2356 ad
1926 2331 2097 2364 propositum.
2113 2332 2153 2356 Ad
2166 2339 2221 2356 rem
2236 2332 2370 2364 Sylvester
2383 2331 2501 2356 Maurus:

1431 2377 1444 2391 α
1457 2367 1594 2398 Quaeritur
1612 2375 1644 2392 an
1660 2366 1724 2391 haec
1741 2366 1886 2391 Aristotelis
1907 2366 2020 2392 doctrina
2039 2367 2071 2392 sit
2089 2375 2162 2398 vera,
2183 2367 2225 2392 vel
2245 2374 2351 2392 erronea
2370 2372 2396 2392 et
2414 2371 2503 2392 contra

1431 2413 1444 2426 s
1461 2402 1761 2435 fidem?—Responde0‚
1781 2402 1851 2435 quod
1877 2402 1897 2426 si
1917 2402 1950 2427 ita
1969 2402 2132 2434 intelligatur,
2158 2408 2187 2427 ut
2205 2407 2282 2434 neget
2300 2403 2387 2427 solum
2405 2409 2502 2435 propo-

1431 2448 1444 2461 »
1461 2439 1567 2463 sitiones
1587 2439 1619 2463 de
1638 2438 1724 2462 futuro
1743 2438 1899 2469 contingenti
1919 2438 2014 2463 habere
2033 2439 2065 2463 de
2079 2438 2208 2470 praesenti
2226 2438 2361 2463 veritatem
2381 2437 2501 2463 determi-

1431 2483 1444 2497 »
1461 2480 1547 2499 natam
1562 2473 1710 2498 naturaliter
1729 2473 1753 2498 in
1772 2473 1851 2498 rebus
1871 2473 1969 2504 cremia,
1990 2478 2030 2498 est
2047 2481 2120 2504 vera;
2140 2473 2161 2498 si
2181 2478 2267 2498 autem
2286 2473 2319 2498 ita
2338 2473 2501 2505 intelligatur,

1430 2519 1444 2533 »
1460 2515 1488 2534 ut
1506 2514 1583 2540 neget
1602 2510 1665 2534 tales
1685 2509 1875 2542 propositiones
1894 2508 1990 2533 habere
2008 2509 2141 2533 veritatem
2164 2508 2359 2534 determinatam
2379 2508 2455 2534 etiam
2474 2508 2502 2533 in

1429 2554 1443 2568 a>
1459 2545 1564 2570 scientia
1589 2544 1686 2575 divina,
1712 2550 1790 2577 atque
1815 2544 1840 2568 in
1865 2544 2104 2576 supernaturalibus
2128 2544 2335 2574 revelationibus,
2362 2548 2402 2568 eat
2426 2543 2500 2574 falsa,

1430 2590 1443 2604 2
1460 2586 1546 2605 contra
1565 2579 1658 2610 fidem,
1678 2585 1703 2604 et
1720 2579 1799 2612 impia
1815 2588 1829 2602 ι»
1854 2580 2016 2612 (Aristotelis
2035 2586 2143 2611 opera...
2166 2579 2309 2606 illustrata,
2333 2584 2396 2604 tom.
2416 2579 2438 2610 1,
2459 2578 2501 2604 De

1429 2615 1655 2647 interpretatione,
1671 2615 1714 2639 lib.
1730 2615 1747 2644 l,
1765 2622 1820 2647 cap.
1839 2622 1873 2643 vt,
1893 2622 1951 2647 pag.
1967 2622 2009 2648 79,
2025 2622 2080 2647 seq.
2090 2628 2110 2632 —
2120 2615 2220 2639 Romae
2243 2612 2329 2648 1668).
2343 2614 2426 2638 Huius
2445 2614 2500 2638 Au-

1428 2651 1504 2676 ctoris
1519 2650 1660 2675 sententiae
1675 2655 1715 2675 est
1733 2650 1963 2680 subscribendum,
1978 2655 2004 2674 at
2015 2657 2067 2674 non
2083 2650 2114 2674 de
2128 2649 2350 2682 propositionibus
2365 2649 2397 2673 de
2412 2648 2499 2674 futuro

1428 2686 1584 2717 contingenti
1603 2685 1628 2710 in
1647 2685 1737 2710 ordine
1756 2685 1787 2709 ad
1811 2685 1943 2710 scientiam
1963 2685 2084 2715 divinam,
2108 2685 2155 2710 sed
2174 2685 2206 2709 de
2225 2684 2324 2709 eisdem
2333 2683 2501 2719 ‘propositio-

1428 2721 1503 2746 nibus
1523 2721 1549 2745 in
1568 2720 1660 2753 seipsis
1679 2720 1845 2745 consideratis
1865 2720 1978 2753 loquitur
1996 2720 2132 2745 manifeste
2150 2719 2303 2745 Aristoteles
2321 2719 2371 2744 hoc
2390 2720 2456 2744 loco.

2541 686 2550 696 ⁸
2567 692 2593 707 a:
2604 688 2627 708 et
2636 692 2683 708 non
2693 693 2756 709 ene.

2539 961 2548 970 '¹
2557 965 2599 981 ac:
2615 935 2677 982 εεηίη
2691 960 2744 982 hoc·
