2788 4204
70 374 130 393 ἐς.
141 372 224 400 plures
236 373 279 392 ter*

67 398 132 420 mini.

64 586 75 594 ·
87 590 141 606 cue:
152 584 245 606 multae.

65 742 75 750 ·
85 740 113 762 tc
126 748 131 762 :
152 740 232 762 oratio
253 746 278 761 e-

64 767 200 788 nunciativa
211 768 248 788 est
256 773 279 788 u·-

64 799 105 820 na,
116 799 177 821 quae
187 797 230 815 etc.

62 1271 171 1294 ‘cudda
188 1271 277 1298 absque

59 1288 205 1346 me

59 1692 276 1747 mwffae'igr‘ci.

129 1750 186 1779 quid
195 1750 273 1776 (Cous.

60 1757 118 1799 texnt.
128 1783 202 1805 graec.
205 1778 219 1803 ).

61 1806 159 1829 ‘Codd.
174 1810 196 1829 et
206 1807 274 1829 edd.-

20 1838 25 1844 ·
55 1839 92 1855 z:
107 1834 218 1855 etmulta.

147 2169 182 2205 n

1125 283 1235 320 CAP.
1266 284 1369 331 VIII,
1400 286 1550 323 LECT.
1580 287 1666 323 VIII

307 373 395 397 curn
426 368 621 409 ponuntur
647 361 792 409 plura*
810 361 848 397 in
877 361 1046 398 subiecto
1066 363 1128 398 vel
1157 362 1195 398 in
1222 362 1368 421 praedi-

307 421 402 460 cato,
424 426 469 449 ex
498 414 635 462 quibus
672 426 750 449 non
783 414 826 450 fit
859 426 1002 460 unum,
1032 414 1112 451 sive
1147 414 1370 452 interveniat

307 465 521 503 coniunctio
551 466 632 502 sive
657 478 752 512 non;
773 474 865 514 puta
893 467 923 503 si
948 467 1092 513 dicam,
1123 468 1235 503 homo
1263 468 1369 504 albus

306 519 469 556 musicus
491 520 667 566 disputat:
699 526 735 555 et
762 519 930 556 similiter
959 527 1014 556 est
1037 520 1066 556 si
1097 519 1370 567 coniungantur

304 573 432 620 plures
447 572 467 590 ⁴*
483 571 777 618 enunciationes,
794 572 874 608 sive
895 584 983 608 curn
1004 572 1267 608 coniunctione
1289 573 1368 610 sive

306 625 386 661 sine
398 624 680 670 coniunctione3
696 632 737 660 ut
747 625 777 660 si
789 624 926 672 dicam,
939 626 1111 662 Socrates
1122 626 1249 670 currit,
1261 626 1367 662 Plato

305 678 475 725 disputat.
501 678 550 713 Et
568 677 780 714 secundum
795 678 870 714 hoe
885 690 1017 714 sensus
1032 678 1173 714 litterae
1194 685 1249 714 est
1264 679 1368 726 quod

306 729 518 767 enunciatio
541 731 646 766 una*
666 738 721 767 est
735 730 807 777 illa,
830 743 927 779 quae
947 742 1068 767 unum
1085 731 1131 767 de
1151 743 1229 767 uno
1259 732 1367 778 signi-

305 784 404 830 ficat,
425 795 504 819 non
533 784 658 819 solum
687 783 717 819 si
746 782 791 820 sit
819 783 995 831 simplex,
1024 783 1091 820 sed
1125 783 1237 820 etiam
1266 784 1296 820 si
1325 785 1370 820 sit

306 835 571 872 coniunctione
599 849 687 873 una.
709 837 758 873 Et
786 836 954 873 similiter
978 836 1259 873 enunciationes
1286 838 1368 885 plu-

305 901 364 925 res
393 889 568 926 dicuntur
587 902 686 938 quae
708 891 818 938 plura
845 898 880 926 et
905 901 983 926 non
1002 902 1123 926 unum
1144 889 1368 936 significant:

296 954 382 982 ¹non
403 943 528 978 solum
549 942 703 991 quando
724 943 974 991 interponitur
993 942 1117 991 aliqua
1141 942 1367 989 coniunctio,

304 995 366 1032 vel
395 995 491 1032 inter
509 996 665 1032 nomina
693 997 756 1033 vel
775 997 906 1043 verba,
927 996 990 1033 vel
1011 995 1123 1031 etiam
1147 995 1242 1031 inter
1269 995 1369 1043 ipsas

308 1048 609 1094 enunciationes;
649 1049 716 1085 sed
749 1049 862 1086 etiam
899 1049 930 1085 si
962 1048 1023 1084 vel
1050 1048 1367 1093 inconiunctione,

303 1101 400 1138 idest
428 1101 572 1150 absque
601 1101 726 1149 aliqua
744 1101 963 1150 interposita
982 1100 1247 1137 coniunctione
1261 1101 1370 1148 plura

305 1153 498 1201 significat,
527 1155 589 1191 vel
619 1154 707 1202 quia
737 1162 792 1191 est
810 1167 931 1191 unum
952 1165 1095 1190 nomen
1110 1153 1368 1200 aequivocum.

304 1207 423 1242 multa
437 1206 651 1254 significans
661 1213 691 1254 ω,
703 1208 765 1244 vel
781 1208 869 1256 quia
883 1213 1077 1255 ponuntur
1090 1206 1199 1253 plura
1214 1205 1371 1242 nomina

304 1259 448 1307 absque
469 1260 733 1296 coniunctione
749 1262 780 1306 ὓ,
806 1273 851 1296 ex
871 1271 1036 1308 quorum
1057 1258 1272 1305 significatis
1291 1270 1370 1294 non

303 1312 345 1348 fit
371 1324 514 1358 unum;
543 1320 585 1349 ut
613 1313 642 1349 si
668 1313 807 1359 dicam,
830 1314 942 1349 homo
968 1312 1074 1348 albus
1098 1312 1371 1360 grammaticus

246 1399 275 1407 s
294 1365 453 1414 logicus
459 1374 461 1376 ’
475 1366 602 1402 currit.

363 1419 420 1455 15.
443 1419 521 1455 Sed
539 1419 635 1455 haec
655 1418 839 1467 expositio
860 1430 938 1454 non
962 1416 1113 1453 videtur
1133 1428 1216 1452 esse
1236 1429 1368 1453 secun-

304 1470 396 1508 dum
425 1471 673 1509 intentionem
693 1470 913 1508 Aristotelis.
936 1470 1065 1506 Primo
1092 1469 1260 1517 quidem,
1282 1470 1370 1518 quia

301 1535 371 1572 per
391 1523 694 1571 disiunctionem,
711 1537 827 1573 quam
843 1523 1057 1571 interponit,
1073 1522 1224 1559 videtur
1243 1522 1369 1559 distin-

302 1588 418 1624 guere
438 1578 534 1615 inter
553 1578 765 1615 orationem
785 1589 906 1614 unum
927 1576 1212 1623 significantem,
1231 1583 1267 1612 et
1286 1588 1369 1612 ora-

301 1630 445 1668 tionem
461 1643 559 1680 quae
584 1639 639 1668 est
659 1631 923 1668 coniunctione
946 1643 1033 1667 una.
1062 1629 1257 1676 Secundo,
1283 1630 1371 1678 quia

303 1696 417 1731 supra
438 1685 458 1705 *
477 1684 620 1721 dixerat
639 1684 743 1733 quod
763 1690 818 1720 est
835 1697 951 1720 unum
971 1684 1159 1731 quoddam
1180 1683 1223 1704 *²⁸²
1241 1689 1277 1719 et
1295 1695 1368 1719 non

302 1738 431 1783 multa,
452 1737 597 1774 animal
612 1737 804 1787 gressibile
823 1738 933 1785 bipes.
956 1736 1074 1783 Quod
1093 1744 1219 1773 autem
1237 1743 1293 1772 est
1308 1748 1370 1772 co-

303 1790 520 1827 niunctione
543 1802 676 1836 unum,
698 1803 776 1827 non
806 1798 861 1826 est
878 1802 1000 1826 unum
1030 1798 1066 1826 et
1094 1802 1171 1826 non
1199 1790 1318 1825 multa
1335 1790 1369 1835 ²¹⁴,

303 1844 370 1881 sed
386 1851 441 1880 est
459 1856 580 1880 unum
601 1856 646 1880 ex
665 1843 802 1880 multis.
820 1844 869 1879 Et
886 1843 973 1879 ideo
994 1842 1129 1879 melius
1147 1842 1299 1878 videtur
1318 1842 1371 1878 di-

304 1896 469 1933 cendum
496 1896 601 1945 quod
624 1897 860 1943 Aristoteles,
882 1895 970 1944 quia
998 1907 1112 1943 supra
1141 1895 1283 1932 dixerat
1308 1895 1371 1931 ali-

303 1961 419 1998 quam
445 1949 750 1986 enunciationem
771 1961 854 1985 esse
878 1961 995 1985 unam
1023 1956 1059 1985 et
1087 1948 1254 1996 aliquam
1282 1961 1393 1985 con--

302 2002 493 2040 iunctione
508 2015 638 2048 unam,
653 2003 734 2039 vult
744 2002 803 2038 hic
817 2001 1053 2038 manifestare
1064 2007 1099 2022 αα
1110 2013 1208 2050 quae
1223 2001 1268 2038 sit
1282 2014 1369 2038 una.

302 2057 352 2093 Et
379 2056 467 2105 quia
495 2068 609 2104 supra
637 2055 780 2092 dixerat
808 2055 912 2103 quod
941 2056 1059 2091 multa
1078 2054 1235 2091 nomina
1260 2055 1371 2091 simul

304 2109 504 2146 coniuncta
519 2116 605 2145 sunt
631 2121 765 2155 unum,
787 2108 882 2145 sicut
895 2108 1040 2145 animal
1052 2107 1247 2157 gressibile
1259 2108 1370 2155 bipes,

305 2162 392 2199 dicit
407 2169 682 2210 consequenter
695 2160 730 2190 ¹³¹⁸
745 2161 851 2211 quod
871 2160 1084 2198 enunciatio
1103 2167 1158 2197 est
1171 2160 1372 2198 iudicanda

302 2227 381 2252 una
395 2227 473 2251 non
489 2227 534 2251 ex
552 2215 694 2251 unitate
714 2214 894 2260 nominis,
917 2214 985 2251 sed
1006 2226 1051 2250 ex
1070 2213 1211 2250 unitate
1232 2213 1370 2261 signifi-

305 2268 387 2314 cati,
405 2268 519 2304 etiam
539 2268 569 2304 si
589 2268 662 2304 sint
685 2268 794 2316 plura
813 2267 972 2304 nomina
997 2279 1095 2315 quae
1119 2278 1241 2303 unum
1262 2267 1371 2314 signi-

305 2321 430 2358 ficent.
443 2321 513 2357 Vel
525 2320 559 2357 si*
570 2321 615 2357 sit
629 2321 755 2369 aliqua
770 2320 983 2357 enunciatio
994 2324 1024 2347 ⁷⁷
1040 2331 1115 2356 una
1136 2332 1233 2367 quae
1253 2320 1372 2356 multa

306 2373 500 2421 significet,
513 2386 591 2410 non
611 2374 681 2410 erit
691 2386 769 2410 una
782 2373 1008 2420 simpliciter,
1024 2372 1092 2409 sed
1108 2372 1372 2409 coniunctione

305 2438 393 2463 una.
415 2427 465 2463 Et
492 2427 704 2463 secundum
733 2427 818 2471 hoc,
846 2427 941 2462 haec
970 2423 1374 2471 enunciatio‚⁴animal

305 2479 499 2528 gressibile
518 2480 618 2527 bipes
637 2485 691 2516 est
708 2479 856 2524 risibile,
884 2491 962 2515 non
983 2486 1038 2515 est
1055 2490 1133 2514 una
1157 2477 1263 2526 quasi
1284 2490 1372 2514 con-

306 2532 497 2568 iunctione
525 2544 621 2579 una,
653 2532 747 2568 sicut
766 2532 804 2568 in
823 2531 947 2580 prima
967 2530 1200 2579 expositione
1222 2530 1371 2567 diceba-

306 2592 382 2632 tur,
412 2585 480 2621 sed
509 2585 597 2633 quia
623 2597 746 2621 unum
775 2584 968 2632 significat.

366 2638 422 2674 16.
453 2638 503 2674 Et
530 2638 618 2686 quia
639 2637 858 2686 oppositum
877 2649 947 2686 per
967 2636 1188 2685 oppositum
1217 2635 1373 2672 manife-

360 2780 391 2815 ω)
412 2781 494 2805 Plura
513 2781 647 2813 significat
667 2779 755 2814 (BCD:
775 2780 919 2813 significem
938 2781 971 2805 Ε·
995 2778 1178 2814 significaret),
1199 2780 1239 2804 vel
1257 2779 1319 2811 quia
1338 2783 1378 2803 est

309 2824 389 2842 unum
409 2823 501 2841 nomen
521 2816 691 2848 aequivocum
711 2817 795 2840 multa
813 2816 968 2848 significans
987 2821 1034 2840 etc.
1053 2816 1124 2839 Haec
1142 2815 1221 2839 verba
1241 2815 1323 2839 multa
1342 2814 1376 2838 si-

307 2852 451 2885 gntficans,
477 2859 545 2883 quae
564 2851 658 2876 desunt
676 2851 777 2881 Pinnae,
802 2851 862 2883 quia
882 2851 956 2876 codd.
979 2851 1133 2875 unanimiter
1151 2850 1253 2881 habent,
1273 2855 1377 2874 nostrae

308 2886 442 2911 adiicimus
457 2886 570 2911 editioni.
583 2887 629 2913 Est
647 2894 734 2911 sermo
756 2887 787 2911 de
801 2887 945 2918 pluralitate
965 2886 1087 2910 orationis
1108 2886 1212 2918 quando
1232 2885 1376 2909 enunciatio

309 2922 409 2953 absque
433 2921 582 2953 interposita
607 2921 785 2946 coniunctione
803 2922 878 2953 plura
903 2920 1039 2953 significat:
1060 2921 1130 2953 quod
1155 2921 1261 2953 quidem
1281 2928 1311 2945 ex
1330 2921 1377 2944 du-

309 2956 366 2989 plici
387 2956 468 2988 capite
488 2957 624 2988 provenire
644 2956 742 2987 dicitur,
762 2964 857 2989 nempe
875 2961 919 2980 aut
937 2957 998 2988 quia
1017 2956 1120 2989 ponitur
1139 2964 1235 2980 nomen
1254 2954 1376 2988 aequivo-

309 2999 370 3016 cum
389 2991 469 3015 multa
488 2990 646 3023 significans,
665 2996 690 3015 et
709 2999 768 3015 cum
788 2992 883 3016 unitate
897 2992 1008 3015 nominis
1028 2991 1136 3015 habetur
1150 2991 1256 3023 pluritas
1275 2991 1376 3024 signifi-

309 3026 458 3054 cationmm
477 3030 521 3050 aut
539 3026 598 3058 quia
616 3031 752 3058 ponuntur.
767 3027 841 3059 plura
860 3027 964 3050 nomina
980 3034 1009 3051 ex
1024 3034 1137 3058 quorum
1156 3025 1303 3057 significatis
1323 3034 1375 3050 non

310 3060 340 3086 fit
352 3068 435 3085 unum
450 3059 629 3092 significatum,
645 3066 670 3086 et
689 3069 749 3085 cum
772 3061 917 3094 pluralitate
940 3062 1076 3086 nominum
1091 3061 1200 3086 habetur
1218 3062 1295 3086 etiam
1317 3062 1375 3094 plu-

311 3096 396 3121 ralitas
423 3094 646 3127 significationum.

365 3130 410 3164 αα)
436 3130 495 3155 Vult
513 3131 556 3155 hic
574 3131 744 3164 manifestare
763 3136 810 3156 etc.
826 3131 928 3155 Codd.-
939 3132 980 3155 P.:
996 3131 1038 3156 hic
1053 3131 1214 3164 manifestat.
1234 3132 1266 3155 Et
1284 3132 1374 3156 imme-

312 3167 379 3191 diate
394 3166 426 3190 C.
441 3169 467 3189 et
485 3165 547 3197 quia
566 3165 618 3190 iam
637 3173 720 3197 supra
738 3166 890 3195 ostendin-
900 3167 957 3191 DE·
973 3170 999 3191 et
1017 3166 1078 3198 quia
1098 3166 1152 3191 iam
1171 3167 1326 3195 ostendit;—
1341 3167 1375 3190 Β;

311 3205 338 3226 et
356 3201 418 3233 quia
436 3207 519 3231 supra
537 3200 661 3225 ostendit.

367 3235 408 3268 ββ)
430 3235 503 3260 Dicit
521 3239 714 3267 consequenter.
734 3236 799 3260 Edd.
818 3236 896 3260 Piana
915 3241 940 3260 et
953 3237 1018 3260 Ven.
1037 3236 1140 3260 habent:
1158 3236 1222 3260 dicit
1239 3237 1375 3261 Commen-

313 3275 386 3296 tator
403 3271 514 3303 Algazel
534 3275 581 3294 etc.
608 3271 658 3295 Sed
679 3271 753 3295 codd.
777 3278 862 3303 neque
884 3272 1081 3296 Commentator
1104 3271 1200 3295 habent
1224 3279 1309 3303 neque
1329 3272 1375 3295 Al-

312 3307 395 3340 gazel,
412 3306 458 3330 sed
473 3305 561 3337 legunt
573 3309 767 3337 consequenter.
778 3307 807 3330 B.
814 3306 936 3330 Albertus
950 3307 1060 3338 Magnus
1072 3306 1118 3330 inl
1133 3306 1195 3330 Peri
1204 3306 1373 3332 hermeneum,

312 3346 385 3366 tract.
399 3341 441 3371 IV,
459 3348 513 3373 cap.
526 3348 553 3371 11,
569 3348 626 3372 pag.
643 3340 693 3364 258
708 3341 756 3365 col.
769 3347 791 3371 2,
810 3341 888 3365 refert
901 3341 1058 3365 Avicennam
1077 3346 1103 3365 et
1120 3342 1269 3372 Algazelem
1288 3341 1355 3365 hac
1350 3349 1374 3364 1n

312 3385 341 3401 re
365 3375 474 3400 Boethio
499 3375 651 3399 consentire.
677 3375 744 3399 Cum
769 3376 842 3400 codd.
869 3383 930 3407 ergo
955 3376 1096 3400 retinemus
1122 3383 1218 3399 nomen
1242 3376 1375 3408 Algazelis

314 3419 373 3437 esse
397 3411 597 3443 expungendum
621 3418 651 3435 ex
675 3410 725 3434 hoc
749 3418 769 3434 s.
784 3410 902 3435 Thon-tae
929 3415 999 3435 textu
1023 3415 1100 3442 atque
1123 3411 1262 3442 legendum
1286 3417 1374 3435 conse-

313 3450 459 3479 quenter.-
471 3446 569 3470 Revera
588 3453 654 3477 quae
673 3445 722 3469 hoc
737 3445 794 3469 loco
808 3445 980 3475 disseruntur,
994 3453 1064 3469 mera
1079 3445 1203 3477 expositio
1218 3450 1278 3469 sunt
1291 3450 1374 3469 textus

313 3481 476 3511 Aristotelici‚
496 3489 574 3513 quem
593 3480 703 3512 longiori
722 3488 842 3504 sermone
861 3480 964 3512 exponit
982 3481 1109 3504 Averroes
1129 3480 1154 3503 in
1169 3480 1223 3504 suis
1243 3488 1375 3504 commen-

312 3517 384 3541 tariis
403 3517 428 3541 in
448 3517 541 3540 librum
556 3516 613 3540 Peri
627 3515 788 3540 hermeneias
803 3515 843 3547 (g.
859 3515 954 3539 Sermo
968 3515 994 3539 in
1009 3515 1157 3539 oratione—
1169 3515 1282 3539 Venetiis
1301 3514 1375 3546 1483.

314 3552 423 3585 Absque
442 3550 538 3585 num.).

367 3587 411 3620 γγ)
439 3587 483 3611 Vel
500 3587 524 3611 si
547 3586 582 3611 sit
606 3585 695 3618 aliqua
719 3585 868 3610 enunciatio
893 3589 939 3609 etc.
960 3585 1122 3617 Adoptamus
1150 3585 1215 3608 hanc
1240 3585 1375 3609 lectionem

313 3622 389 3647 codd.
398 3622 442 3647 BC
453 3630 531 3654 quam
546 3621 656 3646 indicant
666 3621 741 3645 etiam
757 3620 830 3645 codd.
838 3620 909 3644 DE.-
919 3620 984 3644 Edd.
995 3620 1073 3644 Piana
1083 3625 1107 3644 et
1118 3620 1190 3644 Ven.:
1202 3620 1242 3644 vel
1250 3619 1273 3644 si
1286 3620 1376 3652 aliqua

1424 372 1558 411 statur,
1596 373 1870 414 consequenter
1898 365 2060 401 ostendit
2088 377 2185 413 quae
2214 372 2299 401 sunt
2318 366 2337 385 θ’
2356 367 2482 414 plures

1425 418 1721 464 emundationes,
1753 426 1789 454 et
1807 417 1914 466 ponit
1941 417 2038 454 duos
2060 417 2198 454 modos
2216 418 2480 465 pluralitatis.-

1424 470 1573 507 Primus
1603 478 1676 517 est,
1707 471 1812 519 quod
1838 471 1965 519 plures
1995 470 2169 507 dicuntur
2202 470 2482 507 enunciationes

1425 535 1521 570 quae
1531 524 1639 571 plura
1655 523 1873 570 significant.
1888 523 2078 570 Contingit
2092 530 2220 559 autem
2235 523 2360 571 aliqua
2373 524 2482 571 plura

1424 575 1622 622 significari
1642 576 1680 612 in
1696 576 1821 624 aliquo
1841 588 1918 612 uno
1941 575 2148 622 communi;
2165 575 2260 612 sicut
2279 588 2366 612 cum
2384 576 2480 622 dico,

1423 628 1567 664 animal
1602 635 1655 665 est
1685 629 1854 665 sensibile
1873 626 1917 674 ὃὸ,
1949 629 2019 665 sub
2053 629 2127 664 hoc
2160 641 2238 664 uno
2269 628 2480 675 communi,

1424 681 1529 728 quod
1543 689 1599 717 est
1618 681 1767 727 animal,
1784 682 1903 718 multa
1923 681 2169 726 continentur,
2187 689 2223 718 et
2242 689 2370 718 tamen
2388 682 2484 718 haec

1425 733 1635 770 enunciatio
1665 742 1720 770 est
1746 747 1823 770 una
1849 742 1885 770 et
1912 746 1990 770 non
2008 735 2135 781 plures
2152 735 2182 770 ²³².
2195 735 2243 770 Et
2262 734 2348 771 ideo
2381 734 2485 771 addit

1423 791 1459 822 et
1485 798 1558 822 non
1589 787 1834 823 unum-Sed
1854 787 1989 822 melius
2010 794 2065 822 est
2083 794 2124 822 ut
2144 787 2287 823 dicatur
2305 787 2380 823 hoc
2400 799 2482 823 esse

1424 838 1595 875 additum
1623 846 1778 887 propter
1806 839 2077 884 definitionem,
2105 851 2202 887 quae
2226 840 2344 876 multa
2372 840 2481 887 signi-

1424 891 1512 927 ficat
1526 903 1623 939 quae
1639 899 1725 928 sunt
1739 903 1876 927 unum:
1901 899 1936 927 et
1950 891 2011 927 hic
2026 891 2165 928 modus
2178 892 2396 940 pluralitatis
2412 905 2479 941 op·

1423 944 1576 991 ponitur
1594 944 1718 992 primo
1744 943 1866 986 modo
1886 943 2108 980 unitatis*.-
2122 945 2320 981 Secundus
2340 946 2479 982 modus

1423 996 1642 1043 pluralitatis
1671 1003 1735 1042 est,
1758 996 1910 1044 quando
1940 1008 2018 1032 non
2047 997 2171 1033 solum
2200 998 2482 1035 enunciationes

1424 1049 1532 1096 plura
1560 1048 1780 1096 significant,
1811 1048 1879 1084 secl
1908 1048 2020 1084 etiam
2049 1049 2109 1085 illa
2136 1050 2244 1097 plura
2272 1051 2482 1087 nullatenus

1426 1101 1713 1147 coniunguntur,
1737 1108 1773 1137 et
1791 1100 1852 1136 hic
1879 1101 2018 1137 modus
2038 1102 2254 1149 pluralitatis
2279 1104 2483 1151 opponitur

1425 1154 1592 1190 secundo
1622 1154 1740 1190 modo
1769 1153 1918 1189 unitatis
1929 1153 1958 1189 *-
1972 1155 2020 1190 Et
2047 1155 2258 1191 seeundum
2286 1156 2360 1192 hoc
2381 1164 2485 1204 patet

1425 1207 1530 1255 quod
1572 1206 1761 1242 secundus
1798 1206 1937 1242 modus
1975 1206 2124 1242 unitatis
2162 1220 2239 1244 non
2282 1209 2485 1256 opponitur

1424 1259 1548 1307 primo
1570 1258 1688 1295 modo
1709 1258 1938 1307 pluralitatis.
1956 1259 2013 1294 Ea
2032 1267 2158 1295 autem
2180 1272 2276 1308 quae
2300 1273 2378 1297 non
2398 1270 2483 1299 sunt

1425 1312 1620 1360 opposita,
1650 1319 1810 1359 possunt
1837 1311 1947 1347 simul
1979 1323 2070 1348 esse.
2102 1312 2212 1348 Unde
2241 1314 2481 1351 manifestum

1425 1373 1499 1411 est,
1532 1364 1836 1401 enunciationem
1872 1376 1969 1412 quae
2005 1372 2060 1400 est
2092 1377 2169 1401 una
2198 1366 2481 1414 coniunctione,

1425 1431 1507 1454 esse
1537 1418 1649 1454 etiarn
1677 1418 1825 1465 plures:
1845 1418 1972 1465 plures
1992 1418 2011 1436 ⁴⁶
2032 1417 2069 1453 in
2091 1425 2274 1465 quantum
2303 1419 2485 1466 significat

1423 1472 1532 1519 plura
1558 1479 1593 1507 et
1627 1483 1705 1507 non
1733 1482 1865 1507 unum.
1894 1470 2115 1506 Secundum
2143 1471 2217 1506 hoc
2245 1483 2333 1518 ergo
2353 1473 2373 1493 ²¹²
2395 1485 2482 1520 pos-

1424 1537 1556 1561 sumus
1585 1524 1755 1571 accipere
1789 1531 1864 1560 tres
1898 1522 2037 1559 modos
2072 1523 2353 1561 enunciationis.
2381 1526 2484 1562 Nam

1425 1577 1613 1626 quaedam
1643 1584 1698 1613 est
1724 1576 1937 1624 simpliciter
1964 1588 2060 1622 una,
2087 1575 2124 1612 in
2152 1584 2336 1624 quantum
2363 1590 2483 1615 unum

1425 1631 1623 1678 significat3
1640 1629 1830 1678 quaedam
1841 1629 1860 1649 '¹‘
1871 1636 1926 1665 est
1938 1629 2151 1676 simpliciter
2163 1630 2302 1677 plures,
2318 1630 2356 1667 in
2367 1643 2483 1679 quan-

1424 1692 1506 1720 tum
1533 1684 1642 1731 plura
1670 1682 1864 1740 significat,
1886 1681 1953 1717 sed
1982 1689 2037 1718 est
2059 1694 2136 1718 una
2154 1683 2355 1720 secundum
2385 1685 2517 1732 quid,-

1425 1737 1462 1773 in
1483 1743 1666 1785 quantum
1683 1742 1738 1771 est
1753 1734 2016 1771 coniunctione
2035 1747 2128 1780 una;
2150 1735 2378 1783 quaedam*
2399 1742 2519 1774 sunt

1424 1789 1638 1837 simpliciter
1656 1789 1801 1847 plures,
1824 1800 1921 1836 quae
1950 1799 2073 1835 neque
2106 1788 2315 1834 significant
2341 1802 2482 1837 unum,

1426 1855 1550 1891 neque
1580 1841 1844 1878 coniunctione
1873 1840 1997 1898 aliqua
2023 1840 2213 1878 uniuntur.
2236 1841 2326 1878 Ideo
2356 1851 2484 1879 autem

1426 1895 1645 1932 Aristoteles
1666 1901 1827 1943 quatuor
1851 1893 1958 1951 ponit
1984 1901 2019 1929 et
2046 1906 2123 1929 non
2144 1895 2268 1930 solum
2296 1895 2375 1942 tria,
2398 1896 2486 1944 quia

1427 1948 1658 1997 quandoque
1687 1955 1742 1983 est
1771 1945 1981 1983 enunciatio
2015 1947 2157 1994 plures,
2186 1947 2275 1995 quia
2301 1949 2410 1996 plura
2438 1948 2483 1985 si-

1426 2002 1587 2049 gnificat,
1609 2013 1687 2037 non
1707 2008 1834 2037 tamen
1855 2007 1909 2036 est
1924 2000 1943 2018 ὓ
1960 1999 2223 2036 coniunctione
2242 2013 2329 2048 una,
2345 2009 2436 2049 puta
2455 2001 2485 2037 si

1425 2063 1589 2103 ponatur
1616 2054 1667 2090 ibi
1695 2065 1838 2090 nomen
1866 2052 1983 2088 multa
2012 2052 2235 2100 significans.

1485 2121 1497 2144 1
1507 2121 1541 2156 7.
1554 2107 1703 2144 Deinde
1715 2119 1802 2142 cum
1814 2105 2069 2142 dicit:Nomen
2081 2118 2174 2155 ergo
2184 2112 2218 2142 et
2231 2107 2386 2143 verbum
2402 2114 2483 2153 etc„

1426 2161 1590 2197 excludit
1617 2160 1664 2196 ab
1699 2159 1840 2196 unitate
1869 2158 2046 2195 orationis
2081 2171 2214 2195 nomen
2249 2167 2285 2195 et
2316 2161 2482 2196 verbum.

1426 2214 1580 2250 Dixerat
1595 2213 1696 2250 enim
1713 2212 1817 2261 quod
1837 2211 2048 2248 enunciatio
2068 2224 2145 2248 una
2165 2220 2229 2258 est,
2247 2225 2344 2260 quae
2363 2224 2484 2249 unum

1426 2266 1627 2314 significat:
1647 2273 1776 2314 posset
1796 2272 1922 2301 autem
1935 2264 2066 2312 aliquis
2081 2265 2294 2312 intelligere,
2307 2265 2411 2313 quod
2432 2265 2484 2301 sic

1426 2332 1547 2356 unum
1568 2319 1792 2366 significaret
1807 2323 1830 2337 ‘³
1847 2317 1940 2353 sicut
1960 2330 2102 2354 nomen
2123 2325 2159 2354 et
2181 2319 2343 2354 verbum
2362 2330 2483 2354 unum

1427 2372 1647 2419 significant.
1674 2372 1723 2407 Et
1750 2371 1836 2407 ideo
1863 2370 1911 2407 ad
1939 2371 2013 2406 hoc
2038 2370 2317 2408 excludendum
2346 2371 2482 2408 subdit:

1426 2426 1577 2462 Nomen
1594 2436 1699 2473 ergo,
1716 2429 1752 2459 et
1771 2424 1927 2460 verbum
1952 2423 2060 2460 dictio
2078 2424 2126 2459 sit
2142 2424 2234 2469 sola,
2255 2423 2351 2460 idest
2370 2424 2420 2460 ita
2440 2423 2484 2460 sit

1427 2478 1548 2523 dictio,
1571 2477 1675 2525 quod
1696 2489 1773 2512 non
1793 2477 2013 2513 enunciatio.
2043 2477 2092 2512 Et
2115 2476 2276 2523 videtur,
2300 2489 2345 2512 ex
2364 2476 2482 2513 modo

1428 2530 1628 2579 loquendi,
1663 2529 1768 2578 quod
1795 2529 1876 2577 ipse
1904 2529 2126 2577 imposuerit
2153 2530 2227 2565 hoc
2263 2541 2406 2566 nomen
2438 2529 2486 2566 ad

1429 2582 1718 2631 significandum
1738 2590 1863 2630 partes
1898 2582 2180 2618 enunciationis.
2217 2582 2333 2628 Quod
2359 2589 2486 2618 autem

1428 2648 1572 2673 nomen
1592 2643 1628 2672 et
1654 2636 1818 2672 verbum
1838 2635 1946 2671 dictio
1968 2635 2013 2671 sit
2041 2636 2121 2671 sola
2141 2634 2170 2661 tt
2189 2635 2400 2671 manifestat
2418 2647 2487 2683 per

1428 2779 1578 2804 enunciatio
1598 2787 1650 2804 una
1665 2780 1747 2811 plura
1767 2784 1813 2803 etc.
1829 2784 1854 2803 et
1869 2779 1945 2803 infra:
1965 2782 1991 2803 et
2005 2779 2146 2803 secundum
2165 2779 2220 2807 hoc,
2241 2779 2340 2803 animal
2353 2778 2488 2811 gressibile

1429 2814 1500 2846 bipes
1513 2818 1553 2839 est
1567 2815 1672 2843 risibile,
1688 2822 1739 2839 non
1754 2818 1793 2839 est
1807 2822 1868 2841 una.
1887 2814 2068 2839 coniunctione
2082 2821 2146 2842 una,
2166 2814 2233 2839 sicut
2246 2814 2325 2845 prius
2344 2814 2488 2841 dicebatur,

1429 2849 1476 2874 sed
1494 2850 1556 2881 quia
1575 2858 1656 2874 unum
1675 2850 1815 2882 significat.

1482 2883 1522 2918 ὃὸ)
1541 2885 1648 2909 Animal
1672 2889 1711 2910 est
1729 2885 1855 2909 sensibile.
1875 2885 1955 2909 Codd.
1974 2884 2047 2909 BCE.
2062 2897 2080 2903 -
2096 2884 2142 2908 Ed.
2159 2884 2250 2908 Piana:
2270 2884 2370 2908 animal
2391 2883 2488 2916 gressi-

1429 2920 1478 2944 bile
1498 2920 1580 2951 bipes,
1601 2921 1646 2944 sed
1662 2921 1742 2950 male,
1762 2921 1822 2952 quia
1845 2920 1945 2944 animal
1962 2920 2097 2952 gressibile
2116 2919 2186 2950 bipes
2211 2927 2262 2943 non
2282 2924 2321 2943 est
2335 2919 2487 2947 enunciatio,

1429 2963 1489 2980 cum
1507 2956 1587 2979 verbo
1610 2963 1657 2980 seu
1681 2956 1773 2987 copula
1796 2961 1887 2980 careat.
1911 2956 1936 2979 S.
1951 2954 2066 2979 Thomas
2085 2959 2171 2979 autem
2194 2954 2266 2986 ponit
2290 2954 2437 2986 exemplum
2457 2953 2488 2978 de

1428 2990 1607 3015 enunciatione
1626 2998 1691 3023 quae
1706 2995 1746 3014 est
1763 2999 1815 3014 una
1838 2995 1863 3015 et
1882 2998 1933 3014 non
1951 2991 2052 3023 plures,
2072 2990 2189 3021 quamvis
2205 2989 2258 3013 eius
2274 2989 2417 3013 subiectum
2431 2989 2488 3013 ani-

1429 3026 1483 3050 mal
1501 3026 1533 3049 sit
1552 3026 1614 3057 quid
1634 3034 1772 3050 commune
1791 3026 1872 3050 multa
1892 3026 1940 3049 sub
1960 3033 1988 3049 se
2007 3025 2148 3049 continens.
2168 3025 2209 3049 Ob
2229 3024 2347 3048 eamdem
2363 3024 2488 3048 rationem

1428 3061 1576 3093 seponenda
1595 3066 1635 3085 est
1653 3061 1729 3085 etiam
1749 3061 1823 3085 lectio
1842 3061 1898 3085 cod.
1917 3061 1952 3084 D:
1971 3061 2071 3084 animal
2089 3060 2215 3084 sensibile.

1482 3095 1516 3127 εε)
1539 3096 1583 3120 Sic
1603 3104 1682 3120 unum
1706 3096 1876 3128 significaret.
1887 3096 1921 3120 Ita
1935 3095 2031 3128 optime
2044 3095 2126 3125 codd.y
2141 3100 2169 3118 ut
2183 3094 2268 3118 videre
2283 3099 2322 3118 est
2335 3094 2360 3118 in
2376 3102 2400 3118 n.
2411 3102 2467 3126 seq.
2477 3108 2488 3112 -

1429 3132 1449 3155 C
1468 3131 1644 3163 prosequitur:
1668 3131 1736 3156 sicut
1755 3138 1847 3155 nomen
1873 3131 1913 3155 vel
1931 3131 2036 3155 verbum
2057 3137 2136 3154 unum
2155 3129 2381 3162 significan-Ed.
2397 3129 2487 3154 Piana:

1428 3166 1465 3190 sic
1491 3166 1661 3198 significaret.
1671 3180 1690 3184 —
1701 3166 1772 3190 Prius
1788 3172 1873 3190 autem
1887 3166 1930 3189 ubi
1945 3165 2021 3189 Piana
2034 3165 2101 3196 legit,
2107 3168 2198 3196 posset
2212 3165 2289 3193 enim,
2305 3164 2414 3196 legimus
2429 3172 2488 3189 cum

1428 3201 1526 3225 eisdem
1540 3201 1627 3231 Codd.,
1637 3204 1729 3232 posset
1742 3205 1838 3229 autem,
1851 3205 1927 3233 prout
1942 3206 2029 3224 natura
2044 3200 2099 3232 ipsa
2113 3205 2243 3224 contextus
2258 3200 2377 3231 postulat.
2390 3213 2409 3217 —
2421 3199 2486 3223 Infra

1429 3236 1505 3260 etiam
1520 3236 1638 3267 legimus:
1652 3236 1733 3261 dictio
1747 3237 1782 3260 sit
1799 3237 1863 3263 sola,
1877 3236 1945 3260 idest
1959 3236 1997 3260 ita
2014 3236 2049 3260 sit
2068 3235 2148 3259 dictio
2162 3235 2233 3266 quod
2251 3242 2302 3259 non
2321 3235 2471 3259 enunciatio
2481 3252 2487 3262 ,

1429 3276 1541 3294 correcta
1555 3271 1644 3295 Plana:
1660 3271 1741 3295 dictio
1755 3271 1790 3295 sit
1807 3272 1876 3298 sola,
1892 3271 1930 3295 ita
1949 3270 2029 3295 dictio
2041 3271 2076 3295 sit
2088 3270 2159 3302 quod
2171 3277 2221 3294 non
2235 3269 2391 3294 enunciatio.
2407 3269 2486 3293 Parti-

1428 3306 1511 3329 culam
1530 3305 1599 3329 enim
1614 3305 1681 3330 idest
1693 3305 1787 3330 habent
1807 3306 1880 3330 codd.
1894 3306 2014 3330 Attamen
2033 3305 2154 3329 lectiones
2175 3305 2247 3329 codd.
2262 3305 2307 3328 DE
2325 3304 2350 3328 in
2368 3304 2488 3328 omnibus

1428 3348 1479 3364 non
1494 3340 1638 3372 sequimur:
1655 3345 1714 3365 nam
1729 3341 1751 3364 D
1766 3341 1842 3365 habet
1856 3348 1969 3365 erronee:
1984 3341 2051 3365 idest
2061 3341 2099 3364 ita
2109 3340 2144 3364 sit
2154 3340 2234 3364 dictio
2243 3339 2314 3371 quod
2325 3339 2489 3368 enunciatio;

1429 3380 1454 3399 et
1467 3376 1488 3399 E
1508 3383 1559 3399 non
1585 3376 1662 3399 bene:
1683 3376 1750 3400 idest
1768 3375 1806 3399 ita
1817 3376 1855 3407 fit
1879 3375 1959 3400 dictio
1977 3375 2048 3407 quod
2066 3383 2116 3399 non
2136 3374 2293 3399 enunciatio.

1481 3410 1522 3443 ζζ)
1544 3410 1622 3439 Quod
1639 3413 1728 3434 autem
1747 3417 1839 3434 nomen
1859 3413 1885 3434 et
1904 3410 2009 3434 verbum
2030 3410 2109 3434 dictio
2127 3409 2163 3434 sit
2180 3410 2244 3434 sola.
2264 3409 2344 3433 Codd.
2364 3409 2430 3433 BCD
2450 3408 2488 3441 (E

1429 3445 1506 3469 habet
1525 3445 1656 3477 lacunam)
1676 3445 1778 3476 legunt:
1798 3445 1868 3477 quod
1886 3448 1974 3469 autem
1989 3452 2081 3469 nomen
2102 3445 2142 3468 vel
2160 3444 2265 3468 verbum
2284 3445 2319 3469 sit
2336 3444 2392 3468 sola
2407 3444 2488 3469 dictio

1430 3483 1456 3504 et
1474 3487 1525 3504 non
1545 3479 1702 3504 enunciatio.
1723 3479 1796 3509 Quae
1819 3480 1893 3503 lectio
1911 3479 2010 3504 videtur
2029 3479 2215 3511 anteponenda,
2234 3479 2294 3511 quia
2316 3479 2397 3511 magis
2417 3487 2488 3504 com-

1429 3516 1482 3547 plet
1505 3515 1656 3539 sententiam
1677 3514 1835 3545 Aristotelis;
1855 3519 1966 3538 attamen
1990 3522 2043 3538 non
2062 3519 2101 3538 est
2121 3514 2272 3543 necessaria,
2291 3514 2351 3546 quia
2368 3521 2414 3546 per
2432 3521 2488 3546 par-

1429 3550 1532 3573 ticulam
1558 3550 1712 3574 exclusivam
1735 3550 1803 3577 sola,
1828 3550 1889 3573 satis
1913 3549 2061 3581 exprimitur
2094 3550 2165 3581 quod
2189 3556 2281 3574 nomen
2310 3550 2352 3574 vel
2382 3550 2488 3574 verbum

1430 3585 1463 3608 ita
1489 3589 1549 3608 sunt
1568 3585 1707 3612 dictiones,
1731 3589 1758 3608 ut
1783 3592 1835 3608 non
1859 3585 1910 3608 sint
1933 3584 2135 3609 enunciationes.
2155 3584 2221 3608 Hinc
2243 3584 2393 3609 Aristoteles
2408 3585 2489 3617 ponit,

1431 3619 1510 3644 dictio
1524 3620 1559 3644 sit
1577 3621 1647 3644 sola:
1665 3627 1731 3652 quae
1749 3620 1827 3644 verba
1842 3627 1862 3644 s.
1877 3619 1992 3644 Thomas
2007 3619 2046 3644 hic
2061 3627 2140 3652 supra
2153 3619 2332 3652 interpretatur
2344 3627 2390 3653 per
2402 3620 2490 3644 exclu-

2510 376 2604 424 {uC-pdd.
2612 383 2618 398 ε
2639 376 2722 399 dicun-

2598 635 2627 659 ὃὸ

2510 739 2520 748 ·
2527 738 2660 765 Cf.1ect.x11‚
2670 745 2717 766 n.7.

2509 951 2518 959 '¹
2528 950 2603 977 Supra
2617 957 2639 972 n.
2651 956 2678 978 ¹3·

2510 1168 2519 1176 ·
2529 1166 2585 1188 Loc.
2597 1166 2634 1188 cit.

2511 1428 2520 1436 '
2530 1432 2558 1447 nc
2568 1427 2655 1448 omittt:
2667 1426 2722 1454 plu—

2511 1459 2558 1474 res.

2511 1480 2520 1488 ·
2530 1485 2591 1500 naz.—
2597 1485 2611 1500 n
2620 1482 2641 1500 et
2647 1485 2676 1500 Pa
2682 1485 2723 1500 au-

2512 1507 2563 1526 tem.

2511 1636 2724 1687 taisifffffitxz

2521 1688 2686 1716 ..signficant.

2530 1747 2573 1762 nc:
2605 1740 2720 1768 quaedam

2512 1772 2575 1788 vero

2512 2018 2521 2026 '¹
2531 2017 2575 2038 Est
2588 2023 2615 2038 ex
2629 2022 2680 2039 nco.

2608 2334 2630 2350 ΕΞ

2607 2641 2637 2671 ct
