2788 4204
46 498 91 520 dit.

45 535 55 544 “
69 538 99 554 u:
114 532 163 554 nisi
176 537 206 555 ex
216 537 260 553 ne-

46 565 106 581 cen.

45 586 57 597 ⁸
70 585 142 607 Num.
153 590 186 606 ιο.

5 700 7 702 .
43 670 258 704 *code-maim.

1078 278 1189 315 CAP.
1218 279 1282 326 vl,
1313 279 1464 316 LECT.
1494 280 1582 330 xm

287 358 362 394 hoc
394 357 471 395 duo
504 357 610 394 facit:
639 357 786 406 primo,
820 356 984 394 ostendit
1020 356 1125 404 quod
1164 357 1354 394 conclusio

287 410 499 447 necessaria
526 423 605 447 non
632 418 758 459 potest
786 409 870 446 sciri
900 422 945 446 ex
971 409 1163 458 principiis
1192 422 1271 446 non
1291 422 1356 446 ne-

46 472 259 494 'cm-snec-osten·
288 463 473 509 cessariis;
489 463 658 500 secundo
676 464 705 510 *,
731 462 836 510 quod
856 462 942 499 licet
956 475 1034 499 non
1047 462 1167 511 possit
1185 462 1270 499 sciri
1290 475 1354 500 ne-

288 516 495 553 cessarium
525 517 604 552 ex*
630 528 710 552 non
735 515 968 563 necessariis,
988 523 1118 552 tamen
1143 515 1353 563 syllogizari

285 576 426 618 potest;
456 569 523 605 ibi:
548 570 644 605 Cum
673 569 822 617 quidem
851 569 968 618 igitur
995 568 1182 605 conclusio
1203 570 1222 588 ’
1244 576 1312 606 etc.
1329 590 1354 597 -

287 622 461 658 Primum
485 621 649 658 ostendit
676 621 825 658 duabus
849 621 1073 669 rationibus,
1094 634 1256 669 quarum
1279 622 1354 670 pri-

286 675 385 712 ma*
403 674 485 711 talis
504 682 571 711 est.
602 674 642 711 Si
670 675 754 723 quis
782 687 861 712 non
888 675 1027 711 habeat
1055 674 1241 711 rationem
1261 686 1352 723 pro-

43 747 101 769 *cc
116 752 188 774 supra
202 753 225 768 n.
237 752 257 774 3,
280 729 367 776 pter
385 727 476 775 quid
487 728 508 748 *
522 727 798 774 ostendentem,
815 740 894 764 non
910 728 1070 764 efficitur
1085 727 1218 774 sciens,
1240 727 1353 764 etiarn

45 781 95 800 not.
109 784 125 800 l..

140 818 159 834 tt

44 849 55 860 '⁸
69 854 96 870 u:
111 851 241 870 ostensum.

46 875 67 885 ·”
80 875 145 897 Lect-
154 880 195 896 tv..

287 780 610 818 demonstratione
641 781 769 818 habita
797 786 837 818 ⁷³:
868 781 957 829 quia
985 781 1079 817 scire
1115 788 1169 817 est
1198 792 1352 817 causam

286 833 340 870 rei
367 845 608 881 cognoscere,
634 842 675 870 ut
703 846 817 883 supra
838 834 1015 871 dictum*
1036 841 1091 870 est
1109 835 1163 870 **.
1191 834 1267 870 Sed
1296 846 1352 870 ra-

285 886 350 933 tio,
371 899 470 935 quae
494 886 604 923 infert
629 887 914 924 conclusionem
934 886 1188 923 necessariam
1209 898 1254 923 ex
1273 898 1353 924 non

285 939 506 976 necessariis
533 940 741 989 principiis,
777 952 856 977 non
884 939 1046 976 ostendit
1067 945 1224 989 propter
1251 940 1350 987 quid.

287 993 403 1039 Quod
425 993 677 1042 exemplificat
695 993 733 1030 in
748 994 768 1014 *
787 992 956 1030 terminis
976 992 1257 1029 communibus.
1279 993 1352 1029 Po-

286 1053 396 1082 natur
424 1045 526 1082 enim
555 1046 659 1094 quod
687 1047 782 1082 haec
821 1045 1012 1082 conclusio
1045 1045 1092 1081 sit
1119 1045 1351 1081 necessaria:

291 1098 410 1136 Omne
442 1099 476 1135 C
500 1104 553 1135 est
577 1099 614 1135 A
632 1105 663 1145 »⁹3
696 1106 731 1135 et
759 1099 1039 1136 demonstretur
1065 1110 1135 1146 per
1170 1098 1244 1133 hoc
1272 1109 1352 1133 rne-

287 1151 393 1188 dium
411 1153 466 1197 B,
497 1151 600 1200 quod
629 1163 707 1187 non
731 1151 778 1188 sit
796 1151 1052 1188 necessarium
1081 1150 1264 1195 medium,
1286 1150 1353 1186 sed

287 1203 519 1252 contingens,
548 1211 640 1253 puta
668 1204 772 1252 quod
796 1204 891 1240 haec
914 1203 1124 1252 propositio
1145 1203 1191 1239 sit
1210 1202 1354 1239 contin·

285 1268 398 1304 gens,
433 1256 553 1293 Omne
570 1257 590 1278 ³*
617 1258 652 1293 B
679 1263 734 1293 est
757 1257 816 1302 A,
845 1257 909 1293 vel
942 1256 1061 1293 Omne
1093 1256 1127 1292 C
1143 1261 1197 1291 est
1212 1257 1259 1301 B,
1289 1262 1353 1292 aut

284 1316 459 1357 utraque3
478 1316 624 1346 constat
633 1309 739 1358 quod
752 1321 822 1358 per
836 1310 911 1346 hoc
926 1308 1098 1345 medium
1119 1308 1350 1355 contingens,

284 1362 391 1413 quod
411 1364 543 1408 estB,
573 1372 652 1399 non
674 1369 800 1411 potest
827 1361 912 1399 sciri
941 1361 988 1398 de
1018 1361 1260 1398 conclusione
1287 1373 1351 1398 ne-

249 1420 255 1451 ζ
285 1415 458 1462 cessaria,
485 1427 583 1464 quae
604 1422 670 1462 est,
696 1416 816 1453 Omne
840 1416 873 1452 C
890 1421 945 1452 est
956 1415 1003 1460 Α,
1029 1421 1186 1464 propter
1213 1415 1303 1463 quid
1318 1415 1350 1451 ³².

284 1468 402 1515 Quod
430 1468 483 1505 sic
503 1468 697 1517 probatur.
719 1469 885 1506 Remota
915 1480 1028 1504 causa
1055 1475 1211 1517 propter
1230 1479 1348 1516 quam

284 1528 340 1558 est
376 1520 537 1569 aliquid,
577 1529 727 1570 oportet
759 1521 863 1570 quod
897 1528 1142 1558 removeatur
1175 1520 1351 1566 effectus3

337 1703 367 1737 π)
379 1704 469 1729 Etiam
480 1703 706 1729 demonstratione
716 1703 815 1729 habita.
827 1704 863 1729 lta
872 1704 950 1729 Plana
960 1709 985 1729 et
994 1704 1069 1729 codd.
1078 1703 1352 1734 ABCDEGIKLNOQ

284 1739 358 1770 Rs'r,
371 1739 420 1764 nisi
433 1739 504 1772 quod
519 1739 584 1772 (exc.
597 1738 628 1773 B)
644 1740 701 1764 loco
715 1739 814 1769 habita,
829 1741 918 1771 legunt
931 1739 1060 1768 adhibita,
1076 1739 1143 1764 sicut
1152 1740 1172 1764 Β
1182 1739 1255 1772 ponit
1269 1740 1295 1764 in
1307 1739 1351 1764 de-

282 1775 483 1804 monstratione,
494 1775 552 1799 loco
562 1774 643 1799 etiam
658 1774 899 1804 demonstratione,·
913 1780 939 1799 et
953 1775 1034 1799 CNS:
1048 1777 1146 1799 autem.
1157 1788 1176 1794 —-
1190 1775 1241 1799 Sed
1255 1775 1312 1799 cod.
1327 1775 1351 1799 H

282 1810 359 1842 legit:
374 1810 427 1834 nisi
445 1809 638 1835 demonstratio
656 1810 790 1839 adducta5
813 1814 838 1834 et
856 1811 896 1835 M:
915 1810 1012 1843 absque
1031 1810 1257 1835 demonstratione
1275 1809 1351 1834 adhi-

281 1845 346 1870 bita.
366 1845 438 1875 Quae
457 1850 498 1869 est
515 1845 591 1869 lectio
609 1852 624 1869 e
643 1845 767 1870 diametro
785 1845 904 1878 opposita
922 1845 1096 1878 praecedenti,
1116 1846 1162 1870 sed
1181 1853 1248 1877 quae
1265 1850 1352 1870 tamen

283 1880 432 1906 contradicit
442 1880 473 1904 iis
484 1887 551 1915 quae
561 1880 709 1904 immediate
723 1886 876 1913 sequuntur,
889 1888 984 1913 nempe
993 1881 1113 1913 exemplo
1124 1881 1194 1913 quod
1204 1880 1307 1913 ponitur
1321 1881 1353 1905 de

283 1915 503 1940 demonstratione
527 1922 575 1948 per
593 1915 708 1940 medium
733 1916 891 1948 contingens.
917 1916 970 1940 Nec
987 1921 1014 1940 te
1032 1921 1135 1940 moveat
1154 1916 1224 1948 quod
1243 1916 1351 1940 demon-

282 1950 371 1976 stratio
389 1951 424 1975 sit
442 1950 612 1983 syllogismus
630 1950 726 1975 faciens
745 1951 824 1976 scire:
844 1959 906 1976 nam
923 1958 1014 1976 revera
1031 1951 1089 1976 talis
1108 1957 1149 1976 est
1167 1951 1352 1976 demonstratio
1403 1953 1405 1955 '

282 1985 388 2019 proprie
407 1986 482 2016 dicta,
501 1993 554 2010 non
572 1991 658 2011 autem
678 1986 863 2012 demonstratio
882 1994 1017 2019 apparens,
1033 1994 1084 2019 qua
1097 1991 1204 2011 utuntur
1220 1987 1351 2017 dialectici,

282 2021 327 2054 qui
345 2021 464 2053 videntur
491 2021 602 2046 scientes
627 2026 652 2046 et
670 2029 722 2046 non
741 2026 815 2052 sunt,
834 2027 860 2047 et
878 2026 966 2047 contra
990 2029 1058 2054 quos
1082 2022 1174 2055 probat
1197 2022 1352 2047 Aristoteles

281 2056 478 2082 conclusionem
496 2056 669 2081 necessariam
687 2064 736 2081 seu
755 2057 982 2082 demonstrativam
1001 2065 1053 2082 non
1072 2065 1152 2090 posse
1176 2057 1235 2082 sciri
1254 2058 1302 2083 nisi
1322 2065 1352 2083 ex

283 2091 414 2125 principiis
433 2092 594 2117 necessariis.
605 2105 625 2112 ·-
638 2092 813 2117 Amanuensis
833 2098 919 2118 autem
939 2093 995 2117 cod.
1011 2093 1031 2117 C
1051 2093 1109 2119 loco
1127 2093 1240 2126 ponendi
1259 2093 1351 2118 imme-

283 2127 353 2152 diate
371 2127 499 2152 minorem
519 2127 661 2159 argumenti
691 2124 754 2161 (sed
773 2128 843 2153 ratio
862 2135 929 2161 quae
948 2128 1030 2162 insert
1053 2127 1112 2162 etc.)
1132 2128 1197 2152 redit
1215 2128 1351 2154 distractus

283 2162 316 2187 ad
334 2170 473 2187 numerum
492 2163 698 2195 praecedentem,
718 2168 744 2187 et
762 2164 877 2196 congerit
895 2164 944 2188 hoc
963 2164 1021 2188 loco
1040 2171 1106 2196 quae
1125 2163 1235 2194 ibidem,
1255 2170 1283 2188 ut
1301 2165 1351 2189 iam

283 2197 438 2228 notavimus,
452 2197 584 2228 omiserat,
603 2206 632 2222 ac
651 2198 829 2231 prosequitur:
848 2199 984 2225 sciendum
1003 2202 1092 2224 autem
1107 2199 1179 2231 quod
1192 2199 1351 2231 sophistae...

283 2240 335 2258 non
350 2236 414 2258 sunt
426 2236 524 2258 autem.
540 2233 662 2258 Secundo
673 2233 807 2266 (corrupte
822 2234 889 2265 loco,
899 2234 946 2259 sed
952 2242 961 2264 ;
975 2235 1068 2259 omittit
1078 2239 1173 2265 autem,
1188 2235 1259 2259 ratio
1274 2235 1350 2268 quae)

282 2267 366 2302 insert
382 2268 573 2293 conclusionem
593 2269 768 2294 necessariam
787 2274 835 2294 etc.

337 2302 361 2337 ρ)
381 2303 503 2328 Ponatur
519 2304 589 2328 enim
603 2304 675 2336 quod
687 2304 752 2329 haec
765 2305 899 2330 conclusio
912 2304 948 2330 sit
962 2305 1126 2330 necessaria:
1140 2312 1217 2330 omne
1234 2305 1257 2330 C
1268 2309 1308 2330 est
1318 2306 1350 2330 A.

283 2338 321 2363 Ita
338 2338 421 2369 PHR3
438 2339 479 2363 alii
493 2339 581 2363 codd.:
597 2342 744 2370 ponatur...
758 2347 836 2364 omne
848 2340 872 2364 A
886 2343 926 2365 est
941 2340 964 2364 C
967 2347 976 2370 ‚·
990 2345 1016 2365 et
1030 2339 1106 2364 infra:
1120 2348 1197 2366 omne
1207 2341 1231 2365 B
1244 2344 1284 2365 est
1296 2341 1353 2366 C.·-·

284 2373 443 2406 Supponitur
461 2374 487 2398 in
505 2374 616 2398 adducto
634 2375 755 2407 exemplo
774 2375 823 2399 iste
841 2375 1024 2408 syllogismus:
1044 2382 1120 2400 omne
1139 2376 1164 2400 B
1181 2379 1221 2401 est
1238 2377 1278 2405 A‚·
1297 2377 1351 2406 sed,

283 2415 362 2434 omne
378 2409 402 2434 C
412 2412 452 2434 est
465 2409 502 2436 B:
516 2417 588 2441 ergo,
602 2417 679 2435 omne
695 2410 719 2435 C
729 2413 769 2435 est
780 2411 814 2435 A.
823 2424 842 2430 -
854 2411 915 2435 Vel:
929 2418 1005 2436 omne
1019 2410 1044 2435 Β
1056 2414 1096 2435 est
1113 2411 1148 2439 C;
1167 2412 1222 2441 sed,
1236 2419 1314 2436 omne
1326 2413 1351 2437 A

283 2446 324 2469 est
342 2444 468 2476 B,-.ergo,
487 2451 564 2469 omne
581 2446 605 2469 A
624 2448 664 2470 est
685 2446 713 2470 C.
726 2458 746 2464 —-
765 2446 831 2470 Sunt
849 2445 994 2478 syllogismi
1013 2446 1039 2470 in
1058 2446 1179 2475 barbara,
1198 2446 1248 2471 hoc
1267 2452 1307 2471 est
1325 2447 1351 2471 in

283 2479 369 2512 primo
388 2480 468 2504 modo
486 2479 585 2512 primae
602 2478 700 2512 figurae
719 2481 893 2513 syllogisticae
909 2480 958 2514 (Cf.
973 2482 1031 2506 lect.
1045 2488 1100 2511 vm,
1115 2486 1167 2506 not.
1181 2490 1193 2515 ρ
1214 2487 1239 2506 et
1252 2480 1286 2516 τ).
1301 2482 1352 2507 Ρο-

284 2514 335 2540 sito
353 2519 439 2549 autem
458 2515 530 2547 quod
545 2515 587 2539 vel
603 2515 691 2540 maior
707 2516 749 2540 vel
768 2516 868 2545 minor,
887 2517 929 2541 vel
948 2521 1056 2549 utraque
1069 2517 1221 2549 praemissa
1239 2517 1272 2542 sit
1290 2525 1351 2542 con-

282 2549 400 2582 tingens,
426 2550 572 2580 conclusio,
596 2558 663 2583 quae
687 2555 740 2575 tota
758 2551 854 2584 pendet
871 2559 902 2576 ex
921 2552 1079 2576 antecedenti
1103 2557 1227 2584 tanquam
1250 2560 1281 2577 ex
1304 2561 1351 2578 sua

237 2608 242 2612 .
282 2585 359 2610 unica
371 2591 457 2615 causa,
467 2593 520 2610 non
534 2586 628 2618 poterit
641 2593 694 2610 non
709 2594 768 2611 esse
780 2586 938 2619 contingens.
949 2587 1052 2612 Etenim
1067 2590 1170 2613 remota
1182 2595 1264 2613 causa
1278 2593 1353 2613 etc.-

284 2620 351 2645 Infra
370 2620 445 2645 codd.
458 2621 520 2645 CM:
539 2621 611 2653 quod
628 2621 667 2646 sic
679 2622 781 2653 probat
799 2622 884 2654 quod,
909 2625 1013 2647 remota
1039 2630 1121 2648 causa
1140 2628 1203 2654 etc.;
1224 2623 1261 2648 G:
1281 2624 1352 2656 quod

283 2655 322 2681 sic
335 2655 477 2687 probatur.
499 2655 570 2686 Quia
588 2660 692 2681 remota
709 2664 792 2682 causa
810 2662 873 2689 etc.;
892 2657 934 2682 alii
960 2657 1061 2682 codices
1075 2658 1141 2691 (exc.
1155 2658 1204 2691 R):
1224 2659 1296 2691 quod
1313 2659 1351 2684 sic

277 2691 388 2724 probat.
410 2690 481 2721 Quia
498 2694 602 2716 remota
620 2699 709 2717 causa.

338 2725 364 2760 ο)
381 2726 412 2750 Si
425 2726 521 2759 aliquis
539 2734 609 2751 nunc
622 2727 705 2752 nescit
716 2733 764 2752 etc.
773 2740 793 2748 ·-
805 2728 834 2752 In
848 2735 877 2753 re
897 2727 1011 2753 intricata
1025 2736 1196 2754 amanuenses
1215 2729 1350 2761 implican-

258 2773 260 2775 >
282 2765 334 2786 tur.
346 2774 367 2780 ·-
381 2761 463 2786 Codd.
486 2762 768 2793 ABDEGIKLMQSTt
791 2763 815 2788 si
832 2763 929 2795 aliquis
947 2771 1017 2788 nunc
1035 2764 1131 2792 nescit,·
1149 2765 1188 2789 H:
1208 2764 1291 2789 nescit
1302 2765 1351 2789 ali-

283 2795 350 2829 quid
368 2803 438 2822 nunc
455 2797 551 2826 κει-ἅ,-
565 2797 603 2821 N:
622 2798 704 2823 nescit
722 2805 778 2823 rem
797 2799 915 2831 aliquam
921 2805 930 2827 ‚·
949 2799 984 2823 R:
1003 2805 1060 2824 rem
1079 2799 1198 2824 nescit.-
1211 2800 1351 2824 ABDELM

285 2831 371 2856 NOT:
391 2831 460 2857 idest
478 2839 529 2857 non
549 2832 643 2862 desiit;
661 2833 697 2858 K:
718 2833 786 2858 idest
804 2841 856 2859 non
876 2833 974 2859 desinit
981 2841 990 2863 ‚¹
1014 2834 1047 2859 C:
1067 2834 1136 2859 idest
1154 2842 1205 2860 non
1230 2835 1353 2864 desierit;

285 2866 344 2891 HS:
369 2866 437 2891 idest
462 2874 514 2892 non
541 2867 646 2893 deserit.
659 2881 678 2888 —·
696 2869 924 2899 ADEILNOQRT
948 2874 974 2894 et
991 2870 1106 2894 secunda
1129 2877 1208 2894 manu
1227 2871 1262 2901 C,
1285 2875 1346 2902 post

284 2901 376 2931 verba,
400 2902 476 2926 salva
493 2909 538 2927 re:
556 2902 624 2928 idest
642 2903 739 2933 etiam;
757 2904 798 2928 BS
817 2909 842 2929 et
860 2904 942 2936 prima
960 2912 1040 2929 manu
1058 2904 1092 2929 C:
1117 2905 1185 2930 idest
1207 2909 1233 2930 et
1239 2912 1248 2934 ‚⁸
1266 2905 1303 2930 K:
1327 2909 1353 2931 et

286 2936 403 2961 etiam.-
418 2936 585 2962 DEKLORT
603 2943 629 2962 et
647 2939 729 2970 prima
747 2946 826 2963 manu
841 2940 875 2964 Li
896 2946 938 2964 res
959 2939 991 2971 (L
1006 2947 1058 2964 sec.
1073 2947 1151 2971 mam,
1165 2940 1205 2973 re)
1220 2941 1287 2965 scita
1300 2948 1351 2966 non

282 2974 414 3003 corrupta
420 2978 429 3000 ,·
443 2972 480 2996 H:
500 2972 571 3004 quod
595 2980 646 2998 non
665 2973 701 2998 sit
723 2981 766 2998 res
788 2977 916 3006 corrupta
922 2981 931 3003 ‚·
949 2975 987 2998 A:
1006 2981 1049 2999 res
1067 2978 1107 3000 est
1128 2975 1195 3000 scita
1223 2983 1274 3001 non
1293 2983 1352 3001 cor-

284 3009 368 3038 rupta
374 3013 383 3035 ,·
401 3006 440 3031 M:
460 3013 503 3031 res
521 3007 580 3039 ipsa
598 3015 649 3033 non
668 3009 704 3033 sit
721 3012 863 3041 corrupta:
881 3009 918 3034 N:
937 3016 980 3034 res
999 3009 1067 3034 scita
1085 3017 1137 3035 non
1156 3014 1284 3042 corrupta
1302 3012 1338 3036 sit
1343 3020 1352 3042 ;

287 3039 308 3066 C
326 3041 410 3074 prima
431 3049 524 3067 manu:
543 3049 586 3067 res
605 3043 643 3067 ita
662 3050 714 3068 non
732 3047 874 3076 corrupta,-
897 3044 1009 3069 secunda
1027 3052 1120 3069 manu:
1143 3052 1186 3071 res
1208 3046 1275 3071 scita
1300 3054 1352 3071 non

283 3079 428 3109 corrupta5
447 3077 465 3101 S
482 3077 681 3108 prima-manu:
700 3085 730 3103 re
747 3079 815 3103 scita
833 3086 886 3104 non
905 3082 1033 3111 corrupta
1039 3086 1048 3108 ,¹
1067 3081 1180 3105 secunda
1199 3089 1291 3106 manu:
1310 3089 1353 3106 res

287 3112 354 3136 scita
373 3119 425 3136 non
444 3115 572 3143 corrupta
589 3112 662 3137 sit.-
675 3113 766 3143 Codd.,
781 3121 834 3138 exc.
849 3114 887 3139 H:
903 3117 930 3139 et
943 3114 1054 3144 iterum,·
1073 3115 1099 3139 M
1116 3115 1199 3140 omitt.
1218 3116 1323 3141 iterum.
1335 3129 1355 3136 —-

287 3147 382 3177 Codd.,
402 3154 456 3171 exc.
475 3146 610 3177 CKMQR:
629 3148 701 3180 quod
718 3148 799 3173 etiam
818 3156 900 3181 neque
914 3149 993 3181 prius
1011 3150 1102 3179 scivit5
1121 3151 1141 3175 C
1159 3151 1243 3183 prima
1261 3159 1353 3176 manu:

287 3182 360 3214 quod
378 3189 430 3206 non
449 3189 532 3214 neque
545 3182 624 3214 prius
647 3182 738 3212 scivit,·
761 3184 873 3208 secunda
891 3192 984 3209 manu:
1003 3185 1075 3217 quod
1093 3185 1148 3217 ipse
1172 3193 1254 3218 neque
1274 3187 1354 3218 prius

286 3217 380 3245 sentit,-
398 3217 435 3241 K:
454 3217 526 3249 quod
543 3220 570 3242 et
588 3224 670 3250 neque
689 3218 769 3250 prius
786 3218 878 3247 scivit,·
901 3220 941 3244 M:
964 3220 1037 3252 quod
1059 3227 1142 3253 neque
1159 3221 1239 3253 prius
1261 3221 1338 3246 scivit
1345 3229 1354 3251 ‚·

288 3251 328 3282 Q:
342 3252 422 3277 etiam
437 3251 508 3284 quod
525 3258 607 3284 neque
624 3253 703 3284 prius
720 3253 813 3282 sciuit,·
830 3254 868 3278 R:
887 3254 966 3279 etiam
986 3255 1057 3287 quod
1071 3256 1149 3287 prius
1165 3256 1353 3281 nescivit.·-·P:

285 3287 312 3313 si
329 3286 425 3319 aliquis
443 3294 514 3312 nunc
531 3294 584 3311 non
603 3287 678 3312 scit...
698 3288 766 3313 idest
785 3295 836 3313 non
856 3289 925 3314 desit
943 3296 1024 3315 esse...
1044 3290 1112 3315 idest
1128 3298 1158 3315 re
1170 3291 1238 3315 scita
1256 3294 1282 3315 et
1300 3298 1351 3315 non

284 3325 430 3353 corrupta,
452 3322 548 3346 iterum
567 3322 648 3353 ipse...
667 3323 739 3355 quod
761 3323 841 3348 etiam
862 3324 918 3356 ipse
937 3331 989 3349 non
1011 3325 1091 3356 prius
1109 3326 1195 3350 scivit.
1213 3326 1352 3358 Adoptavi-

288 3365 350 3381 mus
370 3357 522 3387 lectionem,
543 3364 610 3389 quae
623 3365 685 3382 vera
700 3358 775 3383 nobis
796 3358 852 3383 visa
867 3363 919 3390 est,
940 3364 966 3383 et
979 3367 1027 3392 pro
1042 3367 1071 3384 se
1084 3359 1162 3384 habet
1177 3361 1252 3385 codd.
1267 3365 1353 3385 aucto-

288 3392 405 3422 ritatem,
424 3399 533 3424 nempe:
552 3391 576 3416 si
592 3392 689 3424 aliquis
710 3400 780 3418 nunc
800 3393 908 3418 nescit...
924 3394 993 3419 idest
1013 3401 1065 3419 non
1090 3395 1169 3419 desiit
1186 3402 1266 3420 esse...
1287 3396 1355 3420 idest

289 3427 368 3452 etiam
383 3434 414 3451 re
431 3427 498 3452 scita
517 3434 568 3451 non
588 3430 730 3459 corrupta,
750 3428 886 3453 etiterum
907 3428 987 3460 ipse...
1001 3429 1072 3462 quod
1085 3430 1164 3454 etiam
1180 3437 1262 3462 neque
1275 3431 1355 3462 prius

287 3462 373 3487 scivit.
560 3468 565 3473 ·

342 3496 368 3529 τ)
392 3497 464 3522 Unus
483 3497 576 3522 modus
595 3500 635 3522 est
657 3498 764 3530 quando
782 3498 886 3523 excidit
903 3504 921 3523 α
939 3502 1024 3523 mente
1043 3498 1098 3523 eius
1117 3499 1188 3524 ratio
1205 3507 1257 3531 per
1275 3508 1355 3532 quam

284 3531 364 3564 prius
377 3532 483 3558 sciebat.
503 3532 573 3557 Scire
591 3532 632 3556 hic
651 3533 762 3557 sumitur
779 3540 831 3557 non
850 3541 897 3566 pro
911 3541 1076 3566 quacumque
1090 3534 1234 3566 cognitione
1252 3536 1355 3560 conclu—

290 3567 385 3598 sionis,
404 3568 451 3592 sed
469 3575 517 3600 pro
538 3567 682 3600 cognitione
700 3568 735 3593 rei
755 3568 832 3593 scitae
855 3576 902 3601 per
926 3576 999 3593 suam
1019 3576 1131 3594 causam.
1155 3569 1221 3594 Hinc
1245 3571 1355 3603 cognitio

284 3609 383 3627 causae
395 3603 575 3633 conclusionis,
585 3602 635 3627 hoc
648 3607 688 3628 est
706 3611 786 3628 nexus
805 3604 978 3629 conclusionis
993 3611 1052 3628 cum
1066 3604 1204 3637 principiis,
1220 3605 1246 3630 in
1259 3605 1354 3638 quibus
1372 3605 1376 3609 ”

2405 293 2472 329 191

1411 358 1478 395 sed
1506 359 1582 395 hoc
1610 358 1781 396 medium
1812 371 1899 396 cum
1924 359 1970 396 sit
1994 359 2228 408 contingens,
2260 360 2472 409 contingit*

1410 411 1612 457 removeri,
1631 412 1914 449 conclusionem
1934 420 2062 449 autern
2082 413 2273 450 removeri
2288 426 2366 450 non
2386 426 2476 451 con-

1409 463 1515 511 tingit
1543 477 1630 500 cum
1659 464 1705 501 sit
1736 465 1963 512 necessaria;
1995 466 2213 514 relinquitur
2247 478 2335 514 ergo
2370 467 2475 514 quod

1410 528 1488 553 non
1515 524 1640 566 potest
1667 517 1752 555 sciri
1773 518 1965 555 conclusio
1985 519 2197 556 necessaria
2214 530 2284 568 per
2302 519 2474 556 medium

1410 569 1642 617 contingens.

1462 634 1498 669 9.
1516 623 1734 660 Secundam
1749 623 1934 660 rationem
1948 624 2066 672 ponit;
2083 624 2150 661 ibi:
2165 624 2337 672 Amplius
2350 625 2385 661 si
2393 633 2474 673 etc.,

1408 687 1507 722 quae
1535 675 1616 711 talis
1645 683 1710 713 est.
1746 676 1786 712 Si
1814 676 1946 725 aliquis
1979 689 2080 713 nunc
2113 677 2231 713 nescit
2244 683 2270 724 ⁰,
2301 690 2389 714 cum
2421 686 2475 715 ta-

1407 740 1498 764 men
1517 728 1656 764 habeat
1676 729 1838 766 eandem
1858 730 2053 776 rationem,
2075 742 2192 778 quarn
2208 730 2312 779 prius
2331 731 2473 779 habuit,

1407 786 1444 816 et
1459 781 1624 817 salvatus
1643 787 1706 827 est,
1728 781 1824 818 idest
1842 794 1920 818 non
1940 782 2049 819 desiit
2069 795 2162 829 esse,
2183 783 2290 819 salva
2310 796 2363 829 re,
2380 783 2476 821 idest

1409 833 1522 869 etiarn
1543 845 1582 869 re
1602 833 1692 870 scita
1711 846 1791 871 non
1811 843 1998 883 corrupta,
2020 843 2056 872 et
2074 835 2210 872 iterum
2229 836 2308 884 ipse
2329 848 2404 873 non
2424 843 2479 873 est

1407 886 1558 931 oblitus;
1586 886 1829 923 manifestum
1858 895 1914 924 est
1942 888 2046 935 quod
2075 888 2189 925 etiam
2217 901 2343 938 neque
2365 890 2475 938 prius

1406 939 1522 975 scivit.
1559 940 1601 975 In
1629 939 1703 975 hoc
1732 947 1860 976 autem
1888 940 2142 989 Philosophus
2170 941 2290 979 innuit
2313 950 2476 990 quatuor

1407 991 1567 1038 modos,
1605 991 1742 1039 quibus
1777 992 1909 1040 aliquis
1943 993 2076 1030 amittit
2108 994 2323 1043 scientiam,
2357 1008 2474 1043 quarn

1406 1044 1510 1092 prius
1538 1044 1680 1081 habuit.
1717 1045 1824 1081 Unus
1852 1045 1991 1082 modus
2021 1054 2076 1083 est
2109 1048 2262 1094 quando
2293 1048 2428 1085 excidit
2450 1061 2473 1086 a

1407 1103 1536 1132 mente
1552 1096 1631 1132 eius
1651 1097 1756 1143 ratio,
1777 1110 1846 1146 per
1873 1110 1989 1146 quam
2012 1099 2115 1147 prius
2144 1100 2473 1139 sciebat⁷.—Alius

1407 1149 1547 1186 modus
1578 1150 1597 1170 ’¹‘
1627 1157 1682 1186 est
1714 1162 1783 1198 per
1812 1151 2094 1199 corruptionem
2123 1152 2237 1200 ipsius
2266 1153 2425 1190 scientis.
2447 1175 2471 1183 -

1408 1201 1560 1238 Tertius
1573 1202 1592 1223 *
1606 1207 1676 1250 per
1692 1203 1974 1251 corruptionem
1995 1204 2109 1253 ipsius
2125 1205 2178 1241 rei
2193 1206 2317 1252 scitae,
2334 1207 2428 1244 sicut
2442 1207 2472 1244 si

1408 1254 1526 1291 sciam
1545 1262 1581 1291 te
1611 1255 1754 1302 sedere,
1776 1255 1869 1292 dum
1889 1257 2010 1305 sedes,
2035 1265 2070 1294 te
2090 1270 2168 1294 non
2188 1259 2352 1306 sedente,
2377 1260 2473 1297 haec

1407 1307 1563 1344 scientia
1580 1308 1677 1356 perit
1695 1314 1719 1345 ⁰.
1743 1309 1910 1355 Quartus
1931 1318 1986 1347 est
2003 1323 2072 1359 per
2091 1311 2337 1349 oblivionem.
2359 1313 2470 1350 Unde

1407 1361 1511 1397 nullo
1530 1360 1688 1398 istorum
1709 1362 1916 1399 modorum
1937 1363 2127 1410 existente,
2154 1364 2184 1401 si
2203 1364 2334 1413 aliquis
2353 1366 2472 1403 modo

1407 1413 1549 1450 nesciat
1568 1414 1721 1463 aliquid,
1734 1427 1804 1451 nec
1819 1415 1922 1464 prius
1937 1416 2044 1453 scivit
2058 1422 2084 1453 P.
2099 1417 2176 1454 Sed
2190 1417 2262 1465 ille,
2280 1418 2344 1466 qui
2359 1419 2475 1456 habet

1408 1467 1694 1504 conclusionem
1731 1469 1984 1506 necessariam
2020 1482 2090 1518 per
2125 1470 2298 1507 medium
2332 1471 2474 1508 contin-

1408 1532 1517 1568 gens,
1547 1528 1724 1569 corrupto
1754 1521 1882 1559 medio
1913 1522 2156 1571 contingenti,
2187 1524 2314 1571 nescit,
2344 1525 2473 1562 medio

1405 1703 1546 1727 virtualiter
1559 1703 1703 1728 continetur
1716 1708 1741 1728 et
1759 1704 1785 1728 in
1805 1703 1898 1736 quibus
1917 1709 1974 1729 actu
1991 1704 2093 1730 videtur
2107 1713 2165 1730 cum
2180 1713 2227 1738 per
2241 1707 2423 1739 syllogismum
2436 1708 2474 1733 in-

1405 1738 1493 1768 fertur,
1504 1743 1544 1763 est
1557 1746 1634 1763 causa
1647 1744 1673 1763 et
1685 1739 1760 1763 unica
1775 1747 1850 1764 causa
1864 1739 1989 1765 scientiae
2003 1740 2120 1766 eiusdem
2139 1742 2321 1767 conclusionis.
2340 1742 2473 1768 Subtracta

1406 1778 1492 1798 autem
1507 1781 1673 1806 quocumque
1686 1774 1764 1799 modo
1780 1782 1856 1799 causa
1871 1775 1936 1807 perit
1950 1775 2064 1806 effectus,
2078 1776 2108 1807 si,
2123 1781 2151 1800 ut
2164 1776 2189 1801 in
2200 1784 2260 1801 casu
2272 1783 2362 1802 nostro
2375 1778 2473 1809 accidit,

1406 1809 1538 1833 existentia
1556 1809 1659 1833 effectus
1678 1810 1821 1842 dependeat
1845 1810 1876 1834 ab
1897 1810 2027 1835 existentia
2047 1819 2146 1836 causae.
2170 1812 2239 1844 Ergo
2257 1818 2356 1838 semota
2377 1813 2474 1838 ratione

1406 1844 1540 1874 scientiae,
1560 1844 1664 1869 scientia
1683 1844 1782 1869 excidit.
1796 1859 1814 1863 -
1831 1845 1902 1870 ldem
1922 1846 2020 1870 dicatur
2038 1846 2059 1871 si
2078 1855 2125 1879 per
2142 1847 2233 1872 falsam
2252 1848 2328 1872 aliam
2346 1848 2472 1874 rationem

1406 1887 1481 1903 mens
1496 1879 1635 1912 decipiatur
1649 1885 1674 1904 et
1688 1880 1713 1904 in
1727 1880 1876 1914 oppositum
1895 1881 1989 1905 incidat
2005 1889 2119 1907 errorem
2133 1882 2231 1907 veritati
2249 1884 2405 1908 contrarium
2424 1882 2473 1918 (Cf.

1406 1922 1428 1938 s.
1439 1914 1489 1939 Th.
1501 1914 1558 1945 1-·11,
1572 1922 1616 1947 qu.
1626 1922 1679 1946 Lm,
1695 1915 1764 1940 artic.
1780 1915 1809 1950 ι).

1459 1950 1535 1975 Alius
1553 1950 1648 1975 modus
1666 1954 1705 1975 est
1719 1958 1771 1982 per
1794 1951 1990 1983 corruptionem
2016 1952 2098 1984 ipsius
2121 1951 2235 1978 scientis.
2260 1953 2370 1979 Scientia
2389 1959 2428 1979 est
2446 1955 2472 1979 in

1406 1986 1519 2017 potentia
1538 1985 1691 2010 intellectiva
1709 1986 1810 2011 animae
1828 1987 1957 2011 rationalis
1971 1995 2038 2020 quae
2052 1992 2092 2012 est
2105 1988 2312 2021 incorruptibilis.
2331 1990 2406 2014 Unde
2419 1998 2472 2015 non

1405 2020 1506 2045 videtur
1523 2021 1669 2053 quomodo,
1688 2021 1724 2046 uti
1743 2022 1866 2046 asseritur
1890 2022 1915 2046 in
1934 2022 1983 2047 hoc
2003 2023 2117 2048 secundo
2141 2025 2234 2055 modo,
2260 2024 2364 2050 scientia
2389 2026 2473 2058 possit

1406 2055 1487 2080 amitti
1505 2063 1553 2088 per
1571 2056 1763 2089 corruptionem
1782 2057 1970 2082 scientis.—-Ad
1988 2057 2037 2082 hoc
2056 2060 2226 2091 respondetur
2244 2059 2377 2092 imprimis,
2402 2062 2472 2093 quod

1406 2091 1548 2124 propositio
1567 2091 1673 2123 intelligi
1692 2097 1779 2125 potest
1796 2092 1822 2117 in
1841 2100 1919 2118 sensu
1938 2093 2112 2126 hypothetico,
2129 2094 2231 2126 scilicet,
2250 2095 2274 2120 si
2291 2096 2398 2121 accidat
2412 2104 2471 2121 cor-

1406 2126 1496 2158 ruptio
1515 2127 1597 2158 ipsius
1620 2127 1740 2152 scientis:
1757 2127 1804 2152 hac
1824 2128 1893 2152 enim
1911 2128 2049 2161 hypothesi
2075 2130 2225 2161 constituta,
2249 2131 2413 2156 manifestum
2433 2137 2472 2157 est

1406 2162 1490 2195 quod,
1510 2168 1633 2194 pereunte
1653 2163 1768 2187 subiecto
1789 2169 1975 2196 cognoscente,
1996 2165 2062 2196 perit
2080 2165 2135 2197 ipsa
2157 2165 2269 2190 scientia.
2285 2180 2304 2184 —
2320 2167 2471 2199 Responde-

1405 2202 1448 2221 tur
1466 2198 1580 2222 secundo
1600 2198 1670 2230 quod
1691 2198 1809 2230 quamvis
1829 2199 1934 2223 scientia
1954 2204 2042 2224 nostra
2055 2200 2227 2233 principaliter
2246 2200 2279 2225 sit
2292 2201 2318 2225 in
2333 2202 2470 2233 intellectu,

1406 2233 1558 2257 secundario
1577 2238 1663 2257 tamen
1682 2239 1708 2258 et
1726 2234 1799 2266 quasi
1818 2239 1846 2258 ut
1860 2234 1886 2258 in
1900 2234 2005 2259 materia
2023 2242 2116 2260 causae
2130 2240 2275 2261 nostrarum
2296 2237 2471 2269 cognitionum

1406 2272 1447 2292 est
1464 2268 1490 2292 in
1509 2268 1646 2298 sensibus,
1671 2273 1727 2293 tum
1746 2269 1806 2301 quia
1825 2277 1855 2294 ex
1883 2269 2061 2300 sensibilibus,
2086 2278 2152 2303 quae
2171 2279 2185 2295 a
2204 2279 2283 2296 sensu
2302 2272 2406 2304 dantur,
2433 2278 2472 2298 est

1406 2304 1600 2335 quodammodo
1618 2303 1691 2335 origo
1710 2309 1857 2329 nostrarum
1876 2305 2058 2336 cognitionum,
2071 2310 2128 2330 tum
2142 2306 2203 2339 quia
2221 2307 2366 2332 intellectus
2385 2314 2472 2333 noster

1405 2338 1587 2371 imaginatione
1606 2344 1632 2363 et
1649 2338 1870 2372 phantasmatibus
1888 2340 1973 2371 utitur,
1993 2341 2096 2373 quoties
2115 2341 2246 2366 actualiter
2263 2342 2360 2375 aliquid
2378 2343 2470 2368 intelli-

1406 2374 1450 2405 git.
1468 2374 1544 2398 Vires
1563 2379 1649 2398 autem
1668 2375 1812 2405 sensitivae,
1832 2375 1892 2408 quia
1911 2380 1972 2400 sunt
1987 2376 2123 2408 compositi
2137 2376 2250 2407 animati,
2265 2378 2394 2411 corrumpi
2408 2386 2471 2411 pos-

1406 2414 1467 2433 sunt
1486 2407 1525 2442 (ut
1543 2414 1613 2442 patet
1630 2409 1655 2434 in
1679 2409 1833 2442 phreneticis
1858 2415 1883 2435 et
1907 2411 2078 2443 amentibus);
2098 2416 2124 2436 et
2141 2411 2213 2442 hinc,
2233 2420 2264 2436 ex
2287 2414 2470 2446 consequenti,

1405 2445 1530 2469 redundat
1544 2444 1702 2469 deordinatio
1716 2445 1741 2470 in
1755 2445 1922 2476 intellectum,
1936 2454 1988 2470 non
2003 2447 2077 2478 quasi
2090 2447 2146 2480 ipse
2160 2453 2338 2479 corrumpatur
2356 2449 2411 2473 sive
2425 2457 2472 2482 per

1406 2487 1435 2503 se
1450 2479 1504 2504 sive
1518 2487 1565 2512 per
1579 2480 1704 2510 accidens,
1719 2481 1766 2505 sed
1781 2481 1838 2513 quia
1854 2487 2054 2514 corrumpuntur
2067 2482 2131 2513 eius,
2145 2488 2173 2507 ut
2187 2482 2220 2507 ita
2234 2483 2326 2514 dicam,
2341 2484 2470 2510 auxiliaria

1406 2515 1537 2539 sensibilia
1556 2515 1607 2548 (Cf.
1626 2523 1648 2540 s.
1663 2515 1713 2540 Th.
1728 2516 1777 2540 loc.
1792 2516 1853 2549 cit.).

1462 2550 1567 2575 Tertius
1586 2550 1680 2575 modus
1694 2558 1748 2582 per
1761 2551 1957 2583 corruptionem
1972 2552 2054 2584 ipsiu
2073 2553 2114 2577 rei
2126 2552 2216 2578 scitae.
2236 2553 2263 2577 Id
2282 2554 2371 2579 accidit
2391 2562 2471 2587 quan-

1407 2585 1440 2609 do
1459 2585 1559 2610 obiecta
1577 2585 1751 2617 cognitionum
1770 2591 1831 2611 sunt
1850 2587 2022 2619 contingentia
2037 2587 2116 2620 (unde
2134 2593 2160 2612 et
2173 2588 2304 2620 signanter
2322 2590 2354 2614 de
2374 2590 2471 2615 contin-

1406 2620 1476 2652 genti
1495 2621 1643 2653 exemplum
1659 2621 1784 2655 affertur),
1800 2630 1851 2646 non
1873 2628 1960 2647 autem
1974 2623 2079 2656 quando
2099 2628 2160 2648 sunt
2180 2625 2323 2649 necessaria
2344 2630 2369 2650 et
2389 2625 2472 2650 incor-

1406 2655 1535 2688 ruptibilia
1554 2655 1682 2688 (quorum
1704 2661 1744 2681 est
1764 2657 1870 2682 scientia
1888 2658 1992 2691 proprie
2005 2658 2095 2690 dicta),
2111 2664 2155 2683 aut
2168 2659 2338 2691 contingentia
2353 2660 2471 2693 quidem,

1406 2691 1454 2715 sed
1474 2691 1618 2716 secundum
1635 2691 1698 2716 illud
1719 2692 1789 2724 quod
1807 2692 1903 2717 habent
1921 2693 1954 2718 de
1977 2694 2122 2718 necessario
2142 2693 2197 2726 (Cf.
2212 2694 2314 2725 Per-im,
2335 2696 2393 2720 lect.
2411 2704 2471 2728 xm,

1407 2730 1460 2750 not.
1471 2725 1508 2759 γ).

1462 2761 1582 2791 Quartus
1600 2761 1712 2794 denique
1730 2762 1824 2788 modus
1842 2763 1985 2788 amittendi
2001 2764 2138 2789 scientiam
2157 2768 2196 2789 est
2209 2772 2262 2796 per
2280 2765 2444 2791 oblivionem.

1460 2796 1487 2828 υ)
1498 2797 1574 2822 Sicut
1585 2797 1609 2822 si
1620 2797 1702 2822 sciam
1716 2800 1741 2822 te
1755 2798 1847 2823 sedere
1864 2804 1911 2824 etc.
1928 2799 2006 2823 Plana
2019 2799 2101 2831 magis
2115 2800 2216 2824 videtur
2234 2800 2295 2825 haec
2310 2801 2384 2826 lectio
2397 2802 2471 2827 codd.

1407 2839 1487 2863 quam
1506 2832 1598 2857 Piana:
1617 2832 1686 2857 sicut
1703 2832 1727 2857 si
1744 2833 1854 2858 scientia
1872 2834 1922 2859 scit
1941 2837 1966 2859 te
1988 2834 2106 2863 sedente,
2128 2835 2191 2859 dum
2209 2835 2297 2864 sedes,
2315 2839 2340 2861 te
2359 2844 2411 2861 non
2430 2844 2470 2862 se-

1408 2867 1494 2895 dente,
1504 2867 1597 2899 periit.
1605 2881 1625 2887 —-
1633 2868 1778 2893 Secundam
1789 2874 1888 2901 partem
1903 2874 2005 2894 nostrae
2015 2870 2130 2894 lectionis
2141 2870 2215 2903 (dum
2225 2871 2300 2896 sedes
2310 2870 2369 2903 etc.)
2379 2879 2471 2897 omnes

1407 2902 1510 2927 codices
1524 2902 1628 2928 habent.
1643 2903 1756 2928 Primam
1769 2909 1856 2929 autem
1875 2910 1974 2937 partem
1993 2912 2045 2929 non
2063 2904 2159 2930 habent
2177 2906 2250 2930 codd.
2264 2906 2344 2936 CHM,
2359 2914 2471 2938 quorum

1408 2938 1460 2962 duo
1472 2943 1559 2962 tamen
1573 2946 1659 2971 neque
1673 2946 1733 2963 cum
1748 2939 1825 2964 Piana
1840 2940 2010 2965 consentiunt.
2025 2940 2045 2964 C
2064 2940 2146 2972 prima
2169 2949 2260 2965 manu:
2272 2941 2310 2966 sic
2322 2942 2376 2966 sint
2389 2942 2470 2967 scien-

1408 2973 1460 3002 tia‚·
1473 2974 1587 2998 secunda
1606 2981 1698 2998 manu:
1718 2973 1786 2999 sicut
1799 2974 1823 2999 si
1835 2975 1869 2999 sit
1888 2975 1997 3000 scientia
2015 2975 2048 3000 de
2067 2978 2092 3000 te
2109 2976 2200 3001 sedere
2219 2981 2275 3007 etc-3
2293 2977 2317 3001 H
2331 2977 2393 3009 legit
2411 2985 2470 3002 curn

1408 3008 1499 3039 Piana3
1518 3009 1558 3033 M:
1574 3012 1604 3033 ut
1621 3009 1645 3033 si
1662 3009 1697 3034 sit
1714 3009 1825 3034 scientia
1845 3010 1877 3035 de
1896 3013 1921 3035 te
1938 3010 2053 3035 sedente.

1462 3044 1490 3077 φ)
1511 3044 1543 3068 Si
1560 3044 1656 3076 aliquis
1675 3044 1754 3069 modo
1773 3045 1873 3070 nesciat
1886 3045 1988 3078 aliquid
2006 3045 2127 3070 etc.—P:
2146 3046 2169 3070 si
2188 3046 2284 3079 aliquis
2302 3047 2373 3072 nullo
2392 3047 2471 3073 modo

1406 3078 1475 3103 sciat
1492 3079 1601 3111 aliquod
1613 3084 1660 3104 etc.
1675 3079 1748 3109 Quae
1762 3079 1836 3104 lectio
1854 3080 1895 3105 vix
1908 3088 1937 3105 ac
1951 3088 1984 3105 ne
2001 3081 2042 3105 vix
2061 3081 2166 3113 quidem
2181 3081 2299 3106 sustineri
2311 3087 2404 3114 potest.
2417 3083 2471 3107 An-

1408 3114 1504 3145 gelicus
1519 3114 1587 3138 enim
1606 3114 1656 3139 hoc
1674 3115 1753 3139 modo
1772 3120 1972 3147 argumentatur.
1987 3116 2103 3146 Quatuor
2121 3121 2181 3140 sunt
2195 3117 2264 3141 modi
2278 3117 2371 3149 quibus
2391 3118 2471 3142 amitti

1407 3153 1494 3180 potest
1508 3149 1613 3173 scientia
1628 3150 1659 3174 de
1678 3149 1763 3182 aliqua
1781 3157 1817 3174 re.
1837 3150 1906 3182 Ergo
1925 3151 1947 3175 si
1966 3151 2059 3183 aliquis
2073 3152 2151 3176 modo
2165 3151 2262 3176 nesciat
2277 3152 2379 3184 aliquid,
2399 3154 2471 3177 cuius

1408 3183 1512 3208 scientia
1530 3192 1582 3208 non
1602 3184 1687 3209 amisit
1704 3185 1759 3210 ullo
1777 3192 1808 3210 ex
1822 3191 1933 3217 quatuor
1945 3186 2076 3211 recensitis
2091 3187 2184 3217 modis,
2198 3187 2302 3218 signum
2316 3193 2413 3212 certum
2432 3193 2472 3212 est

1408 3219 1480 3251 quod
1493 3219 1558 3243 sicut
1568 3220 1646 3244 modo
1657 3219 1745 3250 nescit,
1757 3220 1791 3244 ita
1800 3225 1825 3244 et
1838 3221 1908 3252 prius
1919 3221 2033 3246 nescivit.
2043 3221 2121 3254 Atqui
2131 3221 2175 3246 ille
2184 3222 2228 3254 qui
2238 3221 2314 3246 habet
2327 3222 2471 3248 conclusio-

1408 3261 1469 3278 nem
1482 3254 1655 3278 necessariam
1673 3262 1719 3286 per
1738 3255 1853 3279 medium
1872 3256 2035 3288 contingens,
2049 3261 2169 3289 corrupto
2187 3257 2280 3288 medio,
2300 3258 2381 3282 nescit
2398 3258 2471 3282 illam

1408 3289 1610 3319 conclusionem,
1622 3289 1684 3321 quin
1694 3294 1781 3314 tamen
1790 3291 1859 3315 ullus
1870 3291 1963 3315 modus
1974 3299 2028 3324 quo
2043 3292 2148 3316 scientia
2162 3292 2284 3316 amittitur
2294 3293 2385 3317 existat
2400 3292 2472 3325 (quia

1408 3324 1526 3348 eamdem
1546 3324 1676 3349 rationem
1689 3332 1736 3356 per
1747 3332 1826 3356 quam
1839 3325 1909 3357 prius
1923 3326 2026 3358 sciebat,
2041 3326 2131 3356 habet;
2145 3332 2170 3351 et
2181 3328 2298 3352 salvatus
2310 3333 2362 3359 est,
2376 3335 2471 3360 nempe

1407 3358 1491 3383 sciens
1510 3366 1562 3382 non
1581 3363 1620 3383 est
1645 3364 1795 3391 corruptus;
1815 3364 1840 3384 et
1858 3361 1933 3385 salva
1957 3364 1997 3386 est
2015 3369 2069 3391 res,
2090 3369 2136 3386 seu
2154 3369 2206 3386 non
2229 3367 2269 3386 est
2292 3368 2411 3395 corrupta
2428 3371 2470 3388 res

1408 3393 1484 3424 scita3
1498 3401 1583 3425 neque
1601 3397 1640 3418 est
1658 3394 1754 3419 oblitus
1767 3395 1939 3420 conclusionis
1959 3395 2055 3430 scitae).
2071 3397 2139 3428 Ergo
2153 3404 2237 3429 neque
2255 3402 2313 3422 ante
2329 3398 2471 3430 corruptio-

1409 3436 1470 3452 nem
1483 3429 1559 3453 medii
1575 3429 1744 3461 contingentis
1757 3429 1827 3454 illam
1840 3430 1923 3462 ipsam
1937 3438 1992 3455 rem
2012 3431 2092 3456 scivit.
2111 3431 2198 3456 Lectio
2213 3432 2288 3464 igitur
2300 3433 2432 3458 codicum:
2446 3434 2471 3459 si

1408 3463 1504 3495 aliquis
1523 3464 1602 3488 modo
1618 3464 1730 3493 nesciat,
1746 3469 1786 3489 est
1799 3465 1951 3497 adoptanda.
1965 3479 1984 3484 —
1996 3466 2062 3491 Infra
2077 3466 2152 3491 etiam
2167 3471 2228 3499 post
2240 3467 2326 3498 verba,
2341 3471 2368 3493 et
2381 3471 2470 3494 tamen

1409 3499 1527 3523 eamdem
1551 3499 1682 3524 rationem
1700 3499 1791 3529 habet,
1815 3500 1933 3525 addimus
1957 3508 1987 3525 ex
2005 3501 2150 3532 codicibus,
2172 3505 2198 3526 et
2215 3502 2304 3528 salvus
2326 3507 2378 3532 est,
2403 3511 2471 3536 quae

1408 3534 1561 3558 omittuntur
1573 3542 1587 3558 a
1601 3534 1686 3559 Piana.
1704 3534 1790 3559 Verba
1809 3535 1876 3560 enim
1896 3535 1940 3560 illa
1957 3535 2099 3568 significant
2112 3544 2194 3561 unum
2209 3545 2239 3562 ex
2251 3543 2362 3570 quatuor
2375 3540 2470 3569 modis,

1409 3569 1504 3601 quibus
1519 3573 1604 3601 potest
1618 3569 1723 3595 scientia
1737 3570 1825 3601 amitti,
1841 3575 1866 3595 et
1879 3578 1955 3603 quos,
1970 3579 2018 3604 pro
2036 3572 2262 3604 argumentationis
2277 3574 2469 3606 perspicuitate,

1408 3609 1525 3629 recenset
1538 3612 1559 3629 s.
1574 3604 1699 3630 Thomas.

2505 365 2514 375 '
2528 371 2556 387 n:
2567 367 2656 393 potest.

2591 1115 2606 1130 τ

2498 1162 2507 1171 “
2519 1160 2594 1182 Codd.
2610 1162 2673 1187 (exc.
2683 1162 2711 1187 u)

2499 1187 2575 1208 omitt.
2592 1187 2683 1209 modus.

2499 1214 2715 1235 *Tertiusexcodd.

2499 1242 2587 1266 (παι-υς
2596 1246 2618 1261 o:
2625 1241 2712 1261 tertius

2499 1268 2559 1292 est.,·
2577 1273 2618 1288 ru:
2637 1266 2710 1288 aliut.

2607 1325 2621 1340 υ

2597 1433 2613 1457 ‘i'
