2788 4204
1146 405 1596 492 INDEX

612 586 830 628 EORUM
863 587 1035 640 QUAE
1066 589 1128 630 IN
1162 590 1288 631 HOC
1322 590 1645 633 VOLUMINE
1679 592 2122 635 CONTINENTUR

612 912 718 940 ACTA
740 913 985 942 APOSTOLICA
1503 917 1541 943 ΙΝ
1562 916 1686 944 OMNIA
1708 917 1835 945 OPERA
1857 918 1934 945 DIVI
1955 918 2123 946 THOMAE
2142 918 2351 954 AQUINATIS

262 979 306 1007 De
325 977 513 1015 philosophia
539 977 694 1007 christiana
715 980 752 1007 ad
773 986 902 1008 mentem
923 980 1014 1009 sancti
1029 981 1109 1010 Tho·
1690 963 1922 992 APPARATUS
1944 965 2157 993 GENERALIS

322 1027 389 1047 mae
409 1017 562 1056 Aquinatis
584 1019 720 1047 Doctoris
740 1019 872 1057 Angelici
892 1019 923 1048 in
937 1020 1043 1049 scholis
1064 1030 1111 1050 ca-

321 1058 436 1087 tholicis
457 1058 645 1088 instauranda
648 1081 1004 1088 ············
1031 1070 1106 1100 pag·
1254 1071 1335 1091 I-xw
1390 1042 1533 1070 Praefatio
1560 1064 2141 1072 ....................
2159 1052 2233 1083 pag.
2269 1051 2463 1073 xxxv-xxm

263 1119 306 1147 De
327 1118 487 1147 Academia
515 1128 538 1147 s.
553 1119 687 1148 Thomae
708 1119 862 1156 Aquinatis
890 1121 1001 1149 Romae
1029 1120 1110 1149 insti·
1389 1122 1455 1151 Vita
1483 1132 1506 1150 s.
1528 1123 1662 1151 'rhomae
1682 1122 1836 1159 Aquinatis
1858 1123 1976 1151 Ordinis
2000 1123 2236 1153 Praedicatorum

321 1158 439 1194 tuenda,
462 1159 557 1196 deque
571 1168 649 1188 nova
663 1159 797 1188 omnium
819 1160 951 1197 Operum
972 1160 1034 1189 eius
1047 1160 1109 1189 edi·
1450 1163 1501 1198 (ex
1516 1163 1659 1198 Echardo,
1672 1163 1838 1201 Scriptores
1853 1163 1976 1191 Ordinis
1986 1164 2236 1198 Ρναεᾰίεαιονιιηι,

320 1198 401 1227 tione
422 1199 550 1228 curanda
552 1221 1067 1229 .................
1092 1212 1107 1227 »
1201 1209 1334 1230 xvir—m
1449 1202 1487 1230 ad
1508 1211 1619 1230 annum
1645 1204 1736 1239 1274)
1746 1224 2191 1232 ...............
2217 1215 2232 1230 »
2320 1212 2461 1234 xta-nm

258 1258 302 1286 De
321 1257 467 1295 Operibus
486 1268 509 1287 s.
521 1259 656 1288 Thomae
670 1259 825 1296 Aquinatis
839 1259 919 1287 iussu
934 1266 962 1288 et
975 1259 1102 1288 auctori·

318 1304 377 1327 tate
391 1298 498 1327 Leonis
512 1299 574 1327 xm
588 1300 673 1328 Pont.
684 1300 759 1328 Max.
772 1308 807 1327 ex
821 1299 934 1337 integro
949 1299 1099 1327 edendis.»
1168 1308 1333 1329 xxm-xxm
1389 1282 1432 1309 De
1454 1281 1548 1310 Ge⁵¹i⁵
1572 1288 1600 1310 et
1621 1281 1739 1319 Scriptis
1765 1291 1799 1311 ac
1823 1282 1962 1311 Domina
1990 1283 2081 1312 saneti
2101 1283 2235 1313 'rhomae

1447 1321 1601 1358 Aquinatis
1622 1321 1838 1351 dissertationes
1858 1323 1972 1351 criticae
1993 1329 2022 1351 et
2036 1323 2233 1361 apologeticae

260 1359 304 1387 De
324 1364 426 1388 sancto
447 1359 565 1388 ‘thoma
584 1358 731 1397 Aquinate
759 1360 888 1388 Patrono
909 1358 1024 1387 caelesti
1047 1365 1106 1387 stu-
1449 1361 1481 1389 fr.
1503 1363 1544 1390 Io.
1568 1362 1712 1391 Francisci
1744 1362 1882 1391 Bernardi
1911 1364 1954 1391 De
1982 1363 2088 1392 Rubeis
2117 1363 2235 1393 Ordinis

320 1397 438 1428 diorum
459 1399 640 1436 optimorum
661 1399 830 1436 cooptando
838 1420 1066 1427 ........
1091 1411 1105 1426 »
1159 1407 1332 1429 xxvn-xxxt
1448 1401 1684 1430 Praedicator-um
1715 1424 2188 1432 ................
2214 1415 2229 1430 »
2254 1411 2459 1433 va-ccchvx

1243 1636 1473 1668 EXPOSITIO

257 1722 400 1752 Praefatio
420 1745 1127 1752 ........................
1167 1732 1240 1763 pag.
1319 1733 1327 1752 t
1357 1723 1362 1763 Ι
1386 1723 1516 1761 Epistola
1537 1725 1751 1762 nuncupatoria
1762 1747 2257 1755 .................
2295 1731 2369 1766 pag.
2441 1726 2457 1755 5

1253 1817 1410 1856 LIBER
1439 1819 1465 1856 1.

743 1927 807 1948 cu.
829 1928 848 1948 1.
973 1941 975 1943 .
1472 1939 1475 1941 »
1854 1930 1918 1950 CAP.
1940 1930 1989 1950 vu.

619 1979 796 2008 LECTIO
827 1980 973 2009 PRIMA
1181 2013 1184 2015 ,
1765 1981 1906 2010 LECTIO
1928 1982 2075 2010 DECIMA

255 2039 445 2070 Prooemium
475 2061 1128 2069 ······················
1167 2050 1240 2080 Pag-
1312 2051 1330 2078 7
1386 2044 1429 2076 De
1451 2046 1592 2075 divisione
1608 2046 1844 2083 propositionum
1859 2057 1892 2076 ex
1907 2054 1987 2084 parte
2002 2046 2136 2083 subiecti,
2158 2047 2253 2084 deque

623 2098 765 2127 [EC-no
787 2099 966 2128 SECUNDA
1446 2086 1632 2124 oppositione
1652 2084 1854 2116 affirmationis
1869 2094 1897 2116 et
1911 2087 2072 2125 negationis
2093 2087 2123 2116 in
2142 2096 2252 2124 propo-

255 2152 300 2181 οε
320 2161 427 2182 vocum
448 2151 658 2190 significatione
661 2173 1125 2180 ................
1192 2163 1206 2178 ι
1295 2161 1324 2180 ¹¹
1446 2126 1598 2155 sitionibus
1619 2126 1828 2156 universalibus
1850 2134 1877 2156 et
1898 2127 1928 2156 in
1949 2127 2104 2156 indefinitis
2125 2149 2251 2156 .....
2290 2135 2364 2166 pag.
2413 2127 2452 2162 45

641 2213 783 2241 LECT10
805 2213 948 2242 TERTIA
1740 2202 1880 2230 LECTIO
1902 2202 2102 2230 UNDECIMA

254 2248 306 2296 De·
320 2265 433 2295 diversa
453 2276 560 2296 vocum
581 2265 792 2304 significatione
807 2287 1126 2295 ...........
1191 2278 1206 2293 »
1295 2267 1326 2294 15
1384 2268 1427 2296 De
1441 2266 1627 2304 oppositione
1640 2267 1715 2295 inter
1728 2267 1943 2304 propositiones
1957 2267 2132 2296 universales
2146 2273 2175 2296 et
2184 2276 2250 2304 par-

732 2335 797 2356 ch».
819 2336 849 2356 u·
1444 2307 1586 2352 ticularesz
1606 2308 1701 2344 deque
1722 2308 1813 2352 modo
1833 2317 1892 2345 quo
1912 2317 1943 2336 se
1967 2308 2074 2336 habent
2093 2305 2251 2336 affirmatio

630 2380 771 2408 LECTIO
794 2380 955 2415 QUARTA
1444 2354 1472 2376 et
1493 2354 1608 2384 negatio
1629 2354 1781 2384 opposttae
1802 2348 1839 2376 ad
1860 2357 1961 2377 verum
1982 2353 2010 2377 et
2031 2347 2134 2377 falsum
2150 2370 2156 2376 .
2180 2369 2187 2376 .
2210 2370 2216 2376 .
2241 2369 2248 2375 .
2314 2358 2330 2374 t
2415 2348 2454 2376 52

254 2434 298 2462 De
319 2433 439 2463 nomine
446 2455 1124 2462 .......................
1190 2445 1205 2459 ι
1293 2443 1326 2470 ¹9
1842 2431 1907 2451 CAP-
1930 2431 1991 2451 vm·

726 2501 790 2521 CAP.
813 2501 854 2521 m.
1067 2520 1069 2523 ,
1720 2489 1861 2517 LECTIO
1883 2489 2113 2523 DUODECIMA

635 2552 776 2580 LECTlO
799 2552 946 2587 QUlNTA
1382 2555 1472 2589 Quod
1493 2555 1542 2583 uni
1564 2553 1752 2584 affirmationi
1773 2565 1832 2584 una
1853 2555 1916 2584 sola
1936 2555 2052 2593 negatio
2074 2554 2248 2592 opponitur.
2313 2560 2329 2582 ί
2414 2556 2455 2584 56

253 2606 297 2636 De
317 2606 396 2636 verbi
417 2612 522 2636 natura
542 2612 571 2635 et
591 2606 653 2635 eius
674 2605 876 2635 convenientia
896 2607 934 2635 ad
956 2615 1066 2635 nomen
1085 2628 1091 2635 .
1116 2629 1122 2635 .
1188 2617 1202 2633 »
1287 2608 1323 2636 23
1853 2635 1918 2656 w·
1939 2635 1980 2656 α.

728 2675 793 2696 cn.
814 2675 854 2696 lv,

644 2722 787 2750 LECHO
809 2722 936 2750 SEXTA
1691 2694 1832 2723 LECTlO
1854 2695 2145 2723 DECIMATERTIA

1382 2760 1425 2787 De
1446 2759 1564 2788 veritate
1585 2766 1613 2788 et
1634 2760 1755 2789 falsitate
1783 2761 1813 2789 in
1838 2760 1980 2798 oppositis
2001 2760 2249 2798 propositionibus

251 2784 295 2812 De
316 2783 459 2821 principio
480 2782 595 2812 formali
616 2781 842 2818 enunciationis,
864 2783 946 2820 quod
963 2789 1005 2811 est
1019 2782 1122 2812 oratio.
1189 2794 1203 2809 »
1287 2790 1325 2820 29
1441 2799 1634 2838 singularibus
1656 2801 1692 2829 de
1712 2801 1810 2830 futuro
1832 2801 1862 2829 in
1883 2801 2003 2830 materia
2024 2800 2216 2838 contingenti.
2239 2823 2247 2829 .
2313 2811 2328 2827 ,
2413 2801 2453 2838 59

625 2841 767 2870 LECTIO
789 2842 956 2870 SEPTIMA

250 2897 296 2926 De
316 2896 530 2926 enunciationis
551 2895 720 2924 definitione
751 2918 1123 2925 .............
1189 2909 1203 2923 ι
1289 2897 1323 2926 33
1680 2881 1820 2908 LECTIO
1843 2881 2150 2916 DECIMAQUARTA

692 2964 775 2985 CAPP.
797 2965 817 2984 v
847 2964 885 2985 w,
1381 2949 1487 2978 Iterum
1509 2949 1545 2977 de
1566 2948 1815 2986 propositionibus
1836 2948 2028 2986 singularibus
2049 2949 2085 2977 de
2099 2948 2196 2977 futuro
2217 2948 2248 2976 in

626 3008 768 3036 LEC-HO
791 2979 951 3037 O'CTAVA
1442 2989 1562 3017 materia
1575 2988 1762 3034 contingenti,
1777 2989 1813 3033 de
1828 2988 2024 3033 contingentia
2038 2989 2067 3016 in
2082 2989 2177 3024 rebus,
2192 2989 2243 3017 de-

1441 3038 1499 3066 que
1520 3035 1732 3066 contingentiae
1753 3029 1898 3057 radicibus
1907 3050 2245 3058 ............
2310 3039 2325 3054 »
2409 3029 2451 3063 64

250 3064 295 3092 De
316 3062 460 3091 divisione
481 3061 693 3090 enunciationis
716 3061 747 3089 in
770 3061 931 3099 simplicem
952 3068 980 3090 et
1001 3071 1123 3099 compo-

312 3102 414 3138 sitam,
435 3099 640 3131 affirmativam
662 3108 690 3130 et
710 3101 873 3139 negativam
903 3124 1121 3131 ........
1188 3113 1202 3128 ›
1288 3102 1322 3131 35
1688 3101 1788 3129 LECT
1789 3101 1828 3129 10
1850 3101 2144 3136 DECIMAQUINTA

653 3162 794 3190 LECTIO
816 3162 925 3190 NONA
1380 3175 1421 3201 Ex
1444 3174 1534 3201 modo
1556 3183 1616 3210 quo
1636 3173 1740 3201 veritas
1754 3182 1785 3201 se
1799 3173 1884 3201 habet
1905 3173 1980 3201 circa
2001 3182 2046 3201 res
2063 3172 2245 3201 concluditur

250 3217 295 3244 De
316 3215 502 3253 oppositione
524 3212 727 3244 affirmationis
748 3221 776 3243 et
797 3214 960 3252 negationis
978 3215 1119 3243 absolute.
1187 3226 1201 3240 »
1284 3222 1323 3249 42
1438 3213 1560 3250 qualiter
1580 3212 1684 3241 veritas
1705 3222 1735 3241 se
1757 3213 1861 3241 habeat
1882 3212 1957 3241 circa
1977 3212 2192 3249 propositiones
2206 3234 2212 3240 .
2236 3234 2243 3240 .
2311 3223 2326 3238 ι
2410 3219 2449 3248 7²

1237 3315 1393 3352 LIBER
1422 3316 1465 3352 ΙΙ.

730 3431 794 3452 cnr.
816 3429 845 3451 x.
1744 3421 1884 3449 LECTIO
1906 3421 2084 3449 SECUNDA

604 3485 628 3512 L
638 3485 662 3512 Ε
673 3485 733 3530 ΩΤ
743 3485 755 3512 ¹
764 3484 791 3512 ο
823 3485 846 3512 p
855 3485 880 3512 R
890 3485 901 3511 1
911 3484 940 3511 Μ
950 3485 977 3511 Α
1377 3510 1421 3536 De
1442 3517 1565 3536 numero
1587 3514 1615 3536 et
1636 3507 1804 3536 habitudine
1826 3507 1900 3536 inter
1913 3517 1944 3536 se
1958 3507 2131 3545 simplicium
2151 3517 2244 3536 enun-

253 3554 296 3581 De
317 3551 502 3580 distinctione
516 3556 544 3579 et
559 3549 661 3579 ordine
682 3549 857 3587 simplicium
874 3548 1120 3584 enunciationum,
1437 3548 1597 3576 ciationum
1618 3548 1654 3576 de
1675 3548 1760 3576 tertio
1781 3547 1939 3584 adiacente,
1957 3547 1987 3576 in
2004 3547 2110 3585 quibus
2130 3547 2245 3584 praedi-

312 3592 344 3620 in
365 3591 471 3629 quibus
498 3599 609 3620 nomen
629 3589 744 3619 finitum
771 3590 815 3619 vel
837 3589 982 3618 infinitum
1002 3588 1121 3626 ponitur
1437 3594 1518 3617 catur
1545 3588 1665 3616 verbum
1689 3593 1732 3616 est
1759 3594 1788 3616 et
1814 3587 1964 3617 subiicitur
1990 3597 2101 3617 nomen
2128 3587 2242 3616 finitum

313 3638 427 3660 tantum
448 3640 482 3660 ex
503 3637 584 3668 parte
605 3629 725 3659 subiecti
747 3651 1118 3659 .............
1157 3637 1230 3667 pag.
1284 3629 1319 3665 75
1437 3637 1498 3656 non
1519 3627 1716 3656 universaliter
1737 3634 1885 3665 sumptum
1902 3649 2241 3657 ............
2280 3637 2356 3667 pag.
2407 3637 2448 3664 79

2503 1091 2520 1102 *a
