2788 4204
176 418 189 443 Ρ

76 470 175 518 :agilem
190 469 288 497 Propos.

76 681 125 702 'uz
140 685 207 702 man.

77 733 87 741 ·
95 738 122 754 c:
133 737 232 760 propos.
249 737 286 753 ve-

76 764 127 780 ras.

174 795 190 811 σ

75 821 84 830 ·
94 819 158 841 Lect.
166 825 212 847 xm,
221 825 244 841 n.
253 825 285 840 ιο.

279 899 289 949 i

74 995 121 1016 ἰιι
136 996 171 1021 et,
182 983 223 1016 ¹sed
238 1000 286 1015 non

73 1020 206 1074 zecha-(Cf.
232 1027 284 1048 sup.

72 1157 285 1179 'umnec-un-

72 1182 125 1205 dm
139 1183 257 1205 accidens.

1187 271 1298 307 CAP.
1329 271 1374 317 II,
1404 271 1556 307 LECT.
1587 271 1639 307 IV

318 362 403 387 cem
423 349 518 386 sicut
540 348 690 386 numeri
709 347 759 385 ad
778 359 1002 394 numerum;
1028 349 1133 396 quod
1154 349 1201 386 de
1221 349 1382 386 necessi-

318 410 392 440 tate
415 401 594 449 contingit
608 401 656 438 de
676 401 862 438 diametro
882 401 1055 448 quadrati
1075 410 1110 438 et
1126 402 1204 438 eius
1223 403 1336 439 latere
1356 408 1381 448 Ρ,

316 463 357 492 ut
374 462 477 504 patet
497 466 542 491 ex
562 454 628 491 X*
646 453 840 500 Euclidis).
862 454 980 500 Quod
999 462 1126 491 autern
1146 467 1225 491 non
1245 463 1300 492 est
1317 468 1383 492 ve-

317 520 423 555 rum,
454 520 533 545 non
561 514 635 544 est:
662 519 755 544 nam
782 519 860 544 esse
886 515 922 543 et
949 519 1026 544 esse
1053 519 1185 545 verum
1225 521 1383 545 conver-

315 569 454 598 tuntur.
485 561 647 608 Oportet
680 572 769 608 ergo
797 560 836 598 id
865 561 969 609 quod
989 561 1103 598 scitur
1128 573 1210 598 esse
1234 574 1381 599 verum.

316 615 365 651 Et
393 613 446 651 sic
474 613 758 650 conclusionem
793 614 1142 660 demonstrationis,
1172 627 1270 663 quae
1299 615 1385 651 facit

314 667 422 712 scire,
443 673 592 714 oportet
607 678 690 703 esse
703 679 850 713 veram,
872 675 908 704 et
925 680 995 717 per
1015 680 1252 716 consequens
1273 668 1352 704 eius
1365 669 1384 689 *

313 719 595 768 propositiones
613 720 653 756 *z
683 732 762 756 non
791 721 893 758 enim
927 721 1107 769 contingit
1132 733 1270 758 verum
1299 721 1382 758 sciri

316 784 361 809 ex
389 772 501 818 falsis,
532 772 600 809 etsi
629 773 803 810 concludi
831 775 950 823 possit
978 786 1023 811 ex
1052 774 1105 811 eis
1125 780 1155 821 ⁰,
1184 783 1226 811 ut
1253 775 1347 811 infra
1364 776 1383 796 *

315 825 499 862 ostendet.

373 890 431 925 14.
459 878 655 925 Secundo,
676 878 748 916 ibi:
768 881 834 916 Ex
844 880 981 928 primis
1009 885 1134 917 autem
1155 889 1237 927 etc.,
1258 889 1382 918 osten-

315 930 368 968 dit
395 932 500 980 quod
529 931 801 970 demonstratio
826 934 871 970 sit
899 946 943 970 ex
966 934 1102 981 primis
1127 942 1162 971 et
1190 934 1381 971 immedia-

314 984 369 1030 tis,
392 984 473 1022 sive
487 985 508 1006 *
522 985 921 1024 indemonstrabilibus.
952 987 1044 1023 Non
1073 987 1174 1024 enim
1204 987 1383 1034 contingit

291 1041 298 1096 l
314 1037 480 1085 aliquem
502 1038 644 1076 habere
663 1038 869 1085 scientiam,
890 1039 961 1076 nisi
988 1040 1127 1076 habeat
1147 1040 1382 1076 demonstra-

299 1090 456 1142 ,tionem
486 1103 633 1137 eorum,
654 1103 819 1139 quorum
831 1100 962 1140 *potest
990 1104 1072 1129 esse
1096 1092 1380 1140 demonstratio,

314 1150 350 1180 et
376 1144 452 1180 hoc
480 1143 565 1180 dico
582 1155 657 1192 per
673 1156 724 1190 se,
746 1152 783 1180 et
809 1156 888 1181 non
905 1157 978 1192 per
999 1145 1018 1166 *
1036 1145 1218 1182 accidens.
1240 1145 1290 1181 Et
1307 1146 1382 1181 hoc

311 1195 399 1232 ideo
420 1195 518 1242 dicit,
539 1196 628 1244 quia
645 1196 825 1244 possibile
855 1205 952 1233 esset
979 1197 1073 1233 scire
1095 1198 1262 1245 aliquam
1293 1210 1381 1234 con-

312 1247 534 1295 elusionem,
559 1261 638 1286 non
661 1250 867 1286 habentem
894 1250 1258 1287 demonstrationem
1273 1263 1381 1300 prae-

311 1300 518 1338 missorum
532 1302 564 1348 *,
595 1301 709 1338 etiarn
729 1303 759 1339 si
779 1311 904 1339 essent
931 1303 1260 1340 demonstrabilia:
1290 1305 1380 1351 quia

312 1353 528 1408 sciret-eam
555 1366 626 1404 per
643 1355 715 1392 alia
742 1355 946 1405 principia;
968 1363 1004 1393 et
1031 1357 1106 1393 hoc
1127 1364 1224 1393 esset
1248 1369 1379 1394 secun-

272 1413 282 1463 ]
311 1405 405 1444 dum
433 1406 611 1445 accidens
624 1409 654 1445 ³⁸.
680 1409 801 1446 Detur
824 1420 918 1457 ,ergo
937 1409 1044 1457 quod
1067 1410 1199 1458 aliquis
1220 1409 1379 1447 demon-

275 1483 281 1489 ·
309 1466 446 1497 strator
460 1462 480 1480 ⁶
505 1461 697 1509 syllogizet
726 1474 771 1499 ex
800 1462 1169 1510 demonstrabilibus,
1191 1463 1271 1500 sive
1299 1476 1379 1500 me-

337 1511 436 1553 ‘atisz
470 1521 535 1551 aut
563 1526 652 1562 ergo
671 1515 787 1552 habet
822 1516 972 1552 illorum
1001 1516 1378 1564 demonstrationem,

332 1573 374 1602 ut
391 1571 470 1603 non
489 1567 621 1604 habet:
642 1568 673 1605 si
700 1581 779 1606 non
807 1569 937 1615 habet,
964 1582 1053 1618 ergo
1082 1583 1161 1607 non
1186 1570 1254 1607 scit
1271 1582 1379 1619 prae-

309 1617 426 1656 missa
434 1624 461 1666 ',
469 1627 505 1656 et
514 1620 564 1658 ita
578 1633 649 1658 nec
666 1622 949 1659 conclusionem
960 1631 1115 1672 propter
1128 1623 1378 1672 praemissa*;

310 1671 340 1708 si
362 1679 491 1709 autem
515 1674 641 1720 habet,
663 1687 751 1711 cum
771 1675 810 1712 in
831 1676 1216 1714 demonstrationibus
1237 1689 1316 1714 non
1335 1677 1381 1714 sit

310 1724 414 1762 abire
429 1725 450 1746 *
472 1725 516 1778 ‘in
544 1726 746 1774 infinitum,
759 1736 812 1770 *ut
830 1729 925 1766 infra
945 1730 1118 1767 ostendet
1137 1731 1192 1777 **,
1222 1730 1378 1767 tandem

311 1777 378 1814 erit
406 1777 585 1817 devenire
614 1781 664 1818 ad
686 1781 820 1829 'aliqua
854 1782 1074 1820 immediata
1109 1791 1146 1820 et
1176 1783 1378 1821 indemon-

328 1830 485 1870 trabilia.
515 1834 565 1870 Et
583 1833 636 1870 sic
655 1842 804 1883 oportet
823 1836 928 1883 quod
952 1836 1224 1874 demonstratio
1244 1848 1289 1874 ex
1308 1837 1377 1874 irn-

353 1883 483 1922 ediatis
497 1886 691 1935 procedat,
706 1889 769 1925 vel
784 1889 920 1935 statim,
936 1890 997 1927 vel
1013 1902 1082 1939 per
1095 1890 1221 1938 aliqua
1234 1889 1374 1928 media.

345 1935 420 1974 nde
441 1938 534 1976 etin
559 1939 684 1988 primo
713 1940 808 1978 libro
833 1943 869 1979 T
864 1943 1058 1991 opicorum
1073 1944 1094 1964 *
1121 1943 1255 1980 dicitur
1272 1943 1378 1992 quod

337 1992 584 2030 ernonstratio
614 2001 669 2030 est
697 2005 742 2030 ex
769 1995 902 2044 primis
931 2003 967 2033 et
993 1996 1105 2044 veris,
1126 2005 1191 2034 aut
1210 2008 1255 2033 ex
1270 1998 1290 2016 ⁴*
1318 1997 1377 2035 his

363 2055 409 2080 ae
435 2056 506 2093 per
533 2057 578 2082 ea
606 2046 725 2084 fidem
747 2058 989 2098 sumpserunt
1009 2055 1032 2086 ⁹.

369 2107 382 2132 1
394 2097 427 2134 5.
448 2098 591 2146 Tertio,
607 2099 677 2137 ibi:
703 2101 847 2139 Causas
861 2114 1008 2151 quoque
1023 2110 1105 2150 etc.,
1121 2103 1258 2151 probat
1272 2102 1378 2152 quod

310 2147 643 2190 demonstrationis
669 2155 950 2204 propositiones
968 2161 983 2186 P
1012 2156 1084 2193 sint
1116 2165 1252 2193 causae
1288 2169 1377 2193 con—

310 2202 498 2252 clusionis,
509 2205 598 2254 quia
617 2215 707 2246 tunc
725 2208 878 2256 scimus,
891 2222 979 2246 cum
1001 2222 1134 2246 causas
1146 2210 1166 2231 *
1185 2209 1377 2257 cognosci-

361 2377 388 2415 ρ)
409 2379 488 2409 Quod
506 2379 540 2406 de
558 2379 714 2405 necessitate
731 2380 863 2414 contingit
883 2381 916 2406 de
935 2381 1066 2407 diametro
1085 2383 1213 2414 quadrati
1231 2386 1258 2408 et
1270 2383 1326 2408 eius
1339 2383 1378 2408 Ia-

309 2424 365 2446 tere
379 2420 427 2440 etc.
436 2428 455 2433 -
465 2414 500 2439 Ita
514 2414 589 2439 codd.
603 2413 668 2449 (exc.
682 2414 741 2450 HR)
757 2416 840 2440 PHR:
855 2417 927 2448 quod
940 2418 1046 2449 quidem
1061 2415 1098 2453 (R
1112 2426 1165 2442 om.
1185 2417 1302 2453 quidem)
1317 2426 1378 2444 con-

309 2451 391 2488 tingit
415 2450 448 2475 de
471 2449 603 2475 diametro
626 2451 755 2483 quadrati
768 2456 815 2476 etc.
825 2465 844 2470 —
854 2452 918 2477 MO:
938 2453 1010 2485 quod
1023 2453 1056 2478 de
1075 2453 1229 2478 necessitate
1246 2454 1379 2488 contingit

310 2491 343 2516 ag
356 2488 489 2515 diametro
500 2488 527 2510 et
540 2485 675 2518 quadrato
688 2490 715 2511 et
726 2487 783 2512 eius
801 2487 892 2512 latere.
912 2488 985 2518 Quae
999 2489 1090 2513 ultima
1104 2489 1180 2513 lectio
1193 2497 1245 2514 non
1259 2489 1379 2514 cohaeret

309 2533 369 2551 cum
383 2527 453 2548 textu
467 2521 554 2552 Arist„
570 2521 636 2546 sicut
648 2529 701 2546 non
721 2521 840 2547 cohaeret
859 2531 918 2548 cum
937 2524 1087 2556 praemissis
1107 2532 1121 2548 a
1140 2532 1161 2549 s.
1171 2524 1282 2549 Thoma.
1295 2525 1378 2550 Codd.

310 2558 466 2589 GIKLNQT
482 2557 571 2582 minus
590 2557 667 2582 etiam
687 2563 769 2582 recte:
789 2558 894 2590 quod...
909 2560 941 2584 de
960 2559 1092 2584 diametro
1110 2560 1243 2592 quadrato
1262 2563 1289 2585 et
1307 2566 1354 2585 etc.

363 2596 389 2630 σ)
410 2594 470 2619 Etsi
487 2593 609 2618 concludi
621 2593 710 2624 possit
729 2591 788 2627 (HI,
802 2597 907 2626 poss-et,-
927 2595 961 2624 R,
976 2594 1080 2628 potest)
1100 2602 1138 2620 ex
1155 2595 1201 2620 eis.
1217 2596 1253 2620 Ita
1267 2595 1378 2626 codices,

310 2631 423 2664 exceptis
442 2629 502 2658 EM,
523 2628 566 2660 qui
585 2635 634 2661 pro
652 2628 701 2653 etsi
718 2628 814 2653 habent
837 2629 977 2655 licet.-P:
996 2634 1023 2655 et
1045 2630 1083 2655 sic
1101 2630 1223 2656 concludi
1235 2631 1324 2663 possit
1341 2638 1379 2656 ex

309 2668 355 2693 eis.
380 2665 466 2691 Verba
484 2669 570 2688 tamen
594 2666 622 2688 et
639 2663 677 2688 sic
689 2671 738 2696 pro
757 2664 807 2689 etsi
831 2670 892 2689 sunt
912 2673 983 2691 error
1007 2666 1207 2699 typothetarum.
1226 2679 1245 2684 —
1260 2667 1378 2699 Denique

310 2710 379 2727 unus
393 2702 403 2726 1
417 2699 595 2734 prosequitur:
614 2699 686 2731 quod
704 2699 777 2733 infra
795 2701 923 2726 ostendet.

363 2736 390 2772 τ)
409 2738 464 2761 Aut
482 2742 547 2768 ergo
565 2734 644 2759 habet
662 2735 769 2760 illorum
784 2736 1036 2762 demonstrationem
1056 2738 1164 2762 eta—1:
1183 2740 1232 2762 aut
1249 2737 1328 2762 habet
1347 2737 1378 2762 il-

310 2773 396 2798 lorum
416 2769 668 2797 demonstrationem
687 2771 811 2795 erm—H:
830 2774 879 2796 aut
896 2779 962 2806 ergo
981 2772 1060 2797 habet
1081 2772 1186 2797 illorum
1213 2773 1379 2798 demonstra-

311 2808 417 2837 tionem,
427 2809 476 2832 ant
489 2813 540 2831 non
545 2813 555 2834 ‚·
566 2805 590 2830 si
604 2811 651 2831 etc.
661 2820 681 2824 -
690 2806 826 2837 GKLMQ:
845 2810 893 2832 aut
905 2815 970 2841 ergo
985 2807 1044 2841 (etc.
1055 2813 1084 2832 ut
1098 2807 1171 2842 P)...;
1185 2807 1210 2833 si
1222 2815 1274 2833 non
1288 2808 1375 2838 habet,

310 2850 376 2877 ergo
394 2849 441 2867 nec
452 2841 502 2867 seit
514 2846 561 2866 etc.
570 2841 719 2874 —Denique
732 2842 1037 2874 ABCDEGKLMQRST
1052 2851 1105 2867 non
1118 2843 1292 2876 praemissas,
1306 2848 1336 2868 ut
1345 2843 1378 2874 P,

312 2879 358 2904 sed
371 2877 524 2910 praemissa
540 2876 643 2908 legurm
662 2882 688 2902 et
701 2877 735 2902 ita
748 2885 838 2903 revera
853 2879 991 2911 legendum
1006 2883 1046 2903 est
1057 2883 1113 2903 tum
1127 2886 1214 2911 supra,
1228 2882 1257 2904 ut
1270 2879 1298 2904 in
1310 2887 1378 2904 mar-

311 2914 371 2946 gine
381 2913 537 2942 notavimus,
550 2916 606 2936 tum
620 2912 669 2942 hic,
682 2917 738 2937 tum
753 2912 826 2938 infra.
847 2914 1002 2939 Constanter
1015 2914 1084 2938 enim
1098 2918 1151 2938 tam
1165 2914 1194 2944 P,
1209 2915 1288 2947 quam
1303 2914 1378 2939 codd.

312 2949 344 2974 de
361 2948 402 2973 his
415 2947 574 2980 praemissis
592 2948 688 2980 legunt,
702 2948 727 2972 si
738 2952 824 2973 essent
841 2949 1083 2974 demonstrabilia...
1102 2956 1167 2983 ergo
1181 2949 1259 2975 habet
1271 2950 1378 2975 illorum

312 2982 590 3009 demonstrationem...
610 2983 718 3008 tandem
737 2983 790 3008 erit
808 2984 931 3009 devenire
948 2985 986 3009 ad
1003 2985 1094 3016 aliqua
1119 2985 1274 3010 immediata
1292 2988 1319 3010 et
1337 2985 1377 3010 in-

312 3018 536 3044 demonstrabilia.
556 3017 626 3050 Er'go
645 3026 698 3043 non
711 3019 878 3050 praemissae
897 3018 1140 3056 (subintelligendo,
1154 3018 1377 3055 propositiones),

312 3055 358 3079 sed
372 3053 531 3086 praemissa.
550 3052 579 3077 In
593 3053 651 3078 cod.
665 3053 688 3077 K
701 3054 853 3086 praemissa
872 3055 1011 3088 corrigitur,
1031 3063 1077 3080 seu
1095 3055 1183 3081 verius
1204 3056 1378 3090 corrumpitur

308 3098 338 3114 m
351 3095 608 3159 &affixarum
621 3127 661 3149 est
674 3131 711 3149 ex
724 3125 822 3156 primis
835 3129 883 3150 etc.
898 3125 934 3150 Ita
948 3126 1023 3150 codd.
1036 3125 1177 3157 BGIOQR.
1186 3141 1207 3146 —
1215 3126 1250 3151 P:
1267 3126 1375 3152 demon-

311 3160 408 3185 strat-io
417 3162 458 3184 est
470 3165 508 3184 ex
514 3158 635 3191 propriis
649 3159 758 3184 ete—M:
772 3161 813 3185 vel
826 3160 964 3186 veris—H:
979 3168 1047 3193 quae
1052 3169 1106 3194 per
1110 3162 1204 3194 prima
1206 3162 1292 3196 fidem
1302 3167 1349 3187 etc.
1358 3176 1378 3180 —

312 3195 407 3220 Codd.:
419 3194 584 3227 fidem.·-P:
597 3194 738 3228 fida—Ex
755 3195 826 3220 hisce
844 3196 1001 3221 variantibus
1024 3197 1177 3222 lectionibus
1196 3197 1272 3230 digna
1291 3197 1376 3222 consi-

312 3230 443 3255 deratione
453 3234 493 3254 est
506 3230 672 3254 solummodo
687 3230 731 3255 illa
745 3238 824 3263 quam
839 3239 870 3256 ex
882 3230 955 3256 codd.
965 3232 1099 3263 BGIOQR
1107 3233 1270 3266 adoptamus,
1281 3240 1377 3266 nempe

311 3273 349 3291 ex
356 3265 462 3298 primis,
483 3265 541 3290 loco
560 3271 598 3290 ex
604 3265 734 3297 propriis.
753 3266 833 3291 Favet
849 3266 909 3292 huic
923 3267 1024 3292 lectioni
1037 3268 1110 3292 locus
1123 3268 1214 3294 citams
1227 3276 1258 3293 ex
1271 3269 1281 3292 1
1298 3267 1376 3300 Topi-

311 3307 418 3326 corum:
435 3299 470 3324 ibi
484 3300 553 3325 enim
565 3300 718 3325 Aristoteles
733 3301 813 3334 ponit,
826 3308 864 3327 ex
875 3302 945 3327 veris
958 3305 986 3328 et
993 3303 1106 3335 primis:
1118 3301 1262 3333 Ἀπόδειξις
1275 3300 1319 3338 μὲν
1331 3298 1376 3328 οὖν

311 3334 389 3368 ἐστίν,
412 3332 474 3360 ὅταν
493 3333 520 3365 ἐξ
539 3330 641 3363 ἀληθῶν
659 3334 701 3360 καὶ
721 3335 828 3370 πρώτων
848 3334 862 3362 ὁ
881 3335 1057 3379 συλλοχισμὸς
1075 3333 1107 3374 ᾗ,
1127 3336 1142 3372 ἢ
1162 3336 1190 3363 ἐκ
1214 3338 1339 3363 τοιούτων
1360 3335 1375 3362 ἃ

311 3368 352 3396 διά
371 3378 445 3396 τινων
464 3369 571 3404 πρώτςω
595 3368 638 3395 καὶ
662 3365 763 3404 ἀληθῶν
781 3373 826 3404 τῆς
843 3369 900 3406 περὶ
920 3369 987 3398 αὕτα
1005 3372 1122 3406 γνώσεως
1141 3371 1186 3406 τὴν
1205 3368 1286 3409 ἀρχὴν
1306 3370 1374 3406 εἵλη-

311 3406 500 3440 ‹pem-Deinde
514 3405 589 3430 lectio
606 3413 644 3431 ex
652 3406 751 3438 primis
763 3407 900 3440 requiritur
913 3415 944 3433 cx
957 3409 1072 3441 probatis
1084 3409 1110 3434 in
1124 3408 1174 3434 hoc
1186 3417 1308 3434 numero:
1323 3417 1376 3434 non

311 3441 381 3466 enim
400 3442 432 3466 de
445 3441 573 3474 propriis,
594 3442 640 3466 sed
660 3442 692 3466 de
704 3442 803 3475 primis
817 3450 905 3468 sermo
917 3449 964 3469 est.
982 3443 1100 3477 Denique
1112 3443 1278 3470 confirmatur
1292 3452 1322 3469 ex
1334 3444 1374 3468 his

311 3484 379 3510 quae
397 3476 524 3502 habentur
541 3476 567 3501 in
585 3475 637 3501 fine
655 3476 731 3502 huius
747 3477 872 3510 lectionis,
890 3479 934 3503 ubi
953 3480 1089 3512 exponitur
1102 3480 1174 3513 quod
1188 3480 1248 3513 quia
1268 3481 1375 3504 demon-

311 3512 460 3572 stratiodffst
477 3519 507 3537 ex
526 3511 631 3545 primis,
650 3511 759 3538 habetur
783 3514 855 3546 quod
873 3514 907 3539 sit
924 3522 954 3539 ex
972 3515 1097 3548 propriis,
1117 3515 1184 3540 sicut
1201 3516 1278 3540 etiam
1297 3522 1375 3548 supra

311 3555 337 3572 n.
355 3555 382 3572 11
423 3547 502 3572 'ctum
522 3552 570 3572 est.
627 3569 630 3571 .

363 3582 393 3616 φ)
413 3582 663 3608 Demonstrationis.
677 3583 874 3615 propositiones
891 3585 927 3609 Ita
946 3593 1005 3610 cum
1023 3585 1101 3611 Pinna
1119 3587 1203 3616 codd.‚
1220 3593 1272 3611 exc.
1287 3586 1317 3615 Α,
1333 3584 1376 3617 qui

298 3617 403 3657 habet:
411 3618 579 3650 praemissae
602 3618 836 3645 demonstrationis
853 3623 916 3645 sunt
935 3618 1015 3656 (sunt,
1030 3626 1056 3646 et
1073 3617 1130 3655 DE)
1150 3628 1246 3647 causae
1260 3625 1306 3644 etc.

453 3671 522 3703 Opp.
542 3671 572 3695 D.
587 3671 702 3696 Tamne
720 3671 751 3697 T.
766 3672 784 3696 1.

2430 275 2498 310 153

1441 363 1539 388 mus.
1561 352 1611 388 Et
1630 363 1674 388 ex
1690 351 1764 388 hoc
1785 350 2003 388 concludit*
2021 350 2172 387 ulterius
2192 352 2296 399 quod
2315 352 2387 389 sint
2399 353 2503 400 prio-

1441 416 1501 440 res
1530 413 1565 441 et
1584 405 1762 451 notiores,
1783 404 1873 452 quia
1901 403 2026 440 omnis
2052 416 2164 440 causa
2186 412 2240 440 est
2259 406 2472 442 naturaliter
2485 407 2504 427 ’¹‘

1438 457 1542 505 prior
1571 466 1606 494 et
1634 457 1758 494 notior
1790 470 1859 494 suo
1894 457 2041 494 effectu.
2073 457 2234 506 Oportet
2252 465 2379 495 autem
2399 459 2502 506 quod

1440 522 1554 546 causa
1569 510 1820 547 conclusionis
1841 510 2190 547 demonstrativae*
2210 510 2256 547 sit
2274 511 2409 557 notior,
2426 524 2504 548 non

1439 564 1563 599 solum
1578 571 1763 611 quantum
1783 563 1832 600 ad
1852 563 2105 611 cognitionem
2121 563 2212 612 quid
2223 569 2287 610 est,
2303 564 2371 601 sed
2390 565 2503 601 etiam

1439 624 1623 663 quantum
1643 617 1692 653 ad
1709 616 1962 664 cognitionem
1982 617 2071 664 quia
2099 623 2153 654 est
2165 617 2195 653 ³¹³.
2226 617 2317 653 Non
2338 617 2439 654 enim
2454 618 2503 654 ad

1439 669 1780 706 demonstrandum
1808 669 1912 718 quod
1941 669 2087 718 eclipsis
2115 670 2203 706 solis
2233 677 2288 707 est
2305 670 2340 717 *,
2367 670 2503 707 sufficit

1438 722 1532 758 scire
1547 723 1652 770 quod
1662 723 1744 759 *est
1758 724 1867 759 lunae
1883 723 2126 771 interpositio,
2138 723 2206 760 sed
2225 730 2374 772 oportet
2389 723 2502 760 etiam

1438 775 1531 812 scire
1560 776 1663 823 quod
1693 777 1780 812 luna
1813 776 2059 824 interponitur
2076 777 2096 797 *
2115 776 2209 813 inter
2233 777 2353 813 solem
2378 784 2414 813 et
2431 785 2502 813 ter-

1438 840 1532 865 ram.
1560 829 1609 865 Et
1636 828 1724 876 quia
1751 828 1855 877 prius
1890 837 1926 865 et
1962 829 2085 865 notius
2120 829 2253 866 dicitur
2285 829 2499 878 dupliciter,

1438 881 1575 917 scilicet
1612 881 1739 929 quoad
1770 893 1854 926 nos,
1892 889 1927 917 et
1952 883 2156 918 secundum
2193 888 2390 928 naturam,·
2415 882 2502 920 dicit

1439 942 1714 982 consequenter
1725 934 1744 955 *
1754 934 1859 981 quod
1874 946 1930 980 ea,
1943 944 1988 970 ex
2003 934 2140 982 quibus
2154 935 2323 984 procedit
2342 936 2500 973 demon-

1438 987 1583 1032 stratio,
1619 995 1705 1023 sunt
1731 987 1858 1035 priora
1895 993 1932 1022 et
1959 987 2106 1024 notiora
2135 988 2350 1037 simpliciter
2381 997 2418 1025 et
2445 1001 2501 1025 se-

1438 1040 1606 1076 cundum
1635 1047 1821 1085 naturam,
1852 1046 1888 1075 et
1907 1051 1984 1075 non
2009 1041 2135 1087 quoad
2165 1053 2234 1077 nos
2253 1047 2281 1078 κ.
2295 1042 2343 1078 Et
2362 1042 2411 1078 ad
2430 1042 2498 1078 hu-

1437 1092 1494 1128 ius
1533 1092 1807 1140 expositionem
1850 1091 1938 1128 dicit
1974 1093 2078 1140 quod
2115 1093 2240 1142 priora
2283 1102 2318 1131 et
2354 1095 2501 1132 notiora

1437 1144 1654 1193 simpliciter
1681 1153 1768 1181 sunt
1791 1144 1850 1180 illa
1871 1145 1902 1190 *,
1933 1157 2031 1192 quae
2060 1154 2145 1182 sunt
2174 1155 2319 1183 remota
2343 1160 2364 1184 a
2389 1159 2501 1184 sensu

1436 1205 1477 1233 ut
1513 1197 1751 1234 universalia.
1782 1197 1913 1233 Priora
1942 1206 2068 1235 autem
2088 1199 2108 1219 ³¹*
2128 1207 2163 1235 et
2191 1200 2338 1236 notiora
2372 1201 2500 1248 quoad

1436 1262 1507 1286 nos
1536 1258 1622 1286 sunt
1639 1250 1814 1299 proxima
1843 1251 1985 1297 sensui,
2007 1251 2144 1288 scilicet
2173 1252 2382 1299 singularia,
2403 1266 2501 1301 quae

1437 1311 1682 1352 opponuntur
1699 1303 1986 1350 universalibus,
2008 1304 2087 1340 sive
2112 1305 2349 1354 oppositione
2367 1306 2501 1354 prioris

1437 1363 1473 1392 et
1498 1356 1734 1404 posterioris,
1765 1356 1844 1394 sive
1873 1357 2111 1405 oppositione
2147 1358 2350 1407 propinqui
2381 1367 2418 1395 et
2445 1372 2500 1396 re-

1435 1417 1541 1445 moti.
1801 1415 1804 1418 '
2213 1421 2215 1424 ’

1494 1462 1552 1499 16.
1573 1462 1731 1499 Videtur
1750 1470 1878 1499 autem
1898 1462 2127 1499 contrarium
2147 1463 2257 1499 huius
2275 1464 2295 1484 ³²
2313 1464 2444 1500 haberi
2464 1464 2501 1501 in

1435 1516 1448 1551 I
1467 1516 1617 1563 Pizysic.
1633 1516 1665 1562 *,
1694 1515 1759 1551 ubi
1780 1515 1913 1552 dicitur
1931 1516 2036 1564 quod
2055 1516 2281 1553 universalia
2300 1524 2386 1553 sunt
2399 1517 2498 1566 prio—

1435 1580 1475 1604 ra
1504 1568 1633 1617 quoad
1661 1580 1744 1615 nos,
1766 1576 1802 1605 et
1828 1569 2037 1617 posteriora
2057 1569 2267 1606 secundum
2286 1578 2499 1608 naturam.-

1435 1622 1511 1659 Sed
1532 1622 1737 1659 dicendum
1767 1622 1855 1658 est*
1883 1622 1986 1670 quod
2015 1622 2076 1658 hic
2104 1623 2267 1671 loquitur
2296 1623 2343 1659 de
2368 1623 2500 1660 ordine

1434 1675 1628 1723 singularis
1648 1675 1696 1712 ad
1725 1675 1936 1711 universale
1961 1675 2186 1724 simpliciter,
2208 1683 2372 1724 quorum
2401 1677 2500 1714 ordi-

1433 1740 1524 1765 nem
1553 1735 1702 1778 oportet
1729 1728 1899 1776 accipere
1929 1729 2140 1766 secundum
2170 1729 2344 1766 ordinem
2374 1730 2499 1777 cogni-

1432 1781 1543 1819 tionis
1563 1781 1763 1818 sensitivae
1794 1789 1829 1818 et
1847 1781 1867 1802 *
1886 1781 2131 1819 intellectivae
2156 1782 2194 1818 in
2213 1782 2334 1819 nobis.
2361 1783 2498 1830 Cogni-

1432 1835 1484 1872 tio
1500 1844 1628 1873 autem
1648 1834 1826 1871 sensitiva
1846 1843 1901 1871 est
1920 1835 1957 1871 in
1976 1835 2086 1872 nobis
2104 1835 2208 1884 prior
2227 1835 2448 1872 intellectiva
2465 1837 2496 1882 *,

1432 1889 1521 1937 quia
1549 1888 1804 1926 intellectualis
1833 1888 1994 1935 cognitio
2024 1901 2070 1925 ex
2094 1901 2207 1925 sensu
2233 1889 2404 1937 procedit
2421 1889 2498 1926 *in

1432 1943 1554 1980 nobis.
1575 1941 1687 1980 Unde
1708 1949 1743 1978 et
1772 1941 1956 1989 singulare
1985 1949 2040 1977 est
2065 1941 2168 1990 prius
2189 1950 2225 1978 et
2253 1942 2376 1978 notius
2404 1955 2498 1990 quo-

1432 1997 1482 2034 ad
1502 2009 1572 2033 nos
1592 2007 1710 2044 quam
1735 1994 1959 2031 universale.
1981 1995 2023 2031 In
2039 1996 2053 2031 Ι
2075 2002 2203 2031 autem
2217 1995 2364 2044 Physic.
2381 1995 2401 2016 ³¹²
2420 2008 2499 2032 non

1430 2050 1584 2099 ponitur
1612 2048 1708 2086 ordo
1735 2048 1957 2085 universalis
1982 2047 2031 2085 ad
2059 2047 2242 2096 singulare
2271 2048 2496 2097 simpliciter,

1432 2103 1499 2141 sed
1519 2102 1639 2150 magis
1658 2101 1880 2139 universalis
1904 2100 1953 2138 ad
1972 2101 2099 2138 minus
2126 2101 2351 2148 universale,
2371 2109 2412 2138 ut
2429 2114 2497 2150 pu-

1431 2165 1480 2202 ta,
1502 2155 1674 2193 animalis
1694 2155 1743 2192 ad
1763 2154 1973 2201 hominem,
1991 2162 2027 2190 et
2041 2154 2094 2191 sic
2113 2162 2261 2203 oportet
2280 2155 2384 2203 quod
2403 2167 2496 2202 quo-

1432 2210 1480 2248 ad
1501 2222 1583 2256 nOS,
1603 2208 1852 2246 universalius
1872 2208 1917 2245 sit
1939 2207 2042 2257 prius
2063 2215 2098 2244 et
2122 2208 2242 2255 magis
2262 2216 2396 2245 notum
2406 2207 2433 2245 Ψ.
2455 2210 2497 2245 In

1485 2382 1515 2418 χ)
1535 2383 1572 2408 Et
1585 2390 1637 2408 non
1653 2382 1742 2415 quoad
1758 2389 1813 2406 nos.
1837 2382 1872 2406 Ita
1886 2381 1964 2406 Piana
1983 2388 2043 2405 cum
2062 2381 2196 2405 codd-*O
2209 2380 2302 2405 omittit
2313 2382 2496 2413 praecedentia,

1432 2422 1459 2444 et
1477 2418 1598 2447 notiora;
1617 2419 1664 2442 sed
1683 2422 1723 2442 est
1738 2417 1870 2442 mendum.
1891 2417 1964 2441 Unus
1984 2415 2039 2440 cod.
2054 2416 2077 2440 1:
2097 2419 2123 2441 et
2141 2416 2230 2448 quoad
2248 2424 2303 2441 nos.
2323 2414 2395 2446 Qu‘ae
2414 2417 2497 2448 lectio,

1432 2454 1491 2479 licet
1509 2454 1574 2478 falsa
1588 2454 1614 2478 in
1627 2461 1656 2478 se
1675 2461 1728 2477 non
1748 2452 1788 2483 sit,
1808 2458 1894 2477 tamen
1914 2457 1982 2476 extra
2001 2451 2164 2485 propositum
2177 2451 2227 2476 hoc
2245 2452 2303 2476 loco
2322 2457 2369 2476 cst.
2396 2453 2496 2485 Suppo-

1433 2490 1502 2514 nitur
1520 2489 1617 2514 divisio*
1630 2488 1837 2522 propositionum
1852 2495 1899 2521 per
1913 2495 1941 2512 se
1956 2493 2074 2512 notarum
2090 2487 2172 2520 (quae
2187 2494 2216 2511 ex
2230 2487 2279 2511 hoc
2295 2487 2412 2512 dicuntur
2426 2489 2496 2520 quod

1433 2533 1521 2550 earum
1540 2524 1715 2558 praedicatum
1734 2523 1870 2548 includitur
1889 2523 1913 2547 in
1931 2523 2028 2547 ratione
2042 2522 2156 2552 subiecti,
2171 2527 2200 2546 ut
2218 2522 2242 2546 in
2256 2523 2373 2555 sequenti
2388 2523 2497 2548 lectione

1434 2558 1540 2595 dicetur)
1562 2560 1588 2585 in
1609 2559 1800 2592 propositiones
1815 2559 1914 2592 priores
1934 2564 1959 2583 et
1978 2558 2091 2582 notiores
2110 2558 2199 2590 quoad
2216 2565 2257 2586 se,
2276 2557 2326 2582 hoc
2340 2563 2379 2582 est
2398 2558 2497 2590 simpli-

1434 2597 1495 2621 citer
1514 2601 1540 2620 et
1558 2596 1703 2620 secundum
1723 2600 1853 2623 naturam;
1874 2594 1899 2618 in
1920 2594 2109 2627 propositiones
2122 2593 2221 2626 priores
2239 2598 2263 2617 et
2278 2593 2390 2618 notiores
2408 2594 2497 2626 quoad

1434 2631 1495 2660 nosss·
1513 2639 1542 2656 ac
1553 2631 1666 2664 denique
1681 2630 1706 2654 in
1716 2630 1907 2663 propositiones
1921 2629 2019 2662 priores
2030 2634 2055 2653 et
2067 2629 2179 2653 non'ores
2192 2633 2302 2660 utroque
2317 2629 2404 2653 modo.
2419 2629 2497 2653 Hisce

1433 2666 1590 2700 suppositis,
1609 2670 1730 2691 movetur
1748 2665 1878 2698 quaestio:
1897 2670 1983 2689 utrum
2003 2664 2138 2697 principia,
2158 2672 2188 2688 ex
2207 2664 2302 2696 quibus
2321 2664 2436 2696 procedit
2453 2665 2496 2688 de-

1433 2702 1595 2733 monstratio,
1607 2701 1717 2726 debeant
1726 2709 1785 2726 esse
1794 2701 1879 2733 priora
1894 2705 1919 2725 et
1931 2700 2030 2724 notiora
2042 2700 2185 2724 secundum
2199 2707 2234 2729 se,
2249 2700 2289 2723 vel
2303 2698 2411 2724 sufficiat
2425 2700 2495 2732 quod

1433 2738 1485 2762 sint
1502 2737 1587 2770 priora
1606 2741 1632 2762 et
1651 2737 1749 2761 not10ra
1772 2737 1858 2769 quoad
1877 2735 1942 2760 nos?
1961 2735 2007 2760 Cui
2027 2734 2170 2767 quaestioni
2195 2735 2351 2767 respondent
2370 2734 2418 2759 hoc
2438 2735 2496 2759 loco

1432 2773 1584 2798 Aristoteles
1604 2778 1630 2797 et
1647 2780 1670 2796 s.
1683 2772 1814 2802 Thomas,
1834 2771 1930 2796 aientes
1954 2771 2024 2804 quod
2049 2770 2143 2794 debent
2167 2777 2225 2794 esse
2246 2770 2330 2802 priora
2349 2774 2374 2794 et
2397 2770 2496 2794 notiora

1433 2803 1583 2842 simpliciter
1601 2808 1746 2833 secundum
1765 2812 1890 2836 naturam,
1906 2811 1930 2831 et
1943 2814 1995 2830 non
2015 2805 2181 2830 solummodo
2194 2805 2280 2837 quoad
2294 2812 2356 2829 nos:
2376 2812 2443 2836 quae
2455 2813 2494 2829 re-

1432 2844 1541 2876 sponsio
1555 2849 1596 2868 est
1609 2843 1753 2868 secundum
1767 2842 1904 2867 lectionem
1918 2842 2020 2866 Pianam
2035 2846 2060 2865 et
2073 2841 2148 2865 codd.
2158 2854 2177 2859 -
2187 2840 2240 2864 Dixi
2260 2847 2311 2864 non
2331 2840 2495 2865 solummodo

1432 2879 1522 2912 quoad
1540 2886 1601 2905 nos:
1621 2886 1682 2903 nam
1697 2886 1757 2903 cum
1772 2878 1823 2902 iam
1842 2877 1978 2910 probatum
1993 2876 2026 2901 sit
2039 2876 2065 2900 in
2081 2876 2163 2909 prima
2177 2875 2286 2900 lectione
2301 2875 2371 2907 quod
2385 2875 2492 2899 demon-

1432 2914 1548 2940 strationi
1563 2914 1655 2939 debeat
1668 2913 1767 2946 praeire
1781 2913 1892 2945 cognitio
1907 2912 2098 2945 principiorum,
2113 2910 2184 2941 haec,
2195 2911 2256 2934 dum
2277 2910 2494 2935 demonstratione

1431 2950 1538 2980 utimur,
1553 2950 1648 2974 debent
1660 2957 1718 2974 esse
1732 2949 1807 2973 etiarn
1822 2948 1922 2972 notiora
1936 2947 2022 2979 quoad
2041 2954 2102 2976 nos,
2121 2951 2149 2970 ut
2169 2945 2258 2970 dicitur
2276 2954 2301 2969 n.
2312 2953 2367 2978 seq.
2382 2945 2407 2969 in
2421 2946 2492 2969 solu·-

1431 2986 1502 3011 tione
1521 2986 1599 3010 altera
1617 2985 1744 3009 secundae
1758 2983 1918 3008 obiectionis.
1939 2983 1997 3013 Quo
2017 2989 2096 3006 sensu
2120 2981 2168 3005 dixi
2187 2981 2322 3005 lectionem
2341 2981 2421 3005 cod.l
2441 2987 2493 3005 non

1432 3029 1491 3046 osse
1505 3021 1596 3045 falsam
1616 3020 1641 3044 in
1661 3028 1690 3044 se
1708 3023 1848 3051 sumptam.
1867 3019 1963 3043 Verum
1984 3018 2015 3042 de
2034 3017 2082 3041 hoc
2101 3024 2153 3040 non
2169 3020 2207 3040 est
2225 3023 2347 3048 praesens
2367 3015 2492 3047 quaestio,

1432 3064 1492 3081 cum
1511 3056 1587 3080 unice
1606 3060 1734 3080 asseratur
1753 3054 1891 3079 necessitas
1907 3052 2022 3086 principii
2041 3052 2132 3085 prioris
2146 3056 2171 3076 et
2183 3051 2287 3075 notioris
2303 3051 2388 3083 quoad
2403 3058 2432 3075 se
2446 3058 2494 3083 per

1432 3091 1625 3125 oppositionem
1644 3091 1676 3115 ad
1695 3089 1898 3123 propositionem
1917 3088 2029 3121 priorem
2049 3092 2074 3111 et
2088 3086 2213 3111 notiorem
2228 3086 2394 3110 solummodo
2408 3086 2494 3119 quoad

1432 3135 1494 3158 nos,
1510 3126 1621 3159 sumptis
1636 3125 1752 3150 videlicet
1766 3124 1920 3156 simpliciter
1938 3127 1964 3148 et
1982 3122 2123 3148 secundum
2143 3125 2267 3146 naturam
2287 3125 2312 3145 et
2330 3121 2419 3154 quoad
2437 3128 2493 3150 nos,

1432 3170 1485 3187 non
1495 3161 1659 3190 coniunctim,
1670 3166 1698 3185 ut
1711 3160 1737 3184 in
1751 3160 1826 3184 tertio
1841 3167 1920 3184 sensu
1935 3159 2066 3192 explicato,
2082 3157 2126 3181 sed
2142 3156 2251 3187 divisim,
2264 3156 2289 3180 in
2302 3156 2386 3188 primo
2398 3163 2493 3189 nempe

1432 3203 1458 3222 et
1476 3197 1591 3222 secundo
1604 3204 1691 3221 sensu.
1711 3196 1804 3220 Posset
1817 3195 1885 3219 enim
1899 3194 1974 3218 lectio
1988 3194 2043 3218 cod.
2059 3193 2068 3217 1
2081 3192 2148 3217 sumi
2161 3192 2210 3216 hoc
2224 3199 2317 3216 sensu:
2329 3194 2392 3216 sunt
2395 3191 2493 3223 priora

1432 3236 1458 3258 et
1476 3233 1582 3258 notiora
1600 3231 1762 3263 simpliciter,
1785 3237 1878 3262 nempe
1900 3234 2025 3262 quatenus
2044 3227 2197 3260 simpliciter
2216 3226 2286 3256 dicit,
2305 3229 2331 3251 et
2348 3227 2492 3251 secundum

1431 3272 1557 3293 naturam
1576 3270 1602 3292 et
1620 3266 1709 3298 quoad
1728 3272 1812 3290 nos.—
1824 3266 1897 3295 Quae
1921 3263 2007 3289 omnia
2032 3263 2206 3287 animadverto
2230 3269 2282 3286 non
2306 3266 2335 3286 ut
2355 3261 2492 3286 lectionem

1432 3304 1512 3328 cod.1
1532 3307 1619 3327 contra
1638 3301 1813 3325 auctoritatem
1833 3299 1907 3325 codd.
1932 3304 1957 3323 et
1975 3299 1994 3323 P
2015 3298 2184 3331 adoptandam
2204 3304 2262 3321 esse
2285 3303 2404 3320 censeam
2425 3294 2492 3330 (imo

1431 3344 1519 3363 contra
1538 3344 1704 3362 communem
1719 3335 1825 3359 modum
1845 3333 1967 3367 loquendi
1986 3342 2007 3358 s.
2018 3333 2143 3364 Thomae,
2157 3332 2200 3364 qui
2214 3332 2306 3356 eodem
2323 3339 2402 3356 sensu
2414 3339 2491 3355 usur-

1431 3379 1475 3407 pat
1489 3372 1644 3404 simpliciter
1662 3376 1687 3395 et
1705 3370 1847 3395 secundum
1867 3367 2017 3403 naturam),
2037 3368 2083 3392 sed
2102 3372 2130 3392 ut
2148 3367 2351 3391 demonstratum
2371 3366 2404 3391 sit
2421 3366 2492 3391 illam

1432 3410 1463 3433 ab
1488 3408 1559 3433 omni
1579 3414 1665 3431 errore
1687 3413 1746 3430 esse
1769 3404 1962 3429 absolvendam.
1976 3418 1995 3423 -
2009 3401 2290 3428 ABCDHKLMNOST
2312 3402 2414 3435 legunt:
2439 3409 2491 3426 non

1432 3443 1521 3477 quoad
1539 3445 1594 3470 no's,
1615 3441 1712 3465 omissa
1730 3439 1854 3473 particula
1873 3442 1906 3464 et.
1963 3467 1967 3469 λ
2059 3468 2061 3471 Υ

1484 3477 1511 3512 ψ)
1533 3478 1568 3501 Et
1591 3476 1628 3501 sic
1651 3478 1756 3507 oportet
1774 3479 1821 3500 etc.
1840 3474 1917 3498 Forte
1941 3472 2032 3498 melius
2052 3473 2107 3497 cod.
2126 3472 2164 3497 0:
2189 3475 2215 3496 et
2232 3471 2270 3497 sic
2294 3474 2397 3504 oportet
2421 3472 2493 3504 quod

1433 3512 1606 3538 universalius
1624 3510 1659 3535 sit
1677 3510 1756 3542 prius
1774 3513 1800 3534 et
1823 3509 1909 3542 magis
1931 3512 2022 3533 notum
2042 3507 2131 3540 quoad
2148 3514 2209 3536 nos‚·
2227 3507 2263 3531 1-1:
2283 3509 2309 3532 et
2326 3507 2365 3532 sic
2388 3511 2492 3539 oportet

1433 3548 1504 3580 quod
1522 3546 1611 3579 quoad
1629 3552 1676 3570 nos
1690 3548 1730 3570 est
1743 3544 1917 3569 universalius
1934 3543 1969 3568 sit
1982 3543 2061 3576 prius
2075 3541 2164 3575 ‘quoad
2177 3549 2224 3567 nos
2242 3545 2269 3567 et
2287 3542 2492 3567 notius-*Hane

1432 3584 1515 3615 ipsam
1540 3580 1712 3606 difficultatem
1737 3587 1767 3604 ex
1789 3579 1839 3604 hoc
1863 3580 1920 3603 loco
1939 3578 2083 3608 Posterior.
2101 3577 2188 3603 'movet
2206 3585 2227 3602 s.
2241 3577 2358 3614 Thomas
2382 3577 2431 3602 loc.
2450 3577 2492 3602 cit.

1433 3619 1442 3642 1
1461 3617 1575 3650 Physic„
1589 3616 1733 3648 eodemque
1752 3623 1830 3639 sensu
1849 3614 1934 3639 solvit.
1952 3613 2063 3639 Videsis.
2136 3616 2139 3618 ’
2258 3616 2260 3619 “
2332 3612 2333 3617 ’

2291 3666 2348 3690 20⁸

2530 366 2541 376 ⁸
2549 366 2623 387 Codd.
2631 378 2640 382 -
2651 373 2700 389 riu:
2716 373 2743 388 o-

2531 392 2626 413 stendit.

2531 420 2541 429 ·
2556 425 2569 439 a
2585 422 2742 441 ammarum-

2532 445 2594 466 liter.

2535 524 2582 544 ἰιι
2606 524 2629 544 in
2651 524 2745 546 demon-

2535 551 2658 571 strattone.

2534 634 2544 642 ¹*
2557 634 2684 662 Cf.1ect.11,
2693 641 2716 656 n.
2724 641 2744 663 3.

2533 688 2541 695 ·
2554 687 2629 708 Codd.
2643 688 2699 712 (exc.
2714 694 2743 708 Αιι

2531 716 2574 737 iol:
2590 714 2642 734 erit.

2530 740 2541 751 ⁴
2549 745 2742 771 cptxmuoqnsr:

2530 766 2744 814 ἕέῖὲιὲἑέἷὲῗὶὲὲ

2529 821 2668 867 ζιῑὲτυῦιὲικ,
2675 822 2744 840 armi.

2529 952 2540 962 ⁸
2558 958 2572 973 Α
2591 952 2668 973 omitt.
2688 952 2744 973 dicit

2530 984 2632 1025 1εὲηεεᾳυ
2643 978 2683 1000 sed
2694 984 2743 1000 ma-

2626 1055 2645 1081 7.

2528 1154 2539 1162 ⁸
2555 1160 2582 1174 u:
2603 1153 2644 1174 illa
2664 1159 2743 1175 secun-

2529 1179 2581 1201 dum
2607 1182 2717 1201 naturam
2732 1197 2740 1207 ,

2528 1212 2596 1233 quae.

2529 1235 2538 1241 “
2545 1232 2626 1254 Autem
2634 1239 2661 1254 ex
2672 1232 2741 1255 codd.

2529 1480 2540 1488 ¹¹
2548 1486 2594 1500 κΝτ
2609 1485 2656 1500 om.
2663 1479 2741 1501 liuius.

2528 1536 2538 1545 ⁸
2547 1535 2620 1562 Cap.1,
2628 1541 2672 1562 ιιι,
2679 1542 2703 1557 se
2722 1549 2740 1557 .-

2529 1561 2660 1583 Commem.
2669 1569 2688 1584 s.
2734 1578 2739 1584 .

2528 1589 2579 1609 lect.
2587 1595 2602 1610 1.

2528 1632 2538 1642 ⁴*
2548 1631 2592 1652 Est
2605 1638 2653 1653 om.
2662 1632 2739 1661 codd.‚

2528 1664 2576 1679 exc.
2588 1665 2678 1684 aueo.

2527 1798 2535 1805 ·
2546 1803 2573 1818 a:
2590 1797 2636 1823 vel,
2653 1800 2675 1818 et
2690 1803 2738 1818 om.

2526 1823 2549 1844 in
2558 1823 2632 1844 nobis:
2643 1824 2682 1844 sed
2691 1829 2737 1844 non

2526 1854 2594 1871 recte.

2526 1878 2535 1885 '
2558 1876 2593 1898 Cf.
2612 1882 2634 1903 p.
2652 1876 2677 1901 Ι,
2698 1882 2738 1903 qu.

2525 1909 2608 1929 mcxxv,
2627 1903 2691 1924 artic.
2706 1909 2739 1924 ιιι.

2525 1930 2535 1939 ⁸
2550 1935 2576 1950 c:
2592 1930 2710 1956 provenit.

2525 2006 2536 2016 '⁶
2544 2011 2566 2036 με
2577 2005 2600 2026 ἰη
2609 2005 2668 2026 libro
2675 2005 2737 2032 Phy-

2526 2038 2569 2052 stc.
