2548 4192
166 269 318 295 CCCXLVI

235 338 396 369 Adversus
420 337 681 377 augustissimum
704 335 918 366 Eucharistiae
942 334 1181 364 Sacramentum
1197 341 1243 361 se-

172 383 296 413 cundus
321 392 407 412 error
431 389 476 412 est
507 381 797 417 Arrodinicarum,
822 380 878 419 qui
904 378 1047 419 offerunt
1069 378 1101 407 in
1126 376 1243 406 Sacra-

171 433 278 458 mento
301 427 361 457 hoc
377 436 497 467 panem
522 431 552 456 et
575 435 714 456 caseum.
729 425 856 454 Nomen
881 432 947 452 esse
969 422 1242 462 Artotyritarum‚

169 472 287 502 docent
301 471 499 511 Epiphanius
515 466 635 500 haeresi
650 478 721 498 xmx
740 474 770 498 et
784 467 982 507 Augustinus
999 465 1118 496 haeresi
1137 475 1242 495 xxvm.

168 516 214 546 Ita
229 525 305 546 vero
316 522 452 546 errantes
467 514 613 544 homines
623 519 753 543 vocatos
769 512 900 542 adnotat
910 510 1109 551 Epiphanius
1120 519 1210 540 num.
1224 519 1241 539 2

167 560 252 601 quod
274 561 319 590 ad
341 559 533 590 celebranda
557 557 704 598 mysteria
728 566 785 586 sua
812 554 928 598 ἄρτον,
954 560 1050 585 arton
1075 551 1242 596 (panem),

166 604 226 635 καὶ
246 603 359 647 τῦρον,
381 609 479 644 tyron
501 599 656 644 (caseum)
676 600 834 630 adhibent.
853 600 888 629 In
908 599 1042 629 Summa
1062 599 1241 639 theologica

168 650 209 679 III
226 660 270 689 p.,
290 659 343 689 qu.
364 657 465 684 Lxxw,
490 653 545 676 art.
563 656 574 675 1
592 655 654 675 vox
674 651 720 675 est
734 645 1013 685 Artotrritarum:
1032 643 1242 684 eamdemque

169 704 205 724 ex
233 693 412 733 Opusculo,
445 690 534 731 quod
565 689 802 727 emaculamus,
834 688 907 718 citat
936 688 1046 718 Petrus
1069 688 1242 727 Bergomas

169 738 202 768 in
225 737 327 767 indice
350 735 498 775 generali,
516 744 546 764 v.
571 734 789 770 Eucharistia,
810 742 900 763 num.
919 733 969 762 55.

235 781 355 811 Ibidem
378 779 521 820 sequitur
543 778 653 809 tertius
677 787 763 808 error
788 777 1036 818 Cataphrygum
1063 786 1120 807 seu
1144 777 1242 807 Prae—

163 826 378 866 putiatorum,
396 825 451 864 qui
473 824 513 854 de
543 822 680 864 infantis
701 823 883 863 sanguine,
906 831 998 862 quem
1022 821 1062 852 de
1086 826 1150 851 toto
1174 821 1243 851 eius

170 879 303 910 corpore
326 869 458 899 minutis
475 869 687 908 punctionum
713 867 899 898 vulneribus
922 871 1127 906 extorquent,
1149 866 1254 906 quasi·

167 914 407 945 Eucharistiam
424 922 516 943 suam
532 912 690 953 conficere
699 911 922 951 perhibentur,
941 912 1153 942 immiscentes
1169 920 1240 940 eum

162 959 312 1002 farinae,
324 967 508 998 panemque
532 957 606 987 inde
621 956 794 997 facientes.
820 955 940 986 Infame
964 962 995 986 et
1019 955 1144 986 crudele
1168 955 1241 985 faci-

166 1014 226 1034 nus
249 1002 358 1034 tribuit
379 1001 578 1042 Augustinus
602 1001 650 1031 De
674 1000 853 1031 haeresibus
877 1010 967 1031 num.
994 1001 1034 1030 26
1058 999 1241 1038 haereticis,

168 1058 250 1089 quos
267 1053 360 1077 vocat
377 1047 624 1087 Cataphtyges:
643 1052 673 1076 et
696 1055 786 1076 num.
804 1055 844 1087 27
861 1044 1034 1083 haereticis,
1051 1054 1133 1086 quos
1149 1051 1243 1075 vocat

167 1093 375 1134 Pepuzianos.
402 1091 486 1121 Hinc
518 1100 593 1120 vero
619 1097 766 1130 corrupta
788 1099 851 1120 vox
873 1091 1166 1130 Praeputiatorum.
1190 1089 1240 1119 Ab

167 1137 288 1177 oppido
312 1137 439 1177 Pepuza
463 1137 495 1166 in
520 1136 680 1175 Phrygia,
698 1144 796 1175 quem
818 1134 928 1165 locum
952 1134 1120 1174 praecipue
1147 1144 1241 1164 vene-

167 1183 335 1219 rabantur,
360 1180 461 1211 dictos
489 1180 689 1221 Pepuzianos
719 1179 871 1210 admonet
898 1179 1098 1219 Epiphanius
1121 1178 1242 1209 haeresi

168 1236 273 1264 varn,
290 1235 378 1256 num.
401 1234 448 1264 14.
467 1224 568 1264 Impia
584 1234 670 1254 sacra
684 1223 852 1264 praedicta,
866 1234 948 1265 quae
964 1224 1024 1264 ipsi
1039 1225 1240 1264 peragebant,

168 1271 261 1302 refert
280 1270 375 1300 etiarn
398 1270 615 1300 Damascenus
640 1269 678 1298 de
701 1268 883 1299 haeresibus
902 1279 991 1299 num.
1016 1278 1069 1308 49.
1091 1268 1241 1308 Augusti-

168 1326 248 1347 num
277 1315 400 1354 legebat
429 1314 684 1354 exscribebatque
707 1319 833 1343 sanctus
857 1313 1018 1343 Thomas:
1039 1323 1114 1343 cum
1137 1323 1241 1353 eoque

168 1360 254 1391 affert
280 1359 509 1400 Cataphryges
532 1363 562 1389 et
586 1358 786 1399 Pepuzianos
810 1357 851 1387 111
875 1368 920 1397 p.,
947 1367 1002 1398 qu.
1027 1357 1119 1388 citata
1137 1368 1239 1396 Lxxtv,

168 1412 223 1435 art.
241 1414 263 1435 1.
282 1404 370 1434 Idem
394 1413 512 1434 nornen
536 1403 569 1432 in
597 1402 771 1443 Opusculo,
796 1412 862 1442 quo
887 1402 925 1431 de
949 1402 1093 1442 agimus,
1118 1402 1242 1442 legebat

167 1450 277 1480 Petrus
300 1449 483 1488 Bergomas,
500 1454 536 1478 ut
559 1446 626 1477 eius
649 1446 743 1476 index
766 1445 787 1487 (
787 1446 845 1476 loc.
856 1444 925 1487 cit.)
946 1445 1042 1476 fidem
1066 1446 1150 1488 facit.

236 1493 324 1523 Idem
341 1493 470 1523 recurrit
485 1492 640 1522 mendum
655 1491 688 1521 in
705 1490 903 1530 expositione
919 1491 996 1521 sexti
1013 1491 1125 1521 erroris
1141 1491 1240 1521 Prae-

163 1539 379 1579 putiatorum,
410 1538 466 1577 qui
489 1541 612 1567 tantum
636 1535 715 1566 dant
738 1535 926 1565 mulieribus
951 1536 1172 1576 principatum
1207 1541 1242 1566 ut

168 1583 355 1613 Sacerdotio
379 1591 502 1622 quoque
529 1580 617 1621 apud
647 1589 700 1610 eos
722 1580 931 1610 honorentur.
957 1579 1087 1620 Corrige
1119 1586 1149 1610 et
1171 1580 1240 1619 lege

167 1628 434 1668 Pepuzianorum.
451 1625 510 1656 His
534 1624 724 1655 recensitum
756 1634 895 1654 errorem
918 1624 1062 1655 tribuunt
1089 1624 1239 1665 Augusti-

169 1682 229 1702 nus
253 1672 326 1702 loco
352 1670 465 1708 citato,
496 1676 526 1700 et
554 1668 752 1709 Epiphanius
784 1668 904 1699 haeresi
927 1679 1016 1708 xmx,
1048 1679 1137 1700 num.
1163 1679 1181 1700 2
1211 1675 1242 1700 et

168 1717 383 1747 Damascenus
406 1715 479 1744 loco
502 1714 567 1744 iarn
589 1713 739 1743 indicato.

239 1760 361 1790 Contra
389 1759 448 1789 hoc
476 1758 721 1789 Sacramentum
751 1763 906 1788 extremae
937 1758 1103 1789 Unctionis
1128 1756 1241 1800 (verba

168 1811 242 1835 sunt
272 1803 369 1834 sancti
402 1803 549 1834 Thomae
581 1802 667 1833 iuxta
694 1802 837 1842 vulgatas
870 1801 1038 1845 editiones)
1067 1808 1114 1834 est
1146 1812 1241 1833 error

168 1850 441 1885 Eraconharum,
467 1849 523 1888 qui
542 1847 706 1888 seruntur
734 1856 810 1877 suos
833 1848 1006 1878 morientes
1036 1857 1117 1878 novo
1146 1847 1239 1878 modo

169 1895 262 1935 quasi
285 1893 444 1923 redimere
462 1902 525 1932 per
542 1892 659 1929 oleum,
678 1896 708 1922 et
730 1891 921 1929 balsamum,
938 1897 968 1922 et
991 1902 1122 1932 aquam,
1139 1897 1169 1922 et
1192 1893 1239 1922 in-

169 1938 396 1975 vocationibus,
414 1947 494 1977 quas
509 1937 667 1967 hebraicis
690 1936 793 1966 verbis
813 1936 925 1967 dicunt
946 1946 1045 1977 super
1068 1938 1173 1977 capita
1190 1946 1240 1967 eo-

169 1994 252 2014 rum.
270 1983 392 2013 Eadem
415 1982 479 2012 iam
503 1981 666 2021 scripserat
684 1980 883 2020 Augustinus
907 1991 997 2012 num.
1021 1982 1069 2020 16,
1086 1981 1141 2012 ubi
1164 1991 1239 2012 vero

169 2028 300 2059 nomine
324 2027 574 2057 Heracleonitae
592 2025 791 2066 appellantur
807 2026 844 2055 ab
864 2025 1080 2057 Heracleone.
1097 2026 1240 2057 Consule

170 2073 265 2104 etiam
288 2071 506 2112 Epiphanium
529 2070 649 2101 haeresi
667 2080 770 2109 xxxw,
796 2080 886 2101 num.
909 2080 926 2100 2
952 2078 982 2102 et
1005 2071 1241 2101 Damascenum

168 2127 258 2148 num.
279 2117 329 2146 36.

237 2161 357 2191 Contra
371 2159 611 2190 Sacramentum
628 2158 757 2190 Ordinis
774 2168 859 2189 error
875 2159 1044 2199 exponitur
1066 2160 1167 2197 Arrii,
1185 2161 1242 2200 qui

169 2206 291 2237 dicebat
309 2205 536 2246 presbyterum
557 2204 597 2234 ab
619 2204 777 2244 Episcopo
794 2213 857 2234 non
881 2204 995 2235 debere
1015 2205 1165 2235 discerni.
1183 2205 1240 2235 Le-

169 2251 309 2291 gendum
331 2249 398 2279 sine
417 2248 516 2279 dubio
538 2249 638 2278 Aerii.
663 2249 760 2288 Apud
785 2249 1004 2288 Augustinum
1028 2258 1117 2279 num.
1139 2250 1177 2280 53
1197 2249 1241 2280 le-

167 2295 291 2335 gimus:
311 2295 470 2324 Aerianos
492 2293 532 2323 ab
550 2294 647 2324 Aerio
672 2290 813 2335 (dictos),
837 2295 892 2334 qui
914 2303 986 2324 cum
1004 2299 1085 2324 esset
1102 2294 1241 2335 presbr-

169 2346 229 2377 ter,
250 2339 390 2370 doluisse
404 2338 521 2378 fertur
543 2337 628 2378 quod
650 2337 828 2378 Episcopus
852 2347 915 2368 non
929 2339 1037 2379 potuit
1059 2339 1239 2370 ordinari...

168 2384 303 2415 Dicebat
327 2384 421 2424 etiam
445 2382 673 2423 presbrterum
698 2382 737 2412 ab
759 2383 918 2423 Episcopo
942 2383 1033 2413 nulla
1056 2383 1240 2423 differentia

168 2429 282 2460 debere
305 2428 454 2458 discerni.
472 2427 559 2457 Haec
581 2427 675 2456 verba
698 2426 820 2466 legebat
834 2427 988 2458 Thomas.
1007 2427 1149 2458 Consule
1165 2428 1241 2468 Epi-

169 2473 324 2514 phanium
348 2471 466 2502 haeresi
490 2481 585 2508 mxxv,
615 2470 668 2500 ubi
702 2478 803 2502 sectae
827 2479 938 2502 auctor
959 2482 1068 2512 graece
1097 2472 1242 2503 scribitur

169 2515 295 2561 Λέριος,
313 2516 408 2546 latine
433 2515 548 2546 scilicet
570 2515 698 2552 Aerius,
716 2516 826 2546 solutis
851 2517 974 2546 duabus
990 2517 1100 2556 primis
1123 2517 1240 2548 vocali-

167 2564 238 2599 bus,
256 2572 322 2592 non
337 2570 412 2590 vero
436 2559 626 2600 diphthongi
651 2569 731 2592 nexu
757 2560 919 2600 colligatis.
943 2561 1095 2592 Vitiatum
1120 2572 1239 2592 nomen

170 2606 307 2638 occurrit
326 2605 421 2635 etiarn
439 2604 471 2634 in
491 2604 624 2634 Summa
645 2604 824 2645 theologica
848 2605 901 2634 Ha
921 2605 1004 2642 11⁶2,
1025 2616 1079 2646 qu.
1098 2617 1239 2644 CLXXXIV,

169 2658 225 2682 att.
253 2661 284 2680 vl
314 2650 354 2680 ad
384 2660 409 2679 ι.
445 2663 459 2677 «
477 2649 682 2689 Augustinus
704 2648 737 2678 in
761 2648 842 2679 libro
865 2649 912 2680 De
936 2649 1116 2680 haeresibus
1145 2650 1239 2689 dicit,

172 2709 187 2724 2>
210 2695 299 2736 quod
322 2694 459 2725 Arriani
483 2693 628 2723 dicebant
656 2693 875 2734 presbyterum
897 2694 936 2724 ab
959 2694 1122 2734 Episcopo
1151 2695 1239 2725 nulla

172 2754 187 2769 »
211 2738 383 2770 differentia
416 2738 527 2768 debere
560 2736 703 2767 discerni.
731 2749 745 2764 a·
774 2739 817 2768 At
840 2737 872 2767 in
903 2738 1085 2777 Augustino
1118 2738 1241 2778 legebat

169 2784 312 2826 Aquinas
335 2783 512 2820 Aerianos,
540 2791 605 2812 non
629 2782 799 2812 Arrianus.
826 2779 931 2819 Quid?
950 2782 1038 2823 quod
1061 2782 1094 2812 in
1119 2783 1240 2814 Veneta

169 2829 253 2869 apud
278 2829 384 2859 luntas
415 2826 553 2857 editione
583 2826 657 2856 anni
696 2826 776 2856 1588
801 2826 936 2866 legimus
959 2826 1142 2868 Africanos.
1172 2827 1239 2857 Iam

170 2874 253 2904 disce
282 2871 440 2903 eiusmodi
465 2870 680 2911 sphalmatum
705 2877 849 2901 auctores
873 2871 934 2901 dici
958 2871 1071 2901 debere
1096 2871 1239 2902 librarios

169 2926 198 2949 et
228 2917 418 2959 typothetas.
443 2915 635 2946 Bernardus
658 2915 918 2956 Lutzenburgius
947 2916 1077 2946 adnotat
1100 2915 1132 2946 in
1157 2923 1238 2946 cata-

167 2963 242 3001 logo
273 2961 522 2992 haereticorum:
546 2960 705 2990 Aerianos
728 2959 788 2990 dici
820 2966 850 2989 et
872 2959 1023 2990 Erianos.
1051 2960 1170 2990 Indicat
1193 2960 1238 2990 ni-

168 3007 286 3037 mirum
310 3005 466 3046 posterior
493 3014 555 3034 vox
578 3003 636 3034 ista
658 3004 736 3034 duas
760 3003 877 3043 primas
900 3004 1025 3035 vocales
1049 3005 1088 3034 ab
1111 3004 1237 3045 imperi-

168 3051 207 3082 tis
230 3051 326 3081 instar
355 3048 544 3090 diphthongi
569 3055 711 3088 acceptas
735 3047 847 3078 fuisse:
878 3049 963 3079 unde
995 3048 1120 3090 aliquae
1143 3049 1238 3080 etiam

168 3095 320 3126 editiones
349 3101 506 3134 praestant
533 3093 699 3123 AErianos.
726 3092 845 3123 Mirum
872 3099 919 3124 est
947 3100 996 3124 tot
1022 3093 1055 3123 in
1084 3093 1238 3125 Summae

169 3140 367 3180 theologicae
390 3138 593 3175 editionibus,
610 3147 689 3178 quas
714 3143 863 3167 curarunt
886 3137 943 3167 viri
967 3137 1063 3174 docti,
1079 3137 1235 3169 intactum

167 3183 293 3224 reperiri
318 3183 488 3213 mendum:
508 3182 597 3223 quod
621 3181 742 3221 primus
757 3179 807 3223 (ut
830 3179 923 3223 puto)
948 3181 1075 3213 detersit
1097 3182 1238 3213 Ioannes

168 3229 345 3259 Nicolaius.
366 3227 491 3257 Miratio
516 3233 648 3266 augetur
672 3236 707 3256 ex
732 3235 782 3262 e0,
807 3227 895 3266 quod
913 3226 972 3266 ipsi
997 3226 1131 3257 editores
1155 3237 1237 3258 mar-

169 3272 233 3313 gini
258 3271 463 3313 apposuerint
486 3271 561 3301 libri
583 3271 634 3301 De
655 3270 841 3301 haeresibus
863 3271 902 3301 ab
925 3271 1106 3311 Augustino
1131 3271 1238 3302 elucu-

493 255 953 294 DISSERTATIONES
984 252 1231 290 CRITICAE
1250 252 1316 288 'IN
1346 253 1384 290 S.
1406 253 1648 291 THOMAM
1676 254 1998 301 AQUINATEM

1297 332 1387 372 brati,
1404 344 1502 374 quem
1518 334 1592 365 citat
1607 334 1762 375 Aquinas,
1779 341 1876 376 caput
1890 346 1960 374 Lm,
1977 335 2010 366 in
2029 346 2095 377 quo
2111 336 2248 367 Aeriani
2262 337 2372 378 legun-

1298 384 1359 415 tur,
1376 388 1443 408 non
1458 379 1603 409 Arriani.
1621 379 1676 409 Ait
1699 379 1817 410 ibidem
1833 380 2049 420 Augustinus:
2069 381 2202 411 Aerium
2228 383 2259 412 in
2276 383 2373 413 Aria*

1298 431 1413 452 norum
1436 423 1595 454 haeresim
1620 423 1746 464 lapsum
1771 434 1856 462 esse,
1882 435 1918 455 ac
1941 425 2067 465 propria
2093 436 2224 467 quoque
2248 427 2372 458 cudisse

1298 466 1456 506 dogmata.
1475 467 1530 498 Ait
1553 467 1648 498 etiam
1672 468 1871 509 Epiphanius
1894 469 2014 499 haeresi
2037 480 2128 508 Lxxv,
2149 481 2239 501 num.
2266 479 2291 501 1:
2311 472 2372 502 Ae-

1297 512 1382 541 rium
1416 513 1510 552 istum
1525 511 1636 552 fuisse
1658 518 1745 543 secta
1772 515 1905 553 penitus
1929 515 2100 545 Arianum.
2126 515 2211 546 Hinc
2240 515 2373 547 fortasse

1297 555 1436 595 suspicio
1460 556 1571 586 locum
1593 556 1724 596 habeat,
1757 558 1869 588 doctos
1898 558 2096 599 theologicae
2125 559 2279 591 Summae
2309 560 2372 591 edi-

1297 606 1380 630 tores
1404 607 1528 631 mutare
1551 611 1666 631 vocem
1687 602 1887 633 Arianorum
1912 603 2070 642 noluisse,
2092 611 2260 644 propterea
2283 605 2373 646 quod

1296 645 1442 682 Aeriani,
1460 644 1516 685 qui
1540 646 1762 686 presbyterum
1786 657 1852 677 non
1883 647 2102 678 discernebant
2125 649 2163 678 ab
2187 649 2373 690 Episcopo,

1297 692 1385 719 erant
1400 689 1496 719 etiam
1512 696 1595 720 secta
1610 691 1736 721 Ariani.
1755 691 1828 722 Hoc
1843 701 1937 722 sensu
1953 702 2016 722 vox
2030 693 2229 723 Arianorum
2246 701 2372 724 utcum-

1297 743 1359 773 que
1384 733 1530 764 sustineri
1554 741 1676 774 potest:
1692 741 1724 765 at
1738 745 1801 765 vox
1823 736 1896 765 Arii
1918 743 1973 767 aut
1994 737 2097 774 Arrii,
2119 737 2170 768 cui
2194 739 2372 778 praedictus

1297 787 1383 807 error
1405 777 1438 808 in
1465 777 1628 818 Opusculo
1651 779 1810 818 tribuitur,
1831 780 1952 811 ratione
1975 780 2126 812 vindicari
2146 782 2233 812 nulla
2256 789 2372 823 potest.

1364 822 1401 852 11.
1427 822 1494 852 Iam
1517 829 1604 862 patet
1625 833 1701 853 vero
1725 823 1880 863 Opusculi
1903 825 2018 855 menda
2041 835 2108 856 non
2126 827 2290 867 Aquinati,
2316 828 2371 858 sed

1295 866 1427 896 librariis
1457 876 1492 897 ac
1524 867 1620 897 etiam
1651 867 1824 908 typothetis
1855 868 1950 899 tribui
1981 869 2103 900 debere.
2136 872 2372 911 Argumentum

1297 910 1439 952 sequitur
1468 911 1720 952 peremptorium
1749 922 1786 942 ex
1809 913 1978 943 collatione
2002 914 2119 944 codicis
2147 925 2224 954 ms.,
2247 915 2281 945 in
2305 926 2372 957 quo

1295 955 1346 985 vel
1369 955 1505 986 indicata
1527 956 1704 996 sphalmata
1727 966 1794 987 non
1819 964 1940 988 exstant
1965 958 2016 988 vel
2039 958 2065 988 si
2088 959 2204 989 menda
2232 959 2304 997 sint,
2334 969 2372 990 eo

1296 1000 1395 1030 modo
1420 1001 1534 1041 scripta
1557 1001 1763 1032 inveniuntur
1785 1008 1821 1032 ut
1843 1011 1951 1032 veram
1973 1002 2114 1034 indicent
2142 1003 2313 1034 lectionem
2337 1014 2373 1035 ac

1294 1045 1411 1076 librarii
1435 1046 1564 1086 culpam
1587 1045 1654 1076 sine
1677 1045 1776 1076 dubio
1800 1046 1946 1086 prodant.
1972 1047 2143 1078 Vetustum
2174 1048 2374 1079 chartaceum

1295 1100 1431 1130 parvum
1451 1090 1594 1120 codicem
1614 1100 1673 1121 ms.
1694 1097 1796 1121 servat
1814 1091 1935 1122 Veneta
1953 1099 2060 1122 nostra
2079 1099 2263 1123 sanctorum
2283 1093 2373 1123 Ioan-

1296 1134 1344 1165 nis
1368 1141 1399 1165 et
1421 1134 1511 1165 Pauli
1535 1135 1736 1173 bibliotheca,
1760 1135 1793 1165 in
1817 1146 1883 1176 quo
1903 1136 2059 1167 nonnulla
2078 1137 2282 1168 continentur
2298 1147 2373 1168 san-

1295 1180 1337 1210 cti
1358 1180 1497 1210 Thomae
1519 1179 1683 1220 Opuscula
1703 1180 1841 1210 aliorum
1860 1180 2023 1221 opusculis
2042 1181 2195 1213 immixta.
2217 1181 2373 1212 Codicem

1295 1223 1484 1254 ministravit
1510 1224 1761 1255 humanissimus
1784 1225 1974 1256 Dominicus
2003 1226 2115 1256 Maria
2138 1226 2370 1264 Berardellus,

1295 1268 1503 1299 bibliothecae
1518 1268 1707 1300 Praefectus.
1728 1269 1839 1309 Ipsum
1862 1270 1958 1300 ambo
1978 1270 2018 1300 ad
2037 1280 2168 1301 examen
2186 1270 2373 1301 vocavimus

1295 1323 1331 1344 ac
1361 1313 1525 1353 diligenter
1554 1313 1770 1344 contulimus:
1801 1314 1953 1355 licuitque
1984 1315 2217 1355 deprehendere
2252 1314 2373 1346 codicis

1295 1357 1436 1388 eiusdem
1458 1357 1519 1388 fide
1539 1358 1651 1398 corrigi
1666 1358 1832 1396 nonnulla,
1848 1369 1929 1400 quae
1944 1359 1977 1389 in
1995 1359 2149 1390 editiones
2167 1359 2371 1400 irrepserunt,

1295 1402 1411 1432 menda
1430 1410 1538 1442 posse:
1560 1403 1735 1443 eademque
1754 1403 1887 1434 demum
1905 1404 1946 1434 ad
1963 1403 2155 1445 imperitiam
2170 1404 2372 1435 librariorum

1295 1446 1363 1477 sine
1387 1446 1485 1476 dubio
1510 1447 1675 1487 pertinere.

1363 1490 1507 1521 Deformi
1521 1492 1855 1532 Atropomonsitarum
1871 1492 2029 1523 vocabulo
2046 1493 2145 1524 codex
2159 1499 2252 1524 caret.
2266 1493 2373 1524 Prima

1296 1545 1394 1565 manu
1418 1535 1572 1575 scriptum
1596 1543 1671 1574 erat,
1694 1537 2009 1577 Antropophetarum
2033 1538 2118 1568 alias
2140 1539 2371 1579 Antropomor-

1289 1580 1475 1620 phitarum:
1494 1586 1526 1610 at
1544 1580 1770 1620 superinducto
1790 1581 1912 1611 calamo
1931 1592 1994 1612 vox
2012 1581 2100 1621 prior
2117 1588 2240 1613 exarata
2258 1583 2374 1623 legitur

1294 1625 1357 1655 hoc
1380 1623 1492 1662 modo,
1515 1625 1860 1665 Antroporphetarum.
1880 1626 1986 1656 Nemo
2010 1636 2076 1656 non
2099 1626 2186 1657 videt
2208 1626 2242 1656 in
2263 1626 2372 1657 codice

1295 1668 1351 1710 qui
1375 1669 1615 1705 exscribebatur,
1641 1669 1833 1709 compendio
1857 1670 2000 1710 quodam
2027 1680 2140 1701 verum
2162 1681 2283 1701 nomen
2305 1671 2372 1702 An—

1295 1714 1643 1754 thropomorphitarum
1677 1714 1831 1754 scriptum
1863 1714 1978 1746 fuisse:
2011 1721 2187 1756 notamque
2217 1725 2370 1756 compen-

1295 1757 1426 1788 diariam
1442 1768 1507 1788 non
1524 1758 1743 1799 intelligentes,
1765 1769 1859 1789 voces
1879 1759 2038 1790 deformes
2057 1769 2197 1790 exarasse
2215 1759 2370 1791 librarios.

1295 1802 1481 1833 Genuinum
1501 1813 1620 1833 nomen
1640 1803 1757 1834 codicis
1781 1803 1879 1834 nostri
1899 1803 2026 1834 librario
2046 1811 2161 1835 notum
2180 1811 2259 1835 erat:
2285 1804 2371 1835 unde

1294 1847 1426 1887 scripsit,
1451 1848 1536 1878 alias
1557 1848 1948 1888 Antropormophitarum.

1361 1892 1584 1923 Passalonitae
1614 1892 1669 1933 qui
1698 1892 1731 1922 in
1760 1892 1954 1923 editionibus
1982 1899 2170 1932 occurrunt,
2200 1892 2233 1922 in
2263 1892 2372 1924 codice

1294 1943 1448 1967 vocantur
1470 1937 1733 1968 Passalorinche:
1751 1937 1818 1967 sine
1843 1937 1941 1968 dubio
1960 1938 2275 1978 Passalotynchitae.
2295 1937 2372 1968 Edi-

1294 1981 1397 2011 tiones
1434 1981 1552 2012 habent
1588 1982 1744 2019 ranchos,
1787 1990 1908 2013 nasus:
1943 1982 2039 2012 habet
2075 1982 2175 2012 codex
2215 1982 2345 2014 rinchos
2357 2004 2370 2020 ‚

1295 2024 1486 2067 (tynchos),
1521 2034 1638 2064 nasus;
1669 2026 1715 2056 uti
1748 2033 1829 2056 recte
1857 2033 1931 2067 post
1958 2026 2177 2066 Augustinum
2206 2026 2372 2066 scripserat

1294 2070 1448 2111 Aquinas.
1472 2073 1515 2101 At
1537 2080 1613 2101 vero
1637 2070 1670 2100 in
1694 2070 1756 2101 hoc
1779 2070 1911 2102 articulo
1935 2077 2049 2112 quarto
2073 2070 2134 2101 alia
2157 2078 2231 2102 sunt
2254 2069 2371 2102 librarii

1295 2115 1425 2145 menda:
1457 2115 1573 2146 scilicet
1601 2115 1766 2146 Therinthi
1793 2126 1852 2155 pro
1884 2115 2036 2146 Cerintho
2065 2121 2096 2146 et
2128 2115 2284 2147 Credonis
2311 2125 2372 2156 pro

1297 2159 1453 2190 Cerdone.
1477 2159 1613 2201 Aliquae
1637 2159 1791 2191 editiones
1815 2166 1973 2200 praestant
1999 2159 2192 2191 Cendonem.
2348 2193 2350 2196 ,

1362 2205 1424 2235 Pro
1443 2214 1522 2235 voce
1540 2205 1829 2236 Ariscianistarum
1852 2215 1908 2235 seu
1931 2205 2215 2236 Priscianistarum
2234 2204 2373 2245 legimus

1294 2249 1327 2279 in
1352 2249 1460 2279 codice
1484 2259 1603 2279 nomen
1622 2249 1925 2280 Pisillianistarum:
1947 2250 2037 2290 quod
2057 2248 2167 2290 utique
2186 2259 2307 2280 nomen
2325 2254 2374 2280 est

1294 2294 1627 2324 Priscillianistarum.
1648 2293 1797 2334 Sequitur
1815 2301 1923 2325 autem
1943 2293 2106 2325 enormius
2125 2293 2156 2324 in
2177 2294 2293 2325 eodem
2315 2303 2371 2324 co-

1296 2338 1364 2369 dice
1387 2348 1487 2379 quam
1509 2338 1542 2368 in
1567 2337 1759 2369 editionibus
1783 2339 1938 2370 mendum
1961 2338 1994 2369 in
2013 2337 2191 2377 haereticis,
2215 2338 2270 2379 qui
2296 2337 2370 2369 scri-

1295 2383 1415 2413 buntur
1442 2383 1717 2421 Texerathobitae,
1743 2383 1823 2414 idest
1845 2389 1963 2425 quarta
1986 2383 2102 2414 decimi
2123 2383 2212 2414 anni.
2237 2382 2371 2414 Certum
2413 2400 2418 2405 ·

1294 2426 1331 2458 fit
1354 2434 1619 2469 compertumque
1643 2427 1801 2458 eiusmodi
1825 2428 2001 2469 sphalmata
2024 2428 2064 2459 ad
2088 2427 2253 2468 imperitos
2276 2427 2370 2458 libra-

1294 2472 1357 2502 rios
1382 2472 1546 2512 pertinere.
2365 2481 2370 2485 ’

1361 2516 1539 2547 Solentiani
1562 2516 1643 2547 idest
1665 2516 1848 2548 Seleuciam·
1870 2516 2080 2557 praetermissi
2100 2522 2174 2547 sunt
2196 2515 2230 2546 in
2249 2515 2369 2555 codice,

1293 2561 1326 2591 in
1345 2571 1412 2602 quo
1432 2561 1476 2591 sic
1494 2561 1644 2601 legimus:
1663 2562 1793 2592 Primus
1817 2559 1930 2604 (error)
1954 2561 2080 2602 quidem
2102 2570 2212 2591 eorum
2237 2566 2296 2598 est,
2314 2561 2371 2602 qui

1292 2605 1494 2645 Baptismum
1519 2606 1551 2636 in
1575 2615 1661 2646 aqua
1685 2615 1748 2636 non
1768 2607 1936 2646 recipiunt.
1955 2606 2017 2636 Pro
2037 2605 2192 2636 mendosa
2209 2614 2287 2636 voce
2305 2607 2369 2636 Ar-

1293 2650 1514 2680 rodinicarum
1538 2650 1652 2689 legitur
1680 2650 1740 2680 alia
1770 2650 1924 2680 mendosa
1946 2650 2220 2680 Artodinicarum.
2244 2648 2368 2688 Primae

1293 2693 1412 2724 litterae
1436 2693 1613 2733 genuinum
1637 2693 1777 2724 indicant
1799 2703 1919 2724 nomen
1941 2694 2213 2734 Artotrritarum.
2346 2702 2350 2705 ’

1360 2737 1525 2768 Editiones
1540 2737 1587 2768 bis
1601 2738 1718 2768 habent
1735 2738 1961 2778 Praeputiatos
1979 2737 2163 2776 haereticos,
2183 2736 2367 2778 Cataphry-

1292 2782 1388 2823 gibus
1410 2781 1546 2813 iunctos.
1572 2781 1682 2813 Codex
1706 2781 1811 2822 primo
1835 2782 1908 2813 loco
1922 2783 2148 2823 Praeputiatos
2171 2781 2278 2812 offert:
2293 2781 2367 2812 loco

1293 2826 1391 2857 altero
1410 2827 1605 2867 Peputianos
1623 2826 1703 2857 idest
1721 2827 1936 2868 Pepuzianox
1960 2836 2042 2867 quae
2060 2836 2210 2866 germana
2227 2835 2291 2856 vox
2309 2831 2367 2857 est.

1294 2870 1363 2901 Alia
1394 2878 1468 2902 sunt
1500 2871 1533 2901 in
1564 2870 1672 2901 codice
1706 2870 1882 2911 sphalmata
1910 2870 2047 2901 ibidem:
2076 2871 2277 2911 Aquinorum
2307 2879 2366 2910 pro

1291 2917 1446 2956 Aquariis
1468 2922 1499 2946 et
1525 2915 1715 2955 Oppitarum
1745 2925 1804 2955 pro
1831 2914 1965 2956 ophitis.
1993 2915 2106 2946 Errant
2135 2915 2272 2956 denique
2300 2913 2366 2945 edi-

1291 2959 1393 2991 tiones
1417 2960 1450 2990 in
1469 2969 1547 2990 voce
1566 2960 1836 2998 Eraconitarum;
1855 2960 1910 2990 sed
1928 2959 2023 2990 habet
2041 2960 2141 2990 codex
2159 2959 2368 2990 Eraclonitas

1291 3004 1371 3035 idest
1393 3004 1652 3035 Heracleonitas.
1676 3004 1731 3035 Uti
1753 3014 1829 3035 vero
1853 3004 1886 3034 in
1909 3004 2113 3042 editionibus,
2137 3004 2180 3035 ita
2203 3003 2236 3034 in
2255 3003 2367 3035 codice

1291 3049 1405 3089 legitur
1428 3059 1522 3080 error
1543 3049 1646 3086 Arrii,
1670 3048 1726 3090 qui
1750 3049 1790 3079 ad
1812 3049 1944 3079 Aerium
1969 3048 2114 3089 pertinet.
2145 3048 2288 3079 Iamvero
2311 3047 2367 3078 de-

1292 3101 1504 3125 monstratum
1523 3100 1614 3134 puto,
1634 3093 1750 3124 menda
1769 3093 1963 3124 eiuscemodi
1987 3102 2024 3124 ex
2043 3093 2166 3124 calamo
2185 3091 2366 3133 peritissimi

1291 3138 1438 3169 'rhomae
1462 3138 1611 3169 excidisse
1635 3145 1830 3178 numquam:
1855 3138 2030 3179 eademque
2058 3144 2112 3168 aut
2135 3135 2288 3177 imperitis
2311 3142 2367 3168 aut

1291 3183 1497 3214 oscitantibus
1527 3182 1658 3213 librariis
1687 3192 1722 3213 ac
1746 3182 1842 3213 etiarn
1865 3182 2038 3224 typothetis
2066 3181 2217 3223 imputari
2241 3181 2363 3212 debere.

1291 3228 1339 3258 De
1369 3227 1525 3268 imperitia
1553 3226 1700 3258 ”rhomae
1728 3226 1880 3267 suspicari
1917 3226 2192 3268 imperitissimum
2221 3232 2252 3258 et
2283 3224 2366 3256 insa-

1291 3272 1461 3303 nissimum
1488 3271 1580 3303 foret.
