2788 4204
73 376 84 387 ⁸
92 381 99 396 t
106 381 111 396 :
120 374 255 400 introducit,
262 377 284 395 et

70 401 158 432 omittit
185 406 284 428 sequens

69 433 185 463 omnmo..⁵

73 490 83 498 '
107 488 229 516 Quaedam
257 493 286 509 ex

73 515 143 536 codd.

71 542 110 563 ἰε
126 540 286 568 cognoscitur.

72 574 117 590 -ιε
130 573 146 589 a
150 567 286 595 principiis.

72 595 82 604 '
93 599 122 615 o:
133 593 176 622 qui
183 593 286 621 ignarus

73 621 117 642 est.

75 695 85 704 ‘
93 699 216 716 cucumer:
231 699 287 715 con—

76 720 210 742 elusionem.

73 748 83 757 ·
95 746 179 772 Codd.,
189 751 240 768 exc.
248 751 286 767 ιι.-

73 779 100 795 r:
116 775 147 794 et.

73 799 106 821 ἰι
116 800 179 826 sunt,
186 799 227 820 sed
236 803 286 820 non

77 829 147 848 recte.

174 853 189 882 t

75 1005 288 1033 'nl’rimoponit

77 1221 89 1233 ⁸
96 1226 112 1243 ο
126 1221 204 1243 omitt.
213 1220 252 1242 rel
258 1221 292 1242 im

77 1246 139 1270 duct.
151 1259 168 1265 -
179 1253 200 1270 ιε
218 1247 290 1275 prius

28 1295 31 1298 .
76 1275 139 1296 Ull-

79 1907 178 1958 3⁶⁶⁸
184 1915 198 1932 r
204 1916 210 1931 ε
217 1910 294 1932 osten·

1201 282 1312 318 CAP.
1343 282 1375 329 1,
1405 280 1556 317 LECT.
1587 279 1637 315 111

313 361 461 400 Inducit
475 362 496 383 *
517 361 619 399 enim
639 361 851 410 quendam,
875 360 1033 397 omnino
1053 360 1271 409 imperitum
1291 361 1378 397 artis

312 414 578 464 geometricae,
595 414 866 461 interrogatum
887 414 1058 450 ordinate
1079 413 1125 450 de
1145 413 1337 462 principiis
1352 411 1377 460 ὃ,

315 481 360 505 ex
375 468 513 517 quibus
533 467 723 516 quaedam
735 468 755 488 ³¹⁸
766 467 997 515 geometrica
1017 467 1210 503 conclusio
1228 468 1379 503 conclu·

315 522 414 558 ditur
428 521 460 568 *‚
482 520 697 570 incipiendo
728 532 773 556 ex
801 520 993 569 principiis
1020 531 1089 568 per
1117 532 1157 556 se
1185 519 1301 556 notis:
1332 520 1380 557 ad

315 586 413 623 quae
433 574 564 611 omnia
582 573 655 620 ille,
671 573 822 621 ignarus
837 574 857 594 *
872 572 1114 621 geometriae,
1132 572 1172 609 id
1192 573 1297 621 quod
1315 585 1381 610 ve-

314 640 401 664 rum
422 634 477 664 est
496 626 692 675 respondit
709 632 736 662 ‘2
763 633 800 663 et
818 626 872 662 sic
892 625 1118 663 deducendo
1141 626 1381 674 quaestiones

314 692 437 728 usque
466 679 515 717 ad
543 679 807 716 conclusiones
837 680 856 700 ²¹*
884 692 954 729 per
981 679 1126 726 singula
1159 691 1296 716 verum
1325 691 1390 723 re·-

315 732 480 782 spondit.
510 733 569 769 Ex
597 733 672 769 hoc
699 732 809 780 igitur
827 734 910 770 vult
936 733 1090 779 habere,
1111 732 1216 780 quod
1237 732 1350 769 etiam
1364 733 1384 753 *

314 786 376 833 illi,
389 785 454 834 qui
467 785 646 822 videntur
662 787 682 820 *ἲ
702 785 1098 834 imperiti-aliquarum
1119 785 1268 828 artium,
1281 793 1383 822 ante-

315 851 432 888 quam
453 838 500 876 de
522 839 575 875 eis
594 839 825 876 instruantur
854 851 986 876 earum
1006 838 1178 875 notitiam
1202 839 1343 875 habent
1357 838 1383 875 ζ.

315 893 366 929 Et
384 891 439 928 sic
457 892 627 940 sequitur
655 893 760 941 quod
782 893 845 929 vel
865 893 985 929 homo
1015 891 1106 928 nihil
1134 891 1305 929 addiscat
1322 892 1385 928 vel

317 940 489 982 addiscat
516 957 578 992 ea,
609 958 706 994 quae
734 946 840 994 prius
868 945 987 983 novit.

373 999 407 1035 3.
440 998 551 1035 Circa
569 999 645 1035 hoc
670 1010 759 1046 ergo
789 1006 953 1047 quatuor
970 997 1068 1034 facit.
1098 996 1230 1033 Primo
1251 997 1352 1034 enim
1366 997 1387 1018 *

315 1051 498 1100 proponit
525 1051 631 1100 quod
658 1052 852 1100 praedicta
880 1051 1064 1088 dubitatio
1091 1050 1202 1087 vitari
1221 1062 1301 1086 non
1318 1061 1387 1098 po-

316 1111 400 1151 test,
429 1104 501 1140 nisi
529 1104 725 1154 supposita
751 1104 1096 1153 praedeterminata
1118 1103 1288 1149 veritate,
1318 1102 1387 1139 sci-

316 1157 403 1193 licet
421 1158 527 1205 quod
555 1157 762 1204 conclusio,
792 1169 909 1205 quam
938 1156 1021 1205 quis
1050 1156 1209 1193 addiscit
1235 1167 1305 1204 per
1324 1155 1388 1192 de-

317 1210 634 1246 monstrationem
661 1211 724 1247 vel
752 1210 1014 1247 inductionem
1030 1210 1066 1256 ²²,
1084 1216 1163 1245 erat
1190 1215 1281 1244 nota
1309 1220 1388 1244 non

316 1261 543 1310 simpliciter,
564 1262 633 1300 sed
652 1263 866 1300 secundum
895 1262 1001 1311 quod
1026 1270 1082 1299 est
1098 1262 1235 1298 virtute
1253 1261 1291 1297 in
1311 1261 1388 1298 suis

316 1315 530 1364 principiis:
567 1316 614 1354 de
644 1316 783 1365 quibus
816 1315 970 1364 aliquis,
1006 1314 1159 1362 ignarus
1188 1313 1386 1361 scientiae,

279 1391 290 1396 -
318 1368 569 1418 interrogatus
585 1369 815 1406 *veritatem
835 1369 1067 1417 respondere
1086 1375 1222 1417 potest.
1245 1368 1388 1404 Secun-

257 1425 265 1427 ”
320 1420 414 1458 dum
450 1434 546 1459 vero
583 1422 752 1459 Platonis
790 1421 1036 1469 sententiam,
1076 1420 1271 1458 conclusio
1311 1428 1390 1458 erat

317 1475 564 1523 praecognita
583 1475 818 1524 simpliciter3
837 1475 940 1512 unde
961 1487 1039 1511 non
1059 1474 1324 1512 addiscebatur
1341 1473 1388 1511 de

318 1539 438 1575 novo,
467 1528 536 1566 sed
562 1528 691 1577 potius
718 1540 788 1577 per
816 1528 1088 1565 deductionem
1107 1533 1121 1551 ’¹
1145 1527 1312 1576 aliquam
1333 1540 1389 1564 ra-

318 1579 432 1618 tionis
459 1580 499 1618 in
518 1581 749 1619 memoriam
779 1581 1042 1618 reducebatur.
1073 1580 1179 1617 Sicut
1207 1580 1320 1617 etiam
1341 1580 1388 1617 de

319 1633 452 1671 formis
480 1635 714 1672 naturalibus
736 1636 983 1682 Anaxagoras
1011 1633 1119 1683 ponit
1134 1635 1154 1655 ²¹²
1170 1634 1275 1683 quod
1303 1641 1389 1670 ante

319 1687 606 1734 generationem
633 1687 937 1738 praeexistebant
963 1687 1002 1724 in
1026 1687 1184 1724 materia
1213 1687 1390 1735 simplici-

319 1747 386 1777 ter.
416 1740 638 1778 Aristoteles
665 1753 760 1779 vero
789 1741 898 1790 ponit
930 1740 1035 1790 quod
1067 1740 1324 1790 praeexistunt
1351 1740 1391 1777 in

318 1793 489 1842 potentia
517 1802 554 1832 et
580 1807 660 1832 non
688 1794 918 1843 simpliciter.

372 1857 411 1892 4.
441 1847 639 1895 Secundo,
670 1859 759 1884 cum
788 1847 897 1884 dicit:
925 1847 1017 1884 Non
1050 1846 1150 1883 enim
1177 1846 1274 1883 sicut
1299 1852 1388 1893 etc.,

318 1898 429 1949 ponit
455 1900 476 1922 ‘¹‘
504 1901 639 1938 falsam
672 1900 917 1949 quorundam
950 1899 1212 1937 obviationem
1241 1899 1290 1936 ad
1320 1899 1387 1936 du-

319 1951 543 1990 bitationem
575 1953 766 1990 Platonis:
801 1954 867 2002 qui
902 1953 1041 1990 scilicet
1075 1953 1251 1990 dicebant
1285 1952 1390 2001 quod

319 2005 526 2054 conclusio,
547 2014 753 2056 antequam
782 2007 1106 2044 demonstraretur
1128 2006 1190 2043 vel
1219 2018 1390 2055 quocun-

319 2071 395 2108 que
414 2059 534 2097 modo
563 2060 832 2106 addisceretur,
862 2060 967 2097 nullo
988 2059 1107 2097 modo
1129 2066 1207 2096 erat
1227 2059 1387 2107 cognita.

284 2136 290 2140 Α
319 2113 474 2150 Poterat
501 2113 604 2151 enim
638 2113 691 2150 eis
725 2112 837 2150 obiici
866 2113 1079 2150 secundum
1113 2111 1388 2150 dubitationem

79 2230 211 2254 'udidm

319 2166 488 2203 Platonis
515 2168 591 2204 hoc
618 2165 757 2204 modo:
789 2166 830 2204 Si
858 2166 942 2215 quis
974 2166 1220 2214 interrogaret
1248 2166 1296 2202 ab
1326 2165 1388 2202 ali-

2426 290 2495 327 147

1434 360 1516 396 litas
1543 371 1614 408 par
1643 357 1724 395 est?
1753 359 1802 395 Et
1829 358 1972 395 dicente
1998 370 2060 404 eo,
2090 357 2187 394 idest
2206 358 2438 394 concedente
2459 370 2498 394 se

1435 412 1541 459 scire,
1572 412 1722 449 afferret
1742 411 1936 460 quandam
1957 410 2188 458 dualitatem,
2218 423 2334 459 quarn
2363 411 2421 447 ille
2445 410 2499 446 in-

1435 473 1643 513 terrogatus
1672 477 1751 502 non
1780 465 1998 514 opinaretur
2016 462 2029 485 ⁶
2049 476 2143 510 esse,
2171 471 2264 513 puta
2287 463 2389 500 illam
2410 463 2501 500 dua-

1435 518 1578 555 litatem
1599 530 1697 567 quae
1717 526 1773 555 est
1791 517 1898 554 tertia
1917 529 2005 566 pars
2030 517 2183 563 senarii;
2214 517 2503 553 concluderetur

1437 571 1542 620 quod
1562 571 1672 608 sciret
1687 571 1838 621 ⁴tertiam
1857 579 2005 619 partem
2026 570 2161 608 senarii
2175 577 2276 607 ‘esse
2297 581 2501 607 numerum

1436 636 1590 673 parem:
1627 624 1731 673 quod
1760 631 1839 660 erat
1867 624 1900 660 ei
1929 623 2163 671 incognitum
2182 624 2219 669 *,
2247 623 2314 660 sed
2342 635 2411 671 per
2439 622 2502 659 de-

1438 677 1753 714 monstrationem
1773 677 1967 714 inductam
1987 677 2156 714 addiscit.
2187 677 2236 713 Et
2254 677 2307 713 sic
2321 677 2341 697 *
2354 675 2504 712 videtur

1439 731 1546 779 sequi
1574 730 1680 778 quod
1698 731 1761 767 vel
1781 742 1859 767 non
1887 731 1962 766 hoc
1985 730 2195 767 addisceret
2213 730 2274 766 vel
2295 728 2506 766 addisceret

1440 783 1545 832 quod
1563 783 1668 832 prius
1688 783 1796 820 scivit
1814 789 1875 819 '‘.-
1890 783 1940 819 Ut
1968 783 2078 831 igitur
2106 783 2205 820 hanc
2229 782 2504 820 dubitationem

1442 837 1636 882 evitarent,
1666 836 1866 872 solvebant
1886 835 2053 873 dicentes
2081 836 2186 885 quod
2214 836 2286 882 ille,
2312 835 2376 884 qui
2395 835 2506 871 inter-

1441 897 1594 937 rogatus
1610 889 1841 937 *respondit
1869 900 1908 924 se
1937 889 2032 925 scire
2062 888 2166 938 quod
2195 889 2321 925 omnis
2348 887 2506 925 dualitas

1442 943 1488 979 sit
1506 954 1690 979 numerus
1717 954 1798 990 par,
1828 953 1907 977 non
1927 941 2017 978 dixit
2037 954 2077 978 se
2098 954 2328 989 cognoscere
2348 953 2506 977 omnem

1443 995 1660 1033 dualitatem
1680 994 1909 1043 simpliciter,
1939 994 2006 1031 sed
2026 994 2127 1032 illam
2156 1007 2272 1043 quarn
2297 994 2405 1031 scivit
2424 1005 2506 1030 esse

1446 1048 1677 1085 dualitatem.
1707 1047 1820 1084 Unde
1849 1058 1937 1083 cum
1959 1046 2028 1083 ista
2048 1047 2216 1094 dualitas,
2247 1060 2344 1096 quae
2374 1055 2429 1084 est
2456 1047 2507 1083 al-

1442 1102 1516 1138 lata
1532 1102 1564 1147 ²¹²,
1594 1099 1706 1136 fuerit
1724 1100 1772 1136 ab
1794 1112 1839 1136 eo
1859 1099 2009 1148 penitus
2038 1100 2207 1148 ignorata
2220 1099 2243 1147 λ,
2265 1102 2367 1137 nullo
2388 1100 2507 1138 modo

1444 1153 1553 1190 scivit
1581 1152 1686 1202 quod
1714 1153 1809 1189 haec
1839 1152 1997 1189 dualitas
2024 1161 2122 1190 esset
2149 1166 2332 1191 numerus
2351 1166 2430 1202 par.
2460 1155 2510 1190 Et

1444 1206 1497 1243 sic
1525 1206 1695 1255 sequitur
1722 1205 1827 1254 quod
1853 1206 1956 1254 apud
1985 1206 2510 1256 cognoscentem*principia

1444 1260 1548 1296 nullo
1582 1259 1702 1296 modo
1741 1258 1934 1295 conclusio
1968 1259 2014 1295 sit
2046 1260 2288 1308 praecognita
2325 1273 2395 1297 nec
2422 1261 2510 1296 sim-

1440 1312 1598 1361 pliciter,
1628 1324 1700 1349 nec
1726 1311 1931 1348 secundum
1960 1313 2059 1360 quid.

1503 1366 1535 1402 5.
1565 1365 1715 1411 Tertio,
1744 1364 1813 1402 ibi:
1842 1366 1894 1401 Et
1918 1365 2031 1401 etiam
2058 1365 2181 1401 sciunt
2205 1372 2291 1411 etc.,
2320 1365 2513 1414 improbat

1443 1419 1543 1455 hanc
1571 1419 1802 1455 solutionem
1830 1418 1905 1454 hoc
1933 1418 2065 1455 modo.
2097 1419 2191 1456 Illud
2220 1418 2334 1455 scitur
2362 1419 2409 1456 de
2434 1432 2510 1468 quo

1444 1472 1716 1508 demonstratio
1746 1471 1907 1508 habetur
1933 1473 1995 1508 vel
2025 1471 2071 1508 de
2101 1483 2177 1520 quo
2208 1471 2255 1508 de
2284 1484 2388 1508 novo
2417 1473 2512 1509 acci-

1442 1525 1576 1574 pitur*
1591 1524 1877 1562 demonstratio.
1907 1525 1957 1561 Et
1974 1525 2050 1561 hoc
2069 1524 2203 1562 dicitur
2229 1533 2386 1574 propter
2409 1526 2513 1563 addi-

1445 1585 1625 1625 scentem,
1648 1578 1711 1627 qui
1731 1577 1861 1626 incipit
1879 1577 1985 1614 scire.
2015 1577 2266 1615 Addiscentes
2286 1586 2413 1615 autem
2434 1592 2512 1616 non

1446 1631 1635 1680 accipiunt
1663 1630 2029 1669 demonstrationem
2057 1631 2103 1668 de
2124 1631 2231 1668 omni
2251 1631 2436 1669 'dualitate
2465 1633 2512 1670 de

1446 1697 1523 1733 qua
1551 1685 1684 1732 sciunt,
1715 1684 1783 1721 sed
1812 1684 1858 1721 de
1888 1684 1994 1720 omni
2023 1684 2251 1734 simpliciter,
2282 1692 2318 1721 et
2346 1685 2514 1723 similiter

1447 1738 1494 1775 de
1524 1738 1630 1775 omni
1658 1750 1821 1775 numero
1850 1745 1915 1774 aut
1935 1738 1955 1759 *
1976 1737 2023 1775 de
2052 1737 2158 1774 omni
2187 1737 2384 1785 triangulo.
2420 1740 2513 1776 Non

1447 1803 1537 1839 ergo
1565 1803 1704 1829 verum
1734 1799 1789 1828 est
1817 1790 1922 1839 quod
1950 1791 2042 1828 sciat
2075 1791 2121 1828 de
2151 1791 2256 1828 omni
2284 1793 2304 1812 '¹‘
2327 1804 2511 1841 numero,

1447 1856 1564 1893 quem
1584 1845 1653 1882 scit
1668 1845 1688 1866 *²
1704 1856 1786 1881 esse
1806 1856 2024 1891 numerum,
2046 1852 2110 1881 aut
2129 1844 2176 1881 de
2197 1844 2303 1881 omni
2323 1845 2510 1893 dualitate,

1447 1909 1565 1948 quarn
1594 1898 1662 1935 scit
1690 1910 1773 1934 esse
1803 1897 2037 1943 dualitatem,
2068 1897 2135 1934 sed
2164 1897 2210 1934 de
2237 1898 2343 1934 omni
2372 1899 2512 1948 simpli-

1447 1951 1549 1988 citer.
1580 1951 1698 1998 Quod
1727 1958 1855 1988 autem
1881 1963 1960 1987 non
1984 1951 2111 1987 sciat*
2129 1952 2177 1989 de
2205 1951 2311 1987 omni
2336 1964 2511 1999 numero,

1447 2017 1562 2053 quem
1591 2004 1660 2041 scit
1688 2016 1770 2041 esse
1799 2016 2025 2051 numerum,
2060 2004 2128 2041 sed
2158 2004 2204 2041 de
2234 2004 2339 2041 omni
2372 2005 2514 2055 simpli-

1446 2058 1547 2104 citer,
1567 2058 1720 2107 probat;
1742 2057 1809 2095 ibi:
1829 2058 1966 2106 Neque
1993 2058 2092 2094 enim
2121 2069 2197 2094 una
2214 2058 2421 2106 propositio
2442 2067 2510 2097 etc.

1447 2111 1653 2148 Conclusio
1683 2123 1771 2148 cum
1799 2110 2018 2160 praemissis
2047 2110 2225 2148 convenit
2256 2111 2294 2148 in
2321 2112 2511 2150 terminis:

1446 2177 1537 2202 nam
1566 2164 1778 2202 subiectum
1801 2172 1837 2201 et
1855 2164 2115 2213 praedicatum
2145 2165 2398 2202 conclusionis
2426 2173 2514 2203 sunt

2631 582 2638 596 ι

2530 628 2542 639 *
2549 634 2577 649 κε
2594 628 2708 655 ignotum.

2530 681 2541 692 ¹*
2549 687 2577 702 x:
2592 680 2711 702 similiter.

2632 788 2646 804 tt

2532 891 2636 913 *coda-
2645 897 2695 913 act:
2707 892 2748 919 qui

2533 918 2713 945 interrogatum
2721 924 2746 939 r:

2534 945 2575 999 {Ill}
2582 945 2747 972 interrogatus

2536 1109 2544 1118 ·
2558 1109 2633 1130 Codd.
2646 1120 2656 1125 -
2667 1115 2708 1130 rx:
2724 1109 2749 1130 i!-

2536 1135 2601 1161 1ata;
2612 1142 2641 1161 Q:
2652 1135 2749 1162 ablata,-

2536 1169 2564 1183 ιιι
2579 1162 2668 1183 oblata.

2628 1189 2646 1214 λ

2536 1224 2547 1235 ⁴
2553 1229 2581 1244 m
2589 1231 2594 1244 ε
2602 1229 2751 1251 praecogno-

2538 1253 2646 1272 scentem,

2538 1532 2549 1542 '⁸
2561 1532 2709 1564 ¹².'¹.‘¹¹'⁶'¹⁴²'›'
2722 1539 2750 1554 u:

2539 1559 2752 1607 “ffitssiu'ssfmtts

2540 1592 2613 1633 {etun

2539 1750 2623 1770 ‘tien

2541 1803 2548 1810 ¹
2564 1808 2579 1822 o
2594 1808 2688 1823 erronee
2703 1808 2753 1823 om.

2540 1828 2610 1849 omni.

2540 1855 2550 1865 ⁸
2562 1861 2620 1876 econ
2629 1863 2634 1875 :
2644 1855 2720 1881 scivit,
2730 1859 2752 1876 ct

2541 1881 2572 1902 ita
2581 1881 2715 1903 immediate
2723 1881 2755 1903 iu-

2541 1907 2583 1934 fra,
2595 1914 2644 1929 exc.
2659 1914 2680 1929 ιι.

2540 1967 2637 1991 'numu-z
2646 1971 2692 1987 non
2701 1966 2753 1993 scit,

2539 1993 2580 2014 sed
2595 1998 2641 2013 non
2657 1996 2726 2014 secte.

2541 2197 2552 2207 ⁸
2574 2196 2609 2218 Cf.
2632 2196 2683 2217 lect.
2706 2201 2754 2222 vui,

321 2231 398 2269 quo
417 2219 613 2269 imperito:
643 2219 817 2269 nunquid
844 2227 886 2257 tu
905 2219 977 2256 scis
990 2220 1011 2241 ²⁸
1025 2219 1131 2269 quod
1150 2219 1276 2256 omnis
1297 2219 1388 2256 dua·
1415 2211 1419 2264 Ι
1445 2218 1572 2255 maior
1591 2225 1626 2255 et
1645 2218 1771 2255 minor
1798 2218 2014 2254 extremitas
2039 2217 2077 2254 in
2096 2217 2314 2266 praemissis
2331 2219 2368 2264 *3
2389 2220 2456 2256 sed
2481 2220 2519 2256 in
2543 2231 2594 2248 1²01·
2614 2233 2636 2258 ρ·

323 2396 338 2409 ›
354 2386 414 2410 dam
433 2384 589 2417 disciplinis,
608 2384 686 2409 etiam
704 2384 837 2417 imperitos
856 2392 959 2415 earum,
979 2385 1083 2417 quando
1101 2384 1168 2409 bene
1187 2384 1391 2416 interrogantur,

324 2432 338 2444 »
352 2422 414 2453 quia
431 2427 557 2453 praesens
576 2425 617 2444 est
641 2420 693 2450 eis,
712 2425 837 2452 quantum
863 2420 889 2444 id
912 2427 1004 2452 capere
1028 2424 1155 2452 possunt,
1174 2420 1263 2444 lumen
1288 2418 1393 2443 rationis

325 2467 338 2480 »
355 2461 489 2486 aeternae,
507 2455 552 2480 ubi
570 2454 635 2479 haec
653 2455 823 2479 immutabilia
841 2463 903 2479 vera
921 2455 1094 2487 conspicium
1116 2463 1168 2479 non
1187 2454 1247 2487 quia
1266 2462 1296 2478 ea
1315 2462 1393 2478 nove-

325 2501 339 2516 »
354 2496 413 2516 rant
437 2491 575 2523 aliquando
601 2495 626 2515 et
644 2490 716 2515 obliti
735 2495 810 2514 sunt:
830 2490 903 2523 quod
927 2490 1027 2514 Platoni
1050 2490 1093 2514 vel
1118 2490 1211 2514 talibus
1236 2490 1321 2514 visum
1346 2494 1394 2514 est.

326 2538 339 2550 x
355 2527 452 2552 Contra
466 2533 579 2559 quorum
593 2525 751 2558 opinionem,
762 2531 859 2558 quanta
872 2533 920 2558 pro
929 2530 1058 2557 suscepto
1074 2533 1154 2557 opere
1164 2525 1271 2549 dabatur
1283 2525 1395 2555 occasio,

326 2573 339 2586 ³
355 2563 382 2587 in
391 2562 436 2587 lib.
449 2562 495 2586 ΧΠ
507 2562 540 2586 de
558 2560 585 2585 Τ
580 2561 691 2586 rinitate
701 2560 767 2593 (cap.
777 2561 820 2594 xv)
834 2561 943 2585 disserui
955 2569 969 2584 >³
981 2561 1116 2594 (Retract.
1127 2560 1171 2585 lib.
1181 2560 1200 2590 1,
1211 2568 1267 2593 cap.
1277 2568 1311 2591 w,
1322 2568 1347 2584 n.
1358 2560 1395 2592 4).

379 2594 405 2630 ὸ)
421 2597 463 2622 De
473 2596 624 2629 principiis.
639 2596 748 2621 Codices
764 2604 816 2621 non
830 2596 926 2621 habent
939 2596 1018 2620 verba
1027 2603 1080 2628 per
1093 2603 1121 2621 se
1135 2595 1212 2625 notis,
1229 2603 1296 2628 quae
1311 2596 1395 2620 addita

320 2633 463 2666 principiis
480 2633 602 2665 leguntur
620 2632 647 2656 in
665 2632 776 2656 editione
795 2631 881 2656 Piana.
894 2631 948 2656 Nec
963 2636 1023 2656 sunt
1042 2631 1194 2656 adiicienda:
1209 2632 1305 2663 quippe
1324 2631 1396 2663 quod

325 2669 378 2694 duo
397 2668 515 2693 distincte
534 2667 664 2692 dicantur:
683 2675 704 2698 1,
719 2667 791 2699 quod
810 2667 944 2699 imperitus
962 2667 1134 2699 interrogetur
1152 2666 1268 2691 ordinate
1282 2666 1314 2691 de
1325 2666 1396 2698 prin-

326 2704 413 2738 cipiis;
428 2711 452 2734 2,
462 2703 534 2736 quod
547 2701 612 2727 haec
621 2702 738 2727 ordinata
747 2703 913 2735 interrogatio
925 2702 1027 2734 incipiat
1037 2709 1055 2727 a
1062 2702 1206 2734 principiis
1214 2709 1267 2734 per
1276 2708 1305 2726 se
1317 2702 1396 2726 notis.

378 2739 401 2772 ε)
421 2739 537 2772 Ignarus
554 2738 731 2772 geometriae,
752 2738 781 2762 id
799 2737 871 2770 quod
889 2745 980 2762 verum
1005 2741 1046 2762 est
1063 2737 1210 2769 respondit.
1235 2737 1284 2761 Hic
1303 2738 1397 2761 sistunt

326 2774 428 2799 codices
446 2774 508 2805 ΒΟ,
528 2779 612 2798 cetera
629 2774 772 2798 omittendo
790 2780 876 2806 usque
894 2773 926 2797 ad
940 2780 992 2804 per
1009 2773 1117 2806 singula
1135 2780 1226 2797 verum
1250 2772 1396 2804 respondit.

327 2810 379 2835 Sed
403 2814 443 2834 est
468 2809 584 2834 defectus
609 2809 820 2839 amanuensium,
840 2808 886 2841 qui
910 2816 941 2832 ex
966 2808 1074 2833 identica
1098 2808 1240 2832 desinentia
1262 2808 1397 2840 utriusque

327 2845 408 2878 partis
426 2844 568 2869 sententiae
587 2844 759 2876 (respondit)
779 2844 920 2868 secundam
939 2844 1133 2876 praeterierunt.
1152 2843 1234 2868 Codd.
1249 2843 1290 2868 alii
1309 2844 1398 2876 legunt

329 2888 389 2905 cum
408 2879 519 2905 editione
537 2879 625 2904 Piana.

381 2914 407 2948 ζ)
427 2915 475 2939 Εκ-
492 2915 541 2940 hoc
560 2915 644 2948 igitur
658 2914 716 2939 vult
733 2914 830 2940 habere
844 2919 892 2939 etc.
906 2914 1031 2947 Dialogus
1050 2914 1163 2946 (Meno),
1179 2914 1211 2939 de
1225 2922 1280 2946 quo
1299 2918 1338 2938 est
1356 2913 1397 2938 hic

328 2951 434 2981 mentio,
447 2950 548 2982 incipit:
564 2958 579 2974 α
594 2950 740 2975 Socnxres.
754 2950 801 2974 Dic
815 2957 871 2982 age,
885 2957 902 2973 o
920 2957 992 2981 puer,
1007 2949 1178 2982 cognoscisne
1196 2949 1246 2974 hoc
1265 2950 1316 2974 mle
1338 2957 1397 2982 spa-

330 2995 344 3008 »
359 2985 425 3010 tium
439 2985 646 3018 quadrangulum
661 2984 735 3010 esse?
745 2999 764 3003 -
773 2985 855 3010 Puan.
868 2985 996 3017 Equidem
1009 2995 1021 3007 ι
1034 2985 1102 3017 (pag.
1116 2983 1190 3017 416).
1202 2985 1261 3015 Quo
1274 2985 1398 3015 admisso,

328 3021 496 3054 prosequitur
509 3020 583 3045 Plato
597 3021 623 3044 in
641 3028 753 3052 persona
766 3020 877 3044 Socratis
892 3020 925 3044 ad
943 3021 1005 3044 alias
1022 3020 1233 3052 interrogationes
1253 3020 1319 3044 circa
1333 3028 1397 3052 qua-

330 3056 498 3088 drangulum;
524 3055 619 3087 quibus
644 3063 704 3080 cum
729 3056 796 3080 iuxta
818 3055 952 3080 veritatem
976 3055 1132 3087 respondeat
1156 3063 1234 3087 puer,
1254 3055 1396 3080 concludit:

331 3100 344 3114 ς
361 3092 506 3116 Soctu'ms.
526 3090 595 3120 Quid
609 3090 662 3121 tibi,
680 3090 765 3121 Meno,
780 3088 897 3115 videtur?
916 3091 1082 3122 responditne
1100 3090 1141 3115 hic
1160 3091 1261 3122 (puer)
1281 3098 1397 3123 unquam

331 3135 346 3150 »
362 3134 392 3151 ex
410 3125 516 3151 alterius
535 3133 614 3158 quam
634 3125 755 3158 suiipsius
774 3124 1033 3158 opinione?-M13No.
1047 3126 1204 3158 Numquam,
1222 3125 1268 3150 sed
1288 3133 1319 3150 ex
1336 3133 1397 3158 pro-

332 3171 345 3184 »
359 3161 415 3194 pria
433 3168 573 3193 semper.-
583 3161 728 3185 Socaaras.
741 3161 919 3185 Veruntamen
932 3160 1002 3186 haud
1020 3161 1100 3192 novit,
1114 3166 1143 3185 ut
1161 3161 1239 3193 paulo
1259 3166 1317 3185 ante
1336 3169 1397 3185 con-

332 3207 345 3220 »
361 3197 423 3221 fessi
442 3203 544 3220 sumus.
557 3208 577 3213 —
590 3196 677 3220 Meno.
697 3196 766 3220 Vera
784 3196 908 3228 loqueris.
921 3208 940 3214 —
955 3196 1100 3221 Socrui-rm.
1119 3197 1219 3221 Inerant
1236 3195 1313 3228 igitur
1337 3195 1397 3220 huic

332 3241 346 3256 »
362 3232 496 3265 opiniones
515 3230 793 3256 huiusmodi.-Mmo.
814 3231 924 3255 Inerant.
938 3245 957 3249 -
970 3231 1116 3256 Socmras.
1135 3231 1201 3255 Huic
1226 3232 1302 3264 igitur
1325 3231 1397 3263 igno-

334 3278 346 3290 »
362 3267 426 3292 ranti
445 3266 580 3299 opiniones
599 3266 632 3290 de
650 3266 680 3290 iis
700 3273 767 3298 quae
785 3266 886 3298 ignorat
902 3274 980 3291 verae
997 3266 1121 3291 insunt.—-·
1134 3266 1220 3291 Mauo.
1239 3267 1361 3298 Apparet.
1379 3278 1399 3285 —-

333 3311 347 3326 ³>
363 3303 508 3327 Socim-ras.
527 3301 600 3326 Nunc
619 3301 695 3334 igitur
713 3301 772 3326 huic
795 3301 929 3333 opiniones
947 3302 1013 3326 tales
1038 3302 1113 3334 quasi
1132 3309 1178 3333 per
1197 3302 1328 3325 somnium
1352 3308 1396 3325 su-

334 3349 347 3361 »
361 3338 465 3362 scitatae
483 3342 552 3361 sunt.
572 3337 649 3367 Quod
674 3337 695 3360 si
715 3337 773 3368 quis
798 3336 938 3369 interroget
956 3336 1023 3361 hunc
1041 3336 1102 3361 talia
1120 3337 1249 3368 quaedam
1274 3343 1352 3368 saepe
1372 3340 1397 3359 et

334 3383 347 3396 2
362 3374 451 3403 multa,
466 3377 536 3397 certo
550 3372 616 3396 scies
629 3371 698 3396 hunc
710 3371 767 3402 ista,
781 3371 802 3395 si
822 3372 879 3403 quis
898 3372 964 3396 alius
979 3372 1058 3402 novit,
1072 3371 1184 3404 perfecte
1198 3371 1371 3403 cogniturum.
1380 3383 1399 3389 —

334 3419 347 3432 ›
364 3409 451 3433 Mimo.
464 3407 764 3432 wdetun-Somnum.
778 3406 870 3431 Nonne
883 3406 968 3438 igitur,
983 3407 1086 3431 nemine
1100 3414 1209 3438 prorsus
1224 3406 1339 3435 docente,
1350 3406 1397 3429 sed

333 3453 348 3468 t
364 3444 536 3475 interrogante
554 3443 648 3475 potiuS,
667 3442 715 3466 ista
735 3442 798 3466 sciet
816 3449 846 3466 ex
865 3441 951 3473 seipso
970 3442 1102 3466 scientiam
1121 3441 1153 3465 ad
1172 3449 1201 3465 sc
1220 3439 1364 3465 revocans?
1378 3455 1398 3459 —-

334 3488 348 3503 w
364 3479 451 3504 Mimo.
470 3479 511 3503 Sic
530 3478 762 3503 est.-Socmms.
780 3477 944 3508 Recuperare
961 3484 1024 3500 vero
1043 3476 1174 3501 scientiam
1200 3476 1226 3500 in
1244 3477 1345 3508 seipso,
1365 3483 1398 3500 an

334 3525 348 3538 ›
364 3522 417 3539 non
436 3514 566 3539 reminisci
585 3511 814 3537 diuma-Mauo.
829 3512 940 3536 Prorsus
955 3521 968 3534 »
984 3510 1053 3544 (pag.
1068 3511 1129 3543 418.
1139 3526 1157 3529 —
1167 3511 1287 3535 Platonis
1310 3511 1399 3543 Opera

333 3550 431 3579 omnia,
447 3550 560 3574 Marsilio
574 3548 662 3573 Ficino
677 3546 1013 3580 interprete.—Francofurti
1028 3545 1114 3580 1602).
1124 3559 1143 3565 -η
1153 3555 1167 3569 «
1179 3546 1244 3570 Huic
1255 3546 1344 3571 rationi
1357 3546 1398 3570 vel

335 3595 349 3609 v
365 3585 457 3610 cavillo
476 3585 570 3618 potius,
585 3583 671 3616 inquit
693 3582 857 3612 Themistius,
870 3582 971 3606 videtur
989 3581 1062 3606 Plato
1081 3589 1172 3606 manus
1193 3581 1294 3606 dedisse
1305 3590 1318 3604 ι
1331 3581 1399 3613 (Ρα-

335 3621 473 3653 raphrasis
488 3621 515 3646 in
530 3619 686 3645 Posteriora
699 3618 838 3652 analytica
849 3617 969 3647 Aristot„
981 3617 1024 3642 lib.
1034 3617 1053 3648 1,
1063 3625 1117 3649 cap.
1128 3624 1165 3647 m,
1176 3625 1234 3649 pag.
1247 3616 1269 3641 3.
1280 3617 1327 3641 Ed.
1339 3616 1400 3649 cit.).

1501 2383 1528 2415 η)
1548 2383 1600 2408 Per
1618 2383 1802 2408 deductionem
1821 2383 1938 2415 aliquam
1957 2383 2120 2408 etc.—Piana
2138 2388 2178 2408 eat
2191 2383 2255 2408 haec
2273 2384 2356 2415 lectio,
2376 2392 2454 2417 quam
2474 2393 2521 2411 co-⁴

1449 2418 1519 2442 dices
1534 2418 1636 2448 habent,
1648 2418 1760 2450 exceptis
1775 2419 1818 2443 HI.
1833 2419 1897 2443 cod.
1907 2419 1976 2443 enim
1994 2419 2003 2442 I
2019 2419 2093 2452 legit:
2102 2426 2154 2450 per
2168 2419 2346 2445 inductionem
2360 2421 2503 2452 quamdam
2508 2429 2518 2451 ,-

1449 2458 1475 2477 et
1493 2461 1545 2478 non
1565 2459 1605 2478 est
1623 2454 1769 2485 spernenda
1788 2454 1871 2485 lectio,
1887 2462 1947 2478 cum
1961 2461 2048 2478 sermo
2067 2454 2202 2479 manifeste
2221 2455 2254 2479 sit
2269 2455 2300 2479 de
2319 2456 2440 2487 opinione
2458 2457 2516 2481 Pla-

1448 2489 1525 2519 tonis,
1541 2489 1585 2521 qui
1605 2489 1752 2513 inductione
1770 2489 1890 2514 utebatur
1909 2489 1934 2513 in
1949 2489 2190 2521 interrogationibus
2209 2491 2347 2522 propositis
2366 2499 2447 2523 puero
2465 2492 2518 2516 Me-

1449 2524 1534 2549 nonis.
1547 2524 1586 2548 Ex
1599 2525 1719 2557 opposito
1735 2524 1782 2549 dici
1801 2529 1887 2557 potest
1899 2525 1970 2557 quod
1988 2524 2149 2556 An'stoteles,
2163 2530 2192 2550 ut
2204 2526 2286 2558 magis
2301 2531 2386 2558 pateat
2404 2527 2517 2552 Platonis

1449 2560 1644 2591 argumentatio,
1658 2560 1758 2584 videtur
1777 2560 1856 2592 loqui,
1870 2567 1922 2584 non
1937 2560 1969 2584 de
1983 2560 2135 2585 inductione
2149 2568 2163 2585 e
2178 2561 2350 2594 singularibus
2366 2562 2398 2586 ad
2413 2562 2515 2587 univer-

1451 2595 1521 2625 salia,
1536 2595 1583 2619 sed
1598 2595 1629 2619 de
1648 2595 1806 2620 deductione
1820 2596 2012 2627 particularium
2024 2603 2054 2620 ex
2068 2596 2256 2621 universalibus
2271 2598 2398 2629 principiis
2416 2605 2462 2629 per
2475 2598 2518 2622 de—

1451 2631 1678 2661 monstrationem;
1694 2636 1719 2654 et
1733 2631 1791 2655 ideo
1801 2638 1879 2663 supra
1892 2631 2036 2663 praemisit:
2051 2631 2247 2665 interrogatum
2261 2633 2385 2657 ordinate
2399 2633 2431 2657 de
2440 2633 2519 2664 prin-

1450 2666 1577 2697 cipiis....
1598 2666 1748 2698 incipiendo
1771 2673 1808 2691 ex
1827 2666 1970 2698 principiis
1987 2674 2041 2698 per
2062 2674 2090 2691 se
2114 2667 2237 2692 notis....
2256 2671 2282 2692 et
2304 2667 2342 2692 sic
2366 2668 2519 2693 deducendo

1451 2701 1617 2733 quaestiones
1636 2708 1716 2733 usque
1735 2701 1771 2726 ad
1789 2702 1976 2726 conclusiones.
1996 2702 2062 2726 Huic
2080 2703 2209 2727 secundae
2232 2703 2431 2735 interpretationi
2450 2703 2518 2728 favet

1452 2737 1530 2761 Piana
1549 2744 1609 2761 cutn
1629 2737 1718 2761 maiori
1744 2742 1816 2769 parte
1836 2737 1962 2761 codicum.
1982 2737 2068 2762 Prima
2092 2745 2154 2762 vero
2173 2738 2291 2762 sustineri
2311 2743 2396 2770 potest
2414 2744 2468 2762 tum
2488 2747 2519 2763 ex

1451 2772 1601 2796 auctoritate
1615 2772 1659 2802 HI,
1672 2777 1727 2796 tum
1742 2773 1877 2804 praecipue
1891 2780 1920 2796 ex
1936 2780 1967 2797 eo
1982 2773 2053 2805 quod
2068 2773 2145 2805 paulo
2160 2781 2239 2806 supra
2252 2778 2307 2797 tum
2323 2774 2355 2803 P,
2371 2779 2426 2797 tum
2444 2775 2518 2798 codd.

1453 2806 1488 2840 (Ο
1509 2812 1623 2839 excepto,
1643 2813 1671 2832 ut
1690 2808 1715 2832 in
1734 2815 1815 2839 marg.
1835 2807 1992 2842 notavimus)
2019 2809 2120 2840 legunt:
2136 2815 2188 2839 per
2206 2809 2458 2833 demonstrationem
2478 2809 2519 2833 vel

1452 2842 1648 2871 inductionem;
1668 2847 1725 2867 tum
1744 2843 1856 2875 denique
1875 2851 1904 2867 ex
1923 2843 1962 2867 his
1982 2851 2049 2875 quae
2068 2844 2149 2867 semel
2169 2849 2194 2868 et
2217 2844 2322 2873 iterum,
2338 2851 2427 2875 per...
2442 2844 2519 2868 indu-

1451 2878 1607 2903 ctionem...
1624 2878 1768 2903 inducatur
1786 2878 1913 2908 inductio,
1929 2879 2046 2902 dicuntur
2060 2879 2085 2902 in
2100 2879 2222 2911 principio
2242 2879 2430 2903 lectionis-ln
2449 2884 2518 2903 textu

1451 2913 1597 2938 Aristotelis
1611 2919 1732 2938 neutrum
1751 2914 1906 2938 vocabulum
1921 2914 2098 2938 occurrit—H
2114 2919 2238 2946 utranque
2253 2914 2388 2938 lectionem
2403 2915 2519 2947 comple-

1452 2949 1540 2973 ctitur:
1555 2956 1607 2980 per
1626 2949 1878 2974 demonstrationem
1898 2949 2001 2981 aliquid
2019 2947 2153 2982 (aliquam)
2174 2949 2215 2973 vel
2233 2949 2418 2974 inductionem.

1505 2982 1529 3016 Θ)
1550 2984 1736 3017 Interrogatus
1761 2992 1811 3008 non
1837 2985 1994 3016 opinaretur
2012 2985 2137 3009 essa—1:
2156 2984 2338 3017 iuterrogatus
2361 2984 2481 3009 nesciret.
2499 2998 2518 3003 —

1452 3019 1613 3049 CDEHLQS
1632 3027 1739 3044 erronee
1752 3020 1875 3044 omittunt
1894 3027 1957 3049 non,
1978 3027 2007 3044 ac
2030 3020 2132 3051 legunt:
2152 3020 2334 3052 interrogatus
2361 3019 2517 3051 opinaretur

1452 3061 1508 3079 esse
1514 3061 1523 3083 ;
1541 3055 1589 3079 sed
1608 3062 1680 3079 error
1698 3054 1833 3087 corrigitur
1851 3055 1876 3078 in
1895 3063 1977 3087 marg.
1992 3055 2066 3079 codd.
2080 3055 2152 3079 CDS.

1506 3089 1524 3123 ι)
1548 3090 1755 3114 Concluderetur
1772 3090 1844 3122 quod
1861 3090 1941 3115 sciret
1966 3090 2072 3114 tertiam
2093 3093 2200 3122 partem
2224 3090 2331 3114 senarii.
2351 3090 2421 3114 Haec
2438 3090 2518 3115 verba

1453 3125 1546 3149 desunt
1565 3125 1591 3149 in
1610 3125 1666 3149 cod.
1682 3126 1702 3149 B
1721 3133 1751 3149 ex
1769 3125 1903 3150 oscitantia
1921 3126 2099 3156 amanuensis;
2120 3133 2149 3149 ea
2171 3129 2257 3149 tamen
2277 3125 2302 3149 in
2321 3125 2377 3149 aliis
2397 3125 2472 3149 codd.
2493 3130 2519 3150 et

1452 3161 1492 3184 ed.
1507 3160 1585 3184 Piana
1603 3160 1737 3185 habentur.
1757 3161 1808 3185 Sed
1828 3165 1853 3185 et
1876 3160 2020 3185 necessaria
2045 3165 2104 3184 sunt
2123 3161 2155 3184 ad
2180 3161 2349 3192 integritatem
2368 3161 2518 3185 sententiae.

1452 3195 1516 3219 Cod.
1531 3195 1567 3219 G:
1582 3198 1609 3220 et
1626 3195 1829 3220 concluderetur
1847 3196 1919 3228 quod
1936 3200 1984 3220 etc.

1506 3229 1531 3263 κ)
1553 3230 1589 3254 Et
1611 3230 1648 3255 sic
1672 3230 1777 3255 videtur
1799 3231 1873 3262 sequi
1890 3231 1962 3263 quod
1985 3232 2027 3256 vel
2051 3238 2102 3255 non
2129 3230 2177 3255 hoc
2202 3231 2351 3255 addisceret
2375 3231 2416 3255 vel
2439 3230 2517 3255 addi-

1451 3268 1536 3290 sceret
1550 3265 1621 3296 quod
1634 3265 1714 3297 prius
1727 3266 1813 3290 scivit.
1832 3266 1902 3290 Haec
1922 3266 1996 3290 lectio
2010 3266 2143 3290 retinenda
2162 3271 2201 3290 est
2215 3271 2269 3290 rum
2290 3265 2375 3297 quoad
2389 3273 2444 3289 rem
2460 3271 2516 3290 tum

1452 3300 1538 3332 quoad
1551 3300 1671 3324 formam.
1686 3300 1750 3324 Cod.
1765 3301 1794 3331 B,
1809 3300 1944 3325 manifesto
1960 3309 2054 3331 errore,
2069 3301 2191 3333 relinquit
2210 3301 2373 3333 negationem
2388 3306 2413 3324 et
2426 3300 2517 3331 habet:

1453 3338 1479 3359 et
1496 3335 1534 3360 sic
1552 3335 1659 3360 videtur
1676 3335 1750 3367 sequi
1767 3336 1839 3367 quod
1858 3337 1897 3360 vel
1916 3336 1965 3360 hoc
1982 3336 2133 3360 addisceret
2152 3337 2193 3360 vel
2211 3342 2259 3360 etc.
2274 3336 2356 3359 Editio
2373 3335 2451 3360 Piana
2469 3336 2518 3360 mi-

1453 3378 1502 3394 nus
1522 3375 1590 3394 recta
1609 3375 1648 3394 est
1668 3371 1752 3402 quoad
1772 3370 1896 3395 formam:
1917 3375 1943 3395 et
1960 3371 1999 3396 sic
2018 3371 2124 3395 videtur
2141 3371 2215 3402 sequi
2237 3371 2308 3403 quod
2332 3371 2372 3395 vel
2392 3371 2441 3396 hoc
2464 3379 2517 3396 non

1453 3405 1576 3430 addiscat
1595 3406 1635 3430 vel
1653 3406 1799 3430 addiscerit
1817 3410 1866 3430 etc.
1881 3406 2001 3430 Nostram
2021 3406 2156 3430 lectionem
2176 3406 2271 3430 habent
2295 3406 2397 3430 codices
2415 3414 2517 3437 omnes,

1452 3441 1473 3464 B
1502 3446 1624 3473 excepto,
1652 3446 1680 3464 ut
1708 3442 1863 3466 notavimuS.
1880 3453 1899 3460 ·-‹
1922 3441 1962 3465 O:
1989 3442 2030 3466 vel
2057 3442 2128 3473 quod
2160 3441 2312 3466 addisceret
2339 3441 2411 3473 quod
2438 3442 2518 3473 prius

1452 3476 1559 3501 sciebat.

1507 3509 1534 3542 λ)
1556 3510 1649 3536 Fuerit
1667 3511 1700 3535 ab
1719 3518 1748 3535 eo
1762 3511 1871 3543 penitus
1890 3511 2024 3544 ignorata.
2040 3512 2126 3536 Codex
2145 3512 2179 3535 B:
2190 3512 2280 3545 suerit
2298 3512 2331 3536 ab
2349 3519 2380 3536 eo
2398 3512 2518 3537 totaliter

1454 3546 1588 3579 ignorata,
1605 3551 1630 3570 et
1648 3551 1688 3571 est
1707 3554 1800 3570 sensus
1819 3547 1896 3577 idem,
1911 3552 1936 3571 et
1954 3555 2020 3579 pene
2035 3547 2125 3571 eadem
2145 3547 2236 3571 forma.
2252 3547 2317 3571 Edit.
2331 3547 2519 3580 Piana:suerit

1454 3581 1487 3606 ab
1507 3588 1536 3606 eo
1551 3581 1658 3613 penitus
1679 3581 1814 3614 incognita
1832 3582 1886 3606 sive
1906 3582 2006 3614 ignota.
2020 3582 2052 3606 Et
2071 3582 2162 3615 ignota
2177 3582 2272 3607 habent
2290 3583 2367 3607 etiam
2386 3583 2461 3608 codd.
2474 3583 2517 3607 1-11.

1455 3616 1544 3641 Lectio
1563 3622 1650 3641 nostra
1670 3622 1709 3641 est
1728 3617 1837 3641 aliorum
1855 3617 1930 3641 codd.
