2548 4192
2274 251 2397 298 xxxvu

177 359 210 386 s.
238 343 455 390 Thomae,
491 339 709 395 quosdam
743 337 974 393 religiosos
1007 337 1050 380 in
1088 339 1276 380 scientiis
1310 339 1436 382 simul
1472 345 1514 380 et
1547 345 1637 381 arte
1676 340 2010 396 paleographica
2048 341 2241 383 eruditos
2275 342 2392 384 desi-

175 405 348 463 gnavit,
379 404 454 459 qui
491 402 783 444 Bibliothecas
819 400 1098 455 perlustrant,
1134 400 1307 443 codices
1342 402 1531 457 optimae
1566 408 1695 444 notae
1732 402 1976 458 inquirunt,
2012 404 2170 459 scripta
2203 418 2235 445 s.
2266 405 2388 448 Tho-

178 482 275 511 mae
310 467 471 509 inedita
495 460 723 521 diligenter
744 463 1018 518 investigant,
1041 469 1172 518 atque
1191 465 1338 506 omnia
1371 465 1530 520 scripto
1565 471 1714 506 notata
1746 465 1839 507 aliis
1873 465 2087 522 religiosis
2111 467 2282 508 Romae
2316 468 2392 510 de—

177 530 381 588 gentibus
413 535 455 570 et
488 541 650 570 novam
683 527 794 567 hanc
829 525 1064 567 editionem
1108 527 1355 568 curantibus
1396 528 1741 570 transmittunt·
1769 528 1888 581 Quid
1921 542 2028 570 vero
2063 529 2105 570 in
2139 529 2394 573 adornando

177 595 262 635 hoc
294 593 434 648 primo
469 589 692 632 volumine
726 602 812 645 ego
846 588 1141 643 praestiterim,
1170 590 1318 644 paucis
1351 590 1552 645 aperiam.
1586 591 1803 646 Exceptas
1828 605 1854 632 a
1887 591 2101 647 religiosis
2136 593 2294 634 nostris
2317 607 2396 634 va-

167 657 261 698 'rias
296 654 423 696 codd.
457 653 665 695 lectiones
699 651 755 693 ad
798 651 984 692 invicem
1018 651 1194 693 consero
1223 665 1385 707 easque
1423 653 1644 709 praeeligo
1667 667 1781 708 quae
1805 653 1960 695 dantur
1993 668 2018 695 a
2052 654 2288 704 codicibus,
2319 656 2393 710 qui

178 725 270 760 tum
303 717 556 771 antiquitate
589 722 680 757 tum
705 714 927 770 diligentia
947 715 1278 756 amanuensium
1301 715 1409 756 alios
1432 716 1711 770 praecellunt:
1738 717 1799 757 eis
1824 730 2012 771 namque
2035 717 2245 760 maiorem
2262 718 2393 760 fidem

178 779 471 823 adhibendam
506 792 602 820 esse
637 778 757 834 leges
791 777 1063 832 sapientioris
1098 777 1262 819 critices
1297 778 1521 819 inculcant.
1558 779 1648 820 Sed
1687 792 1776 820 non
1819 779 1950 820 fidem
1985 793 2158 821 caecam
2191 780 2392 823 adhibeo.

179 844 332 886 Sciunt
365 843 480 884 enim
514 854 680 890 omnes,
715 840 790 882 ubi
824 840 1120 896 autographus
1155 840 1293 890 deest,
1330 841 1404 882 vix
1437 855 1486 882 ac
1521 854 1574 882 ne
1608 841 1683 882 vix
1711 841 1888 896 quidem
1923 842 2096 884 codices
2124 843 2392 898 reperirilfas

180 919 276 948 esse
310 906 384 961 qui
419 904 589 947 mendis
623 909 815 952 careant,
851 902 1014 958 quique
1048 903 1090 943 in
1124 903 1268 958 aliqua
1300 910 1419 958 parte
1464 903 1603 944 manci
1637 909 1712 944 aut
1744 904 1976 958 imperfecti
2018 919 2105 946 non
2139 906 2244 947 sint:
2279 906 2393 949 adde

178 968 300 1024 quod
334 982 424 1010 non
448 968 738 1022 infrequenter
761 971 990 1007 occurrunt
1021 965 1220 1020 postillae
1243 966 1523 1021 marginales,
1560 979 1672 1020 quae
1706 979 1909 1008 successu
1944 969 2152 1023 temporis
2187 982 2240 1010 ex
2273 982 2392 1011 ama-

179 1031 410 1074 nuensium
450 1029 661 1086 imperitia
697 1029 831 1070 textui
868 1027 1086 1076 adnexae,
1121 1028 1293 1069 habitae
1333 1034 1434 1069 sunt
1466 1028 1670 1082 deinceps
1705 1029 1828 1083 quasi
1872 1036 2014 1084 partes
2060 1031 2194 1085 ipsius
2237 1038 2390 1074 textus

180 1095 397 1148 Quocirca
430 1093 473 1134 in
506 1092 634 1134 unius
667 1091 738 1132 vel
771 1090 944 1132 alterius
979 1089 1152 1138 codicis,
1188 1096 1235 1131 ut
1267 1096 1315 1131 ut
1348 1090 1510 1145 optimi,
1546 1091 1682 1132 verba
1715 1104 1803 1132 non
1838 1091 1944 1140 iuro,
1970 1106 2047 1133 nec
2082 1094 2137 1134 ad
2171 1094 2281 1136 illius
2315 1108 2392 1136 au-

179 1157 432 1203 ctoritatem,
457 1155 609 1196 ceteris
634 1153 898 1201 inconsultis,
923 1152 1154 1193 lectionem
1177 1165 1320 1194 meam
1344 1166 1577 1207 componO.
1607 1153 1814 1206 Quinimo
1849 1154 2003 1196 accidit
2037 1156 2302 1211 quandoque
2330 1158 2391 1198 le-

179 1219 369 1261 ctionem
395 1218 438 1259 in
460 1217 607 1272 aliquo
643 1230 745 1258 casu
768 1215 905 1257 videri
928 1214 1254 1270 praeferendam
1289 1214 1464 1264 codicis,
1489 1216 1556 1256 cui
1584 1216 1823 1271 generatim
1853 1217 2029 1259 minime
2064 1225 2129 1259 est
2157 1219 2392 1262 fidendum.

180 1282 385 1324 Ceterum
420 1280 661 1330 ne„>inscio
695 1279 868 1327 lectore,
892 1277 1038 1318 variae
1061 1277 1314 1319 lectionesa
1335 1291 1406 1319 me
1439 1278 1671 1333 adoptatae
1706 1279 1829 1333 quasi
1864 1279 2005 1321 furtim
2041 1288 2082 1321 et
2105 1295 2183 1336 pro
2218 1282 2391 1324 arbitrio

179 1336 420 1386 habeantur
441 1342 723 1390 introductae,
748 1341 792 1382 id
815 1340 1073 1396 scrupulosa
1093 1340 1178 1382 fide
1201 1340 1465 1382 servandum
1494 1341 1707 1390 constitui,
1733 1355 1874 1397 neque
1898 1356 2031 1384 unum
2054 1343 2142 1385 iota
2163 1350 2236 1385 aut
2259 1358 2392 1386 unum

178 1406 348 1463 apicem
375 1406 417 1448 in
440 1406 645 1448 Editione
679 1405 814 1446 Piana
847 1410 1013 1445 mutare
1037 1403 1116 1444 nisi
1141 1403 1394 1446 auctoritate
1427 1404 1559 1445 fretus
1594 1404 1806 1446 codicum.
1842 1406 2049 1447 Attamen
2082 1407 2310 1448 varietates
2333 1408 2393 1449 le-

180 1469 385 1518 ctionum,
421 1482 533 1524 quae
567 1467 724 1509 nullius
758 1480 935 1522 prorsus
969 1466 1178 1507 momenti
1212 1473 1323 1514 sunt,
1356 1479 1391 1508 e.
1408 1480 1449 1523 g.
1474 1467 1580 1508 dicit
1597 1467 1856 1509 Aristoteles
1877 1482 1956 1523 pro
1981 1468 2087 1510 dicit
2104 1469 2396 1524 Philosophus

177 1538 254 1574 aut
273 1532 418 1587 inquit
434 1530 702 1578 Am'stoteles,
727 1530 926 1571 convenit
944 1542 1023 1584 pro
1047 1530 1264 1583 contingit,
1290 1529 1429 1584 agitur
1447 1543 1526 1585 pro
1561 1543 1674 1584 ergo,
1691 1531 1877 1585 ponitur
1907 1532 1951 1572 in
1983 1531 2226 1586 dffim'tione
2247 1546 2395 1574 eorum

178 1608 259 1652 pro
291 1595 337 1637 in
370 1594 614 1650 definitzbne
639 1606 789 1635 eorum
808 1593 1012 1648 ponitur,
1045 1592 1270 1633 scientiam
1298 1593 1482 1634 haberet
1511 1593 1698 1634 alicuius
1730 1607 1808 1648 pro
1843 1594 2026 1635 haberet
2054 1595 2278 1636 scientiam
2312 1596 2394 1637 ali-

178 1658 312 1707 cm'us,
347 1657 519 1712 aliaque
552 1656 596 1698 id
629 1669 770 1713 genus
804 1669 917 1711 quae
951 1654 1113 1710 passim
1147 1662 1396 1703 occurrunt,
1431 1661 1505 1696 aut
1537 1656 1790 1711 posthabui,
1831 1663 1905 1698 aut
1938 1657 2135 1706 adhibui,
2160 1658 2287 1699 nulla
2319 1672 2396 1699 an—

180 1720 404 1762 notatione
437 1719 657 1776 apposita;
701 1719 806 1760 alias
839 1731 946 1760 vero
984 1717 1192 1759 lectiones
1226 1731 1339 1772 quae
1379 1718 1556 1759 alicuius
1595 1719 1804 1760 momenti
1838 1719 1959 1761 visae
1993 1726 2110 1768 sunt,
2145 1727 2219 1762 aut
2252 1721 2394 1763 indico

180 1783 227 1825 in
247 1783 443 1839 margine
465 1789 540 1824 aut
561 1781 695 1824 affero
718 1782 761 1822 in
785 1781 911 1830 notis,
938 1780 1237 1835 rationemque
1270 1780 1449 1836 assigno
1485 1795 1559 1822 cur
1592 1795 1723 1822 unam
1757 1795 1858 1837 prae
1883 1783 1966 1823 alia
1987 1783 2269 1832 adhibuerim,
2295 1790 2338 1825 et
2359 1785 2394 1825 si

179 1845 237 1888 ab
258 1844 521 1901 adoptandis
555 1844 772 1886 nonnullis
795 1844 1008 1892 abstineo,
1032 1856 1106 1885 eas
1129 1843 1368 1884 transcribo
1403 1850 1547 1885 tamen
1582 1850 1624 1885 et
1646 1844 1805 1885 iudicio
1830 1845 2139 1900 sapientiorum
2173 1847 2394 1895 submitto,

180 1914 229 1950 ut
260 1922 374 1964 quae
408 1908 548 1964 magis
583 1907 664 1948 sibi
699 1907 906 1962 placuerit
940 1907 1112 1962 eligant,
1136 1906 1280 1961 deque
1300 1907 1462 1955 ‚selecta
1494 1921 1520 1948 a
1553 1921 1623 1949 me
1654 1907 1838 1949 lectione
1862 1909 2117 1950 sententiam
2152 1909 2297 1951 serant.
2333 1911 2396 1951 Ita

180 1971 325 2013 visum
359 1975 426 2013 es't
457 1977 500 2013 et
533 1970 637 2012 satis
672 1983 741 2011 me
775 1969 986 2011 facturum
1020 1969 1230 2010 lectorum
1264 1968 1502 2018 desiderio,
1539 1976 1581 2011 et
1615 1971 1859 2012 consultum
1895 1984 1991 2013 esse
2026 1972 2254 2027 religiosae
2288 1972 2396 2014 fide-

158 2034 284 2077 .litati
317 2034 361 2076 in
402 2032 683 2090 exprimenda
725 2047 758 2073 s.
783 2033 867 2074 mei
906 2032 1113 2074 Doctoris
1147 2038 1308 2079 mente,
1344 2032 1399 2073 ad
1435 2046 1566 2087 quam
1600 2032 1928 2088 adsequendam
1964 2041 2081 2076 totus
2115 2048 2212 2076 sum
2243 2035 2284 2076 in
2314 2035 2396 2076 hoc

180 2097 437 2139 adornando
471 2096 707 2138 volumine.

239 2174 242 2176 ·
299 2159 399 2202 Sed
433 2159 531 2202 huic
553 2159 778 2200 Leoninae
801 2157 993 2199 Editioni
1021 2158 1180 2213 placuit
1202 2158 1409 2198 nonnulla
1432 2158 1592 2199 addere
1616 2172 1728 2213 quae
1754 2159 2035 2213 plurimorum
2061 2166 2180 2201 erant
2203 2161 2244 2202 in
2268 2161 2394 2209 votis,

182 2228 238 2267 et-
260 2236 374 2278 quae
408 2222 612 2264 omnibus
653 2221 819 2262 utilitati
854 2227 989 2263 erunt.
1024 2220 1282 2276 Praeprimis
1328 2234 1434 2276 ergo
1475 2227 1639 2262 textum
1677 2235 1883 2277 graecum
1922 2223 2116 2277 Operum
2150 2223 2395 2264 Aristotelis

182 2298 296 2341 quae
325 2285 587 2327 illustrantur
616 2298 642 2325 a
674 2298 708 2326 s.
733 2284 907 2325 Thorna
941 2283 1043 2325 dare
1078 2283 1291 2332 constitui,
1316 2284 1415 2324 loco
1451 2283 1632 2338 duplicis
1667 2284 1821 2326 latinae
1854 2285 2068 2326 versionis
2096 2299 2208 2340 quae
2231 2286 2390 2327 Pianae

181 2348 341 2390 inserta
370 2354 445 2390 est.
481 2348 671 2389 Textum
705 2360 911 2403 graecum
945 2347 1110 2401 adopto
1142 2346 1262 2387 iuxta
1296 2346 1530 2387 editionem
1554 2346 1703 2394 Didot,
1727 2347 1806 2388 sed
1835 2361 1937 2402 prae
1960 2348 2096 2389 oculis
2125 2348 2267 2390 habeo
2290 2348 2394 2390 alias

181 2417 274 2452 tum
305 2417 476 2452 veteres
518 2417 611 2451 tum
655 2409 915 2451 recentiores
964 2409 1199 2457 editiones,
1242 2422 1398 2463 nempe
1440 2409 1756 2457 Basileensem,
1803 2410 1939 2459 Pacii,
1982 2410 2253 2460 Casauboni,
2299 2411 2394 2452 Du-

182 2473 332 2521 Vallii,
367 2473 571 2521 Beckeri,
608 2472 754 2513 Waitz
788 2478 865 2513 etc.
908 2472 1138 2512 Praeterea
1170 2471 1414 2526 praeclaros
1457 2471 1573 2526 apud
1614 2472 1817 2527 antiquos
1854 2479 2004 2514 nactus
2040 2480 2106 2515 est
2137 2474 2394 2516 Aristoteles

181 2548 365 2592 graecos
405 2535 658 2590 interpretes
692 2534 1006 2589 Porphyrium,
1048 2534 1356 2582 Ammonium,
1395 2534 1704 2583 Themistium‚
1743 2535 2057 2591 Philoponum,
2097 2536 2394 2578 Alexandrum

182 2597 596 2654 Aphrodisiensem,
632 2597 918 2645 Eustratium,
956 2597 1241 2651 Anonymum
1277 2602 1368 2644 etc.,
1404 2610 1590 2652 quorum
1625 2597 1872 2640 testimonia
1906 2599 1948 2639 in
1980 2598 2065 2640 hoc
2098 2599 2238 2654 primo
2273 2605 2393 2641 tomo

181 2660 428 2703 afferuntur.
464 2660 522 2702 Hi
556 2660 672 2701 enirn
705 2659 952 2701 Aristotelis
995 2666 1069 2701 aut
1110 2660 1246 2701 verba
1288 2659 1496 2708 referunt,
1536 2666 1610 2701 aut
1649 2661 1878 2702 varietates
1922 2661 2155 2703 lectionum
2199 2662 2394 2717 explicite

182 2729 355 2773 notant,
394 2730 469 2764 aut
509 2723 617 2764 tales
658 2722 954 2778 expositiones
997 2722 1220 2777 proferunt
1261 2735 1374 2777 quae
1414 2722 1520 2777 quid
1558 2723 1741 2779 legerint
1782 2724 1863 2779 ipsi
1903 2725 1946 2765 in
1985 2725 2127 2766 Textu
2173 2725 2395 2766 manifeste

181 2785 430 2828 ostendunt.
473 2785 744 2840 Sequuntur,
779 2791 880 2840 post
913 2785 1146 2826 Boethium
1181 2791 1224 2826 et
1258 2785 1503 2827 Averroem
1537 2785 1856 2842 (Ibn-Rochd),
1902 2787 2118 2842 praecipui
2152 2788 2395 2829 scholastici

183 2849 391 2891 Albertus
425 2849 628 2904 Magnus,
655 2846 891 2904 Aegidius,
921 2848 1251 2896 Lincolniensis,
1277 2847 1448 2897 Scotus,
1473 2849 1825 2904 posterioresque
1848 2850 2106 2891 Dominicus
2130 2864 2155 2891 a
2178 2850 2392 2898 Flandria,

184 2911 438 2961 Caietanus,
473 2911 717 2960 Zabarella,
759 2911 985 2965 Sylvester
1017 2911 1196 2952 Maurus
1231 2917 1308 2951 etc.
1345 2911 1568 2963 Quantum
1606 2912 1836 2967 scriptores
1870 2913 1938 2953 isti
1972 2912 2320 2954 adlaboraverint
2352 2913 2395 2953 in

183 2973 465 3029 explanandis
499 2973 746 3015 Aristotelis
787 2973 993 3014 doctrinis
1032 2987 1161 3014 nemo
1200 2979 1266 3015 est
1298 2973 1372 3027 qui
1412 2974 1595 3030 ignoret.
1640 2975 1687 3015 In
1727 2974 1987 3029 exponendo
2028 2975 2232 3031 Stagirita
2265 2988 2395 3030 saepe

183 3036 358 3091 saepius
391 3036 672 3078 offendebant
704 3036 1001 3084 obscuritates,
1036 3036 1092 3077 ad
1127 3049 1236 3090 quas
1271 3036 1549 3077 excutiendas
1584 3050 1672 3077 non
1703 3037 1785 3078 alia
1807 3037 1878 3078 via
1901 3037 2166 3092 quandoque
2190 3044 2290 3086 erat,
2315 3038 2396 3078 nisi

184 3111 382 3139 recursus
415 3098 472 3139 ad
504 3104 670 3139 textum
705 3098 963 3147 Aristotelis,
999 3098 1092 3139 sive
1125 3112 1343 3154 graecum,
1367 3098 1462 3139 sive
1484 3099 1626 3154 prouti
1656 3099 1699 3140 in
1723 3100 1998 3141 versionibus
2033 3113 2086 3140 ex
2109 3100 2260 3141 Arabo
2284 3100 2395 3141 idio-

185 3166 300 3202 mate
332 3160 557 3210 serebatur,
592 3161 686 3202 sive
716 3161 759 3202 in
791 3161 1068 3202 versionibus
1102 3174 1156 3202 ex
1189 3174 1348 3217 graeco
1384 3161 1632 3203 immediate
1666 3161 1880 3203 derivatis.
1917 3163 2148 3203 Lectiones
2183 3169 2224 3204 et
2258 3177 2393 3218 expo-

184 3223 365 3264 sitiones
399 3222 506 3264 istae
539 3223 765 3265 hominum
805 3223 1157 3264 doctissimorum
1200 3219 1603 3278 praetermittendae
1646 3237 1735 3265 non
1770 3231 1906 3273 erant,
1941 3225 2020 3266 sed
2064 3225 2390 3280 comparandae,

185 3285 262 3327 ubi
296 3298 407 3340 opus
451 3291 536 3334 est,
572 3299 671 3327 cum
709 3286 894 3327 lectione
933 3292 976 3327 et
1014 3286 1286 3341 expositione
1325 3300 1358 3327 s.
1383 3286 1602 3336 Thomae,
1648 3287 1721 3341 qui
1766 3287 1940 3328 nedum·
1965 3288 2157 3343 linguam
2196 3301 2396 3343 graecam

187 3348 384 3389 calluisse
418 3347 609 3397 videtur,
644 3348 735 3397 sed,
770 3355 818 3390 ut
850 3348 1080 3403 scriptores
1113 3348 1303 3397 tradunt,
1339 3349 1549 3390 librorum
1583 3349 1877 3405 (Aristotelis)
1900 3351 2163 3404 procuravit
2197 3353 2247 3390 ut
2265 3351 2401 3404 fieret

187 3424 300 3452 nova
338 3409 588 3458 translatio,
634 3424 748 3464 quae
787 3411 1024 3451 sententiae
1054 3411 1306 3452 Arzstotelz's
1344 3411 1532 3452 continet
1566 3411 1731 3452 clarius
1767 3412 1993 3453 veritatem
2027 3412 2302 3466 (Guillelmus
2341 3412 2396 3453 de

187 3474 337 3514 Tocco
372 3473 415 3514 in
449 3473 551 3514 Vita
584 3486 616 3513 s.
646 3472 741 3522 Th„
777 3486 869 3527 cap.
891 3473 1068 3514 1v.-Cf.
1092 3473 1147 3514 A.
1179 3473 1405 3526 Jourdain,
1439 3473 1712 3514 Recherclces
1746 3476 1848 3522 etc.,
1884 3488 1974 3529 cap.
1996 3487 2010 3514 1
2044 3481 2085 3515 et
2118 3488 2259 3529 seqq.;
2294 3475 2396 3516 item

187 3536 326 3576 Notes
357 3538 440 3589 (u)
474 3549 572 3591 pag.
592 3535 712 3589 437).
748 3534 951 3576 Studium
974 3535 1089 3575 istud
1113 3535 1467 3589 comparativum,
1503 3549 1637 3590 supra
1666 3549 1796 3590 quam
1832 3536 1914 3577 dici
1950 3543 2113 3591 potest,
2149 3537 2396 3592 improbum

188 3604 255 3639 est
286 3611 336 3639 ac
369 3597 650 3653 perarduum;
686 3597 790 3638 illud
824 3603 980 3645 tamen,
1017 3603 1225 3652 quantum
1250 3597 1406 3652 operis
1438 3598 1572 3638 nostri
1603 3598 1797 3646 ,conditio
1827 3599 1993 3653 patitur,
2019 3599 2301 3642 libentissime
2324 3612 2397 3642 su*-
