2548 4192
219 283 287 307 Lxu

219 359 285 380 esse
300 355 447 390 appareat
469 348 705 385 litterarumque
724 343 912 374 rudimentis
931 341 1107 371 imbutum:
1123 345 1159 388 ‘at
1173 347 1284 387 mona-

219 395 295 425 stica
305 393 478 433 disciplina,
489 401 570 431 quae
581 397 749 420 nocturnas
760 387 950 426 diurnasque
960 394 1077 424 preces,
1093 383 1217 419 ieiunia,
1230 381 1283 411 fla-

218 439 400 479 gellationes
418 446 452 466 ac
467 436 498 465 id
508 444 606 474 genus
617 433 676 463 alia
686 432 776 472 plura
791 429 1019 469 complectitur,
1030 427 1172 456 videatur
1186 425 1282 455 nulla.

286 483 333 513 De
356 482 502 512 Thomae
526 478 580 508 filii
604 476 746 517 profectu
778 475 810 504 in
841 473 983 503 moribus
1012 470 1184 510 litterisque
1204 479 1282 519 ‘cum

219 527 331 557 certior
351 525 531 556 redderetur
545 528 643 551 mater
662 520 744 556 eius,
769 518 869 548 nimio
891 515 1007 556 gaudio
1023 514 1179 563 exultabat
1203 523 1280 552 ipsa,

218 577 295 601 teste
306 569 478 600 Guillelmo
494 567 532 596 de
547 566 672 595 Tocco:
693 562 910 602 Sperabatque
929 560 1055 599 impleri
1073 560 1105 588 in
1118 558 1195 599 filio
1209 567 1279 593 suo,

218 624 300 655 quae
308 613 476 654 praedicta
482 610 638 650 fuerant,
653 608 768 647 spiritu
783 605 1041 645 praenunciante
1054 603 1172 633 divino.
1188 602 1279 631 Prae-

217 659 334 688 dixerat
356 657 474 697 quippe
498 652 653 683 solitarius
676 650 824 691 quidam,
853 649 963 679 Bonus
987 647 1134 676 nomine:
1168 645 1281 675 Gaude

216 703 365 738 Domina,
382 699 537 739 inquiens,
548 697 622 737 quia
634 705 667 725 es
675 703 867 734 praegnans
890 697 920 722 et
935 692 1049 731 paries
1058 691 1170 731 filium
1186 699 1277 730 quem

217 746 340 777 vocabis
364 745 532 774 Thomam:
555 746 585 770 et
603 745 636 770 tu
657 744 687 768 et
702 739 752 768 vir
775 742 849 767 tuus
867 735 1047 776 cogitabitis
1073 744 1144 764 eum
1169 733 1279 769 facere

215 789 401 819 monachum
426 788 458 816 in
482 784 680 815 Monasterio
704 782 826 812 Montis
850 780 998 810 Casini...
1018 779 1168 809 habentes
1190 787 1276 817 spem

214 833 256 863 ad
278 841 413 872 magnos
436 830 535 870 ipsius
556 827 748 857 Monasterii
767 825 889 855 reditus
906 824 1079 864 pervenire
1096 831 1159 862 per
1178 823 1278 862 ipsius

204 877 274 918 filii
293 877 389 907 vestri
407 875 526 914 apicem
555 878 585 902 et
597 871 841 911 praelaturam:
865 869 921 899 sed
934 868 1024 898 Deus
1041 867 1081 897 de
1095 868 1162 907 ipso
1181 866 1278 896 aliter

213 920 387 956 ordinabit,
412 919 487 958 quia
507 918 567 947 erit
575 916 690 957 frater
716 914 849 944 Ordinis
867 912 1140 947 Praedicatorum‚
1167 915 1277 941 tantae

213 965 368 996 claritatis
386 964 419 993 in
440 962 572 993 scientia
597 966 627 990 et
644 959 823 990 sanctitatis
841 959 873 987 in
894 958 974 993 vita,
1001 956 1085 996 quod
1103 956 1136 985 in
1156 954 1275 985 mundo

211 1009 270 1039 sibi
299 1007 411 1039 similis
438 1016 496 1037 suo
525 1011 665 1045 tempore
694 1013 757 1033 non
782 1003 903 1042 poterit
925 1001 1072 1030 inveniri.
1103 1000 1274 1029 Parentum

212 1052 415 1093 cogitationes
435 1049 584 1081 reditibus
604 1047 825 1079 Casinensium
844 1045 1009 1082 inhiantes,
1025 1043 1183 1084 simulque
1203 1053 1274 1083 spes

211 1097 317 1127 matris
340 1095 539 1136 implendum
558 1092 728 1133 aliquando
749 1091 826 1128 fore,
850 1090 938 1130 quod
957 1088 1014 1118 sibi
1034 1088 1141 1118 divino
1162 1087 1272 1128 spiritu

210 1140 452 1182 praenunciante
475 1138 669 1179 praedictum
693 1135 812 1173 fuerat,
844 1134 963 1174 optime
987 1132 1214 1170 conciliantur,
1246 1132 1271 1162 si

210 1186 372 1216 Thomam
390 1183 600 1223 intelligamus
619 1180 760 1211 nobilem
779 1179 969 1209 saecularem
988 1187 1124 1217 puerum
1144 1177 1273 1207 Casina-

210 1230 292 1261 tibus
323 1229 471 1260 traditum
501 1226 608 1257 litteris
639 1232 669 1255 et
699 1224 842 1254 moribus
870 1222 1089 1253 imbuendum.
1120 1224 1163 1251 At
1190 1231 1272 1262 quae

210 1274 347 1314 prudens
377 1273 485 1303 fuisset
514 1280 585 1310 spes
614 1269 721 1299 matris
745 1269 783 1298 de
812 1267 994 1307 prophetiae
1025 1266 1272 1306 adimpletione,

210 1328 306 1359 quam
330 1318 411 1357 ipsa,
436 1322 591 1357 quantum
615 1314 647 1344 in
671 1323 707 1343 ea
731 1319 809 1349 erat,
834 1311 986 1351 impedire
1010 1317 1163 1348 curasset,
1188 1311 1212 1340 si
1238 1310 1272 1341 fi-

208 1363 286 1393 lium
310 1362 378 1392 Deo
402 1361 481 1391 inter
504 1359 627 1390 oblatos
650 1367 765 1398 pueros
790 1356 895 1387 Casini
920 1353 1116 1385 devovisset?

274 1407 359 1436 Haec
378 1415 452 1435 vero
472 1403 580 1434 omnia
599 1413 672 1433 cum
691 1409 755 1431 tam
779 1407 920 1431 accurate
940 1399 1031 1439 prisci
1056 1399 1100 1430 illi
1123 1400 1270 1430 Thomae

208 1451 286 1482 vitae
310 1450 474 1490 scriptores
503 1447 725 1484 enarraverint,
756 1452 868 1485 sponte
892 1444 977 1474 fluit:
1004 1454 1042 1475 eo
1063 1444 1157 1475 etiam
1182 1452 1272 1475 natu-

208 1495 262 1526 rali
286 1504 320 1525 ac
344 1494 451 1534 pervio
475 1502 584 1530 sensu,
608 1501 705 1532 quem
728 1490 886 1529 hodieque
910 1489 949 1518 de
973 1489 1097 1528 pueris,
1122 1489 1177 1530 qui
1202 1489 1271 1519 reli-

207 1539 286 1580 giosi
301 1538 432 1570 instituti
452 1537 523 1567 viris
543 1535 715 1566 instruendi
738 1534 913 1571 traduntur,
930 1543 1166 1574 usurparemus,
1182 1534 1271 1564 Tho-

209 1594 295 1614 mam
318 1583 389 1613 illos
412 1582 523 1612 dixisse
543 1581 680 1611 oblatum
704 1579 772 1609 Deo
795 1589 815 1608 a
834 1578 1035 1618 parentibus,
1057 1579 1272 1620 eumdemque

210 1639 227 1659 a
246 1635 342 1668 patre,
362 1627 547 1666 disponente
562 1634 635 1655 eum
650 1623 800 1654 Abbatiae
822 1622 988 1662 praeficere
1008 1622 1190 1660 Casinensi,
1206 1634 1271 1654 mo-

209 1673 377 1703 nachatum
393 1671 520 1711 fuisse;
549 1669 636 1710 quod
659 1678 773 1708 nempe
804 1667 835 1697 in
859 1668 1054 1698 monasterio
1085 1668 1272 1699 nutriendus

208 1717 336 1748 traditus
360 1722 414 1752 est,
438 1714 554 1745 ibidem
578 1713 718 1743 moribus
743 1711 917 1743 christianis
941 1719 971 1743 et
994 1712 1103 1743 litteris
1127 1712 1271 1744 imbuen-

208 1762 282 1792 dus:
307 1771 345 1790 eo
369 1760 462 1790 etiam
485 1765 650 1798 parentum
674 1757 819 1794 consilio,
844 1763 880 1787 ut
901 1767 980 1797 puer
1004 1766 1076 1797 erga
1095 1758 1272 1788 monachos

206 1805 370 1845 magistros
389 1803 531 1840 affectus,
556 1802 762 1832 monasticam
781 1801 879 1832 vitam
898 1801 1036 1832 adultior
1055 1801 1156 1833 factus
1180 1801 1272 1842 elige-

206 1856 250 1880 ret
267 1859 302 1879 ac
316 1849 442 1879 tandem
452 1847 602 1878 Abbatiae
617 1846 855 1886 praefecturam,
865 1846 955 1877 cuius
966 1846 1118 1877 reditibus
1132 1847 1273 1878 inhiabat

207 1893 422 1933 Landulphus,
446 1891 615 1932 aliquando
631 1900 688 1931 pro
705 1890 822 1921 meritis
847 1890 1012 1922 obtineret.
1038 1891 1114 1928 Quo
1134 1891 1271 1933 denique

206 1948 298 1969 sensu
323 1937 471 1968 eumdem
489 1936 650 1967 Thomam
673 1936 711 1965 ab
736 1935 854 1966 eisdem
878 1942 1099 1975 comparatum
1119 1936 1271 1974 Samueli,

206 1983 328 2020 Mauro,
352 1981 490 2018 Placido,
514 1991 569 2020 par
592 1986 637 2010 est
660 1980 851 2019 intelligere;
876 1986 911 2010 ut
935 1990 1051 2020 nempe
1075 1981 1271 2021 comparatio

206 2028 366 2057 dumtaxat
388 2025 566 2056 instituatur
585 2025 691 2065 quoad
715 2024 851 2055 familiae
871 2024 1085 2065 splendorem,
1105 2032 1195 2057 ortus
1214 2036 1271 2057 no-

205 2071 355 2102 bilitatem
378 2081 413 2100 ac
436 2077 567 2100 aetatem
591 2069 754 2107 tenellam,
781 2079 845 2110 qua
870 2069 1051 2108 Thomam,
1076 2070 1157 2101 sicut
1180 2070 1271 2109 illos,

206 2116 237 2146 in
262 2116 359 2146 domo
383 2115 458 2153 Dei,
482 2114 514 2144 in
538 2114 769 2144 monachorum
798 2114 956 2144 coenobio
981 2115 1040 2145 sub
1067 2115 1272 2146 sanctissimis

205 2159 457 2200 praeceptoribus
476 2159 593 2190 tradere
613 2165 754 2198 parentes
774 2158 954 2196 voluerunt,
975 2159 1118 2190 moribus
1133 2160 1272 2191 christia—

206 2199 252 2235 nis
276 2211 306 2235 et
328 2204 434 2235 litteris
458 2203 704 2234 informandum.
736 2203 848 2234 Paucis
871 2203 974 2234 verbis
998 2203 1060 2234 hoc
1090 2204 1176 2235 idem
1200 2212 1271 2236 ante

205 2256 411 2289 proposuerat
429 2255 651 2289 argumentum
669 2248 804 2278 Jacobus
823 2248 987 2279 Echardus
1013 2248 1045 2278 in
1069 2249 1132 2280 vita
1157 2256 1188 2280 et
1206 2250 1271 2280 elo-

203 2294 256 2334 gio
270 2294 367 2334 ipsius
378 2294 539 2324 Thomae:
555 2293 643 2334 quod
658 2293 801 2332 pluribus
815 2292 928 2323 additis
943 2293 1271 2325 animadversionibus

205 2349 264 2369 nos
286 2338 518 2369 illustravimus.

280 2383 317 2414 11.
348 2385 390 2413 At
417 2389 531 2422 coepto
564 2381 663 2421 pergit
694 2384 814 2413 Auctor
843 2382 1072 2423 disquisitionis
1102 2383 1268 2415 historicae

205 2427 420 2468 inficiaturque
451 2426 659 2464 confidenter,
689 2427 866 2457 Numinum
897 2427 991 2457 etiam
1004 2427 1078 2469 fide
1107 2428 1270 2467 invocata,

205 2473 366 2503 Thomam
390 2471 591 2507 infantulum,
613 2471 802 2502 saecularem
822 2478 939 2509 tamen,
959 2472 997 2502 ad
1018 2480 1159 2504 externas
1178 2473 1270 2504 dum-

206 2523 287 2548 taxat
310 2516 488 2547 Casinensis
512 2516 692 2547 Monasterii
715 2516 838 2546 scholas
862 2516 958 2547 fuisse
982 2518 1135 2555 missum,
1165 2525 1201 2549 ut
1224 2518 1270 2548 in-

205 2561 288 2601 genii
307 2561 428 2592 cultum
449 2561 609 2591 dumtaxat
632 2567 755 2600 caperet
778 2571 947 2602 moresque
973 2562 1159 2593 christianos
1179 2563 1269 2594 nobi-

205 2605 325 2636 lissimo
335 2615 434 2645 puero
449 2611 655 2645 congruentes
666 2606 724 2635 sub
735 2606 827 2636 tantis
842 2606 1072 2638 institutoribus
1087 2607 1269 2639 addisceret.

206 2653 248 2681 At
262 2649 439 2681 Numinum
453 2649 540 2687 fides,
556 2660 652 2691 quarn
672 2649 796 2681 invocat
815 2650 877 2687 ille,
893 2651 966 2682 satis
981 2661 1046 2681 non
1067 2659 1112 2683 est
1132 2652 1270 2683 eluendo

207 2701 403 2734 argumento,
418 2694 506 2735 quod
520 2694 721 2734 protulimus.
738 2695 847 2726 Peccat
863 2695 929 2726 imo
945 2703 1054 2727 contra
1064 2697 1270 2738 aequissimas

207 2739 385 2770 criticorum
408 2739 505 2778 leges,
534 2739 622 2779 queis
642 2739 877 2779 praescribitur,
898 2740 1024 2771 nonnisi
1049 2741 1200 2772 omnibus
1219 2751 1270 2772 ex-

206 2783 329 2824 pensis,
358 2793 438 2824 quae
462 2790 586 2814 narrant
616 2783 771 2821 historici,
796 2784 835 2814 de
858 2785 987 2816 illorum
1011 2786 1165 2817 sententia
1189 2786 1269 2817 iudi-

206 2828 290 2858 cium
305 2827 545 2868 proferendum;
560 2838 633 2858 cum
648 2829 741 2858 verba
752 2835 856 2859 tamen
871 2829 923 2859 illa
938 2830 1108 2861 oblationis
1121 2831 1270 2862 Thomae

206 2882 226 2902 a
243 2871 432 2912 parentibus
454 2872 523 2902 Deo
547 2872 644 2903 factae
668 2873 829 2904 dumtaxat
852 2874 1032 2914 expenderit
1059 2875 1270 2916 Disquisitor;

207 2923 323 2947 caetera
342 2916 507 2956 neglexerit
521 2924 575 2948 aut
590 2917 829 2957 praetermiserit
849 2918 973 2957 omnia,
993 2929 1075 2960 quae
1094 2920 1168 2951 satis
1185 2921 1269 2951 evin-

207 2967 281 2991 cunt
304 2961 342 2990 de
365 2971 439 2991 vero
467 2961 660 3002 proprioque
691 2962 750 2992 ritu
782 2962 950 2993 oblationis
980 2974 1154 3003 puerorum
1185 2965 1270 2996 haud

207 3004 277 3035 illos
300 3005 460 3044 cogitasse.
486 3005 623 3046 Reponit
646 3006 698 3036 ille
722 3006 822 3046 capite
852 3018 922 3045 ιιι,
945 3018 1032 3039 num.
1061 3019 1086 3046 ι,
1106 3009 1270 3040 Thomam

208 3049 445 3089 quinquennem
468 3059 505 3080 ex
528 3059 701 3090 puerorum
725 3050 794 3081 Deo
818 3052 876 3082 sub
901 3052 1007 3091 regula
1026 3053 1088 3083 divi
1110 3053 1270 3085 Benedicti

209 3093 388 3123 oblatorum
411 3104 544 3124 numero
575 3094 744 3125 dicendum
768 3103 850 3126 esse:
879 3109 893 3123 α
912 3106 986 3127 cum
1015 3097 1119 3128 nullae
1143 3098 1270 3137 Casini,

213 3149 227 3163 ι
249 3136 308 3180 nisi
319 3147 376 3176 pro
391 3138 502 3168 oblatis
513 3138 581 3168 Deo
592 3138 696 3178 pueris
707 3137 862 3181 (quorum
872 3140 933 3170 illic
948 3141 1041 3181 copia
1055 3140 1133 3184 erat)
1145 3143 1271 3174 scholae

213 3193 227 3208 ι
250 3187 362 3217 essent,
373 3180 457 3212 iuxta
471 3181 656 3213 Conventus
671 3183 933 3223 Aquisgranensis
943 3186 1103 3216 decretum
1115 3189 1269 3227 num.45:

213 3237 228 3252 ι»
253 3225 295 3255 Ut
315 3225 422 3255 schola
447 3227 478 3256 in
499 3228 691 3257 monasterio
715 3237 777 3258 non
801 3228 972 3267 habeatur,
999 3231 1060 3260 nisi
1083 3241 1193 3262 eorum
1217 3234 1273 3273 qui

213 3281 227 3296 ι
250 3269 347 3299 oblati
359 3275 443 3300 sunt.
470 3270 560 3300 Unde
575 3278 605 3301 et
620 3271 727 3301 beatus
743 3272 851 3303 Petrus
866 3273 1012 3304 Damiani
1031 3275 1174 3314 Epistola
1193 3286 1271 3315 xvir,

212 3325 226 3340 2
249 3312 329 3343 libro
349 3324 386 3351 ιι,
411 3324 492 3354 quae
511 3321 557 3345 est
571 3315 609 3344 ad
624 3315 822 3346 Desiderium
834 3317 989 3348 Abbatem
1005 3326 1035 3349 et
1053 3318 1271 3357 Cardinalem,

213 3369 227 3384 »
249 3356 351 3387 eidem
369 3358 551 3397 gratulatur,
563 3359 650 3399 quod
666 3359 819 3390 Casinum
835 3371 908 3392 cum
927 3362 1072 3401 venisset,
1092 3363 1215 3395 scholas
1230 3365 1271 3396 ibi

213 3413 227 3428 »
249 3411 422 3441 puerorum
445 3412 510 3433 non
532 3403 709 3441 invenisset,
733 3405 843 3446 utique
863 3413 1063 3438 externorum
1082 3415 1112 3439 et
1133 3409 1271 3440 saecula-

214 3457 228 3472 »
250 3445 342 3476 rium:
352 3446 443 3476 Inter
452 3452 593 3478 caeteros
602 3453 708 3478 autem
720 3450 1073 3492 virtutumflores,quos
1081 3453 1113 3483 in
1123 3453 1179 3483 illo
1188 3463 1273 3494 agro

214 3500 229 3515 ιν
245 3489 360 3528 pleno,
385 3491 436 3521 cui
458 3491 618 3522 benedixit
635 3492 809 3530 Dominus,
834 3496 951 3535 reperi,
967 3495 1098 3536 fateor,
1113 3497 1173 3528 hoc
1195 3498 1274 3528 mihi

215 3543 230 3559 ι
252 3542 314 3563 ηοη
333 3534 533 3565 mediocriter
549 3536 685 3575 placuit,
701 3538 786 3577 quod
806 3538 850 3568 ibi
861 3539 988 3570 scholas
1006 3550 1197 3580 puerorum,
1217 3543 1274 3583 qui

216 3587 230 3602 ι
252 3585 346 3616 saepe
368 3578 508 3618 rigorem
527 3581 705 3611 sanctitatis
728 3588 894 3620 enervant,
915 3593 978 3614 non
993 3585 1110 3615 inveni.
1135 3586 1273 3617 Mortem

214 3629 230 3646 τ
252 3619 330 3650 obiit
351 3620 460 3652 Petrus
484 3622 629 3653 Damiani
655 3634 739 3654 anno
763 3635 851 3656 aerae
873 3627 1058 3658 christianae
1087 3638 1206 3671 1072.»

330 3668 337 3681 Ι

942 258 1401 299 DISSERTATIONES
1431 256 1678 293 CRITICAE

1407 336 1542 366 Temere
1566 343 1696 373 prorsus
1720 342 1896 372 puerorum
1920 331 2129 362 saecularium
2153 332 2277 363 scholas
2297 333 2416 365 Casino

1339 380 1462 419 abigere
1477 378 1582 409 studet
1596 376 1798 417 Disquisitor,
1814 376 1896 406 Petri
1912 375 2059 406 Damiani
2075 376 2229 407 sententia
2250 383 2281 408 et
2300 378 2415 420 Aquis-

1337 423 1482 462 granensi
1507 422 1632 451 decreto
1656 421 1688 450 in
1712 420 1936 460 probationem
1961 420 2122 458 adductis;
2154 430 2229 451 cum
2252 421 2345 455 illurn
2368 423 2414 455 in-

1338 466 1509 497 tellexerint
1532 465 1589 495 viri
1614 464 1798 502 clarissimi,
1826 464 1950 494 scholas
1974 474 2150 504 puerorum
2174 465 2358 498 oblatorum
2381 467 2414 499 in

1337 510 1506 542 Coenobio
1523 509 1686 540 Casinensi
1702 515 1834 548 negare;
1854 518 1889 538 ac
1904 508 1990 539 istud
2009 509 2133 539 scholas
2154 509 2323 542 confirmet
2336 522 2414 552 puo-

1336 565 1445 585 rorum
1461 553 1681 591 saecularium,
1697 563 1763 583 non
1778 553 1859 583 intra
1876 553 2011 583 claustra
2026 554 2262 585 monachorum
2277 556 2414 596 positas,

1336 600 1390 629 sed
1405 598 1603 629 monasteriis
1619 597 1798 628 adiunctas:
1824 604 1859 627 ut
1876 604 2044 638 propterea
2059 598 2178 629 eisdem
2194 601 2414 633 monumentis

1335 643 1435 674 evinci
1450 649 1556 683 queat,
1572 642 1808 674 monachorum
1832 651 1938 672 mores
1963 649 1994 673 et
2008 643 2256 674 consuetudines
2270 655 2337 675 non
2357 645 2413 677 ob—

1334 695 1424 725 stare,
1449 686 1625 727 quominus
1645 686 1796 726 parvulus
1816 686 1961 716 Thomas
1977 686 2179 718 Casinatibus
2194 688 2326 720 traditus
2346 689 2413 721 fue-

1333 732 1391 769 rit,
1416 731 1560 761 moribus
1585 737 1615 761 et
1639 730 1750 770 primis
1774 730 1949 762 litterarum
1980 731 2168 763 rudimentis
2198 732 2413 773 imbuendus;

1334 786 1398 806 non
1425 783 1459 806 ut
1483 775 1610 806 oblatus
1634 775 1704 805 Deo
1729 775 1788 805 sub
1813 775 1921 815 regula
1945 786 1969 806 s.
1990 776 2172 815 Benedicti,
2205 778 2260 808 sed
2284 786 2320 810 ut
2343 779 2413 810 illu-

1332 820 1451 850 strioris
1466 820 1603 850 familiae
1619 819 1784 850 saecularis
1800 830 1889 860 puer.
1906 822 1935 850 A
1950 821 2103 852 sententia
2118 822 2266 853 Damiani
2281 823 2412 864 incipio,

1331 875 1466 905 eamque
1491 865 1530 894 de
1556 864 1673 894 scholis
1693 874 1869 904 puerorum
1895 865 2079 896 oblatorum
2099 866 2274 898 doctissimi
2288 868 2346 898 viri
2366 868 2412 899 in-

1331 909 1486 948 telligunt.
1499 909 1683 940 Ludovicus
1698 909 1934 940 Thomassinus
1953 917 2042 950 parte
2057 911 2095 949 ΙΙ,
2111 911 2192 942 libro
2208 912 2232 950 1,
2249 912 2350 953 capite
2365 924 2411 952 cr,

1331 964 1420 984 num.
1437 954 1469 991 8,
1489 953 1614 984 scholas
1635 964 1652 984 a
1666 954 1760 984 Petro
1780 953 1928 984 Damiani
1948 965 2015 985 non
2034 955 2178 986 inventas
2192 956 2225 986 in
2240 957 2411 988 Coenobio

1330 998 1495 1028 Casinensi
1515 998 1688 1038 intelligere
1709 998 1834 1029 videtur
1853 999 1976 1030 scholas
1996 1009 2183 1040 puerorum,
2208 1007 2410 1033 externorum

1330 1042 1440 1083 utique
1455 1049 1486 1073 et
1500 1043 1727 1073 saecularium:
1749 1050 1780 1074 at
1795 1051 1882 1084 parte
1898 1044 1921 1082 1,
1941 1044 1995 1075 lib.
2009 1045 2062 1083 ΙΙΙ,
2079 1055 2147 1085 cap.
2164 1056 2250 1083 1.v111,
2271 1056 2361 1078 num.
2384 1058 2410 1085 1,

1329 1094 1360 1118 et
1381 1097 1411 1124 2,
1433 1087 1527 1118 verba
1551 1087 1699 1118 Damiani
1724 1087 1946 1128 interpretatus
1970 1089 2072 1120 fuerat
2100 1090 2139 1120 de
2163 1090 2280 1121 scholis
2303 1091 2409 1132 impu-

1329 1132 1453 1170 berum,
1468 1132 1583 1173 quibus
1598 1133 1630 1162 in
1645 1133 1748 1163 solam
1763 1142 1850 1173 spem
1867 1135 2066 1165 monasticae
2082 1135 2301 1176 professionis
2319 1137 2410 1167 insti-

1329 1177 1408 1207 tutio
1432 1177 1661 1208 accurabatur.
1686 1177 1808 1207 Eadem
1833 1185 1880 1208 est
1903 1178 2060 1219 expositio
2085 1179 2262 1211 Mabillonii
2286 1180 2319 1211 in
2343 1180 2409 1212 Ob-

1328 1220 1559 1252 servationibus
1588 1222 1627 1252 de
1651 1222 1814 1253 oblatione
1838 1233 2015 1263 puerorum
2043 1223 2076 1254 in
2107 1225 2306 1255 monasteriis
2330 1225 2411 1257 inter

1327 1266 1496 1305 Analecta,
1527 1273 1558 1297 et
1585 1266 1784 1297 praefatione
1810 1267 1821 1297 1
1846 1267 1878 1297 in
1903 1268 2066 1299 saeculum
2094 1269 2137 1299 Vl
2158 1269 2236 1300 Ord.
2267 1280 2292 1300 s.
2310 1269 2410 1301 Bene-

1327 1310 1413 1349 dicti,
1437 1311 1466 1351 ἓ.
1486 1321 1522 1350 v,
1542 1321 1622 1342 num
1645 1311 1703 1349 36;
1724 1318 1755 1342 et
1773 1311 1937 1343 Edmundi
1962 1313 2103 1344 Martene
2118 1313 2149 1343 in
2166 1313 2410 1346 Commentario

1328 1355 1367 1385 ad
1387 1362 1482 1396 caput
1500 1366 1551 1386 mx
1575 1356 1725 1396 Regulae.

1395 1400 1456 1431 Sed
1476 1400 1519 1431 ita
1538 1400 1662 1431 scholas
1681 1401 1714 1431 in
1734 1401 1882 1431 Dar-niani
1903 1402 2058 1433 sententia
2078 1402 2176 1443 accipi
2197 1403 2322 1442 debere,
2343 1403 2411 1435 eius

1328 1445 1421 1475 verba
1447 1445 1608 1485 postulare
1631 1445 1798 1484 videntur,
1825 1445 1851 1476 si
1875 1446 2082 1483 exhibeantur
2105 1447 2216 1478 omnia
2239 1454 2270 1479 et
2296 1457 2411 1489 expen-

1328 1489 1452 1520 dantur.
1482 1489 1537 1520 Ait
1560 1489 1646 1520 enirn
1670 1490 1815 1530 Epistola
1838 1490 1950 1529 citata,
1975 1491 2024 1522 vel
2048 1491 2081 1522 in
2106 1491 2276 1533 Opusculo
2299 1502 2410 1532 xxxvi,

1327 1544 1396 1574 cap.
1412 1544 1480 1572 xvi,
1503 1541 1595 1565 tomo
1616 1534 1673 1564 111:
1699 1534 1792 1565 Inter
1821 1541 1966 1566 caeteros
1979 1541 2087 1567 autem
2114 1537 2268 1568 virtutum
2283 1537 2408 1578 flores,

1326 1588 1406 1620 quos
1430 1580 1462 1609 in
1487 1579 1544 1610 illo
1571 1589 1657 1620 agro
1674 1579 1794 1620 pleno,
1826 1581 1879 1611 cui
1901 1580 2064 1612 benedixit
2085 1581 2258 1619 Dominus,
2283 1582 2407 1623 reperi,

1318 1623 1445 1664 fateor,
1471 1623 1531 1655 hoc
1553 1624 1632 1654 mihi
1651 1634 1714 1655 non
1735 1625 1940 1656 mediocriter
1956 1625 2095 1666 placuit,
2120 1626 2207 1667 quod
2221 1626 2264 1657 ibi
2281 1626 2412 1658 scholas

1322 1677 1514 1709 puerorum,
1530 1670 1586 1709 qui
1607 1678 1704 1710 saepe
1723 1670 1866 1710 rigorem
1886 1670 2068 1701 sanctitatis
2085 1676 2253 1709 enervant,
2275 1681 2340 1702 non
2359 1671 2409 1702 in-

1328 1714 1421 1743 veni:
1452 1713 1510 1744 sed
1533 1723 1663 1751 omnes,
1695 1718 1753 1744 aut
1775 1723 1887 1752 senes,
1919 1724 1992 1745 cum
2022 1714 2138 1756 quibus
2161 1716 2271 1756 utique
2294 1714 2411 1747 nobilis

1327 1758 1378 1788 vir
1395 1757 1524 1788 sedebat
1543 1759 1575 1788 in
1590 1759 1697 1798 portis
1715 1758 1881 1789 Ecclesiae
1887 1765 1900 1796 ;
1919 1764 1977 1790 aut
1996 1760 2130 1790 iuvenili
2148 1760 2276 1791 vivendi
2293 1759 2411 1792 decore

1327 1802 1500 1840 laetantes,
1525 1803 1581 1843 qui
1604 1803 1757 1833 nimirum
1783 1808 1818 1834 ut
1831 1803 1901 1844 filii
1924 1804 2177 1845 Prophetarum,
2203 1805 2311 1836 idonei
2331 1810 2410 1837 sunt

1326 1847 1371 1878 ad
1389 1847 1497 1878 Eliam
1507 1857 1571 1888 per
1588 1847 1716 1878 deserta
1731 1848 1952 1888 quaerendum
1960 1855 1974 1886 ,⁶
1991 1854 2051 1879 aut
2069 1854 2156 1880 certe
2173 1849 2411 1881 adolescentiae

1327 1891 1433 1922 adhuc
1447 1892 1539 1932 flore
1562 1897 1746 1930 vernantes,
1770 1893 1827 1933 qui
1850 1893 1943 1923 iuxta
1967 1894 2154 1934 Apostolum
2180 1894 2336 1925 Ioannem
2361 1895 2408 1926 νί-

1327 1945 1400 1967 cere
1423 1937 1616 1978 malignum.
1640 1936 1702 1968 Ubi
1727 1937 2000 1968 animadversione
2024 1938 2170 1978 dignum,
2195 1938 2319 1970 scholas
2338 1938 2408 1970 illo-

1328 1991 1400 2012 rum
1424 1991 1599 2022 puerorum
1620 1981 1728 2012 Casini
1753 1991 1819 2012 non
1843 1982 2000 2013 invenisse
2019 1982 2150 2014 Petrum
2169 1983 2330 2022 Damiani,
2353 1985 2410 2026 qui

1326 2035 1423 2067 saepe
1445 2027 1590 2067 rigorem
1613 2027 1795 2057 sanctitatis
1817 2032 1983 2058 enervant.
2004 2027 2066 2059 Sed
2085 2027 2148 2059 hoc
2167 2027 2262 2068 plane
2285 2027 2410 2060 malum

1327 2080 1364 2101 ex
1383 2070 1498 2101 oblatis
1517 2070 1624 2111 pueris
1638 2070 1819 2102 timendum
1834 2078 1910 2110 erat,
1925 2078 1981 2102 aut
1997 2079 2128 2113 propter
2146 2073 2291 2114 corporis
2305 2072 2409 2104 adhue

1327 2115 1432 2146 tenelli
1457 2115 1705 2146 imbecillitatem
1730 2115 1914 2156 disciplinae
1938 2116 2132 2148 monasticae
2154 2117 2292 2158 rigorem
2315 2117 2408 2149 susti-

1327 2169 1401 2190 nere
1425 2170 1491 2190 non
1514 2159 1713 2198 valentibus,
1743 2167 1799 2191 aut
1821 2170 1881 2201 pro
1905 2161 2014 2192 aetatis
2038 2161 2166 2202 ingenio
2191 2161 2408 2203 petulantibus

1326 2205 1517 2246 plerumque
1546 2211 1576 2235 et
1601 2205 1819 2236 tumultuosis
1849 2206 2005 2237 Numerat
2028 2206 2162 2244 deinde,
2193 2216 2276 2248 quos
2294 2205 2338 2238 ibi
2361 2206 2409 2238 in-

1326 2249 1428 2280 venit:
1444 2251 1509 2280 Aut
1526 2259 1619 2281 senes
1637 2249 1765 2287 scilicet,
1780 2256 1838 2282 aut
1853 2251 1987 2281 iuvenili
2005 2251 2133 2282 vivendi
2150 2251 2267 2282 decore
2284 2251 2409 2283 laetam

1326 2299 1390 2332 tes,
1415 2299 1474 2325 aut
1497 2300 1583 2325 certe
1606 2294 1713 2326 adhuc
1730 2295 1967 2326 adolescentiae
1980 2295 2073 2336 flore
2096 2301 2278 2327 vernantes.
2303 2295 2407 2328 video

1327 2339 1504 2370 monachos
1528 2339 1592 2369 iam
1615 2346 1730 2377 canos;
1755 2339 1884 2370 iuvenes
1908 2339 2022 2378 etiam,
2047 2340 2102 2370 sed
2125 2339 2305 2381 professos-»3
2329 2340 2405 2372 ado-

1325 2384 1478 2415 lescentes
1501 2384 1650 2422 tandem,
1675 2384 1730 2425 qui
1755 2384 1867 2415 novitii
1891 2384 2041 2416 dicuntur
2068 2385 2100 2415 in
2126 2385 2409 2417 constitutiom'bus

1327 2428 1580 2467 monachorum,
1610 2428 1692 2459 iusta
1721 2428 1752 2459 in
1777 2435 1877 2460 aetate
1901 2429 2083 2460 tirocinium
2104 2436 2275 2470 ponentes:
2300 2429 2408 2462 nullos

1325 2473 1419 2504 video
1443 2473 1576 2504 tenellos
1595 2480 1713 2514 pueros
1737 2480 1768 2504 et
1796 2473 1978 2514 impuberes
2001 2474 2143 2512 oblatos,
2168 2474 2223 2516 qui
2244 2473 2407 2506 cucullum

1325 2525 1482 2558 gestantes
1502 2517 1678 2549 monastica
1697 2518 1862 2559 disciplina
1882 2518 2130 2550 instituerentur.

1393 2562 1514 2601 Quidni
1546 2563 1678 2594 demum
1709 2563 1834 2594 scholas
1864 2573 2040 2604 puerorum
2071 2563 2255 2595 oblatorum
2285 2563 2408 2595 clausas

1326 2607 1422 2638 fuisse
1442 2607 1550 2638 Casini
1570 2617 1607 2638 ea
1629 2614 1746 2646 aetate,
1771 2615 1874 2639 narret
1893 2608 2004 2639 Petrus
2023 2608 2188 2646 Damiani,
2212 2618 2292 2650 quas
2311 2607 2407 2640 etiam

1325 2662 1392 2683 non
1416 2651 1545 2690 ferebat,
1569 2652 1760 2694 sustulitque
1784 2652 1921 2683 aliorum
1947 2653 2179 2684 coenobiorum
2205 2650 2302 2684 usus?
2325 2652 2407 2685 Rem

1325 2697 1483 2728 disserunt
1506 2696 1686 2728 certissimis
1717 2697 1919 2728 documentis
1945 2697 2150 2728 Mabillonius
2179 2703 2210 2728 et
2232 2697 2407 2729 Martenius

1325 2741 1403 2772 locis
1423 2741 1534 2772 citatis.
1557 2740 1702 2772 Martenii
1722 2741 1816 2772 verba
1836 2741 1948 2772 referre
1967 2741 2078 2772 liceat:
2106 2754 2120 2769 «
2139 2741 2170 2772 S.
2188 2741 2355 2773 Udalricus
2373 2741 2406 2773 in

1329 2799 1342 2814 ι
1366 2785 1561 2827 praefatione
1571 2786 1611 2816 ad
1625 2786 1871 2817 consuetudines
1880 2785 2118 2824 cluniacenses,
2127 2796 2227 2827 quam
2236 2785 2406 2819 Willelmo

1328 2844 1342 2858 ι»
1366 2830 1583 2871 Hirsaugiensi
1598 2830 1713 2861 Abbati
1733 2837 1909 2871 nuncupat,
1924 2831 2075 2862 eumdem
2094 2830 2214 2869 laudat,
2228 2830 2319 2872 quod
2337 2830 2406 2872 lege

1316 2869 1342 2903 ⁵»
1365 2875 1428 2906 lata
1447 2874 1655 2916 providisset,
1679 2885 1719 2906 ne
1741 2875 1831 2916 pueri
1850 2875 2092 2906 admitterentur
2110 2882 2242 2916 propter
2268 2875 2406 2908 abusum

1329 2933 1343 2948 ι
1366 2919 1612 2957 nonnullorum,
1631 2919 1687 2961 qui
1703 2929 1769 2951 non
1784 2926 1850 2951 tam
1874 2919 2053 2951 devotionis
2074 2929 2173 2961 quam
2193 2919 2406 2952 sublevandae

1329 2978 1343 2992 »
1367 2964 1503 2995 familiae
1513 2964 1623 3005 gratia,
1634 2964 1694 2995 hos
1709 2964 1741 2994 in
1756 2964 1948 2995 monasteria
1962 2964 2182 2995 intrudebant:
2202 2964 2244 2996 Ut
2257 2974 2340 3006 opus
2351 2965 2404 3005 sit,

1329 3022 1344 3037 ιι
1366 3009 1482 3050 inquit,
1491 3008 1657 3050 praefatis
1669 3009 1894 3040 saecularibus
1906 3009 2008 3044 alium
2022 3009 2083 3040 sibi
2097 3009 2210 3040 nidum
2217 3009 2404 3050 providere,

1330 3067 1344 3082 »
1367 3054 1422 3084 ubi
1435 3058 1595 3095 reponant
1602 3054 1714 3095 pullos
1726 3063 1804 3085 suos
1817 3053 1989 3091 abortivos,
2002 3054 2090 3085 velut
2103 3054 2346 3086 exhaeredatos.
2356 3053 2407 3087 De

1330 3112 1344 3126 ι
1366 3108 1430 3140 qua
1446 3108 1478 3129 re
1492 3098 1579 3129 addit
1597 3098 1708 3139 paullo
1731 3105 1820 3140 post:
1845 3098 1971 3129 Sentiat
1993 3099 2127 3139 quisque
2145 3098 2232 3140 quod
2250 3098 2407 3134 voluerit:

1330 3156 1344 3171 :v
1367 3153 1429 3184 ego
1443 3148 1552 3174 certus
1563 3153 1648 3180 sum,
1669 3143 1759 3174 illam
1780 3147 1811 3174 te
1829 3142 1970 3174 radicem
1979 3142 2140 3184 funditus
2154 3144 2346 3184 extimas-se,
2361 3151 2407 3174 ex

1330 3201 1344 3216 ›
1366 3197 1431 3229 qua
1440 3188 1511 3219 sola
1520 3188 1698 3229 praecipue
1711 3188 1820 3218 omnia
1835 3188 2032 3218 monasteria
2046 3193 2123 3219 sunt
2133 3187 2308 3226 destructa,
2318 3196 2404 3232 quae

1330 3245 1344 3260 2
1367 3232 1531 3263 destructa
1549 3237 1626 3263 sunt
1649 3232 1701 3263 uel
1721 3233 1754 3262 in
1781 3232 1954 3263 Teutonica
1979 3232 2031 3263 vel
2053 3233 2085 3263 in
2107 3232 2256 3264 Romana
2275 3232 2323 3263 litt
2371 3242 2404 3264 a.

1330 3290 1344 3305 »
1369 3277 1456 3308 ldem
1466 3286 1599 3318 quoque
1609 3276 2167 3317 animadverteratGuigo‚Cartusiae
2178 3276 2309 3308 maioris
2340 3276 2406 3308 rior

1330 3334 1344 3349 »
1367 3321 1510 3362 quintus,
1518 3321 1563 3352 uti
1575 3321 1642 3362 ipse
1652 3327 1784 3353 testatur
1793 3321 1824 3351 in
1836 3321 2087 3362 Statutis,capite
2095 3328 2193 3352 xxvn:
2205 3321 2405 3353 hieros-rive

1331 3379 1344 3394 »
1367 3365 1623 3397 adolescentulos
1651 3375 1714 3397 non
1744 3366 1928 3407 recipimus,
1944 3367 2020 3407 quia
2039 3375 2104 3407 per
2126 3375 2181 3397 eos
2199 3365 2405 3397 monasteriis

1331 3423 1344 3438 »
1367 3411 1470 3441 multa
1493 3411 1668 3452 contigisse
1689 3410 1846 3448 dolemus,
1861 3415 1892 3441 et
1906 3420 2029 3452 magna
2052 3410 2238 3451 spiritualia
2251 3409 2351 3441 simul
2372 3414 2404 3441 et

1331 3467 1344 3482 ι
1367 3455 1551 3496 corporalia
1569 3455 1720 3496 pericula
1734 3454 1967 3497 formidantes.
1993 3454 2086 3486 Unde
2099 3455 2195 3486 etiam
2213 3453 2324 3485 Penus
2339 3453 2403 3485 Dn-

1330 3511 1344 3526 n
1367 3499 1464 3530 miani
1479 3499 1519 3530 ad
1530 3498 1719 3531 Casinenses
1728 3500 1882 3531 scribens:
1902 3499 1995 3531 Inter
2008 3505 2163 3538 caeteros,
2174 3498 2290 3540 inquit,
2300 3498 2403 3530 virtu-

1330 3555 1344 3570 »
1367 3549 1434 3574 tum
1450 3543 1574 3584 flores,
1599 3549 1684 3576 etc.»

1395 3588 1486 3625 Quae
1509 3588 1619 3619 omnia
1638 3588 1719 3620 Petri
1740 3588 1887 3620 Damiani
1906 3597 2049 3626 aeneum,
2063 3597 2162 3630 quern
2183 3586 2403 3628 exposuimun,

1327 3631 1458 3663 mirifice
1481 3631 1680 3665 confirmant.
1706 3633 1790 3664 Hinc
1814 3643 1887 3664 mos
1910 3633 1962 3664 ille
1983 3631 2208 3664 Casinensium
2227 3630 2402 3662 monacho-
