2548 4192
165 291 296 318 CXXXIV

169 366 199 390 et
222 358 333 389 Graeci
357 357 521 397 scriptores
545 356 675 391 docent,
699 353 760 393 legi
789 353 883 383 etiam
906 360 1017 391 posse,
1043 346 1235 387 πάσσαλος,

166 403 328 440 Passalos,
353 409 384 432 et
408 399 742 443 πασσαλορυγχίται,
768 394 1083 435 Passalorynchitae.
1105 393 1238 423 Sanctus

168 447 367 487 Augustinus
391 445 509 476 haeresi
533 454 606 474 Lxm
630 445 673 473 sic
693 442 749 472 ait:
773 438 1105 478 «Passalmynchitae
1123 437 1238 487 inntan-

170 505 185 519 »
208 499 278 522 tum
302 490 426 520 silentio
450 489 596 526 student,
620 494 656 517 ut
688 485 815 516 naribus
839 490 869 513 et
891 482 980 512 labiis
1009 481 1073 512 suis
1102 481 1238 520 dignum

169 549 184 564 s
208 541 384 576 opponant,
409 543 448 563 ne
467 533 517 562 vel
540 532 642 571 ipsam
667 528 910 560 taciturnitatem
932 536 1011 556 voce
1034 524 1236 566 praeripiant,

170 593 184 608 »
207 579 336 620 quando
361 577 530 608 tacendum
554 575 611 605 sibi
639 584 704 604 esse
736 573 940 608 arbitrantur;
960 570 1045 600 unde
1063 570 1158 600 etiam
1177 569 1237 599 illis

170 637 185 651 »
209 630 255 654 est
272 632 389 653 nomen
409 621 560 651 inditum:
584 616 762 653 ποίσσαλος
778 616 863 646 enim
877 624 986 654 graece
1003 614 1117 644 dicitur
1125 614 1236 654 palus,

172 681 186 695 »
209 673 239 698 et
253 664 375 710 ῥύγχος
387 674 495 695 nasus.
508 663 575 694 Cur
590 670 696 692 autem
711 671 767 701 per
781 660 896 690 Palum
912 658 1047 698 digitum
1064 657 1238 697 significare

171 725 187 739 »
209 712 392 747 maluerint,
424 719 442 738 a
470 707 585 748 quibus
608 707 670 736 hoc
700 714 819 735 nomen
844 702 1062 742 compositum
1096 708 1158 739 est,
1183 711 1238 731 ne-

171 768 186 783 »
209 755 291 785 scio:
317 763 390 784 cum
418 761 525 792 graece
549 757 580 782 et
598 750 719 780 dicatur
737 749 852 789 digitus
871 740 1041 783 δάκτυλος
1066 753 1096 776 et
1115 745 1239 785 possint

172 812 186 827 »
209 799 318 839 utique
341 796 654 836 Dactrlorynchitae
682 794 785 824 multo
810 792 984 822 evidentius
1010 789 1200 830 nuncupari.
1219 802 1234 817 ι»

237 842 356 872 Ibidem
373 840 513 870 decimus
538 849 623 869 error
646 838 678 868 in
698 837 856 878 aliquibus
880 835 1071 866 editionibus
1099 841 1146 864 est
1163 834 1238 864 Ari-

169 888 408 921 scianistarum,
433 884 467 914 in
486 883 553 914 aliis
577 884 871 914 Priscianistarum.
890 881 1069 921 Utrumque
1094 879 1239 919 sphalma

170 931 299 970 corrige,
320 929 409 970 quod
431 928 554 968 irrepsit
576 937 635 968 pro
658 937 734 957 vero
754 925 884 957 nomine
903 925 1240 956 Priscillianistarum:

169 986 251 1016 quos
275 976 307 1004 in
330 974 505 1013 Hispania,
530 972 634 1012 inquit
656 971 855 1011 Augustinus
884 969 1003 1000 haeresi
1022 979 1092 1006 Lxx,
1108 967 1239 998 Priscil-

169 1021 264 1050 lanus
288 1019 434 1049 instituit.
452 1017 519 1048 Cur
543 1016 639 1047 etiam
662 1015 884 1046 Mathematici
908 1014 981 1045 dicti
1006 1013 1123 1044 fuerint
1146 1012 1240 1042 docet

168 1064 286 1094 ibidem
309 1061 527 1101 Augustinus:
551 1061 734 1091 Adstruunt
757 1061 870 1097 etiam,
895 1058 1060 1100 inquiens,
1073 1057 1240 1098 fatalibus

167 1108 269 1139 stellis
291 1107 434 1137 homines
449 1106 628 1146 colligatos,
645 1106 810 1145 ipsumque
829 1114 945 1144 corpus
964 1108 1108 1134 nostrum
1127 1111 1240 1132 secun—

169 1153 244 1183 dum
268 1151 433 1182 duodecim
457 1151 554 1190 signa
578 1150 660 1180 caeli
678 1158 746 1179 esse
769 1149 974 1189 compositum
982 1156 994 1185 ;
1016 1148 1099 1178 sicut
1122 1147 1165 1183 hi,
1185 1147 1241 1186 qui

168 1196 391 1227 Mathematici
423 1195 521 1235 vulgo
555 1194 781 1234 appellantur,
812 1194 1038 1224 constituentes
1071 1193 1103 1221 in
1137 1192 1241 1231 capite

170 1242 323 1277 Arietem,
354 1240 496 1270 Taurum
522 1239 553 1268 in
578 1239 701 1268 cervice
720 1244 776 1268 etc.

237 1285 362 1314 Eodem
385 1284 458 1313 loco
483 1282 691 1313 duodecimus
715 1288 900 1312 numeratur
923 1291 1019 1319 error,
1043 1290 1110 1321 quo
1134 1279 1239 1319 impli-

172 1329 231 1360 cati
262 1328 439 1358 referuntur
475 1327 794 1361 Texerarecochitae,
820 1326 900 1356 idest
933 1324 1239 1363 Quartodecumani.

171 1373 273 1413 Opica
296 1379 370 1403 sunt
394 1372 502 1402 omnia
526 1378 556 1401 et
574 1371 718 1401 barbara:
739 1381 813 1401 cum
832 1370 981 1410 appellari
1001 1370 1135 1400 debeant
1169 1369 1241 1398 Tes-

170 1417 488 1453 sarescaedecatitae,
506 1407 918 1458 τεσσαρεσκαιδεκατιται
934 1415 1014 1445 idest
1030 1413 1241 1451 Quartodeci—

171 1463 270 1492 mani.
298 1461 379 1492 Vide
411 1460 627 1500 Epiphanium
663 1460 782 1490 haeresi
812 1470 830 1489 L
862 1466 892 1490 et
915 1458 1133 1498 Augustinum
1167 1458 1241 1487 hae-

171 1506 231 1536 resi
254 1515 335 1536 xx1x.
357 1505 509 1535 Dicebant
532 1504 575 1534 illi
598 1504 839 1544 quartadecima
864 1504 942 1534 luna
962 1503 1086 1533 Pascha
1105 1512 1174 1533 esse
1192 1511 1241 1532 ce-

172 1550 372 1586 lebrandum,
397 1559 595 1589 quocumque
617 1549 669 1579 die
691 1549 888 1588 septimanae
911 1552 1105 1579 occurreret.

239 1595 328 1624 Parte
353 1594 378 1623 II
395 1594 435 1624 de
450 1593 668 1623 Sacramentis
690 1593 855 1623 Ecclesiae
878 1592 958 1623 inter
982 1601 1112 1630 erroreS,
1133 1591 1241 1622 catho-

171 1639 250 1669 licae
274 1639 312 1668 de
335 1638 498 1678 Baptismo
531 1637 691 1667 doctrinae
725 1636 891 1675 dissonos,
912 1636 1034 1677 primus
1058 1642 1244 1666 numeratur

173 1683 445 1719 Solentianorum‚
461 1682 516 1722 qui
530 1682 718 1721 baptismum
743 1682 775 1711 in
800 1691 885 1722 aqua
910 1691 973 1711 non
998 1682 1167 1721 recipiunt,
1187 1679 1245 1711 sed

173 1728 276 1758 solum
310 1727 498 1766 baptismum
531 1726 742 1766 spiritualem.
771 1726 936 1756 Absonam
964 1735 1078 1755 vocem
1109 1724 1243 1764 spongia

174 1772 253 1802 dele.
271 1771 403 1801 Dicendi
427 1777 500 1800 sunt
523 1770 669 1800 haeretici
692 1770 738 1800 illi
757 1770 950 1806 Seleuciam,
975 1779 1032 1800 seu
1056 1769 1242 1806 Hermiani,

176 1823 211 1846 ut
234 1815 276 1854 ait
299 1814 498 1855 Augustinus
522 1814 641 1844 haeresi
665 1824 715 1844 mx
738 1814 779 1844 ab
810 1814 995 1845 auctoribus
1025 1813 1169 1851 Seleuco,
1195 1814 1245 1844 vel

173 1860 331 1897 Hermia,
356 1860 411 1899 qui
435 1859 661 1889 elementorum
691 1860 878 1896 materiam,
904 1859 944 1889 de
971 1868 1034 1899 qua
1054 1857 1172 1898 factus
1199 1863 1246 1889 est

175 1904 324 1941 mundus,
337 1913 400 1933 non
416 1914 436 1934 a
450 1904 520 1933 Deo
526 1903 656 1943 factam
671 1903 793 1940 dicunt,
809 1903 866 1933 sed
874 1904 945 1933 Deo
959 1908 1162 1933 coaeternam
1175 1925 1182 1932 .
1195 1925 1203 1933 .
1216 1925 1223 1933 .
1236 1925 1244 1933 .

174 1949 374 1988 Baptismum
396 1949 427 1977 in
447 1958 533 1988 aqua
553 1957 616 1977 non
636 1948 808 1987 accipiunt.

241 1993 401 2022 Adversus
421 1991 682 2031 augustissimum
705 1991 918 2022 Eucharistiae
938 1992 1178 2022 Sacramentum
1197 2001 1245 2022 se-

175 2037 299 2068 cundus
322 2043 499 2067 recensetur
527 2046 613 2066 error
639 2037 927 2073 Arrodinicarum,
952 2037 1008 2077 qui
1039 2035 1182 2076 offerunt
1212 2037 1245 2066 in

175 2081 386 2112 Sacramento
409 2081 469 2111 hoc
480 2090 600 2120 panem
621 2086 651 2111 et
669 2090 808 2111 caseum.
828 2081 948 2111 Verum
967 2090 1087 2111 nomen
1111 2081 1245 2121 Artotr-

175 2127 314 2156 ritarum
331 2126 447 2155 docent
460 2124 658 2164 Epiphanius
673 2125 792 2155 haeresi
806 2132 928 2162 xL1x,et
943 2125 1142 2165 Augustinus
1172 2125 1246 2155 hae-

173 2170 232 2200 resi
256 2179 360 2199 xxvm.
380 2169 424 2199 Ita
442 2179 516 2199 vero
534 2175 669 2199 errantes
693 2169 840 2199 homines
863 2176 993 2200 vocatos
1017 2170 1147 2200 adnotat
1170 2169 1246 2209 Epi—

173 2214 309 2254 phanius
332 2223 422 2244 num.
444 2223 460 2243 2
483 2213 568 2253 quod
582 2214 625 2243 ad
639 2213 831 2244 celebranda
855 2215 1011 2254 mysteria
1030 2223 1090 2245 sua
1111 2211 1244 2256 (ἄρτον,

173 2256 278 2300 arton)
297 2268 429 2298 panem,
455 2256 527 2299 (καὶ
544 2255 659 2300 τῦρόν,
681 2256 790 2300 tyron)
810 2263 841 2288 et
865 2268 993 2289 caseum
1016 2258 1176 2289 adhibent.

242 2302 362 2332 Ibidem
385 2302 528 2343 sequitur
546 2302 654 2333 tertius
678 2312 764 2332 error
785 2302 1034 2343 Cataphrygum
1055 2308 1085 2333 et
1103 2303 1246 2343 Praepu-

174 2349 338 2383 natorum,
359 2347 414 2387 qui
432 2347 472 2377 de
490 2347 652 2387 sanguine
670 2346 817 2387 infantis,
833 2356 926 2387 quem
945 2347 986 2377 de
1004 2352 1069 2378 toto
1087 2348 1158 2378 eius
1176 2357 1246 2378 cor-

168 2401 252 2432 pore
267 2392 399 2421 minutis
408 2392 620 2431 punctionum
641 2391 826 2422 vulneribus
845 2397 1046 2432 extorquent,
1062 2393 1156 2432 quasi
1179 2392 1245 2422 Eu—

177 2436 362 2467 charistiam
386 2445 478 2465 suam
503 2435 659 2476 conficere
681 2436 909 2475 perhibentur,
935 2437 1147 2467 immiscentes
1174 2445 1244 2466 eam

165 2480 316 2521 farinae,
323 2489 505 2519 panemque
526 2480 599 2510 inde
607 2479 782 2520 facientes.
801 2479 920 2510 Infame
937 2487 967 2511 et
983 2480 1108 2511 crudele
1124 2480 1245 2511 facinus

173 2524 258 2555 istud
273 2523 380 2554 tribuit
395 2524 594 2563 Augustinus
610 2524 693 2554 haer.
704 2534 774 2554 xxvr
791 2524 963 2562 haereticis,
974 2535 1057 2565 quos
1073 2532 1165 2556 vocat
1184 2525 1245 2556 Ca-

176 2569 365 2609 taphryges,
388 2574 418 2598 et
436 2568 519 2598 haer.
540 2578 622 2598 xxvn
638 2568 810 2606 haereticis,
828 2578 910 2608 quos
927 2576 1019 2599 vocat
1034 2570 1243 2610 Pepuzianos.

174 2613 259 2644 Hinc
282 2622 357 2642 vero
377 2619 525 2652 corrupta
545 2623 607 2643 vox
630 2613 911 2652 Praeputiatorum
936 2613 1087 2652 profecta.
1112 2614 1162 2644 Ab
1186 2624 1245 2654 op-

175 2657 252 2698 pido
266 2657 392 2698 Pepuza
408 2657 439 2687 in
456 2657 617 2698 Phrygia,
635 2667 732 2697 quem
750 2657 859 2687 locum
874 2657 1043 2697 praecipue
1057 2659 1246 2688 veneraban-

175 2709 238 2739 tur,
249 2701 350 2732 dictos
373 2701 572 2742 Pepuzianos
595 2701 793 2741 Epiphanius
824 2701 975 2732 admonet
998 2702 1117 2732 haeresi
1140 2712 1246 2740 xnvm,

177 2756 267 2776 num.
289 2754 336 2784 14.
361 2745 522 2776 Praedicta
545 2745 644 2786 impia
678 2755 781 2783 sacra,
814 2755 896 2786 quae
930 2746 1130 2786 peragebant,
1156 2746 1248 2776 refert

178 2791 274 2821 etiam
297 2790 512 2820 Damascenus
537 2790 585 2827 de¹
598 2789 789 2820 Haeresibus
809 2799 898 2820 num.
915 2799 970 2829 49.

246 2834 334 2864 Idem
357 2834 486 2864 recurrit
509 2834 663 2864 mendum
686 2834 805 2864 ibidem
828 2833 861 2864 in
885 2833 1082 2874 expositione
1105 2834 1182 2864 sexti
1201 2843 1249 2864 er-

180 2879 259 2910 roris
282 2879 575 2919 Praeputiatorum,
600 2880 656 2919 qui
679 2883 803 2909 tantum
823 2878 903 2909 dant
921 2878 1109 2909 mulieribus
1126 2879 1249 2919 princi-

173 2929 300 2964 patum,
323 2929 357 2953 ut
372 2923 558 2954 Sacerdotio
574 2933 699 2964 quoque
713 2923 801 2963 apud
819 2932 873 2954 eos
888 2923 1096 2953 honorentur.
1117 2922 1250 2962 Corrige

180 2975 210 2998 et
233 2968 315 3007 lege:
339 2968 606 3008 Pepuzianorum.
627 2968 723 2998 Hunc
747 2967 808 2997 illis
824 2977 962 2998 errorem
981 2967 1124 2998 tribuunt
1139 2969 1249 3006 Augu-

180 3012 280 3042 stinus
303 3012 376 3042 Ioco
401 3011 507 3050 citato,
531 3011 731 3052 Epiphanius
754 3011 873 3042 haeresi
889 3021 971 3049 xux,
988 3021 1078 3042 num.
1098 3021 1115 3042 2
1141 3018 1171 3042 et
1186 3012 1249 3042 Da-

180 3066 345 3086 mascenus
368 3056 441 3086 loco
465 3056 529 3086 iam
552 3056 701 3087 indicato.

247 3100 393 3140 Denique
416 3106 529 3131 contra
553 3101 612 3131 hoc
630 3101 875 3131 Sacramentum
895 3105 1060 3131 extremae
1079 3101 1248 3137 unctionis,

180 3142 289 3186 (verba
305 3152 378 3174 sunt
394 3144 456 3174 divi
473 3145 619 3175 Thomae
634 3145 720 3175 iuxta
735 3145 877 3184 vulgatas
894 3143 1074 3187 editiones),
1094 3150 1141 3175 est
1156 3154 1251 3175 error

180 3189 453 3226 Eraconitarum,
487 3190 542 3229 qui
556 3189 720 3240 [eruntur
746 3199 823 3220 suos
851 3190 1023 3219 morientes
1051 3199 1133 3219 novo
1157 3189 1250 3220 modo

180 3234 274 3274 quasi
289 3233 447 3263 redimere
465 3243 527 3273 per
550 3234 654 3264 oleum
679 3239 709 3264 et
724 3234 902 3264 balsamum
927 3238 957 3264 et
972 3243 1090 3274 aquam
1115 3238 1146 3264 et
1161 3234 1250 3264 invo-

180 3277 368 3314 cationibus,
384 3287 465 3318 quas
479 3278 635 3308 hebraicis
650 3278 753 3308 verbis
766 3278 878 3308 dicunt
895 3287 993 3318 super
1007 3279 1112 3318 capita
1127 3287 1249 3309 eorum.

181 3322 268 3352 Haec
291 3328 382 3352 antea
405 3321 570 3362 scripserat
585 3322 784 3362 Augustinus
799 3322 918 3352 haeresi
934 3332 996 3360 xvi,
1018 3322 1071 3352 ubi
1091 3332 1166 3353 vero
1191 3332 1250 3352 no-

180 3366 266 3396 mine
289 3366 541 3397 Heracleonitae
564 3367 762 3407 appellantur
780 3367 820 3397 ab
841 3367 1055 3397 Heracleone.
1081 3367 1173 3398 Hanc
1191 3363 1250 3398 λύ-

182 3420 321 3453 τρωσιν,
354 3410 418 3441 sive
451 3411 698 3451 redemptionem
731 3412 770 3442 ab
794 3411 998 3442 Heracleone
1021 3411 1250 3451 excogitatam,

182 3455 312 3495 eiusque
336 3455 472 3485 sectariis
496 3465 550 3486 seu
566 3455 807 3486 Heracleonitis
823 3465 1041 3493 communem,
1065 3456 1159 3486 refert
1173 3455 1251 3496 Epi-

182 3499 316 3538 phanius
328 3499 446 3529 haeresi
461 3510 562 3537 xxxvr,
579 3510 668 3531 num.
682 3510 712 3538 2,
723 3507 754 3531 et
764 3501 980 3531 Damascenus
995 3510 1084 3530 num.
1101 3501 1151 3531 36.
1167 3501 1250 3531 Tam

184 3543 293 3581 putida
316 3544 431 3573 menda
455 3544 564 3578 dixerit
592 3554 687 3575 nemo
712 3555 728 3575 e
753 3545 874 3575 calamo
903 3545 1051 3575 Thomae
1082 3544 1250 3576 excidisse:

182 3585 299 3659 {Evexit
323 3597 358 3617 ea
388 3594 442 3618 aut
464 3588 664 3619 librariorum
693 3589 858 3620 oscitantia
890 3595 944 3619 aut
970 3588 1127 3629 imperitia
1158 3596 1251 3630 typo-

219 3637 349 3661 etatum.

891 266 1352 309 DISSERTATIONES
1382 266 1630 303 CRITICAE

1666 346 1878 384 CAPUT
1916 347 1997 383 ΙΙΙ.

1295 443 1387 469 Eidem
1406 444 1532 475 Angelico
1557 443 1661 468 Doctori
1684 443 1847 468 vindicantur
1871 444 2047 476 expositiones
2071 445 2172 478 primae
2195 449 2221 470 et
2245 445 2375 470 secundae

1367 479 1517 504 Decretalis.
1541 479 1605 503 Item
1625 478 1838 504 Commentarius
1861 479 1888 504 in
1912 479 2007 504 librum
2033 481 2065 505 de
2090 481 2190 506 Divinis
2209 481 2374 506 Nominibus.

1367 514 1407 540 De
1425 514 1503 539 latina
1522 514 1607 547 agitur
1624 514 1745 539 versione
1765 514 1797 539 ab
1816 514 1947 548 Aquinate
1966 515 2086 542 adhibita.

1296 613 1318 643 Ι.
1424 613 1444 642 d
1468 612 1529 642 alia
1551 612 1585 642 id
1608 622 1709 652 genus
1733 612 1842 653 Opera
1865 623 1982 653 pergo,
2003 624 2085 654 quae
2109 624 2128 644 a
2151 615 2226 645 divo
2246 615 2376 646 Thoma

1424 656 1608 687 elucubrata
1636 656 1734 687 fuere.
1759 657 1984 697 Superioribus
2007 658 2181 698 Opusculis
2210 660 2252 690 ob
2281 670 2374 701 argu-

1295 700 1395 731 menti
1421 700 1657 740 proximitatem
1683 701 1902 732 subnectimus
1927 701 2094 742 Opuscula
2119 703 2205 742 duo,
2230 714 2312 745 quae
2340 704 2374 734 in

1296 744 1435 775 editione
1450 745 1598 774 Romana
1614 744 1688 775 anni
1704 755 1714 775 1
1724 746 1786 786 570
1803 753 2011 777 numerantur
2030 747 2220 778 vicesimum
2245 748 2375 779 tertium

1296 787 1327 819 et
1341 788 1531 819 vicesimum
1547 795 1708 828 quartum.
1733 789 1793 819 His
1810 789 2054 821 Commentario
2074 801 2134 822 suo
2153 791 2289 823 illustrat
2302 803 2374 823 san-

1297 839 1365 863 ctus
1389 833 1512 863 Doctor
1535 832 1672 872 primam
1693 839 1724 863 et
1740 834 1914 864 secundam
1928 834 2138 874 Decretalem‚
2162 846 2218 867 seu
2242 837 2376 868 Decreta

1297 877 1362 907 duo
1387 877 1427 907 ad
1450 876 1548 906 fidem
1563 876 1752 907 catholicam
1766 877 1941 916 attinentia,
1965 888 2047 919 quae
2070 880 2110 909 ab
2130 880 2318 911 Innocentio
2333 881 2374 912 111

1297 922 1433 952 Summo
1457 919 1631 959 Pontifice,
1661 931 1749 951 sacro
1774 922 1972 961 approbante
1999 922 2148 954 Concilio
2172 925 2376 956 Lateranensi

1297 972 1423 1007 quarto,
1447 965 1537 1006 quod
1557 975 1643 995 anno
1666 967 1746 996 1215
1765 966 1958 997 celebratum
1975 973 2032 1005 est,
2056 967 2162 1007 primo
2187 975 2218 999 et
2233 969 2375 1000 secundo

1296 1011 1370 1041 Ioco
1386 1010 1449 1040 lata
1466 1009 1604 1040 fuerunt.
1629 1010 1680 1040 Ab
1704 1010 1753 1040 his
1777 1010 1873 1041 etiam
1897 1011 2028 1042 decretis
2046 1011 2175 1042 initium
2196 1013 2295 1044 sumit
2310 1013 2376 1044 col—

1296 1054 1391 1085 lectio
1405 1055 1628 1085 Decretalium
1644 1061 1699 1085 aut
1716 1054 1937 1094 Sanctionum,
1953 1066 2052 1096 quam
2067 1055 2156 1087 iussu
2176 1057 2322 1097 Gregorii
2333 1058 2376 1089 IX

1297 1109 1460 1139 aggressus
1485 1105 1531 1129 est
1554 1098 1748 1140 perfecitque
1767 1110 1791 1130 s.
1810 1100 2022 1141 Raymundus
2045 1101 2084 1131 de
2100 1101 2274 1133 Pennafort
2295 1102 2377 1133 inter

1297 1153 1419 1174 annum
1448 1144 1530 1174 1230
1559 1150 1590 1174 et
1618 1144 1712 1183 1234.
1745 1143 1888 1175 Consule
1911 1144 2142 1185 praefationem
2169 1145 2203 1177 in
2232 1146 2376 1177 eiusdem

1297 1199 1321 1219 s.
1339 1187 1523 1229 Raymundi
1540 1187 1720 1226 Summam,
1737 1189 1884 1219 Veronae
1899 1199 1985 1220 anno
2006 1186 2090 1231 1'734
2108 1190 2192 1231 typis
2207 1190 2336 1223 editam.

1366 1233 1547 1273 Utrumque
1563 1232 1877 1264 Commentariolum
1897 1233 2096 1265 sanctissimo
2112 1235 2265 1276 Aquinati
2284 1235 2375 1266 adiu-

1299 1276 1404 1308 dicant
1427 1276 1594 1308 communi
1625 1277 1748 1308 calculo
1772 1285 1902 1309 veteres.
1931 1279 2138 1310 Ptolomaeus
2162 1280 2315 1311 Lucensis
2337 1280 2376 1310 li·-

1297 1322 1355 1352 bro
1379 1322 1481 1352 XXIII
1506 1321 1624 1352 Histor.
1649 1321 1770 1360 eccles.,
1795 1323 1896 1363 capite
1918 1333 1971 1353 xm
1993 1323 2055 1354 ait:
2084 1324 2165 1355 Item
2204 1325 2376 1356 Tractatus

1298 1366 1338 1397 de
1354 1367 1553 1406 expositione
1571 1367 1702 1407 primae
1716 1367 1909 1405 Decretalis‚
1927 1368 1983 1408 qui
2000 1369 2048 1399 sic
2070 1369 2200 1409 incipit:
2222 1369 2377 1400 Salvator

1298 1416 1418 1448 noster,
1430 1410 1474 1441 ad
1486 1411 1759 1442 Archidiaconum
1775 1412 2010 1443 Tridentinum.
2025 1412 2158 1453 Corrige
2173 1413 2256 1444 edita
2270 1423 2375 1444 exem·

1298 1455 1351 1495 pla
1361 1476 1375 1493 ,v
1399 1454 1433 1485 in
1456 1454 1574 1496 quibus
1601 1462 1680 1496 typo
1706 1463 1827 1487 errante
1855 1456 2005 1487 habetur:
2037 1457 2082 1488 ad
2103 1458 2375 1493 Archidiaconum

1301 1499 1521 1530 Cudestinum.
1545 1499 1636 1530 Paria
1659 1506 1734 1531 sunt
1756 1510 1839 1541 quae
1862 1501 1997 1531 Ioannes
2021 1501 2060 1532 de
2079 1501 2243 1533 Columna
2265 1502 2376 1534 refert:

1298 1544 1552 1584 Expositionem,
1569 1543 1735 1585 inquiens,
1758 1554 1858 1585 super
1869 1546 2014 1586 primum
2034 1544 2114 1588 (leg.
2128 1545 2292 1590 primam)
2311 1548 2377 1578 De-

1299 1589 1479 1620 cretalium.
1503 1588 1644 1619 Primam
1667 1595 1699 1620 et
1721 1590 1895 1620 secundam
1918 1590 2115 1621 Decretalem
2134 1590 2157 1621 av
2171 1591 2302 1622 Thoma
2324 1601 2378 1622 ex-

1299 1633 1461 1674 planatam
1475 1632 1589 1664 diserte
1613 1640 1793 1664 memorant
1808 1634 1864 1675 qui
1880 1642 2059 1675 sequuntur
2073 1635 2252 1676 scriptores.
2269 1636 2378 1676 Logo-

1300 1678 1385 1708 theta
1401 1678 1487 1718 apud
1502 1677 1691 1708 Baluzium:
1711 1678 1880 1719 Expositio
1896 1680 1984 1710 circa
1997 1680 2140 1720 primam
2159 1680 2376 1719 Decretalem,

1300 1722 1340 1752 de
1354 1722 1434 1752 Fide
1456 1722 1613 1753 catholica
1637 1728 1669 1753 et
1690 1732 1817 1754 summa
1841 1724 2019 1762 minitare,-
2041 1729 2073 1755 et
2093 1724 2286 1762 secundam,
2309 1725 2378 1756 Da-

1301 1776 1461 1803 mnamus,
1479 1766 1523 1797 ad
1536 1767 1809 1798 Archidiaconum
1831 1768 2108 1806 Tudertinensem,
2133 1767 2222 1812 (lege
2241 1769 2378 1800 Triden-

1301 1809 1487 1854 tinensem).
1512 1810 1633 1841 Triveti
1656 1812 1751 1842 verba
1771 1818 1846 1843 sunt
1863 1812 1896 1842 in
1916 1812 2080 1844 Chronico
2096 1813 2137 1843 ad
2153 1823 2276 1845 annum
2295 1822 2380 1856 1274

1301 1855 1462 1896 Exposuit
1484 1860 1516 1886 et
1531 1856 1674 1896 primam
1694 1856 1898 1887 Decretalem
1921 1857 1962 1888 de
1983 1857 2065 1888 Fide
2083 1858 2259 1895 catholica,
2284 1863 2316 1889 et
2329 1867 2379 1890 seo

1302 1900 1453 1937 cundam,
1477 1900 1693 1937 Damnamus,
1718 1900 1762 1931 ad
1785 1902 1972 1932 instantiam
1991 1902 2221 1933 Archidiaconi
2244 1902 2380 1934 Triden-

1302 1945 1371 1975 tini.
1394 1944 1573 1975 Bernardus
1589 1944 1749 1975 Guidonis
1765 1945 1853 1986 apud
1868 1945 2055 1977 Oudinum:
2082 1959 2098 1974 ι
2116 1947 2300 1985 Truentus,
2324 1946 2380 1986 ait,

1305 2001 1320 2016 ιο
1343 1990 1510 2020 continens
1528 1990 1758 2029 expositionem
1775 1989 1895 2030 primae
1911 1990 2083 2022 Decretalis
2108 1991 2148 2022 de
2163 2001 2292 2022 summa
2307 1991 2380 2022 Tri·

1305 2045 1320 2060 »
1343 2033 1451 2071 nitate,
1474 2033 1629 2064 Firmiter
1651 2034 1828 2072 credimus,
1854 2035 1910 2076 qui
1933 2035 2060 2075 incipit:
2084 2035 2238 2067 Salvator
2260 2041 2380 2068 noster.

1306 2090 1320 2105 »
1343 2078 1510 2108 Tractatua
1541 2078 1707 2109 continens
1738 2079 1972 2119 expositionem
2002 2079 2160 2111 secundae
2187 2080 2381 2120 Decretalis,

1306 2134 1319 2149 »
1342 2123 1548 2153 Damnamus
1571 2127 1602 2153 et
1621 2123 1842 2163 reprobamus,
1860 2123 1916 2164 qui
1937 2124 2065 2164 incipit:
2090 2124 2248 2165 Exposita
2261 2124 2382 2166 foma

1306 2179 1320 2194 ι»
1343 2167 1520 2198 catholicae
1532 2166 1626 2208 fidei.
1641 2179 1656 2195 ιι
1684 2167 1900 2199 Consentiunt
1916 2168 2054 2210 denique
2073 2179 2099 2199 s.
2113 2169 2310 2208 Antoninus,
2329 2168 2381 2200 Pi-

1302 2221 1429 2252 gnonus
1453 2218 1484 2242 et
1507 2211 1755 2243 Vaneoletanus.

1368 2256 1480 2287 Petrus
1499 2256 1538 2287 de
1554 2256 1635 2286 Alva
1653 2257 1740 2297 apud
1756 2257 1939 2288 Echardum
1958 2267 2126 2288 censuram
2139 2257 2320 2289 Barbavarii
2335 2257 2381 2290 sic
2427 2262 2432 2267 “

1302 2300 1395 2331 refert
1417 2298 1509 2342 (quis
1532 2300 1585 2331 ille
1609 2300 1649 2332 sit
1672 2301 1864 2332 clarissimus
1887 2302 1935 2332 vir
1963 2302 2067 2333 dicam
2090 2301 2205 2346 infra):
2233 2302 2380 2343 Opuscu-

1302 2346 1368 2376 lum
1392 2355 1477 2383 xxm,
1495 2355 1559 2386 quo
1577 2345 1759 2377 Decretalis
1782 2346 1964 2378 Innocentii
1987 2348 2176 2388 exponitur,
2197 2348 2230 2378 in
2246 2347 2379 2378 dubium

1301 2390 1403 2430 aliqui
1418 2395 1580 2421 revocant.
1609 2403 1623 2417 ‹
1641 2390 1704 2421 Sed
1720 2390 1798 2431 quid
1814 2391 1882 2432 ipse
1897 2391 2105 2422 Barbavarius
2121 2398 2247 2423 censeat
2261 2390 2381 2434 (ipsius

1304 2446 1319 2462 v
1341 2434 1477 2464 Echardi
1494 2434 1727 2465 animadversio
1744 2433 1820 2478 est),
1837 2446 1903 2466 non
1921 2435 2056 2467 subiicit.
2080 2437 2149 2467 Nos
2164 2443 2274 2467 autem
2289 2434 2380 2478 (per-

1304 2491 1318 2507 »
1341 2478 1387 2518 git
1409 2477 1481 2521 ille)
1506 2486 1579 2519 post
1604 2479 1797 2519 scriptorum
1820 2480 2004 2521 aequalium
2027 2486 2060 2512 et
2081 2480 2270 2521 supparium
2293 2480 2380 2512 testi·

1304 2536 1318 2550 »
1342 2522 1462 2561 monia,
1486 2533 1522 2554 ac
1546 2523 1643 2554 etiarn
1667 2524 1816 2555 codicum
1840 2535 1915 2556 mss.
1941 2525 2009 2556 eius
2032 2525 2141 2556 aetatis
2160 2524 2269 2563 fidem,
2293 2531 2380 2556 certo

1305 2581 1319 2595 »
1342 2574 1452 2598 sancto
1468 2567 1601 2599 Doctori
1617 2568 1795 2600 asserimus.
1806 2582 1821 2596 ι
1841 2569 1887 2600 lo.
1905 2569 2096 2600 Ambrosius
2110 2569 2298 2607 Barbavara,
2313 2579 2380 2600 me-

1303 2611 1495 2642 diolanensis
1511 2612 1611 2652 patria
1626 2619 1658 2643 et
1674 2613 1884 2653 professione,
1903 2613 2035 2645 Ordinis
2050 2613 2309 2645 Praedicatorum
2330 2613 2380 2644 in·

1303 2655 1401 2695 signis
1424 2656 1591 2694 alumnus,
1618 2656 1799 2688 Censuram
1823 2657 2002 2688 lucubravit
2027 2657 2280 2698 Opusculorum‚
2296 2666 2381 2699 quae

1303 2700 1362 2731 sub
1385 2700 1452 2730 diui
1479 2701 1619 2731 Thomae
1640 2702 1814 2741 Aquinatis
1841 2702 1935 2732 titulo
1958 2702 2114 2733 hactenus
2130 2702 2305 2742 prodiere,
2336 2701 2382 2733 ad

1303 2745 1342 2775 R.
1359 2745 1395 2775 P.
1419 2745 1619 2785 Magistrum
1648 2745 1862 2785 Seraphinum
1897 2746 2066 2777 Cuballum
2095 2746 2290 2777 brixiensem
2317 2745 2380 2777 Or-

1304 2788 1390 2819 dinis
1411 2798 1438 2820 s.
1453 2789 1627 2826 Dominici,
1647 2789 1838 2820 Generalem
1862 2789 2090 2831 Inquisitorem
2114 2795 2146 2821 et
2173 2791 2206 2821 in
2230 2791 2379 2821 Romana

1307 2833 1409 2864 Curia
1428 2833 1687 2872 Procuratorem.
1713 2833 1874 2865 Libellum
1897 2844 1956 2865 mS.
1974 2834 2089 2872 habeo,
2113 2834 2168 2876 qui
2185 2834 2381 2866 desideratur

1305 2877 1386 2908 inter
1403 2877 1463 2908 alia
1482 2877 1521 2907 ab
1537 2877 1683 2908 Echardo
1708 2878 1859 2909 recensita
1877 2878 1947 2910 eius
1966 2888 2063 2919 opera
2079 2879 2119 2910 ad
2142 2889 2264 2910 annum
2285 2881 2381 2920 1594.

1305 2921 1473 2958 Quaenam
1501 2931 1576 2962 ergo
1605 2922 1699 2954 fuerit
1721 2922 1921 2961 Barbavarii,
1949 2933 2047 2964 quem
2070 2923 2184 2964 allegat
2206 2924 2318 2955 Petrus
2341 2923 2381 2955 de

1305 2966 1396 3005 Alva,
1420 2966 1479 2997 hac
1502 2966 1541 2997 de
1564 2976 1597 2997 re
1620 2967 1793 3004 sententia,
1817 2967 1946 3008 profero
1970 2977 2030 3008 ego
2059 2978 2097 2999 ex
2120 2968 2228 2999 codice
2252 2978 2312 3000 ms.
2337 2967 2382 2999 ci-

1305 3017 1382 3041 tato.
1410 3023 1425 3038 (
1443 3010 1648 3050 Opusculum
1670 3021 1756 3049 xxm,
1773 3013 1886 3052 inquit,
1917 3022 1984 3053 quo
2009 3012 2179 3043 Decretalis
2203 3012 2382 3044 Innocentii

1308 3067 1322 3083 a
1346 3054 1534 3095 exponitur,
1562 3055 1596 3086 in
1625 3056 1761 3087 dubium
1784 3056 1883 3097 aliqui
1910 3063 2079 3095 revocant,
2108 3057 2197 3098 quod
2221 3057 2265 3088 ibi
2288 3057 2382 3089 divus

1308 3112 1322 3126 »
1345 3099 1490 3130 Thomas
1513 3097 1569 3141 (ad
1584 3099 1636 3130 illa
1653 3100 1771 3132 scilicet
1788 3100 1960 3132 Decretalis
1976 3102 2080 3139 verba,
2105 3102 2211 3132 Simul
2225 3102 2266 3133 ab
2287 3102 2382 3133 initio

1308 3156 1323 3171 ι»
1345 3145 1498 3184 temporis
1521 3149 1691 3185 utramque
1713 3145 1754 3176 de
1777 3146 1876 3176 nihilo
1899 3145 2041 3177 condidit
2059 3151 2262 3184 creaturam,
2284 3146 2380 3187 nir-1·-

1308 3201 1322 3216 »
1345 3189 1465 3219 tualem
1481 3193 1511 3219 et
1526 3190 1743 3229 corporalem,
1761 3190 1945 3230 angelicam
1961 3190 2106 3222 videlicet
2120 3196 2151 3221 et
2164 3187 2379 3233 mundanam)

1308 3245 1322 3260 »
1345 3239 1510 3274 tamquam
1521 3233 1679 3264 Ecclesiae
1690 3233 1908 3265 definitionem
1923 3235 2099 3275 approbare
2109 3241 2272 3276 appareat,
2289 3233 2380 3276 quod

1308 3290 1323 3305 »
1345 3277 1459 3317 Angeli
1484 3287 1548 3308 una
1571 3287 1647 3308 cum
1670 3288 1825 3319 corporeo
1849 3279 1974 3310 mundo
1997 3279 2117 3311 conditi
2140 3279 2212 3311 sint.
2241 3279 2289 3310 Ex
2310 3287 2378 3320 quo

1308 3334 1322 3350 ι
1346 3328 1529 3362 sequeretur
1552 3322 1736 3363 oppositam
1759 3323 1948 3354 sententiam
1974 3334 2042 3355 esse
2064 3323 2201 3355 haeresis
2223 3323 2378 3354 damnan-

1308 3378 1323 3394 »
1346 3366 1439 3404 dam;
1462 3366 1553 3407 quod
1575 3373 1682 3399 tamen
1701 3367 1762 3408 ipsi
1779 3368 1886 3399 minus
1909 3368 2012 3408 placet
2027 3369 2039 3399 I
2056 3378 2134 3409 par„
2149 3377 2255 3409 q.1.xt,
2278 3373 2336 3398 art.
2347 3367 2376 3397 3.

1308 3423 1322 3439 »
1346 3410 1408 3442 Sed
1431 3411 1723 3443 Reverendissimus
1750 3411 1923 3444 Caietanus
1951 3412 2014 3444 hoc
2041 3412 2193 3453 scrupulo
2221 3421 2281 3442 nos
2303 3409 2380 3441 satis

1309 3468 1323 3482 2
1346 3455 1456 3486 liberat
1484 3455 1516 3486 in
1541 3455 1789 3488 Commentariis
1817 3457 1882 3488 suis
1910 3457 1951 3488 ad
1978 3457 2129 3488 eumdem
2161 3455 2340 3487 articulum.
2359 3466 2375 3482 »

1307 3499 1381 3530 Doli
1398 3509 1473 3540 ergo
1491 3507 1522 3531 et
1533 3499 1652 3531 fraudis
1667 3501 1861 3533 incusandus
1875 3508 1922 3532 est
1935 3502 2046 3533 Petrus
2062 3501 2102 3532 de
2110 3500 2202 3537 Alva,
2212 3499 2269 3540 qui
2283 3499 2378 3530 verba

1307 3544 1485 3575 Barbavarii
1509 3545 1661 3576 nectentis
1685 3546 1820 3577 dubium
1839 3545 1942 3584 affert;
1965 3551 2085 3577 caetera
2107 3543 2233 3575 silentio
2252 3543 2379 3584 premit,

1307 3599 1389 3630 quae
1413 3589 1548 3620 dubium
1572 3590 1702 3621 solvunt
1725 3597 1756 3621 et
1778 3590 1911 3621 elidunt.
2310 3600 2315 3605 ·

1375 3633 1462 3663 Loca
1489 3633 1556 3664 duo
1584 3633 1648 3664 divi
1677 3634 1825 3664 Thomae
1852 3633 2041 3674 proferenda
2067 3638 2143 3664 sunt
2169 3641 2206 3663 ac
2241 3631 2380 3662 invicem
