2548 4192
932 262 1671 310 DQSTHOMAEQAQmNffHmt

578 344 897 381 CAPUTIV.

201 452 327 477 Veterum
354 450 502 476 testimonio
527 449 713 480 Quaestiones,
732 456 797 482 quas
820 454 914 473 vocant
937 448 1104 479 Quodlibeta,
1125 448 1279 472 adseruntur

274 491 363 512 sancto
377 486 504 510 Thomae.
523 485 642 510 Nominis
662 490 781 517 etymon:
801 484 896 517 Operis
916 484 1056 508 elucubrati
1075 488 1194 515 tempus:
1213 483 1278 507 ordo

273 522 360 548 varius
379 521 406 546 in
424 529 490 546 mss.
513 528 542 546 ac
566 520 640 545 editis
663 520 797 553 exemplis.
823 520 915 544 Petrus
939 520 972 544 de
989 520 1056 544 Alva
1079 518 1214 549 refellitur,
1234 518 1278 550 qui

274 557 380 583 easdem
399 556 574 582 attribuendas
593 555 695 580 cuidam
709 555 844 588 Aquinatis
864 555 990 588 discipulo
1008 559 1104 579 censet.
1124 554 1278 578 Mendorum

275 591 446 618 correctiones
466 599 480 616 a
498 590 626 616 Lucan-ino
645 590 794 624 propositae
812 596 838 615 et
856 598 993 624 expensae.

204 696 229 729 I.
255 692 488 774 Prodierunt
533 698 592 728 sub
637 697 769 727 nomine
807 697 956 728 Doctoris
1004 697 1103 727 nostri
1132 697 1279 729 Thomae

323 742 492 784 Aquinatis
517 741 740 779 Quaestiones,
767 741 865 781 vulgo
889 741 989 772 dictae
1021 741 1277 781 Quodlibetales,

205 793 277 818 tum
299 787 432 818 seorsim
462 786 546 827 typis
574 786 686 822 editae,
716 793 787 817 tum
815 785 865 816 vel
889 785 1138 823 Quaestionibus
1161 786 1279 826 Dispu-

206 831 296 870 tau's,
326 831 376 861 vel
400 831 551 862 Summae
584 837 694 861 contra
720 830 879 868 Gentiles,
903 830 952 861 vel
976 830 1218 861 Commentario
1246 832 1280 862 in

206 876 385 907 secundum
421 875 656 906 Sententiarum
698 875 816 905 librum
849 874 1044 905 subiunctae.
1083 875 1281 906 Germanum

207 920 332 951 foetum
355 929 422 950 esse
441 919 584 959 Angelici
603 919 817 959 Praeceptoris
842 919 984 950 dubitare
1007 929 1074 949 non
1101 919 1210 949 sinunt
1227 930 1278 950 ve-

206 971 287 995 teres
310 964 524 1004 probatissimi
547 970 650 994 testes.
675 963 881 994 Ptolomaeus
901 963 1053 994 Lucensis
1077 963 1158 993 libro
1175 964 1279 995 XXIII

199 1009 329 1039 Hister.
347 1008 434 1046 eccl„
450 1008 551 1048 capite
565 1018 606 1038 xv
615 1007 906 1038 luculentissimum
922 1007 1142 1037 testimonium
1159 1006 1219 1039 fert
1233 1008 1281 1038 his

206 1053 328 1083 verbis:
359 1053 428 1083 Hic
455 1054 550 1082 etiam
574 1053 697 1082 notauit
718 1061 796 1082 suas
823 1051 1034 1088 Quaestiones
1057 1051 1097 1082 de
1123 1051 1280 1090 Quolibet,

208 1099 241 1128 in
265 1097 379 1138 quibus
402 1097 504 1126 multa
533 1096 630 1126 dubia
660 1095 873 1126 declarantur
898 1105 1083 1136 magnaque
1106 1096 1138 1126 in
1164 1096 1280 1127 eisdem

207 1142 342 1172 scientia
357 1141 550 1171 continetur.
567 1139 760 1170 Guillelmus
774 1139 814 1169 de
828 1140 938 1170 Tocco
954 1139 987 1169 in
1002 1139 1090 1170 Vita:
1107 1139 1282 1180 Scripsit...

212 1184 422 1222 Quaestiones
445 1183 486 1214 de
517 1184 675 1220 Quolibet.
706 1183 886 1223 Logotheta
915 1183 949 1213 in
972 1183 1164 1223 Fragmento
1198 1184 1284 1224 apud

208 1228 395 1260 Baluzium:
425 1227 578 1258 Undecim
606 1228 754 1265 Quolibet
777 1227 942 1268 disputati.
961 1227 1109 1258 Trivetus
1128 1227 1162 1257 in
1182 1227 1283 1258 Chro-

208 1273 282 1304 nico
299 1273 339 1303 ad
353 1282 426 1303 ann.
443 1279 536 1313 1274:
547 1272 628 1302 Item
643 1272 886 1312 Disputationes
901 1271 1047 1302 undecim
1062 1271 1102 1302 de
1121 1272 1285 1309 Quolibet:

209 1327 348 1359 quarum
377 1326 439 1350 sex-
459 1317 595 1347 Parisiis
630 1321 660 1347 et
688 1317 828 1356 quinque
855 1315 1081 1347 determinavit
1112 1317 1144 1346 in
1174 1316 1283 1347 Italia.

162 1378 168 1379 ff
199 1359 345 1393 {oannes
361 1361 401 1391 de
416 1360 595 1392 Columna:
620 1360 810 1398 Quodlibeta
832 1360 989 1391 undecim.
1012 1360 1191 1391 Bernardus
1207 1361 1284 1392 Gui-

210 1406 323 1437 donis.-
339 1405 422 1436 Item
441 1406 569 1446 scripsit
591 1404 781 1442 Quodlibeta
806 1404 952 1436 undecim
977 1404 1151 1445 disputata.
1174 1406 1285 1436 Petrus

198 1450 385 1490 ,Roget-ius,
405 1456 517 1490 postea
545 1449 695 1480 Clemens
718 1449 772 1480 VI:
804 1449 889 1480 Item·
915 1449 1062 1480 undecim
1095 1449 1285 1486 Quodlibeta

210 1494 384 1535 disputata.
409 1493 624 1524 Consentiunt
648 1494 785 1534 denique
804 1493 1052 1531 Valleoletanus,
1071 1494 1236 1533 Pignonus
1256 1501 1287 1525 et

146 1543 149 1547 ’
198 1549 235 1570 ts.
249 1539 443 1570 Antoninus
468 1539 592 1578 Nempe
615 1538 677 1569 hoc
701 1538 812 1578 Opus,
831 1538 919 1568 vario
946 1536 1172 1578 quaestionum
1195 1549 1285 1579 argu-

209 1589 320 1614 mento
345 1593 381 1614 ac
406 1583 575 1624 multiplici
599 1582 772 1613 dubiorum
795 1582 991 1613 resolutione
1009 1582 1171 1621 refertum,
1191 1583 1285 1614 diser-

209 1627 334 1659 tissimo
358 1626 555 1665 testimonio,
575 1637 688 1657 omnes
712 1627 831 1668 absque
855 1626 920 1657 ulla
944 1626 1152 1667 discrepantia
1176 1635 1285 1659 sancto

210 1672 359 1703 Thomae
381 1671 533 1712 Aquinati
558 1671 753 1709 adiudicant‚
773 1677 935 1712 quotquot
958 1671 1129 1712 synchroni
1154 1679 1184 1703 et
1212 1683 1286 1713 sup-

210 1725 307 1757 pares
318 1714 435 1756 aliique
453 1715 599 1756 Operum
614 1715 681 1746 eius
696 1715 949 1746 nomenclatores
964 1716 1123 1746 numerari
1137 1723 1284 1756 possunt.

211 1760 332 1791 Mirum
355 1759 437 1790 foret
462 1769 498 1790 ac
523 1759 624 1790 simile
643 1766 804 1800 portento,
824 1759 959 1790 dubium
978 1759 1110 1800 aliquod
1128 1760 1228 1800 ingeri
1247 1761 1286 1791 de

212 1804 327 1845 Operis
350 1803 496 1835 auctore!
526 1804 590 1835 Sed
612 1810 750 1835 attamen
773 1803 933 1844 ingestum
964 1803 1061 1834 fuisse
1089 1804 1225 1835 dubium
1251 1815 1286 1835 ac

211 1848 358 1889 proxima
376 1847 539 1888 superiore
558 1854 657 1879 aetate
676 1848 843 1878 inventum
862 1857 941 1886 esse,
957 1847 1012 1888 qui
1032 1858 1096 1879 non
1117 1849 1178 1889 ipsi
1197 1849 1286 1880 Tho-

212 1902 285 1923 mae
308 1903 360 1923 eas
387 1892 616 1930 Quaestiones,
644 1892 699 1922 sed
723 1892 851 1923 cuidam
879 1892 1022 1923 eiusdem
1046 1892 1202 1933 discipulo
1233 1894 1287 1925 tri-

199 1937 354 1968 buendas
378 1936 610 1974 existimaverit,
630 1936 711 1967 infra
735 1936 916 1967 dicendum.

278 1981 443 2021 Pignonus
467 1987 498 2012 et
521 1987 646 2012 sanctus
670 1981 872 2020 Antoninus,
892 1991 975 2022 quos
999 1988 1179 2022 postremos
1207 1982 1288 2012 inter

212 2031 305 2056 testes
329 2025 570 2063 advocavimus,
593 2035 659 2056 non
690 2025 853 2063 undecim,
879 2032 989 2056 contra
1018 2036 1053 2056 ac
1081 2026 1208 2065 caeteri,
1234 2026 1288 2057 sed

211 2070 379 2102 duodecim
402 2076 572 2100 numerant
591 2069 780 2106 Quodlibeta
804 2070 977 2110 disputata.
1001 2070 1132 2101 Nullam
1152 2081 1219 2102 esse
1234 2081 1287 2101 an-

211 2114 357 2154 tilogiam
377 2114 442 2144 iam
461 2114 583 2154 primus
599 2114 820 2145 animadvertit
840 2114 1099 2154 diligentissimus
1112 2115 1287 2146 Echardus.

211 2159 278 2196 Qui
306 2168 446 2199 namque
475 2159 622 2189 undecim
653 2165 778 2189 tantum
809 2158 918 2190 laudat
947 2157 1068 2201 (verbis
1097 2159 1164 2190 eius
1196 2159 1288 2202 utor)

213 2203 279 2234 duo
299 2213 337 2234 ex
354 2203 414 2233 illis
433 2203 530 2233 simul
547 2202 661 2243 iungit,
679 2202 765 2234 utin
781 2203 846 2233 suis
862 2213 938 2234 mSS.
959 2203 1122 2234 codicibus
1141 2204 1290 2244 copulata

211 2247 354 2278 videbat:
378 2247 435 2288 qui
457 2257 533 2278 vero
559 2247 736 2285 duodecim,
758 2247 811 2278 illa
835 2248 1013 2278 eademmet
1032 2248 1097 2278 duo
1114 2248 1289 2289 distinguit,

199 2298 250 2322 *ut
273 2291 306 2322 in
325 2292 391 2322 suis
415 2291 577 2322 codicibus
601 2291 746 2323 distincta
770 2299 876 2330 erant;
901 2292 990 2333 quod
1010 2302 1047 2322 ex
1066 2292 1210 2333 pluribus
1235 2303 1288 2324 co-

213 2335 335 2367 dicibus
359 2346 434 2367 mss·
459 2336 636 2367 etiamnum
659 2335 788 2367 servatis
811 2335 901 2367 facile
925 2336 1088 2367 evincitur.

282 2381 321 2412 11.
346 2380 414 2412 Cur
435 2390 511 2411 vero
539 2380 777 2418 Quodlibetales
801 2381 1012 2418 Quaestiones
1043 2381 1143 2412 dictae
1174 2381 1290 2412 fuerint

199 2424 303 2455 *haud
324 2425 445 2455 inutilis
468 2425 613 2465 quaestio
641 2425 764 2455 moveri
792 2432 906 2465 potest.
940 2425 1128 2456 Lambertus
1153 2425 1290 2466 Campe-

216 2475 279 2499 ster
301 2469 335 2499 in
358 2479 406 2507 ea,
425 2479 524 2509 quam
547 2469 668 2500 curavit
691 2469 848 2507 editione,
867 2469 1080 2500 inscribendas
1104 2469 1290 2500 huiusmodi

215 2513 426 2550 Quaestiones
455 2513 594 2551 censuit,
612 2513 817 2544 Problemata
845 2513 911 2544 divi
938 2514 1096 2544 Thomae:
1117 2524 1211 2554 quae,
1237 2514 1289 2552 ait,

217 2557 426 2594 Quodlibetas
443 2558 654 2594 Quaestiones
668 2557 774 2597 inepte
797 2557 946 2588 neoterici
963 2565 1093 2596 vocant;
1109 2568 1168 2588 nos
1183 2565 1290 2589 autem

213 2601 328 2633 rectius
352 2602 466 2642 placita
489 2601 668 2641 theologica
691 2612 927 2642 nuncupamus.
944 2602 993 2632 De
1017 2602 1156 2632 nominis
1181 2610 1289 2644 etymo

215 2652 314 2686 agunt
337 2646 432 2676 etiam
450 2646 584 2677 Vossius
602 2646 684 2676 libro
704 2646 745 2676 111
764 2646 805 2689 de
830 2646 918 2677 Vitiis
932 2648 1100 2685 sermonis,
1126 2647 1227 2687 capite
1250 2658 1288 2677 xx.

215 2696 246 2721 et
267 2690 452 2730 Ducangius
474 2690 508 2720 in
532 2690 705 2721 Glossario.
731 2690 836 2722 Vossii
861 2691 955 2721 verba
978 2690 1097 2722 refero:
1125 2704 1140 2719 a<
1157 2691 1289 2728 Quodli-

203 2747 233 2764 ,ι
255 2735 360 2765 betum
376 2733 593 2777 (inquientis)
609 2735 649 2765 de
663 2745 730 2775 quo
746 2734 779 2765 in
795 2742 963 2776 utramque
979 2735 1141 2766 disseritur
1155 2743 1288 2775 partem,

217 2792 232 2807 ›
255 2789 293 2809 ex
309 2789 348 2809 eo
369 2779 501 2818 dictum,
516 2779 592 2819 quia
610 2779 695 2820 quod
713 2779 788 2810 libet
806 2779 993 2810 defenditur.
1019 2780 1091 2810 Vox
1110 2790 1146 2810 ea
1165 2791 1183 2810 a
1202 2790 1288 2810 com-

217 2835 233 2852 »
255 2823 400 2863 pluribus
431 2823 564 2854 saeculis
594 2823 733 2854 obtinuit
764 2824 797 2854 in
821 2824 936 2854 scholis
1017 2823 1143 2855 Graecis
1176 2825 1289 2855 dicitur

217 2879 232 2895 2
255 2866 300 2904 εἰς
337 2865 484 2911 ἑκάτερα
518 2866 734 2911 ἐπιχείρησις.
753 2879 767 2894 2·
806 2868 891 2899 Hinc
919 2868 1156 2906 Quodlibetales
1183 2869 1287 2906 Quae-

213 2913 348 2950 stiones,
376 2913 488 2943 eadem
519 2914 671 2951 notione,
696 2919 732 2943 ut
765 2912 886 2943 addunt
917 2913 1106 2944 Parisienses
1139 2913 1288 2944 monachi

216 2965 240 2985 S.
257 2956 360 2986 Mauri
391 2956 425 2986 in
447 2957 576 2987 laudato
600 2956 756 2996 Ducangii
780 2956 959 2996 Glossario,
979 2958 1068 2998 quod
1091 2957 1152 2998 ipsi
1176 2968 1288 2998 quam-

215 2998 363 3039 plurimis
386 3000 606 3031 additamentis
630 3008 784 3032 auxerunt
807 3007 838 3031 et
856 3001 1100 3041 locupletarunt.

283 3043 363 3074 Utut
386 3044 425 3074 de
447 3044 587 3074 nominis
612 3051 719 3085 etymo
744 3055 810 3075 sese
834 3055 881 3075 res
905 3045 1028 3085 habeat,
1049 3046 1108 3076 alia
1132 3053 1213 3076 certe
1236 3057 1286 3076 su-

217 3087 319 3117 biecta
346 3087 418 3118 voci
446 3088 526 3118 ratio
555 3095 610 3119 aut
638 3089 728 3119 notio
758 3089 818 3119 dici
847 3089 956 3128 debet,
977 3090 1002 3120 si
1031 3090 1176 3120 animum
1199 3101 1287 3120 men-

216 3138 346 3172 temque
361 3132 400 3161 ad
415 3132 651 3169 Quodlibetales
665 3133 832 3173 Aquinatis
851 3133 1062 3170 Quaestiones
1076 3135 1285 3165 advertamus:

216 3176 250 3206 in
270 3176 387 3216 quibus
405 3186 472 3206 non
492 3175 652 3207 disseritur
669 3177 703 3206 in
722 3183 890 3218 utramque
909 3185 1042 3219 partem,
1058 3189 1161 3220 neque
1181 3179 1288 3210 defen-

218 3220 302 3250 ditur
325 3220 414 3260 quod
437 3220 536 3250 modo
560 3220 696 3259 libuerit,
715 3222 804 3261 quod
827 3229 953 3262 postea;
978 3223 1062 3253 unde
1083 3233 1187 3264 neque
1210 3224 1288 3254 Pro·

217 3265 355 3295 blemata
380 3264 511 3294 dicenda
534 3271 618 3303 sunt,
637 3274 719 3305 quae
742 3265 828 3296 iuxta
850 3267 1101 3306 vulgatissimam
1121 3263 1288 3298 notionem

217 3309 250 3339 in
275 3308 449 3349 quamlibet
472 3315 594 3348 partem
617 3309 768 3348 ambiguo
793 3317 823 3340 et
846 3311 975 3351 ancipiti
999 3311 1167 3341 certamine
1192 3311 1288 3341 disce-

217 3360 357 3394 ptantur,
376 3363 434 3383 nec
454 3352 580 3383 definite
599 3360 753 3383 constant.
777 3354 907 3394 Singula
926 3355 1116 3392 Quodlibeta
1132 3355 1165 3384 in
1184 3355 1288 3391 Quae-

218 3399 337 3429 stiones
353 3397 468 3428 tributa
485 3404 568 3435 sunt,
586 3403 617 3427 et
636 3396 845 3434 Quaestiones
864 3398 897 3428 in
915 3399 1089 3436 Articulos,
1106 3399 1223 3439 quibus
1242 3409 1288 3429 ar-

218 3442 361 3482 gumenti
385 3441 565 3482 principalis
584 3441 617 3471 in
636 3441 821 3482 quaestione
844 3442 1000 3482 propositi
1020 3442 1059 3472 ad
1079 3452 1210 3472 examen
1233 3453 1288 3472 vo-

220 3493 330 3517 cantur
352 3486 455 3516 variae
479 3492 597 3526 parteS,
618 3486 855 3526 expenduntur,
875 3486 1080 3516 illustrantur.
1113 3486 1175 3515 Pro
1199 3496 1289 3516 more

219 3540 279 3560 suo
303 3530 457 3561 contraria
476 3530 580 3570 primo
596 3530 669 3560 loco
686 3530 778 3570 ponit
796 3530 939 3570 Aquinas
963 3536 1163 3570 argumenta:
1187 3540 1290 3560 unum

218 3574 270 3604 vel
292 3575 384 3615 plura
403 3581 580 3615 sequuntur
598 3581 783 3614 argumenta
802 3573 991 3614 prolusoria,
1012 3584 1094 3614 quae
1113 3574 1217 3604 solent
1235 3584 1289 3614 ap-

219 3619 328 3658 pellari
352 3626 537 3659 argumenta
559 3619 616 3649 sed
638 3624 774 3649 contra:
797 3625 867 3649 tum
890 3618 1054 3659 proposita
1082 3618 1214 3648 solvitur
1243 3618 1288 3648 di-

2273 281 2402 306 CLXXIX

1333 343 1521 385 rimiturque
1550 344 1709 385 quaestio:
1741 345 1877 375 adversis
1909 345 2044 386 denique
2075 348 2282 386 respondetur
2311 361 2402 391 argu-

1334 388 1457 419 mentis.
1483 389 1575 420 Hanc
1599 388 1742 419 adhibuit
1765 389 1817 419 ille
1841 389 2031 419 methodum
2051 389 2085 420 in
2106 390 2351 425 Commentariis
2371 396 2402 425 in

1333 432 1572 464 Sententiarum
1598 433 1696 464 libros
1719 438 1749 463 et
1772 434 1804 463 in
1833 433 2079 470 Quaestionibus
2101 435 2295 474 Disputatis:
2321 448 2404 469 eam—

1334 476 1471 517 demque
1495 477 1627 508 servavit
1651 479 1683 508 in
1700 477 1833 508 Summa
1857 478 2066 519 Titeologica:
2084 489 2166 519 quae
2185 486 2290 510 tamen
2310 492 2407 522 opera

1334 521 1537 561 appellaverit
1551 532 1648 552 nemo
1667 522 1878 559 Quaestiones
1896 522 2144 559 Quodlibetales.
2161 523 2211 553 Eo
2228 524 2333 565 itaque
2348 536 2405 556 no—

1334 565 1421 595 mine
1451 566 1622 606 appellatas
1651 566 1783 596 arbitror
1810 566 1880 596 illas
1907 566 2126 607 quaestiones,
2147 567 2263 608 quibus
2287 570 2407 601 Doctor

1334 616 1441 640 noster
1455 610 1494 640 de
1508 610 1600 640 variis
1614 610 1803 651 quibuslibet
1817 611 2010 650 argumentis
2026 612 2233 652 pertractavit,
2247 613 2311 643 sive
2326 624 2407 654 quae

1334 664 1392 693 pro
1422 654 1494 685 data
1523 654 1689 685 occasione
1713 655 1919 686 occurrebant
1944 655 2008 686 sive
2038 666 2119 697 quae
2147 659 2408 697 proponebantur

1334 698 1372 728 ab
1402 698 1479 729 aliis.
1514 699 1598 729 Hinc
1627 698 1772 730 differunt
1795 710 1814 729 a
1840 699 2087 736 Quaestionibus
2109 701 2308 741 Disputatis‚
2328 713 2407 743 quas

1333 742 1400 782 ipse
1425 743 1497 773 data
1515 753 1612 783 opera
1635 743 1767 774 versavit
1786 743 1819 773 in
1843 743 1958 774 scholis
1977 744 2185 785 agitavitque:
2206 756 2241 776 ac
2261 746 2407 777 differunt

1334 786 1429 817 etiam
1452 797 1471 817 a
1496 787 1742 818 Commentariis
1765 794 1796 818 et
1814 798 1832 817 a
1851 788 1983 819 Summa
2005 789 2207 830 Theologica,
2228 797 2407 831 propterea-

1335 831 1425 871 quod
1443 831 1520 862 haec
1539 831 1646 871 Opera
1666 831 1825 871 integrum
1850 833 2101 872 complectantur
2123 834 2287 874 quoddam
2310 835 2408 866 veluti

1336 875 1496 906 doctrinae
1516 875 1712 915 theologicae
1732 885 1859 916 corpuS‚
1884 877 2011 907 nonnisi
2034 877 2119 907 varia
2141 879 2299 918 quaedam
2317 879 2408 910 theo-

1335 919 1456 959 logicae
1480 919 1639 950 doctrinae
1665 919 1766 959 capita
1789 920 1971 951 contineant
1993 921 2074 951 illae.
2099 922 2172 958 Qua
2196 922 2327 953 demum
2350 934 2407 954 no-

1336 963 1423 994 tione
1450 963 1661 1000 Quaestiones
1687 963 1924 1000 Quodlibetales
1952 964 2123 996 intellectas
2152 973 2232 1006 puto
2256 978 2274 997 a
2298 968 2407 998 Ptolo-

1336 1017 1429 1038 maeo
1451 1007 1605 1046 Lucensi,
1629 1007 1683 1048 qui
1705 1007 1778 1038 loco
1799 1007 1893 1038 citato
1910 1008 1953 1039 sic
1976 1019 2027 1039 eas
2042 1017 2193 1040 recenset:
2218 1011 2285 1042 Hic
2301 1013 2408 1050 etiam,

1336 1051 1494 1092 inquiens,
1515 1053 1637 1082 notavit
1661 1061 1739 1082 suas
1765 1051 1976 1088 Quaestiones
1999 1054 2039 1083 de
2065 1054 2226 1092 Quolibet,
2250 1057 2281 1085 in
2297 1057 2411 1096 quibus

1337 1096 1439 1125 multa
1463 1095 1560 1126 dubia
1583 1096 1803 1126 declarantur.
1830 1097 1905 1133 Quo
1930 1097 2061 1127 demum
2082 1097 2135 1135 fit,
2155 1109 2258 1139 neque
2277 1107 2358 1130 recte
2378 1110 2410 1131 se

1338 1139 1452 1169 habere
1476 1139 1679 1179 propositum
1699 1150 1716 1170 a
1733 1139 1920 1180 Campestro
1945 1141 2074 1171 titulum
2093 1143 2287 1173 Placitorum
2312 1145 2409 1175 Theo-

1339 1183 1540 1223 logicorum;
1559 1193 1633 1214 cum
1648 1194 1686 1214 eo
1702 1183 1845 1214 similiter
1860 1185 1991 1215 nomine
2010 1187 2186 1226 nuncupari
2205 1187 2317 1218 merito
2337 1199 2411 1228 pos-

1339 1227 1401 1257 sint
1424 1237 1459 1257 ac
1483 1227 1587 1258 multo
1607 1227 1761 1268 insignius
1786 1228 1919 1259 debeant
1945 1239 2167 1271 quaecumque
2192 1230 2225 1261 in
2244 1231 2310 1262 aliis
2335 1243 2409 1273 ope-

1339 1271 1425 1302 ribus
1450 1271 1651 1312 theologicis,
1671 1272 1872 1313 maximeque
1895 1273 1928 1303 in
1952 1273 2086 1304 Summa
2108 1282 2209 1305 versat
2232 1282 2262 1306 et
2285 1276 2411 1308 discutit

1340 1323 1370 1347 et
1393 1316 1521 1347 resolvit
1544 1323 1670 1347 sanctus
1694 1316 1849 1348 Thomas.

1407 1360 1470 1391 Ubi
1494 1370 1588 1399 vero,
1608 1371 1714 1402 quove
1738 1368 1882 1401 ternpore
1912 1372 1963 1392 eas
1987 1362 2130 1392 Thomas
2155 1363 2284 1394 ediderit
2307 1365 2411 1402 Quae-

1341 1404 1460 1435 stiones
1491 1412 1595 1435 narrat
1622 1406 1652 1436 T
1654 1405 1771 1436 rivetus
1795 1405 1828 1436 in
1854 1405 2036 1437 Chronico:
2067 1407 2148 1437 Item
2172 1408 2413 1448 Disputationes

1342 1449 1508 1487 undecim,
1529 1449 1695 1490 inquiens,
1715 1450 1755 1480 de
1781 1450 1951 1487 Quolibet:
1974 1461 2111 1491 quarum
2136 1461 2195 1482 sex
2223 1453 2358 1484 Parisiis
2381 1459 2412 1484 et

1341 1494 1481 1534 quinque
1503 1493 1729 1525 determinavit
1748 1495 1780 1525 in
1800 1494 1909 1525 Italia.
1934 1496 2006 1526 Mos
2025 1495 2149 1535 vigebat
2167 1495 2201 1525 in
2222 1496 2338 1527 scholis
2356 1498 2413 1528 Pa-

1340 1537 1535 1576 risiensibus,
1555 1545 1591 1569 ut
1609 1538 1666 1579 qui
1685 1539 1799 1578 gradus
1819 1540 2052 1579 percurrebant,
2071 1549 2156 1570 anno
2181 1540 2286 1580 primo
2311 1542 2414 1582 expla-

1341 1589 1452 1613 narent
1475 1582 1650 1613 Sententias
1673 1583 1706 1613 in
1730 1583 1862 1614 alicuius
1891 1583 2031 1623 magistri
2062 1584 2170 1614 schola
2196 1585 2254 1615 sub
2284 1585 2415 1626 eiusque

1341 1626 1494 1666 regimine
1517 1637 1552 1657 ac
1577 1635 1729 1658 censura:
1753 1628 1893 1658 secundo
1918 1638 2014 1666 anno,
2034 1629 2163 1659 licentia
2180 1636 2317 1669 accepta,
2337 1630 2415 1661 Sen-

1341 1671 1454 1702 tentias
1470 1671 1572 1711 legere
1589 1678 1753 1711 pergerent
1771 1678 1937 1713 tamquam
1958 1672 2110 1712 magistri,
2127 1673 2271 1703 scholam
2289 1674 2348 1714 ipsi
2368 1685 2413 1705 re-

1341 1722 1468 1755 gentes:
1493 1725 1577 1746 anno
1602 1715 1733 1746 demum
1757 1716 1849 1747 tertio
1873 1717 2085 1757 quaestiones,
2106 1727 2184 1758 quas
2203 1718 2328 1756 vellent,
2345 1729 2414 1759 per-

1341 1766 1508 1790 tractarent
1523 1766 1554 1790 et
1574 1760 1800 1800 responderent
1820 1760 2025 1798 Quodlibetis.
2043 1762 2218 1801 Explanare
2235 1762 2416 1793 Sententias

1342 1810 1490 1844 coeperat
1504 1804 1648 1844 Aquinas
1668 1814 1752 1835 anno
1774 1806 1855 1845 1259
1875 1805 1908 1835 in
1928 1812 2079 1836 consueta
2098 1806 2278 1837 studiorum
2297 1807 2414 1838 instau—

1341 1848 1473 1879 ratione.
1507 1848 1598 1879 Moto
1628 1848 1757 1879 dissidio
1786 1859 1804 1879 a
1827 1849 2052 1880 Parisiensibus
2080 1850 2251 1889 magistris,
2275 1858 2415 1882 vertente

1342 1902 1427 1923 anno
1446 1892 1480 1922 in
1499 1902 1583 1923 nova
1606 1892 1833 1924 instauratione
1857 1894 2048 1932 scholarum,
2068 1894 2227 1925 licentiam
2249 1906 2315 1926 non
2335 1896 2414 1926 obti-

1342 1936 1428 1967 nuit:
1462 1937 1659 1978 perrexitque
1692 1937 1874 1968 Sententias
1905 1948 2070 1978 exponere.
2107 1939 2246 1969 Dissidio
2283 1950 2417 1981 compo-

1343 1981 1415 2020 sito,
1441 1981 1567 2012 scholae
1595 1981 1735 2021 regimen
1764 1989 1818 2013 aut
1847 1982 2063 2022 magisterium
2091 1983 2271 2023 auspicatus
2300 1990 2346 2014 est
2367 1984 2419 2014 vel

1343 2035 1428 2056 anno
1450 2026 1530 2056 1256
1548 2025 1598 2056 vel
1613 2025 1809 2067 insequente.
1828 2026 1912 2057 Hinc
1926 2027 2137 2064 Quaestiones
2150 2028 2341 2068 Disputatas
2354 2028 2419 2068 agi-

1343 2070 1430 2109 tavit,
1451 2080 1526 2100 cum
1550 2070 1726 2101 Sententias
1750 2070 1815 2101 iam
1834 2071 2044 2111 explanasset;
2065 2078 2095 2102 et
2117 2071 2354 2108 Quodlibetales
2372 2083 2419 2103 re-

1344 2114 1521 2145 solutiones
1546 2114 1646 2145 edidit
1669 2115 1708 2145 ad
1732 2125 1853 2146 annum
1877 2125 1979 2156 usque
2008 2116 2089 2146 1258
2113 2116 2164 2146 vel
2187 2116 2418 2157 insequentem,

1345 2166 1381 2190 ut
1400 2159 1473 2189 alibi
1493 2159 1574 2189 hanc
1593 2165 1716 2199 partem
1736 2159 2006 2199 chronographiae
2026 2160 2199 2199 digerentes
2221 2161 2417 2191 tradidimus.

1411 2203 1486 2233 Non
1501 2203 1611 2233 omnia
1623 2203 1759 2242 Parisiis,
1769 2210 1913 2243 ternpore
1927 2204 1991 2234 iam
2006 2210 2135 2242 statuto,
2147 2205 2260 2244 scripta
2270 2206 2308 2235 ab
2319 2206 2418 2246 Aqui—

1345 2255 1428 2286 nate,
1438 2257 1550 2278 verum
1565 2257 1624 2278 sex
1638 2248 1801 2278 dumtaxat
1819 2248 2007 2284 Quodlibeta
2024 2248 2171 2279 Trivetus
2193 2256 2305 2280 narrat.
2327 2250 2417 2286 Quae

1345 2298 1514 2332 supersunt
1537 2293 1687 2332 quinque,
1708 2292 1830 2332 scripsit
1853 2292 1905 2322 ille
1929 2292 2088 2333 ediditque
2109 2294 2141 2323 in
2161 2292 2269 2323 Italia.
2292 2294 2326 2323 ln
2346 2293 2416 2324 Dis—

1346 2336 1513 2366 sertatione
1533 2336 1571 2366 de
1590 2336 1836 2373 Quaestionibus
1855 2337 2046 2376 Disputatis‚
2066 2337 2204 2367 reditum
2222 2337 2369 2369 Thomae
2384 2337 2416 2367 in

1346 2380 1468 2411 Italiam
1492 2379 1692 2410 referendum
1715 2390 1782 2410 esse
1805 2380 1845 2410 ad
1869 2390 1990 2411 annum
2019 2382 2095 2412 1261
2131 2391 2205 2411 cum
2227 2382 2416 2412 Ptolomaeo

1346 2424 1493 2463 Lucensi,
1509 2424 1719 2454 verisimiliori
1735 2424 1937 2455 adhaerentes
1952 2425 2188 2465 chronologiae,
2205 2425 2415 2456 confecimus:

1346 2469 1431 2499 unde
1454 2475 1600 2508 tempora
1622 2468 1836 2506 innotescunt,
1857 2469 1973 2510 quibus
1997 2470 2127 2500 alteram
2152 2469 2265 2509 Operis
2296 2477 2418 2510 partem

1346 2513 1542 2552 elucubravit
1565 2513 1722 2550 Thomas,
1742 2523 1817 2544 cum
1841 2520 1963 2544 nostras
1987 2514 2125 2552 Romae,
2145 2514 2342 2553 Urbeveteri‚
2362 2515 2417 2545 Pe-

1345 2557 1433 2595 rusii,
1454 2557 1584 2588 Viterbii
1609 2557 1732 2587 scholas
1757 2558 1982 2588 moderaretur.

1411 2602 1501 2632 Num
1523 2601 1647 2632 Parisiis
1671 2601 1778 2642 priora
1799 2611 1859 2632 sex
1877 2609 1907 2632 et
1926 2602 1958 2632 in
1978 2602 2065 2632 Italia
2083 2603 2223 2643 quinque
2243 2603 2417 2642 posteriora

1345 2645 1501 2686 scripserit
1536 2646 1726 2683 Quodlibeta
1757 2656 1822 2676 non
1847 2646 1891 2676 ita
1905 2646 1995 2676 facile
2019 2646 2123 2677 dictu:
2148 2657 2205 2677 nec
2229 2647 2314 2677 enim
2332 2647 2417 2677 idem

1344 2690 1532 2721 huiusmodi
1556 2690 1782 2731 quaestionum
1805 2690 1886 2721 ordo
1909 2690 1942 2720 in
1967 2690 2056 2721 editis
2080 2691 2230 2731 exemplis
2254 2698 2285 2721 et
2304 2701 2416 2721 manu-

1345 2735 1468 2775 scriptis
1492 2734 1665 2766 codicibus.
1690 2735 1781 2765 Hanc
1805 2741 1894 2765 notat
1922 2735 2103 2765 varietatem
2126 2735 2305 2766 Echardus:
2334 2735 2415 2765 hanc

1344 2789 1404 2809 nos
1423 2779 1484 2819 ipsi
1504 2779 1770 2819 deprehendimus
1789 2779 1822 2809 in
1841 2779 1960 2817 codice,
1985 2789 2081 2820 quem
2106 2786 2206 2809 servat
2229 2779 2416 2809 bibliotheca

1345 2824 1466 2855 Veneta
1485 2834 1525 2854 ss.
1544 2824 1671 2854 loannis
1688 2830 1718 2854 et
1733 2823 1833 2854 Pauli.
1859 2823 1942 2854 Hinc
1962 2824 2093 2854 demum
2117 2823 2273 2862 colligitur
2296 2833 2414 2853 nomen

1348 2868 1618 2905 Quodlibetalium
1642 2868 1873 2905 Quaestionum
1898 2868 1930 2898 in
1954 2868 2118 2898 Parisiensi
2138 2867 2344 2898 Universitate
2367 2867 2414 2897 in-

1343 2913 1490 2951 valuisse,
1506 2912 1746 2953 quaestionibus
1764 2912 1825 2942 illis
1844 2912 2043 2952 impositum,
2059 2912 2174 2952 quibus
2194 2922 2252 2951 pro
2273 2912 2343 2941 data
2362 2922 2414 2942 oc-

1344 2957 1471 2987 casione
1495 2957 1729 2997 respondebant
1751 2956 1907 2996 magistri,
1927 2957 1982 2996 qui
2007 2956 2129 2986 scholas
2158 2956 2411 2986 moderabantur.

1343 3001 1436 3031 Unde
1459 3011 1540 3031 vana
1564 3001 1690 3031 Ioannis
1713 3000 1836 3031 Nicolai
1857 3000 2027 3031 dubitatio:
2051 3001 2101 3030 An
2126 3000 2205 3030 illud
2228 3001 2414 3039 imposuerit

1342 3055 1462 3075 nomen
1485 3051 1617 3076 sanctus
1641 3045 1777 3075 Thomas
1795 3044 1894 3085 Operi
1913 3054 1986 3082 suo,
2007 3055 2049 3075 an
2069 3044 2200 3084 aliquod
2224 3044 2323 3074 aliud.
2350 3043 2413 3075 Co-

1343 3089 1426 3120 dices
1451 3091 1567 3120 vetusti
1589 3099 1675 3127 mss„
1693 3099 1775 3129 quos
1800 3095 1899 3129 optat,
1921 3099 2003 3129 opus
2023 3098 2089 3118 esse
2113 3098 2179 3118 non
2202 3088 2357 3126 videntur,
2378 3095 2414 3119 ut

1342 3144 1390 3164 res
1414 3134 1473 3164 ista
1497 3134 1608 3163 debeat
1631 3134 1750 3164 certius
1773 3133 1935 3173 explorari.

1408 3177 1458 3208 111.
1483 3178 1635 3208 Veterum
1655 3177 1801 3207 omnium
1821 3176 2002 3207 testimonio
2029 3176 2092 3206 iam
2112 3182 2235 3206 constat
2260 3176 2412 3216 scriptum

1342 3222 1405 3252 hoc
1420 3222 1513 3262 Opus
1529 3222 1624 3252 fuisse
1640 3232 1657 3251 a
1670 3222 1799 3251 Thoma
1813 3221 1988 3261 Aquinate;
2007 3231 2042 3251 ac
2056 3220 2260 3250 innotescunt
2283 3221 2412 3250 scholae

1343 3273 1437 3306 atque
1457 3272 1612 3305 tempora,
1630 3265 1684 3296 ubi
1701 3273 1731 3295 et
1747 3266 1876 3305 quando
1893 3265 1971 3295 illud
1987 3265 2053 3304 ipse
2071 3264 2306 3295 elucubraverit.
2328 3264 2411 3294 Coe-

1343 3309 1466 3340 cutierit
1491 3320 1565 3349 ergo
1585 3310 1618 3339 in
1637 3309 1811 3339 meridiano
1831 3309 1898 3339 sole
1927 3316 2052 3349 oportet
2066 3309 2175 3339 Petrus
2195 3309 2233 3338 de
2249 3308 2338 3344 Alva,
2356 3308 2411 3348 qui

1343 3360 1508 3384 auctorem
1532 3354 1647 3393 operis,
1663 3347 1777 3383 reiecto
1794 3353 1964 3394 Aquinate,
1980 3353 2152 3393 quemdam
2168 3352 2309 3382 obtrudit
2323 3352 2411 3381 Tho-

1343 3407 1414 3427 mae
1445 3397 1646 3437 discipulum.
1682 3397 1849 3434 Quaenam
1878 3397 1971 3427 fuerit
1998 3404 2063 3427 tarn
2092 3396 2211 3435 fulgida
2238 3395 2291 3425 illa
2320 3396 2410 3434 ratio,

1344 3451 1425 3481 quae
1449 3441 1529 3471 hanc
1552 3441 1612 3480 ipsi
1643 3441 1805 3480 ingesserit
1833 3438 2041 3480 opinionem?
2068 3441 2171 3470 Verba
2199 3439 2266 3469 eius
2295 3440 2411 3480 accipe,

1344 3495 1425 3525 quae
1449 3484 1604 3514 habentur
1626 3484 1659 3514 in
1684 3484 1858 3524 opusculo,
1885 3485 1973 3524 quod
1996 3484 2152 3523 inscripsit
2181 3483 2311 3514 Certum
2335 3485 2413 3524 quid

1345 3530 1541 3559 certissimae
1555 3529 1726 3568 salsitatis.
1755 3541 1769 3555 «
1790 3528 2010 3566 Quaestiones,
2032 3529 2143 3568 inquit,
2175 3528 2412 3564 Quodlibetales

1347 3585 1362 3600 ›>
1385 3583 1452 3602 esse
1475 3572 1606 3603 alicuius
1630 3572 1678 3603 sui
1698 3570 1873 3614 (Thomae)
1894 3572 2050 3612 discipuli,
2071 3572 2142 3602 satis
2161 3572 2262 3612 liquet
2280 3582 2316 3602 ex
2335 3583 2411 3613 qua-

1347 3629 1362 3644 »
1385 3617 1459 3647 dam
1480 3616 1664 3647 auctoritate
1680 3616 1778 3647 Patris
1794 3616 1921 3647 Ioannis
1940 3617 1979 3647 de
1994 3616 2136 3647 Tabiena
2154 3616 2187 3646 in
2204 3616 2337 3647 Summa
2355 3627 2412 3647 sua
