2548 4192
927 273 982 310 IN
1013 273 1051 309 S.
1072 273 1314 310 THOMAM
1341 273 1666 320 AQUINATEM

195 354 298 396 quarti
323 360 432 385 contra
454 353 583 391 Gentes,
607 352 663 382 ubi
687 351 730 382 sic
749 351 792 382 ait
805 351 964 392 Aquinas:
980 351 1043 383 Sed
1059 357 1171 383 contra
1186 352 1270 382 hanc

195 399 371 430 catholicae
391 397 477 439 fidei
496 397 686 428 sententiam
704 395 821 436 plures
844 395 1054 437 difficultates
1077 401 1265 434 occurrunt,

193 444 283 484 queis
311 442 493 474 adversarii
514 441 600 482 fidei
629 440 892 471 Incarnationem
923 441 1126 481 impugnant.
1155 440 1268 471 Osten-

192 497 263 518 sum
287 488 371 517 enim
395 491 442 516 est
464 487 497 516 in
514 486 624 526 primo
657 484 742 525 quod
770 484 861 514 Deus
885 494 986 525 neque
1008 494 1126 524 corpus
1142 490 1199 522 est,
1216 494 1269 515 ne-

192 540 254 572 que
277 531 380 561 virtus
403 531 435 560 in
460 538 595 570 corpore
623 535 680 559 etc.
712 527 796 558 Hinc
828 528 931 559 habeo
964 528 1268 560 Vindobonensibus

193 573 354 605 codicibus
392 573 485 614 Opus
517 574 677 612 integrum
709 577 822 603 contra
857 572 999 604 Gentiles
1022 582 1089 603 non
1120 572 1267 603 exhiberi.

191 618 324 649 Fallitur
355 618 451 648 etiam
488 617 651 648 Echardus
684 616 740 658 qui
772 622 863 656 putat
894 616 1033 656 praefata
1061 617 1267 648 miscellanea

192 663 298 702 capita
317 662 367 693 vel
383 663 515 703 priores
539 670 607 692 esse
624 661 826 701 quaestiones
846 661 974 692 Tertiae
981 662 1090 701 partis
1105 661 1145 692 de
1158 661 1268 692 divina

191 706 434 744 Incarnatione,
454 706 505 737 vel
527 705 753 743 Quaestionem
774 705 858 735 inter
875 706 1067 745 Disputatas
1082 705 1122 736 de
1143 706 1269 736 Unione

197 750 290 781 Verbi
312 751 492 782 Incarnati.

259 794 380 826 Veneta
403 801 587 825 sanctorum
611 793 737 824 Ioannis
761 799 792 824 et
814 793 905 824 Pauli
929 793 1120 825 bibliotheca
1144 794 1268 824 codices

193 838 276 870 duos
299 839 450 880 possidet,
468 838 524 880 qui
540 848 684 878 graecam
702 836 882 868 versionem
903 837 1047 868 eiusdem
1063 838 1177 878 Operis
1193 848 1268 869 con-

192 882 302 914 tinent.
335 884 444 914 Ambo
479 882 632 913 chartacei
664 888 758 919 sunt,
791 881 869 912 alter
901 892 1036 913 numero
1067 892 1108 924 27
1133 889 1164 913 et
1191 882 1269 913 alter

190 936 282 958 num.
307 937 349 969 72
383 933 522 958 notatus.
547 927 681 957 Librum
713 925 843 956 tertium
875 932 906 957 et
929 933 1080 966 quartum
1111 926 1269 966 posterior

191 970 291 1002 codex
314 971 545 1012 complectitur.
569 970 698 1001 Titulos
722 969 844 1010 accipe:
868 969 966 1013 Θομὸἰ
982 969 1045 1001 τοῦ
1063 967 1267 1013 σοφωτάτου

190 1026 230 1059 γε
258 1013 374 1052 ονότος
397 1016 550 1051 λατίνοις
574 1007 786 1045 διδασκάλου
811 1011 986 1059 θεολογίας
1003 1013 1100 1045 κατα
1117 1012 1265 1049 ἐλλῆνων

189 1061 228 1090 Βι
252 1061 324 1091 λίον
350 1061 479 1103 τρίτον;
510 1060 659 1096 Thomae,
681 1058 908 1098 sapientissimi
925 1059 1014 1099 apud
1029 1059 1147 1089 latinos
1162 1059 1267 1099 magi—

189 1106 252 1136 stri
274 1105 472 1145 theologiae,
501 1108 614 1133 contra
641 1102 782 1132 Gentiles
810 1101 891 1132 liber
913 1103 1037 1133 tertius.
1062 1101 1130 1133 Τοῦ
1155 1101 1266 1133 αὑτοῦ

190 1147 297 1189 Θωμὸἱ
317 1146 415 1179 κατὰ
437 1144 585 1182 ἐλλῆνων
609 1144 742 1184 Βιβλίον
777 1142 972 1187 τέταρτον;
1005 1147 1159 1177 Eiusdem
1188 1147 1268 1177 1710-

190 1202 263 1224 mae
285 1197 399 1223 contra
425 1191 567 1222 Gentiles
589 1191 670 1221 liber
691 1194 838 1231 quartus.
863 1191 1026 1231 Integrum
1042 1197 1214 1231 utrumque
1230 1190 1266 1220 li-

190 1237 286 1268 brum
308 1245 417 1277 graece
439 1245 568 1266 versum
591 1234 732 1265 continet
755 1233 864 1265 codex.

257 1280 344 1311 Libri
367 1286 506 1321 quatuor
538 1285 659 1310 exstant
690 1279 724 1309 in
747 1277 855 1309 codice
888 1278 1012 1318 priore,
1043 1285 1080 1309 ut
1112 1278 1264 1319 sequitur.

190 1325 214 1356 1.
238 1323 306 1356 Τοῦ
319 1321 534 1368 βσοφιιιπιίτόυ
558 1322 676 1366 Θωμᾶ,
702 1321 766 1354 τοῦ
791 1320 887 1366 παραὶ
905 1322 1065 1366 ῥωμαίοις
1088 1321 1266 1366 Μαίστρου

189 1368 252 1406 τῆς
278 1366 367 1412 ἱερᾶς
393 1367 460 1400 τῶν
494 1367 705 1412 Χριστιανῶν
737 1364 921 1442 γεῖονότος
955 1365 1154 1412 θεολογίας,
1191 1367 1266 1410 περὶ

189 1413 252 1451 τῆς
270 1412 304 1445 ὲν
322 1412 367 1455 τῇ
384 1410 551 1454 καθολικῇ
577 1413 691 1444 πίστει
718 1411 782 1447 ἀλη
807 1412 890 1452 είας,
907 1411 966 1442 καὶ
990 1410 1087 1443 κατά
1106 1409 1266 1455 αἱρέσεων

190 1457 256 1491 τῶν
283 1457 445 1489 ἐναντίων
463 1456 522 1501 μὲν
549 1455 643 1498 αὑτῇ
655 1465 662 1496 ;
688 1457 924 1498 Sapientissimi
943 1457 1092 1494 Thomae,
1109 1458 1165 1497 qui
1179 1456 1269 1496 apud

189 1503 308 1534 latinos
326 1502 400 1544 fuit
421 1511 536 1533 sacrae
559 1502 809 1533 christianorum
834 1501 1014 1542 theologiae
1036 1502 1211 1542 magister,
1228 1501 1268 1531 de

190 1547 368 1580 catholicae
380 1547 466 1588 fidei
488 1547 624 1578 veritate
652 1551 683 1576 et
712 1551 826 1577 contra
848 1546 998 1576 haereses
1020 1555 1104 1585 quae
1125 1546 1175 1576 illi
1196 1546 1266 1586 qui-

188 1591 260 1623 dem
284 1591 512 1622 adversantur.
536 1591 608 1622 Vox
630 1589 821 1633 Μαὶστρος,
848 1589 914 1620 sive
936 1589 1126 1631 Μαίστρου,
1152 1589 1267 1630 legitur

187 1635 222 1666 in
238 1635 402 1667 Glossario
417 1635 458 1666 ad
473 1634 639 1675 scriptores
655 1635 778 1665 mediae
799 1641 830 1666 et
850 1633 980 1664 infimae
993 1634 1167 1674 graecitatis
1181 1634 1271 1674 apud

188 1679 404 1720 Ducangium.
412 1679 516 1711 Verba
523 1679 587 1718 illa,
597 1678 657 1709 καὶ
667 1677 764 1710 κατὰ
775 1675 932 1722 αἱρέσεων
944 1684 975 1709 et
983 1684 1097 1709 contra
1107 1679 1266 1716 haereses,

188 1723 330 1755 indicant
352 1730 504 1765 quartum
527 1723 641 1763 Operis
664 1724 793 1762 librum,
808 1723 864 1765 qui
886 1729 996 1754 contra
1018 1723 1172 1760 haereses,
1188 1732 1268 1763 quas

188 1768 374 1800 heterodoxi
402 1767 577 1799 commenti
602 1774 695 1806 sunt,
723 1774 810 1798 totus
833 1767 1014 1798 insumitur.
1038 1766 1123 1797 Hinc
1154 1766 1268 1797 frustra

188 1812 364 1850 Echardus,
388 1812 519 1843 titulum
543 1811 681 1842 similem
704 1811 821 1842 codicis
844 1811 987 1842 Vaticani
1010 1820 1193 1848 recensens,
1218 1812 1267 1841 in-

188 1856 362 1888 dicandum
380 1856 538 1887 Romanis
560 1855 720 1896 relinquit,
736 1855 833 1896 quale
851 1865 931 1896 opus
943 1856 995 1886 sit.
1014 1855 1051 1885 11.
1069 1854 1136 1885 Τοῦ
1155 1853 1266 1885 αὐτοῦ

187 1897 393 1944 σοφωτάτου
417 1899 524 1942 Θωμᾶ
545 1898 679 1938 Βιβλίον
703 1899 750 1938 Β;
777 1900 917 1930 eiusdem
940 1900 1168 1939 sapientissimi
1188 1900 1267 1930 ΤΙιο-

186 1954 260 1976 mae
273 1945 355 1976 liber
368 1944 539 1975 secundus.
563 1942 616 1974 111.
634 1941 849 1988 Παρέκβολαι
868 1942 904 1974 ἐκ
921 1943 984 1975 τοῦ
1004 1941 1101 1975 κατσὶ
1118 1941 1266 1979 ἑλλῆνων

187 1990 305 2033 τρίτου
329 1987 483 2028 Βιβλίου,
510 1987 573 2020 τοῦ
597 1986 802 2032 σοφωτάτου
832 1987 954 2030 Θωμᾶἰ
984 1985 1069 2031 ἅπερ
1094 1987 1132 2019 ἐκ
1158 1988 1264 2025 τῆς...

184 2027 370 2065 διαλέκτου
388 2031 433 2070 εἰς
452 2031 517 2068 τήν
535 2026 667 2064 ἑλλάδα
685 2031 882 2075 μετ-ἤνεικεν
900 2033 916 2064 ὁ
935 2030 1137 2076 σοφώτατος
1153 2031 1265 2077 κύριος

185 2075 378 2122 Δημήτριος
405 2077 421 2109 ὁ
444 2071 622 2117 Κυδῶνηςς
657 2078 822 2119 Excerpta
851 2088 892 2109 ex
915 2079 1009 2109 tertio
1042 2078 1122 2108 libro
1154 2084 1267 2109 contra

189 2121 332 2154 Gentiles
364 2123 591 2163 sapientissimi
634 2122 791 2160 Thomae,
822 2132 907 2163 quae
943 2132 985 2153 ex
1018 2122 1120 2153 latino
1147 2132 1269 2164 graece

189 2167 357 2199 transtulit
379 2167 634 2208 sapientissimus
647 2167 835 2197 Demetrius
855 2166 1032 2208 Cydonius.
1058 2166 1111 2198 IV.
1124 2189 1132 2198 .
1145 2189 1152 2197 .
1166 2190 1174 2197 .
1200 2165 1266 2197 Τοῦ

187 2208 393 2256 σοφωτάτου
416 2209 524 2254 Θωμᾶ
547 2208 676 2250 βιβλίον
694 2209 735 2242 τὸ
753 2210 788 2242 Δ.
818 2208 904 2253 ἅπερ
930 2209 967 2242 ἐκ
992 2210 1056 2247 τῆς
1081 2210 1149 2241 τῶν
1165 2211 1265 2242 λατί-

186 2265 249 2287 νων
272 2249 458 2287 διαλέκτου
483 2254 529 2292 εἰς
554 2254 620 2291 τήν
645 2249 778 2286 ἑλλάδα
795 2253 993 2297 μετήνεικεν
1020 2255 1036 2286 ὁ
1062 2266 1264 2299 σοφωτατος

184 2300 244 2332 καὶ
267 2300 482 2345 λογιωτατος
507 2297 625 2341 Κύριος
646 2298 836 2344 Δημήτριος
862 2300 878 2331 ὁ
898 2293 1073 2339 Κυδώνης;
1090 2301 1265 2341 Sapientis-

185 2346 260 2377 simz'
287 2346 426 2376 Thomae
449 2345 530 2376 liber
553 2350 699 2386 quartus.
710 2368 734 2376 ..
746 2369 753 2376 .
770 2345 826 2376 Ex
848 2346 950 2376 latino
964 2355 1086 2386 graece
1102 2347 1197 2376 vertit
1211 2355 1266 2377 sa-

179 2391 404 2431 pientissimus
426 2394 458 2420 et
479 2389 716 2420 eruditissimus
737 2390 924 2421 Demetrius
949 2390 1127 2431 Cydonius.

253 2434 386 2465 Mutilus
409 2440 456 2464 est
478 2441 609 2475 quartus
641 2433 692 2465 hic
720 2434 799 2464 liber
833 2434 975 2475 itemque
999 2434 1167 2465 secundus.
1197 2434 1263 2464 Pri-

186 2487 260 2509 mus
284 2484 315 2509 et
337 2478 447 2509 tertius
471 2478 573 2518 capita
603 2477 860 2518 complectuntur
888 2478 1013 2516 omnia,
1038 2484 1074 2508 ut
1096 2478 1129 2508 in
1158 2488 1262 2508 exem-

187 2522 250 2563 plis
272 2522 397 2553 latinis:
422 2521 484 2552 alia
507 2529 614 2553 tamen
637 2522 757 2562 integre
779 2522 813 2553 in
836 2532 986 2562 graecum
1013 2522 1178 2560 translata,
1203 2522 1263 2553 alia

186 2576 255 2598 non
278 2566 407 2607 integra.
434 2566 470 2596 In
493 2566 575 2597 libro
598 2566 691 2597 tertio
714 2566 816 2607 capita
839 2566 1014 2605 nonnulla,
1038 2576 1120 2608 quae
1145 2566 1263 2597 omissa

186 2611 260 2642 loco
284 2620 345 2641 suo
370 2610 504 2649 fuerant,
528 2611 562 2641 in
585 2610 656 2641 libri
679 2611 763 2641 calce
786 2610 906 2641 adiecta
928 2611 1086 2651 leguntur.
1112 2611 1196 2641 Hinc
1215 2611 1262 2641 bis

186 2655 265 2686 haec
294 2655 389 2686 verba
419 2652 518 2691 τέλος
551 2653 614 2685 τοῦ
647 2655 764 2698 τρίτου
797 2653 927 2694 βιβλίου
960 2654 1023 2686 τοῦ
1056 2652 1260 2697 σοφωτάτου

185 2697 312 2742 emp-33
334 2706 365 2730 et
380 2699 496 2730 iterum
519 2697 617 2736 τέλος
643 2699 706 2731 τοῦ
723 2700 841 2741 τρίτου
859 2698 989 2740 βιβλίου
1011 2699 1074 2732 τοῦ
1091 2701 1260 2743 μακαρίου

185 2742 238 2774 Θω
269 2743 303 2776 ἃ.

241 2754 389 2820 μὲι-εοεαε
411 2788 565 2819 versionis
587 2794 750 2819 auctorem
773 2788 838 2819 iam
860 2788 948 2819 vides
969 2790 1170 2820 Demetrium
1196 2789 1261 2830 Cy-

183 2833 334 2871 donium,
359 2842 456 2873 quem
480 2833 575 2864 etiam
598 2833 723 2864 exhibet
746 2833 845 2864 codex
860 2833 962 2873 regiae
978 2833 1187 2864 bibliothecae
1201 2834 1260 2864 Pa-

183 2877 321 2908 risiensis
345 2877 431 2917 apud
453 2877 646 2908 Echardum.
671 2877 758 2908 Cum
777 2884 886 2908 autem
900 2878 934 2908 in
950 2878 1111 2908 codicibus
1128 2884 1159 2908 et
1174 2879 1261 2918 apud

186 2920 458 2958 Cantacuzenum,
483 2921 604 2952 dictum
625 2922 826 2952 Demetrium
850 2922 960 2962 legerit
974 2923 1019 2953 10.
1036 2922 1185 2953 Albertus
1201 2923 1259 2953 Fa-

184 2964 312 3003 bricius,
331 2964 347 2995 ὁ
363 2958 524 3004 Κυδῶνης
543 2966 759 3006 colligendum
775 2976 842 2997 esse
856 2973 948 3006 putat
962 2966 1043 2997 libro
1054 2967 1093 2998 V.
1108 2966 1258 2998 Biblioth.

186 3018 326 3049 graecae,
351 3009 452 3049 capite
473 3020 560 3048 me,
584 3020 674 3041 num.
695 3010 714 3040 8
732 3010 775 3041 ita
798 3011 999 3041 Demetrium
1026 3011 1135 3051 potius
1150 3011 1257 3051 appel-

185 3053 305 3090 latum,
323 3063 421 3094 quam
447 3053 629 3094 Cydonium
654 3065 672 3084 a
696 3054 842 3096 Cydonia
865 3055 969 3085 insula
993 3055 1115 3086 Cretae.
1131 3057 1176 3086 At
1198 3055 1259 3086 Ve-

186 3097 266 3127 netis
294 3096 328 3127 in
351 3096 512 3128 codicibus
545 3098 660 3129 nostris
683 3099 798 3130 dicitur
827 3099 1007 3130 Demetrius
1042 3098 1058 3130 ὀ
1086 3092 1255 3136 Κυδώνης.

185 3141 267 3173 Utut
290 3150 356 3171 sese
379 3150 428 3171 res
450 3141 580 3180 habeat,
616 3142 799 3183 Cydonium
831 3143 1022 3183 cognomine
1050 3144 1181 3184 proprio
1205 3155 1259 3184 ap-

185 3185 340 3226 pellatum
362 3184 454 3215 illum
484 3185 673 3217 arbitrantur
695 3187 792 3228 aliqui
821 3187 937 3229 aliique
960 3198 979 3218 a
1005 3188 1155 3229 Cydonia
1182 3188 1258 3219 Cre-

186 3235 255 3268 tae,
280 3229 335 3260 ubi
359 3229 559 3260 domicilium
581 3229 738 3262 habuerit:
763 3231 876 3272 hisque
904 3233 1181 3263 thessalonicensis
1203 3243 1258 3272 pa-

184 3274 242 3305 tria
266 3273 393 3304 auditur
416 3280 447 3304 et
469 3273 518 3304 his
542 3274 752 3316 byzantinus,
775 3282 812 3306 ut
830 3276 982 3307 admonet
995 3276 1082 3307 idem
1097 3277 1259 3307 Fabricius

183 3318 258 3349 loco
282 3318 386 3349 citato.
411 3318 507 3348 Lucis
530 3327 627 3348 usura
650 3319 754 3350 adhuc
777 3319 938 3351 fruebatur
953 3330 1038 3351 anno
1058 3320 1151 3360 1384.
1167 3321 1259 3351 Hanc

183 3362 230 3392 illi
253 3372 398 3403 graecam
420 3362 599 3392 versionem
622 3362 802 3394 adiudicant
825 3364 1016 3395 Guillelmus
1040 3364 1136 3403 Cave,
1152 3365 1259 3395 Fabri-

184 3406 250 3437 cius
275 3406 450 3448 caeterique
474 3406 641 3447 scriptores
665 3406 870 3448 frequentius.
905 3407 1048 3439 Consule
1063 3408 1257 3447 Echardum,

184 3451 239 3492 qui
262 3451 354 3493 plura
378 3451 480 3482 docet.

666 3574 772 3582 ww

327 3687 396 3720 Opp.
416 3688 446 3713 D.
462 3688 576 3712 Tamna
595 3688 627 3712 T.
647 3689 664 3712 1.

2256 293 2397 319 chxxv

1715 353 1915 391 CAPUT
1944 355 2012 392 IV.

1325 459 1502 485 Solidissimae
1521 459 1601 485 sancti
1615 459 1736 486 Thomae
1754 461 1885 487 doctrinae
1903 462 2036 495 specimen
2055 463 2081 488 in
2100 471 2132 488 eo
2150 472 2309 498 argumento,
2329 469 2399 500 quod

1397 495 1540 528 Religionis
1564 496 1692 521 revelatae
1715 497 1850 522 veritatem
1875 502 1986 530 spectat:
2012 506 2041 523 ac
2066 498 2151 531 primo
2175 505 2280 526 naturae
2303 502 2399 529 lumine

1395 538 1448 555 non
1467 538 1560 556 omnes
1578 536 1690 564 possunt
1702 532 1823 558 veritates
1838 533 1869 558 ad
1883 533 1968 558 Deum
1982 533 2138 566 pertinentes
2153 534 2322 562 innotescere.
2336 538 2399 563 Istas

1395 566 1511 591 revelare
1536 566 1646 599 gramito
1670 567 1759 593 favore
1777 568 1859 600 potuit
1883 568 1969 594 Deus:
1992 569 2107 602 itemque
2135 570 2197 595 alias
2221 579 2288 604 quae
2306 574 2400 599 eodem

1395 606 1501 626 naturae
1520 602 1618 627 lumine
1637 602 1784 635 investigari
1803 609 1921 636 possunt.
1937 604 2066 637 Utrasque
2080 605 2165 638 reipsa
2179 614 2332 640 supremum
2347 609 2399 633 Nu-

1395 644 1456 661 men
1475 637 1606 662 revelavit.
1625 637 1766 671 Perperam
1784 638 1946 670 obiiciantur,
1966 647 2033 672 quae
2051 641 2175 673 mysteria
2193 643 2306 668 revelata
2325 643 2400 669 iacta-

1395 672 1456 696 bant
1475 672 1591 697 Gentiles
1610 681 1640 698 ac
1658 673 1751 698 iactant
1769 674 1950 699 Mahometani.
1971 675 2072 700 Rationi
2091 677 2198 702 naturali
2222 678 2329 703 adversa
2347 687 2400 704 non

1395 712 1456 732 sunt
1474 707 1598 740 mysteria
1616 707 1676 733 fidei
1696 709 1856 734 christianae.
1881 710 1964 743 Supra
1989 710 2073 743 ipsam
2097 712 2224 737 rationem
2247 714 2398 739 attolluntur

1395 750 1425 767 ac
1443 742 1562 768 ordinem
1581 743 1738 769 constituunt
1756 749 1846 770 natura
1865 745 1979 778 qualibet
1996 751 2080 771 creata
2098 748 2269 780 superiorem.

1323 841 1346 872 Ι.
1368 835 1590 917 Doctrinae
1622 841 1831 872 solidissimae
1855 848 1886 872 et
1908 843 2032 882 amplae
2052 844 2236 876 eruditionis
2252 846 2398 878 Thomae

1450 885 1630 925 AquinatiS,
1650 895 1732 926 quae
1748 886 1782 916 in
1801 886 1862 916 hoc
1879 887 2046 917 adversum
2061 888 2202 919 Gentiles
2217 890 2322 930 Opere
2338 891 2398 922 ful-

1321 937 1407 969 gent,
1433 929 1594 970 specimen
1618 929 1762 959 exhibere
1785 929 1818 959 in
1843 939 1881 959 eo
1905 930 1984 960 mihi
2007 931 2099 962 liceat
2114 934 2231 964 summi
2249 935 2398 975 ponderis

1321 980 1528 1014 argumento,
1561 973 1650 1013 quod
1686 973 1851 1013 negotium
1874 974 2047 1014 Religionis
2083 977 2236 1008 revelatae
2269 986 2396 1019 spectat.

1321 1020 1411 1048 Aevo
1435 1017 1540 1058 priore
1572 1026 1608 1047 ac
1637 1017 1814 1047 novissimo
1845 1025 2016 1058 eruperunt
2038 1019 2185 1051 homines
2208 1022 2318 1063 impii,
2342 1024 2398 1065 qui

1320 1062 1453 1092 Deistae
1476 1060 1626 1098 audiunt,
1650 1070 1750 1091 unam
1779 1061 1972 1101 profitentes,
1997 1063 2022 1092 si
2045 1063 2088 1093 ita
2111 1065 2241 1105 quidem
2265 1067 2314 1106 sit,
2339 1078 2397 1099 na-

1322 1105 1460 1136 turalem
1485 1114 1584 1145 quam
1615 1111 1730 1135 vocant
1751 1105 1953 1146 Religionem
1959 1114 1972 1144 ;
1995 1116 2191 1149 omnemque
2223 1112 2398 1143 revelatam

1321 1148 1509 1179 inficiantur.
1535 1148 1819 1179 Luculentissimae
1838 1150 2024 1189 prodierunt
2050 1152 2227 1192 apologiae,
2244 1165 2325 1195 quae
2339 1166 2396 1186 no-

1321 1193 1383 1223 bile
1406 1199 1632 1233 argumentum
1665 1192 1799 1232 eleganti
1823 1193 1997 1232 methodo,
2027 1196 2204 1227 eruditione
2228 1199 2399 1239 omnigena

1321 1244 1352 1268 et
1374 1237 1493 1268 invicto
1526 1236 1687 1267 rationum
1710 1237 1825 1267 robore
1857 1244 2054 1277 pertractant.
2080 1240 2167 1277 Quid
2192 1241 2288 1272 vero?
2310 1243 2399 1275 Nihil

1321 1281 1432 1322 utique
1456 1281 1594 1319 dictum,
1619 1281 1708 1322 quod
1731 1281 1896 1321 ingenium
1919 1282 2065 1313 Thomae
2089 1293 2154 1314 non
2179 1292 2250 1317 ante
2274 1288 2395 1328 excogi-

1320 1325 1430 1356 taverit
1453 1325 1626 1366 paucisque
1648 1325 1751 1356 verbis
1774 1335 1840 1356 non
1864 1327 2056 1366 expresserit.

1388 1369 1447 1400 Rei
1469 1369 1648 1410 periculum
1671 1369 1771 1400 facere
1795 1376 1945 1410 praestat,
1962 1380 1999 1400 ex
2014 1381 2099 1410 uno,
2124 1383 2190 1414 quo
2210 1374 2248 1405 de
2262 1375 2396 1415 agimus,

1321 1414 1427 1455 Opere
1459 1413 1581 1445 selectis
1614 1414 1817 1455 collectisque
1841 1415 2051 1446 documentis.
2075 1418 2123 1447 Ac
2154 1418 2259 1457 primo
2283 1420 2398 1451 consti-

1321 1458 1490 1497 tuendum,
1514 1465 1644 1489 naturae
1675 1458 1798 1489 lumine
1826 1468 1892 1489 non
1922 1468 2034 1490 omnes
2066 1470 2160 1500 posse
2192 1462 2335 1494 veritates
2359 1464 2399 1494 ad

1321 1503 1427 1534 Deum
1451 1502 1642 1543 pertinentes
1661 1502 1866 1533 innotescere.
1886 1503 1984 1540 Quod
1999 1510 2116 1535 notum
2132 1514 2397 1548 compertumque

1322 1553 1358 1578 ut
1379 1546 1445 1585 fiat,
1469 1547 1536 1577 duo
1560 1553 1635 1577 sunt
1657 1547 1698 1576 ad
1721 1556 1852 1577 examen
1882 1548 2035 1579 vocanda.
2063 1549 2150 1586 Quid
2171 1551 2215 1581 sit
2237 1553 2399 1583 naturalis

1321 1592 1418 1629 ratio,
1439 1591 1607 1628 Quaenam
1627 1592 1698 1621 eius
1716 1592 1831 1622 vires?
1846 1591 1903 1622 llla
1918 1599 1976 1630 est,
1991 1592 2080 1623 cuius
2097 1593 2299 1635 principium,
2310 1597 2399 1637 quod

1322 1635 1418 1666 etiam
1440 1635 1551 1666 lumen
1573 1635 1750 1675 appellatur
1783 1636 1821 1666 ab
1845 1635 1934 1674 aliis,
1963 1646 2000 1667 ex
2022 1637 2188 1669 sensilibus
2221 1639 2397 1671 desumitur

1322 1679 1495 1720 creansque
1518 1680 1622 1710 rebus.
1647 1680 1728 1710 Rem
1752 1686 1887 1710 creatam
1910 1680 1973 1711 hoc
1995 1681 2068 1712 loco
2092 1683 2277 1723 praecipue,
2301 1685 2398 1715 maxi-

1322 1733 1439 1765 meque
1461 1723 1604 1764 intelligo
1630 1731 1765 1754 creatam
1783 1724 1887 1764 ipsam
1901 1732 2043 1756 mentem
2059 1726 2190 1767 eiusque
2206 1728 2396 1768 affectiones,

1321 1778 1400 1809 quas
1424 1767 1538 1798 intimo
1563 1768 1674 1798 saltem
1702 1778 1796 1798 sensu
1830 1775 1884 1799 aut
1914 1779 1970 1809 per
2000 1770 2224 1802 conscientiam
2248 1773 2314 1804 sine
2338 1774 2395 1804 du-

1322 1812 1388 1850 bio,
1411 1812 1531 1842 viribus
1554 1812 1666 1842 nativis
1689 1812 1779 1843 novit
1801 1813 1958 1853 Angelus,
1981 1814 2032 1844 vel
2054 1815 2160 1846 anima
2183 1824 2324 1857 separata
2346 1818 2397 1849 vel

1321 1856 1444 1895 homo,
1477 1863 1572 1897 atque
1604 1856 1705 1896 magis
1738 1856 1908 1898 minusque
1940 1867 2082 1898 expressa
2111 1859 2278 1892 reflexione
2302 1872 2396 1893 nosse

1321 1900 1414 1931 valet.
1438 1900 1524 1932 Hinc
1547 1900 1691 1931 Thomas
1715 1900 1759 1931 ait
1781 1901 1863 1931 libro
1888 1902 1911 1940 1,
1936 1902 2037 1942 capite
2055 1914 2100 1942 m,
2123 1914 2214 1935 num.
2233 1913 2267 1936 2:
2291 1908 2396 1946 Ange-

1322 1945 1372 1976 lus
1390 1954 1454 1985 per
1476 1955 1569 1976 suam
1589 1945 1819 1983 substantiam,
1845 1955 1944 1986 quam
1966 1947 2072 1986 novit,
2101 1949 2133 1978 in
2156 1949 2220 1979 Dei
2243 1951 2396 1991 cognitio-

1323 1999 1394 2020 nem
1418 1989 1550 2020 ducitur
1573 1990 1720 2020 naturali
1738 1990 1940 2030 cognitione:
1956 2000 2132 2032 eorumque
2149 1993 2297 2024 notitiam
2311 2004 2398 2025 com-

1322 2040 1422 2074 parat,
1447 2043 1522 2064 cum
1545 2033 1661 2075 quibus
1685 2034 1910 2074 cognationem
1932 2035 2026 2066 habet
2049 2042 2104 2067 aut
2119 2037 2315 2069 relationem.
2337 2039 2397 2070 Par

1322 2085 1369 2109 est
1392 2078 1515 2109 animae
1540 2085 1698 2119 separatae
1723 2085 1753 2109 et
1776 2078 1916 2109 hominis
1939 2079 2034 2110 ratio:
2065 2090 2101 2111 ac
2124 2088 2282 2122 praeterea
2305 2084 2397 2114 intel-

1322 2123 1424 2154 lectus
1457 2124 1559 2154 nostri
1588 2123 1763 2154 secundum
1796 2123 1925 2154 modum
1951 2126 2137 2164 praesentis
2167 2127 2251 2157 vitae
2282 2125 2398 2169 (verbis

1322 2173 1395 2198 utor
1419 2167 1562 2198 eiusdem
1585 2167 1753 2208 Aquinatis
1768 2167 1841 2198 loco
1857 2167 1974 2210 citato)
1996 2170 2137 2210 cognitio
2154 2170 2249 2201 etiam
2264 2181 2285 2201 a
2299 2181 2396 2202 sensu

1321 2213 1449 2252 incipit:
1478 2211 1529 2242 vel
1553 2222 1595 2242 ex
1617 2212 1712 2242 rebus
1739 2211 1940 2243 sensibilibus
1970 2210 2025 2255 (ut
2048 2213 2091 2244 ait
2114 2214 2214 2254 capite
2237 2214 2314 2258 vm)
2337 2217 2396 2247 hu—

1321 2266 1419 2287 mana
1449 2257 1533 2287 ratio
1565 2257 1759 2297 cognitionis
1780 2257 1979 2296 principium
2006 2258 2113 2288 sumit.
2138 2258 2295 2290 Naturalis
2319 2270 2394 2301 ergo

1321 2310 1358 2331 ea
1380 2307 1448 2331 esto
1472 2300 1588 2331 mentis
1612 2307 1730 2331 creatae
1754 2300 1910 2340 cognitio,
1935 2300 2026 2332 cuius
2049 2302 2242 2342 pdncipium
2267 2311 2323 2335 aut
2344 2304 2394 2336 lu-

1320 2355 1395 2375 men
1418 2355 1456 2375 ex
1479 2344 1548 2385 ipsa
1570 2351 1677 2375 mente
1701 2351 1802 2375 creata
1824 2345 1982 2386 rebusque
2005 2346 2172 2377 sensilibus
2194 2347 2347 2380 hauritur.

1386 2389 1445 2419 His
1468 2389 1518 2419 vel
1542 2389 1591 2419 sui
1614 2388 1715 2429 ipsius
1738 2389 1788 2419 vel
1811 2398 1918 2419 rerum
1933 2389 2097 2420 sensilium
2116 2390 2306 2423 foecundata
2321 2403 2391 2433 per-

1319 2433 1518 2473 ceptionibus
1542 2439 1597 2463 aut
1625 2433 1704 2463 ideis
1727 2439 1830 2464 creata
1851 2443 1959 2472 mens,
1983 2434 2064 2464 vires
2087 2435 2182 2466 exerit
2205 2436 2302 2476 paulo
2327 2437 2392 2468 effi-

1319 2477 1473 2516 caciores,
1498 2478 1537 2508 ad
1561 2476 1637 2508 alias
1667 2477 1807 2518 aliasque
1840 2478 2068 2518 comparandas
2097 2479 2244 2511 notiones
2268 2491 2390 2521 rerum,

1318 2531 1400 2562 quae
1425 2528 1499 2552 sunt
1522 2531 1693 2559 connexae,
1717 2522 1768 2552 vel
1791 2521 1908 2552 similes
1931 2522 1982 2553 vel
2005 2523 2101 2554 etiam
2120 2525 2303 2564 contrariae,
2327 2526 2390 2556 sin-

1316 2566 1440 2606 gulares
1464 2572 1495 2597 et
1523 2576 1712 2597 communes
1736 2576 1771 2596 ac
1794 2566 1894 2606 magis
1926 2566 2098 2608 minusque
2130 2569 2271 2609 amplas:
2295 2570 2391 2611 idque

1317 2609 1450 2641 efficitur
1472 2610 1642 2650 multiplici
1665 2611 1908 2651 quodammodo
1932 2611 2089 2650 facultate,
2106 2622 2187 2653 quae
2211 2614 2308 2653 adest,
2325 2625 2390 2645 am-

1316 2654 1469 2695 pliatione
1492 2661 1523 2686 et
1545 2654 1782 2693 imminutione,
1805 2654 2021 2686 transferendo
2046 2663 2076 2687 et
2099 2658 2389 2698 accommodando,

1316 2699 1536 2739 aggregatione
1560 2706 1591 2730 et
1613 2699 1833 2738 abstractione,
1850 2700 2087 2740 comparatione
2103 2708 2134 2732 et
2148 2702 2322 2733 ratiocinio.
2337 2703 2390 2734 Ad

1316 2743 1423 2774 divina
1446 2753 1522 2775 curn
1544 2743 1733 2783 adsurgitur,
1758 2743 1852 2775 ducta
1875 2744 1914 2774 ab
1930 2744 2090 2776 effectibus
2106 2747 2387 2786 argumentatione,

1315 2788 1432 2828 duplex
1464 2788 1525 2818 alia
1553 2794 1678 2828 praesto
1711 2794 1757 2819 est
1780 2787 1928 2827 facultas,
1958 2788 2134 2820 adfirmatio
2170 2797 2200 2821 et
2231 2791 2383 2822 remotio:

1315 2842 1453 2873 quarum
1476 2832 1572 2863 altera
1594 2833 1664 2863 Deo
1688 2832 1898 2863 adtribuimus
1921 2833 2129 2873 perfectiones
2156 2844 2283 2873 omnes,
2308 2845 2387 2875 quas

1314 2876 1416 2908 inesse
1433 2876 1580 2908 creaturis
1596 2876 1876 2917 deprehendimus:
1893 2877 2052 2918 simulque
2068 2878 2193 2908 alterius
2208 2889 2270 2919 ope
2284 2889 2303 2909 a
2316 2879 2386 2910 Deo

1314 2931 1517 2952 removemus
1542 2928 1755 2952 creaturarum
1773 2921 2036 2961 imperfectiones.
2051 2922 2132 2952 Rem
2147 2922 2228 2953 hanc
2244 2923 2386 2964 plerique

1314 2965 1450 2996 illustres
1473 2965 1659 3006 philosophi
1683 2965 1920 3005 diligentissime
1939 2973 2146 3006 exequuntur.
2163 2967 2211 2997 De
2226 2967 2325 3007 longo
2341 2968 2385 2998 la—

1314 3016 1413 3050 toque
1436 3010 1609 3040 admonere
1632 3016 1777 3050 praestat,
1802 3010 1891 3050 quod
1912 3010 2053 3050 Angelos
2078 3010 2158 3041 inter
2180 3021 2216 3041 ac
2238 3011 2386 3043 homines

1313 3054 1476 3085 intercedit
1500 3054 1685 3092 discrimen;
1709 3064 1783 3084 nam
1806 3053 1873 3084 istis
1895 3053 2078 3094 imperfecta
2097 3055 2293 3086 ratiocinatio
2310 3066 2385 3087 con-

1313 3098 1410 3136 venit,
1433 3108 1498 3139 qua
1520 3099 1559 3129 ab
1575 3098 1691 3138 ignotis
1707 3099 1747 3128 ad
1762 3098 1888 3129 notiora
1903 3098 2124 3138 procedimus:
2142 3099 2309 3139 perfectior
2323 3100 2385 3131 illis

1313 3142 1467 3173 adseritur
1490 3142 1660 3181 discursus,
1684 3152 1782 3183 quem
1805 3143 1974 3173 virtualem
1999 3143 2169 3182 appellant,
2193 3144 2312 3185 absque
2335 3155 2384 3176 ac-

1313 3193 1408 3218 tuum
1430 3187 1672 3227 multiplicitate.
1697 3187 1738 3217 Et
1760 3187 1837 3217 haec
1860 3186 1933 3217 satis
1956 3186 2087 3217 innuere
2110 3187 2172 3218 hoc
2194 3188 2279 3219 loco.

1381 3231 1463 3261 Illud
1493 3237 1539 3261 est
1567 3230 1747 3261 firmissime
1777 3231 1970 3269 tenendum,
2003 3231 2179 3262 naturalem
2210 3239 2383 3263 creatarum

1313 3275 1472 3305 mentium
1507 3274 1595 3305 illam
1624 3285 1691 3305 esse
1721 3274 1955 3315 cognitionem,
1985 3275 2075 3306 cuius
2104 3276 2296 3316 principium
2329 3284 2384 3308 aut

1313 3319 1423 3349 lumen
1448 3318 1584 3349 sumitur
1607 3329 1644 3349 ex
1662 3319 1739 3359 ipsis
1759 3319 1867 3349 creatis
1885 3319 2046 3350 mentibus
2069 3320 2119 3350 vel
2143 3330 2179 3350 ex
2200 3321 2294 3351 rebus
2313 3330 2381 3351 sen-

1313 3363 1466 3393 sibilibus:
1482 3363 1627 3403 adeoque
1641 3363 1816 3394 naturalem
1832 3373 1938 3394 rerum
1954 3363 2086 3394 aliarum
2109 3374 2144 3394 ac
2159 3364 2220 3394 Dei
2235 3364 2382 3395 creatoris

1314 3406 1530 3446 cognitionem
1558 3416 1782 3437 commensum
1804 3407 1918 3437 habere
1942 3418 2016 3438 cum
2039 3408 2132 3438 rebus
2154 3407 2231 3448 ipsis
2262 3409 2381 3448 creatis,

1313 3460 1350 3480 ex
1380 3450 1496 3490 quibus
1526 3450 1670 3481 nativum
1699 3451 1809 3481 lumen
1839 3451 1991 3482 hauritur.
2022 3452 2104 3481 Rem
2133 3451 2166 3481 in
2196 3452 2390 3484 hominibus.

1313 3493 1458 3533 explanat
1481 3500 1606 3524 sanctus
1636 3494 1780 3525 Thomas
1804 3495 1816 3524 Ι
1840 3505 1890 3535 p.,
1916 3505 1971 3535 qu.
1991 3505 2112 3534 Lxxxrv,
2137 3502 2192 3526 att.
2214 3506 2257 3526 vn
2280 3497 2320 3527 ad
2347 3498 2380 3528 3:

1311 3538 1520 3578 Incorporea,
1544 3537 1702 3578 inquiens,
1726 3548 1862 3579 quorum
1888 3548 1951 3570 non
1974 3544 2050 3570 sunt
2067 3540 2308 3579 phantasmata,
2329 3551 2380 3573 co-

1311 3587 1516 3622 gnoscuntur
1538 3592 1558 3612 a
1583 3582 1672 3613 nobis
1693 3592 1757 3622 per
1784 3584 2054 3624 comparationem
2084 3584 2128 3615 ad
2150 3594 2286 3625 corpora
2309 3595 2380 3616 sen-

1310 3626 1428 3664 sibilia,
1452 3636 1590 3666 quorum
1612 3631 1689 3658 sunt
1705 3627 1948 3667 phantasmata.
1982 3627 2072 3659 Sicut
2095 3629 2260 3660 veritatem
2285 3627 2380 3672 (quae

2203 3700 2237 3724 24
