2788 4204
900 239 1283 276 POSTERIORUM
1310 239 1740 278 ANALYTICORUM
1770 242 1863 278 LIB.
1896 243 1909 278 I

1430 318 1657 367 praedicata,
1687 327 1801 368 prout
1819 320 1880 357 hic
1899 329 2112 369 sumuntur,
2135 334 2180 358 ex
2205 322 2424 359 necessitate
2444 322 2498 359 in—

1431 379 1518 408 sunt
1537 372 1660 418 rebus,
1683 373 1731 409 de
1751 373 1888 421 quibus
1907 374 2182 422 praedicantur.

1488 426 1520 461 5.
1551 425 1703 471 Tertio;
1733 426 1803 462 ibi:
1837 428 1911 463 Per
1941 439 1981 463 se
2012 433 2136 464 autem
2171 435 2252 474 etc„
2288 440 2336 464 ne
2365 428 2497 476 aliquis

318 240 390 276 180

67 330 114 351 *az
130 328 173 350 sed
186 334 279 353 sec-m:
309 310 539 355 conveniunt
568 318 621 355 eis
639 330 708 366 per
728 331 779 364 se,
804 326 840 354 et
854 319 874 339 '¹‘
889 318 1102 355 secundum
1122 317 1228 365 quod
1247 317 1329 365 ipsa
1349 315 1373 353 ὃ.

67 354 277 417 ἓῖτῖῗιῖοἱκ’“8εᾱ
310 372 414 408 Sicut
441 372 565 408 omnis
594 371 686 420 lapis
717 372 903 408 coloratus
933 379 1002 416 est;
1033 382 1110 406 non
1130 378 1259 406 tamen
1280 371 1300 391 '¹‘
1320 382 1375 406 se-

65 443 279 464 *Tamenom.en.
309 424 478 461 cundum
516 425 620 473 quod
658 424 750 472 lapis
778 425 811 470 ³¹⁶,
849 424 916 460 sed
951 422 1162 460 secundum
1200 423 1305 470 quod
1332 424 1375 444 *²1*

68 472 76 480 ·
96 476 125 490 o:
145 469 225 496 lapis,
245 471 282 490 est

66 496 195 522 coloratus,
213 495 264 516 sed.

65 524 86 533 ·”
93 522 204 544 Codd.-r:
213 521 277 549 quod

65 549 140 576 ipsum
156 550 194 569 est
207 552 251 570 etc.

67 607 76 615 '
87 606 175 627 Codd.·
183 611 224 627 ru:
239 605 277 626 de.

66 633 75 642 ⁶
86 632 150 653 Lect.
160 631 275 659 praeced„

65 665 89 697 θ’.
97 659 172 706 ξἓὶοάἀ.
185 686 242 709 (exc.
250 690 279 705 aa

68 713 134 737 unsl:
150 711 211 732 unde
226 717 277 732 ma-

66 738 133 785 ggae<
160 738 201 759 sed
231 743 277 758 non

160 417 174 433 0

309 486 363 514 est
394 478 635 526 superficiem
663 478 819 513 habens.

360 543 397 578 4.
429 531 622 576 Secundo;
653 529 718 565 ibi:
748 530 996 577 Manifestum
1022 529 1138 578 igitur
1161 536 1244 574 etc„
1265 529 1374 565 infert

307 584 503 632 quoddam
533 583 772 620 corollarium
802 595 846 619 ex
870 582 997 627 dictis,
1028 582 1156 618 dicens
1185 582 1301 630 quod,
1328 594 1373 619 ex

307 649 384 685 quo
413 637 624 674 universale
654 643 720 682 est,
749 636 854 683 quod
882 647 951 684 per
979 647 1019 671 se
1049 635 1159 680 inest3
1189 647 1287 683 quae
1307 647 1371 671 au-

306 698 382 726 tem
402 703 470 739 per
498 702 537 726 se
557 690 682 725 insunt
702 701 746 725 ex
765 689 785 710 *
803 688 1023 726 necessitate
1043 688 1180 734 insunt,
1197 696 1238 724 ut
1257 701 1372 737 supra

306 751 499 780 ostensum
516 750 571 779 est
587 743 622 787 ’²⁴;
644 742 887 779 manifestum
901 742 940 763 ³⁸*
951 750 1005 778 est
1024 741 1130 789 quod
1144 741 1372 778 universalia

356 961 378 996 δ)
400 962 459 987 Non
479 961 638 986 conveniunt
656 961 693 986 eis
714 966 761 986 etc.
781 962 852 986 Haec
865 962 939 986 lectio
955 961 1051 993 integra
1065 961 1139 985 datur
1151 969 1165 985 a
1179 960 1236 985 cod.
1251 961 1285 991 M,
1300 968 1370 985 earn-

304 1006 355 1031 que
380 998 547 1030 adoptamus,
573 1001 628 1021 tum
652 997 712 1029 quia
739 996 864 1021 indicatur
883 1004 898 1021 a
916 996 1065 1021 s.Thoma:
1092 996 1124 1021 de
1146 996 1289 1028 aliquibus,
1315 1001 1370 1020 tum

303 1034 363 1066 quia
381 1033 435 1058 erui
454 1037 539 1065 potest
557 1040 588 1057 ex
607 1032 661 1057 aliis
681 1032 820 1057 codicibus.
832 1032 893 1057 -P:
918 1040 968 1058 non
989 1031 1148 1057 conveniunt
1170 1032 1195 1056 ei
1213 1039 1266 1063 per
1283 1039 1325 1060 se,
1345 1034 1371 1056 et

301 1069 444 1094 secundum
464 1068 535 1100 quod
549 1068 634 1100 ipsum
648 1071 696 1092 est.
715 1068 765 1092 Sed
785 1071 824 1093 est
837 1067 963 1092 omittitur
976 1076 991 1092 a
1005 1067 1088 1097 codd„
1102 1074 1155 1092 exc.
1170 1067 1201 1098 N,
1216 1067 1260 1099 qui
1278 1067 1370 1092 habet:

303 1112 354 1129 non
373 1104 532 1129 conveniunt
549 1103 664 1128 subiecto
682 1110 732 1135 per
745 1110 772 1128 se
791 1107 817 1128 et
830 1103 974 1128 secundum
989 1103 1060 1135 quod
1079 1102 1163 1135 ipsum
1178 1105 1226 1128 est.
1245 1103 1318 1127 Hanc
1332 1103 1368 1127 le-

303 1140 414 1164 ctionem
434 1139 581 1172 adoptarem
597 1139 619 1163 si
638 1138 679 1163 alii
698 1138 799 1163 codices
814 1138 1024 1163 consentirent.-
1034 1138 1083 1162 HK
1097 1139 1186 1170 legunt
1203 1138 1296 1170 partim
1311 1146 1369 1163 cum

302 1175 335 1205 M,
351 1182 459 1207 nempe,
479 1182 530 1199 non
549 1174 708 1199 conveniunt
726 1174 777 1205 eis,
802 1174 896 1207 partim
916 1182 974 1198 cum
998 1174 1053 1198 aliis
1073 1174 1162 1204 codd.‚
1181 1173 1311 1204 videlicet,
1331 1181 1370 1199 se-

301 1210 416 1236 cundum
436 1210 508 1243 quod
526 1210 620 1242 ipsum.
794 1214 801 1219 ·

357 1255 369 1268 α
382 1245 461 1275 Patet,
481 1245 565 1278 inquit
583 1245 607 1270 b.
620 1245 744 1269 Albertus
762 1244 866 1278 Magn„
885 1244 956 1277 quod
975 1244 1024 1269 hoc
1043 1244 1113 1277 quod
1133 1244 1189 1268 dico
1209 1244 1241 1269 de
1254 1244 1326 1269 omni
1345 1249 1370 1269 et

303 1293 315 1305 ›
332 1288 384 1314 per
395 1288 423 1306 se
437 1281 595 1306 conditiones
613 1285 674 1305 sunt
692 1280 828 1313 praedicati
842 1281 937 1304 relatae
951 1285 1038 1304 tamen
1057 1279 1088 1303 ad
1103 1279 1260 1309 subiectum3
1280 1279 1305 1304 id
1325 1287 1369 1304 au-

303 1327 316 1341 »
337 1324 389 1343 tem
408 1317 550 1342 secundum
570 1316 641 1348 quod
660 1316 746 1348 ipsum
765 1319 812 1344 est,
832 1321 872 1341 est
891 1315 1015 1340 condictio
1035 1314 1156 1339 subiecti:
1177 1319 1206 1339 ut
1220 1315 1253 1339 sit
1267 1322 1368 1346 sensus,

303 1362 316 1377 x
337 1353 409 1386 quod
421 1352 566 1376 universale
580 1351 613 1376 sit
625 1351 732 1376 alicuius
747 1351 853 1375 subiecti
867 1350 1043 1383 praedicatum
1056 1350 1088 1374 de
1101 1349 1159 1382 ipso
1174 1351 1261 1383 quoad
1275 1358 1368 1375 omnes

303 1400 316 1412 2»
337 1394 423 1422 partes
438 1387 553 1418 subiecti,
573 1395 625 1411 non
640 1387 783 1411 secundum
802 1387 873 1418 quod
888 1391 974 1418 partes
988 1390 1056 1415 sunt,
1076 1386 1123 1409 sed
1138 1386 1282 1410 secundum
1297 1386 1368 1418 quod

303 1435 316 1447 ›
337 1424 506 1449 univocantur
524 1428 549 1447 et
566 1422 689 1447 uniuntur
707 1421 733 1446 in
752 1421 835 1446 forma
853 1421 948 1454 speciei
967 1420 1128 1452 communis;
1149 1425 1174 1445 et
1192 1428 1239 1454 per
1257 1428 1294 1451 se,
1314 1421 1368 1446 sive

302 1469 316 1484 »
337 1458 512 1488 essentialiter,
528 1458 562 1482 ita
575 1457 694 1482 convenit
707 1457 829 1481 omnibus
844 1457 959 1490 partibus
974 1455 1090 1487 subiecti,
1105 1456 1175 1488 quod
1190 1456 1293 1480 cuilibet
1307 1463 1367 1480 con-

302 1505 316 1519 »
335 1495 407 1520 venit
420 1494 445 1518 in
459 1498 584 1526 quantum
599 1497 649 1517 stat
662 1492 711 1516 sub
730 1492 813 1517 forma
832 1491 939 1525 speciei,
959 1496 984 1516 et
1003 1499 1054 1515 non
1074 1492 1219 1516 secundum
1238 1491 1309 1524 quod
1329 1497 1368 1516 est

303 1542 315 1554 :o
337 1529 504 1555 determinata
528 1529 554 1552 in
573 1528 714 1552 substantia
733 1532 758 1552 et
775 1527 859 1552 forma
878 1527 982 1560 partis»
1008 1527 1052 1558 (ln
1071 1527 1081 1551 I
1100 1527 1202 1552 Foster.
1227 1527 1365 1560 analytic„

300 1571 371 1591 tract.
391 1566 426 1595 ll,
446 1572 501 1596 cap.
520 1571 567 1593 111,
588 1564 612 1588 in
631 1563 816 1595 princ.-Opp.
836 1568 900 1587 tom.
919 1563 942 1592 l,
962 1570 1020 1595 pag.
1042 1561 1087 1594 541
1099 1562 1117 1595 ).

353 1600 374 1635 ε)
394 1601 436 1625 Ne
453 1599 549 1632 aliquis
567 1599 688 1623 crederet
706 1603 782 1623 etc.—
794 1598 857 1628 GQ:
878 1605 910 1623 ne
926 1598 985 1630 quis
1001 1598 1122 1623 crederet
1135 1602 1196 1629 etc.;
1211 1598 1247 1622 L:
1267 1604 1299 1622 ne
1317 1598 1366 1622 ali-

300 1637 358 1670 quis
376 1635 496 1662 crederet
514 1635 585 1667 quod
606 1634 632 1658 in
656 1633 808 1666 definitione
830 1634 986 1658 universalis
1009 1633 1120 1658 dixerat
1141 1633 1217 1658 aliud
1237 1640 1292 1658 esse
1315 1640 1367 1665 per

299 1680 327 1698 se
346 1677 410 1702 etc.;
434 1671 472 1695 M:
488 1677 520 1695 ne
538 1669 632 1702 aliquis
646 1669 767 1695 crederet
785 1669 861 1694 aliud
879 1669 951 1702 quod
970 1674 1035 1700 etc.;
1055 1669 1092 1693 N:
1107 1675 1140 1693 ne
1158 1669 1255 1701 aliquis
1273 1669 1364 1694 crede-

300 1712 342 1733 ret
356 1708 488 1732 diversum
503 1712 558 1730 esse
569 1705 641 1738 quod
659 1709 706 1729 etc.
723 1705 875 1729 Retinemus
890 1705 1003 1735 Pianam,
1018 1712 1085 1737 quae
1103 1709 1144 1729 est
1163 1704 1238 1729 lectio
1256 1704 1366 1729 aliorum

299 1744 374 1768 codd.
918 1755 922 1758 .
1358 1765 1360 1767 q

351 1778 376 1811 ζ)
397 1778 433 1802 Et
455 1785 469 1802 e
491 1783 617 1802 converso
641 1776 778 1808 triangulo
797 1780 874 1800 etc.—-
888 1775 952 1800 Cod.
971 1776 1007 1800 A:
1030 1778 1057 1800 et
1079 1774 1365 1800 ita.·-BCDEGHIKL

299 1814 408 1839 MOST:
427 1816 454 1838 et
467 1820 481 1838 e
495 1819 621 1838 converso
633 1812 669 1844 (R
683 1819 736 1836 om.
751 1818 765 1836 e
778 1811 919 1844 converso)
939 1811 1077 1844 triangulo
1091 1816 1139 1835 etc.
1147 1818 1154 1842 ;
1169 1811 1206 1835 N:
1221 1811 1364 1836 secundum

298 1849 370 1883 quod
387 1849 465 1874 linea.
481 1848 611 1872 Similiter
626 1847 715 1879 primo
736 1846 872 1880 triangulo
885 1846 976 1871 insunt
990 1847 1043 1871 duo
1062 1846 1128 1871 recti
1142 1851 1189 1871 etc.
1199 1854 1206 1878 ;
1228 1846 1262 1871 P:
1286 1849 1313 1871 et
1330 1846 1365 1871 si-

298 1885 397 1910 militer
415 1884 552 1916 triangulo
568 1887 615 1907 etc.
635 1882 807 1907 Praetulimus
826 1889 841 1907 e
858 1889 985 1908 converso
1006 1882 1080 1906 codd.
1099 1882 1136 1915 τῷ
1153 1881 1277 1907 similiter
1295 1881 1366 1912 PNQ

298 1926 324 1946 et
341 1922 378 1954 τῷ
397 1920 435 1945 ita
450 1919 507 1944 cod.
526 1919 586 1943 Α.-
599 1918 701 1942 Etenim
720 1926 742 1942 s.
755 1917 872 1942 Thomas
897 1917 1002 1950 exponit
1021 1917 1187 1942 Aristotelem
1210 1917 1364 1950 probantem

298 1964 344 1989 per
357 1955 474 1988 exempla
487 1961 539 1986 per
557 1961 585 1979 se
604 1958 629 1978 et
647 1953 790 1978 secundum
810 1953 882 1986 quod
900 1953 984 1985 ipsum
998 1952 1067 1977 idem
1080 1960 1147 1977 esse.
1161 1953 1188 1977 ln
1203 1953 1288 1986 primo
1302 1960 1365 1985 ergo

298 1992 417 2024 exemplo
431 1990 489 2015 dicit
508 1989 578 2022 quod
596 1994 720 2022 punctum
735 1989 803 2013 inest
817 1989 898 2013 lineae
911 1996 958 2021 per
970 1996 1013 2019 se,
1033 1988 1059 2013 in
1073 1988 1157 2021 primo
1171 1988 1250 2013 modo
1265 1988 1364 2013 dicendi

298 2035 345 2060 per
358 2035 394 2057 se,
408 2031 434 2051 et
452 2025 500 2059 ipsi
519 2025 586 2050 inest
604 2025 729 2049 rectitudo
741 2025 783 2049 vel
796 2023 906 2049 curvitas
925 2024 951 2049 in
970 2024 1085 2048 secundo
1104 2024 1184 2048 modo
1199 2023 1299 2048 dicendi
1317 2031 1365 2056 per

298 2070 335 2092 se,
350 2062 413 2095 quia
427 2067 482 2086 tum
497 2065 622 2094 punctum
637 2065 692 2085 turn
707 2060 833 2084 rectitudo
847 2059 936 2084 insunt
954 2059 1036 2084 lineae
1049 2059 1192 2084 secundum
1207 2059 1279 2092 quod
1292 2059 1364 2091 ipsa,

298 2105 345 2122 seu
364 2097 507 2122 secundum
526 2096 596 2129 quod
616 2096 682 2120 linea
700 2100 777 2120 est.-
791 2096 819 2120 ln
838 2095 953 2120 secundo
972 2095 1092 2127 exemplo
1116 2095 1175 2119 dicit
1197 2095 1269 2127 quod
1287 2095 1364 2119 triam

297 2134 360 2165 gulo
379 2133 521 2158 secundum
537 2131 608 2164 quod
623 2132 723 2164 ipsum,
738 2138 785 2156 seu
800 2131 943 2156 secundum
953 2131 1024 2163 quod
1033 2130 1176 2163 triangulus
1187 2135 1235 2161 est,
1245 2130 1366 2155 convenit

296 2168 392 2193 habere
415 2173 468 2193 tres
487 2167 597 2199 angulos
621 2167 736 2192 valentes
760 2167 826 2191 duos
849 2171 951 2197 rectos,
974 2166 1037 2199 quia
1058 2165 1155 2191 habere
1178 2171 1230 2191 tres
1254 2166 1364 2198 angulos

298 2204 400 2228 duobus
419 2203 495 2228 rectis
515 2203 636 2235 aequales
651 2210 703 2234 per
721 2209 748 2227 se
763 2202 831 2227 inest
848 2202 986 2233 triangulo.
1005 2201 1043 2226 Ex
1062 2201 1157 2234 quibus
1171 2201 1246 2226 tacite
1260 2202 1364 2227 conclu-

297 2240 365 2264 ditur
381 2239 452 2272 quod
470 2246 522 2271 per
535 2245 563 2263 se
575 2243 600 2263 et
613 2238 757 2263 secundum
776 2237 848 2270 quod
866 2237 951 2270 ipsum
971 2237 1040 2262 idem
1059 2242 1127 2261 sunt.
1143 2237 1220 2267 Quod
1235 2242 1289 2262 erat
1304 2245 1363 2270 pro-

297 2275 419 2299 bandum.
438 2275 487 2299 Sed
502 2278 562 2298 nota
576 2274 647 2306 quod
662 2273 688 2298 in
702 2273 786 2306 primo
805 2273 926 2306 exemplo
939 2279 992 2305 per
1009 2279 1037 2298 se
1055 2272 1162 2297 infertur
1175 2280 1206 2297 ex
1219 2273 1363 2298 secundum

296 2310 368 2343 quod
387 2310 480 2342 ipsum.
491 2309 517 2334 in
530 2309 646 2334 secundo
660 2313 746 2334 autem
765 2309 885 2342 exemplo
900 2308 1043 2334 secundum
1063 2308 1135 2341 quod
1153 2308 1238 2340 ipsum
1258 2308 1366 2334 infertur

297 2353 327 2370 ex
341 2353 393 2378 per
411 2352 447 2370 se.
466 2345 535 2378 Ergo
554 2351 569 2369 e
586 2351 712 2370 converso
731 2349 771 2369 est
789 2344 944 2376 legendum,
964 2343 1047 2376 magis
1067 2351 1145 2376 quam
1161 2343 1292 2369 similiter.

351 2381 378 2405 ln
397 2380 504 2413 gratiam
523 2379 679 2405 novitiorum
698 2379 876 2404 subnectimus
896 2379 1009 2404 Schema
1027 2379 1145 2404 omnium
1165 2379 1304 2404 modorum
1324 2379 1364 2404 di-

295 2416 373 2442 cendi
391 2416 485 2449 quibus
504 2416 640 2440 utebantur
664 2414 808 2440 scholastici
828 2415 853 2439 in
871 2414 1019 2440 ordinandis
1045 2414 1279 2448 propositionibus,
1298 2422 1366 2448 quae

298 2451 508 2477 demonstrationi
528 2450 678 2476 inserviunt.

744 2519 895 2554 ‚scuEMA

348 2593 367 2617 1.
388 2592 449 2618 Dici
468 2592 500 2617 de
519 2591 598 2621 omni,
618 2596 695 2624 prout
713 2598 745 2616 eo
763 2591 843 2615 utitur
862 2591 1060 2621 demonstratio,
1080 2597 1120 2617 est
1140 2592 1245 2625 quando
1264 2593 1364 2625 praedi-

296 2633 380 2653 catum
399 2628 432 2652 ita
450 2627 566 2652 subiecto
584 2626 723 2651 universali
742 2626 869 2656 tribuitur,
883 2632 913 2651 ut
931 2626 1050 2651 absolute
1070 2635 1122 2652 non
1142 2627 1174 2652 sit
1188 2628 1304 2660 accipere
1318 2628 1363 2653 ali-

295 2664 366 2697 quod
385 2663 529 2688 subiectum
549 2662 597 2687 sub
612 2662 657 2687 illo
671 2661 811 2687 universali
826 2661 949 2694 positum,
964 2661 1005 2687 cui
1020 2662 1106 2695 ipsum
1121 2662 1296 2695 praedicatum
1310 2671 1362 2688 non

294 2699 428 2724 conveniat
447 2698 593 2723 necessario
612 2697 699 2730 (Lect.
715 2705 747 2728 ix,
762 2705 788 2722 n.
803 2705 828 2729 4,
844 2697 919 2730 seq.).
1348 2697 1357 2702 '

348 2734 376 2759 ll.
397 2734 459 2759 Dici
472 2741 524 2766 per
541 2740 569 2758 se
588 2738 628 2758 est
647 2734 751 2766 quando
774 2733 800 2757 in
819 2732 996 2766 propositione
1021 2733 1196 2765 praedicatum
1220 2733 1312 2758 dicitur
1330 2734 1362 2759 de

294 2769 410 2795 subiecto
429 2769 526 2794 ratione
544 2769 626 2802 ipsius
651 2767 771 2799 subiecti,
790 2769 831 2792 vel
852 2767 996 2792 secundum
1015 2767 1140 2793 rationem
1163 2768 1300 2799 existendi,
1319 2770 1361 2794 vel

294 2805 437 2830 secundum
456 2805 582 2830 rationem
597 2812 689 2829 causae
707 2803 830 2834 formalis,
850 2802 996 2833 materiam,
1016 2802 1149 2828 efficientis
1168 2809 1210 2829 aut
1223 2803 1360 2829 cuiuscun-

293 2848 345 2874 que
360 2840 464 2865 alterius
484 2840 572 2873 (Lect.
585 2848 613 2870 x,
633 2848 658 2864 n.
675 2840 813 2872 2).-Sunt
831 2846 893 2871 ergo
913 2843 1023 2871 quatuor
1041 2839 1111 2863 modi
1131 2839 1230 2864 dicendi
1245 2847 1291 2872 per
1305 2847 1342 2865 se.

351 2884 371 2900 1.
391 2876 492 2901 Parmos
510 2883 596 2900 nonus
611 2875 710 2900 dicendi
725 2882 776 2908 per
793 2881 820 2900 se
833 2879 872 2899 est
886 2874 991 2906 quando
1006 2874 1039 2899 de
1053 2874 1169 2899 subiecto
1183 2874 1273 2900 dicitur
1287 2883 1360 2907 prae-

295 2911 406 2936 dicatum
417 2911 488 2944 quod
502 2916 543 2936 est
554 2911 595 2936 vel
609 2910 665 2935 eius
678 2909 790 2936 definitio
804 2909 899 2942 (homo
913 2912 954 2934 est
966 2909 1068 2934 animal
1082 2910 1213 2935 rationale
1215 2910 1246 2942 ),·
1257 2910 1299 2935 vel
1314 2910 1360 2935 ali-

293 2947 356 2980 quid
376 2947 408 2972 de
426 2947 482 2972 eius
501 2945 648 2972 definitione
667 2946 763 2978 (homo
776 2948 816 2971 est
828 2945 943 2974 animan·
960 2945 1011 2976 vel,
1025 2945 1103 2970 homo
1115 2948 1155 2971 est
1169 2945 1335 2978 rationalis).

346 2981 378 3006 N.
393 2983 422 3007 Β.
442 2982 515 3012 Quae
538 2981 717 3015 praedicantur
741 2981 767 3006 in
785 2981 835 3006 hoc
854 2980 938 3013 primo
957 2980 1037 3005 modo
1061 2988 1114 3005 non
1137 2985 1198 3005 sunt
1222 2981 1360 3007 accidentia

294 3017 410 3047 subiecti,
430 3018 476 3042 sed
495 3016 658 3042 constitutiva
677 3017 733 3042 eius
752 3015 1046 3042 essentialia.—Primus
1065 3015 1113 3041 iste
1131 3016 1226 3041 modus
1241 3016 1360 3042 dividitur

294 3053 319 3077 in
340 3053 412 3077 duos.

346 3088 374 3119 a)
388 3088 489 3112 Primus
504 3088 598 3112 modus
613 3087 711 3112 dicendi
725 3095 771 3120 per
786 3095 814 3112 se
823 3087 915 3120 primo
938 3091 977 3111 est
991 3087 1096 3119 quando
1119 3094 1172 3112 non
1185 3087 1272 3112 solum
1285 3095 1359 3120 prae-

294 3123 404 3148 dicatum
424 3128 464 3148 est
483 3123 514 3148 de
533 3121 689 3148 definitione
704 3122 825 3154 subiecti,
851 3123 898 3148 sed
917 3122 950 3146 ita
968 3122 1094 3155 adaequat
1117 3122 1261 3147 subiectum
1280 3127 1309 3147 ut
1327 3122 1360 3148 sit

294 3158 458 3183 convertibile
477 3166 536 3183 cum
551 3165 591 3183 eo.
606 3158 660 3183 Ex.:
676 3157 765 3183 Homo
776 3161 816 3183 est
827 3157 984 3186 rationalis;
1002 3157 1126 3183 rationale
1139 3163 1180 3183 est
1192 3157 1360 3183 convertibile

293 3201 352 3218 cum
371 3193 484 3225 homine,
503 3193 571 3227 quia,
594 3193 677 3218 Omne
695 3193 827 3219 rationale
845 3197 885 3219 est
902 3192 988 3218 homo.

347 3229 372 3262 b)
391 3229 493 3254 Primus
516 3229 611 3254 modus
637 3229 735 3254 dicendi
754 3235 800 3261 per
819 3236 848 3254 se
866 3228 981 3254 secundo
1005 3233 1044 3254 est
1063 3229 1168 3262 quando
1186 3228 1359 3261 praedicatum

294 3269 334 3288 est
352 3264 457 3297 quidem
477 3265 509 3289 de
530 3263 677 3289 definitione
700 3263 821 3294 subiecti,
847 3264 893 3289 sed
912 3272 965 3288 non
984 3269 1024 3289 est
1048 3264 1215 3289 convertibile
1239 3271 1300 3289 cum
1319 3271 1359 3289 eo.

293 3299 353 3324 Ex.:
373 3300 461 3324 Homo
479 3303 519 3325 est
536 3300 650 3330 attinnt-⁴15
669 3307 720 3324 non
739 3299 907 3324 convertitur:
930 3299 1014 3325 Omne
1031 3299 1133 3325 animal
1149 3302 1189 3325 est
1200 3299 1287 3325 homo.

349 3342 371 3359 2.
391 3335 527 3360 Sacnnnns
545 3342 631 3360 nonos
650 3334 749 3360 dicendi
763 3342 816 3367 per
833 3341 862 3360 se
875 3339 915 3359 est
929 3335 1034 3367 quando
1051 3335 1195 3360 subiectum
1209 3339 1250 3360 est
1267 3335 1300 3360 de
1314 3335 1360 3360 de-

293 3368 408 3394 finitione
425 3370 569 3403 praedicati.
589 3370 618 3395 E.
630 3378 666 3403 g„
679 3370 735 3395 Par
753 3373 793 3396 est
807 3377 932 3396 numerus
950 3370 1048 3396 habens
1066 3370 1197 3400 mediant,-
1215 3370 1359 3397 subiectam

294 3409 333 3429 est
351 3402 528 3437 numerus,'et
546 3405 687 3438 ingreditur
705 3404 879 3431 definitionem
894 3405 980 3437 paris.

347 3439 377 3464 N.
391 3440 420 3465 B.
440 3440 512 3472 Quae
530 3441 709 3474 praedicantur
727 3441 753 3466 in
767 3440 816 3466 hoc
830 3441 945 3466 secundo
959 3441 1040 3466 modo
1054 3448 1106 3466 non
1122 3446 1183 3466 sunt
1196 3440 1359 3467 constitutiva

294 3474 420 3500 essentiae
438 3475 552 3507 subiecti,
572 3476 618 3501 sed
637 3484 667 3501 ex
686 3476 798 3502 essentia
813 3476 936 3507 derivant,
956 3476 1004 3501 hoc
1024 3481 1071 3507 est,
1092 3481 1154 3502 sunt
1167 3476 1284 3501 eiusdem
1297 3476 1359 3502 sub-

294 3508 350 3533 iecti
365 3510 502 3542 passiones
515 3511 652 3543 propriae,
673 3519 719 3537 seu
733 3511 850 3544 propria
867 3511 1197 3537 accidentia-Secundus
1216 3511 1294 3537 etism
1310 3512 1359 3537 iste

294 3545 388 3569 modus
408 3545 527 3570 dividitur
545 3545 570 3570 in
590 3546 664 3571 duos.

348 3578 374 3613 a)
395 3580 528 3605 Secundus
547 3581 641 3606 modus
661 3581 759 3606 dicendi
778 3589 824 3614 per
843 3589 872 3606 se
886 3582 977 3614 primo
1001 3586 1041 3606 est
1061 3582 1165 3615 quando
1184 3581 1359 3615 praedicatum

1431 477 1600 515 crederet
1627 478 1727 515 aliud
1748 491 1829 516 esse
1854 480 1960 527 quod
1979 480 2018 516 in
2038 480 2256 517 definitione
2276 481 2497 518 universalis

1430 529 1593 567 dixerat‘
1598 543 1670 579 per
1682 543 1733 577 se,
1752 540 1787 568 et
1800 533 2003 569 secundum
2019 534 2120 581 quod
2133 534 2252 582 ipsum
2268 534 2360 580 est*,
2373 541 2496 571 osten-

1430 583 1482 620 dit
1494 584 1628 631 *quod
1637 596 1710 632 per
1727 597 1767 621 se
1786 593 1822 622 et
1839 586 2044 622 secundum
2059 587 2161 634 quod
2178 587 2298 635 ipsum
2318 593 2381 633 est,
2393 587 2498 628 idem

1430 644 1484 673 est
1501 637 1530 673 *.
1550 636 1655 673 Sicut
1668 637 1789 674 lineae
1804 650 1879 686 per
1891 650 1931 675 se
1950 638 2046 675 inest
2065 647 2250 687 punctum
2265 640 2391 689 primo
2412 653 2496 677 mo-

1429 689 1496 736 do,
1527 697 1564 726 et
1600 690 1783 727 rectitudo
1818 691 1987 728 secundo
2020 692 2158 729 modo:
2189 705 2279 730 narn
2307 701 2496 742 utrunque

1427 742 1524 778 inest
1543 742 1576 778 ei
1596 743 1808 780 secundum
1827 745 1933 792 quod
1952 744 2050 782 linea
2069 754 2135 782 est.
2157 746 2206 782 Et
2232 758 2252 782 e
2273 756 2460 783 converso
2483 746 2497 773 ζ

1426 961 1582 986 convertitur
1601 969 1660 986 cum
1679 962 1803 993 subiecto,
1818 963 1890 995 quod
1908 963 2013 996 ponitur
2031 963 2063 994 in.
2076 962 2223 989 definitione
2242 963 2306 989 eius.
2326 965 2387 990 Ex.:
2406 965 2495 995 Homo

1424 1000 1464 1021 est
1483 997 1590 1022 risibilis
1596 1005 1605 1026 ;
1624 998 1792 1023 convertitur:
1816 998 1899 1023 Omne
1918 998 2017 1024 risibile
2035 1002 2075 1024 est
2093 999 2180 1024 homo.

1479 1031 1504 1064 b)
1524 1033 1658 1057 Secundus
1678 1033 1773 1058 modus
1792 1033 1892 1058 dicendi
1906 1041 1952 1066 per
1966 1042 1996 1058 se
2008 1034 2124 1059 secundo
2138 1039 2179 1059 est
2201 1035 2306 1067 quando
2320 1035 2495 1068 praedicatum

1424 1074 1476 1091 non
1496 1068 1653 1093 convertitur
1672 1076 1731 1093 cum
1750 1069 1884 1098 subiecto,
1910 1070 1982 1102 quod
2000 1070 2105 1103 ponitur
2127 1070 2154 1094 in
2179 1070 2235 1095 eius
2257 1069 2414 1096 definitione.
2432 1071 2493 1096 Em:

1425 1102 1547 1128 Isosceles
1565 1103 1643 1128 habet
1662 1107 1716 1129 tres
1734 1104 1847 1137 angulos
1865 1105 1989 1137 aequales
2008 1105 2109 1130 duobus
2128 1106 2207 1131 rectis
2213 1113 2223 1135 ‚-
2245 1114 2298 1130 non
2322 1107 2486 1132 convertitur:

1427 1137 1511 1163 Omne
1528 1138 1625 1164 habens
1644 1142 1698 1164 tres
1716 1140 1829 1173 angulos
1847 1141 1971 1172 aequales
1989 1140 2091 1166 duobus
2110 1141 2189 1166 rectis
2207 1144 2247 1166 est
2264 1141 2392 1167 isosceles.

1479 1173 1501 1198 3.
1521 1173 1638 1199 ”rrimus
1656 1182 1742 1200 nonus
1762 1175 1859 1200 dicendi
1874 1182 1927 1207 per
1944 1182 1973 1201 se
1997 1180 2038 1201 est
2055 1176 2151 1201 modus
2169 1177 2307 1208 existendi,
2326 1185 2379 1202 non
2398 1178 2493 1203 modus
2530 1187 2534 1192 ’

1423 1209 1585 1241 praedicandi
1600 1210 1680 1241 (Lect.
1694 1218 1718 1240 x,
1738 1219 1764 1235 n.
1779 1209 1825 1243 6);
1846 1215 1973 1243 quatenus
1988 1219 2084 1244 nempe
2098 1211 2223 1244 significat
2241 1212 2338 1245 aliquid
2353 1220 2413 1238 esse
2425 1213 2451 1238 in
2465 1221 2494 1238 se

1423 1249 1449 1269 et
1467 1252 1519 1269 non
1539 1245 1565 1269 in
1583 1245 1635 1270 alio
1653 1250 1777 1278 tanquam
1796 1246 1821 1270 in
1841 1246 1966 1272 subiecto.

1475 1287 1502 1311 4.
1522 1280 1650 1311 Quam-us
1668 1288 1755 1306 nonus
1775 1281 1874 1306 dicendi
1887 1289 1940 1314 per
1958 1289 2001 1311 se,
2027 1282 2072 1314 qui
2090 1282 2181 1307 dicitur
2204 1283 2348 1308 secundum
2366 1283 2494 1309 rationem

1423 1316 1586 1347 causalitatis,
1606 1321 1646 1342 est
1664 1317 1768 1349 quando
1787 1317 1884 1349 aliquid
1903 1317 2023 1342 tribuitur
2037 1317 2110 1342 alicui
2123 1318 2247 1348 effective,
2262 1318 2288 1342 in
2302 1323 2430 1352 quantum
2443 1319 2494 1343 tale

1422 1357 1468 1374 seu
1487 1350 1636 1376 formaliter.
1659 1351 1714 1376 Ex.:
1733 1352 1854 1378 Medicus
1872 1356 1970 1378 sanat:
1993 1357 2068 1378 sanat
2090 1353 2159 1378 enim
2179 1356 2309 1386 quatenus
2327 1353 2444 1380 medims
2468 1357 2495 1380 et

1421 1392 1474 1410 non
1493 1389 1623 1418 quatenus
1641 1387 1723 1418 albus,
1743 1388 1859 1412 musicus
1878 1393 1926 1413 etc.

1474 1421 1505 1445 N.
1520 1421 1550 1446 B.
1570 1421 1654 1446 Etiam
1673 1422 1699 1446 in
1713 1423 1828 1447 secundo
1841 1423 1921 1448 modo
1935 1423 2081 1448 subiectum
2100 1424 2171 1456 quod
2184 1424 2288 1457 ponitur
2307 1424 2332 1449 in
2346 1423 2493 1450 definitione

1421 1456 1570 1488 praedicati,
1590 1461 1630 1481 est
1648 1465 1727 1482 causa
1745 1457 1881 1490 praedicati
1887 1465 1894 1488 ;
1918 1459 1988 1483 unde
2006 1459 2164 1491 quandoque
2187 1460 2317 1484 secundus
2341 1465 2367 1485 et
2384 1464 2492 1493 quartus

1420 1491 1516 1516 modus
1535 1491 1635 1516 dicendi
1654 1500 1701 1524 per
1719 1500 1748 1517 se
1767 1493 1922 1521 coincidunt.
1941 1494 2140 1526 Distinguuntur
2164 1499 2251 1519 tamen
2269 1495 2417 1525 formaliter,
2431 1495 2493 1528 quia
2509 1499 2515 1501 ⁴

1421 1525 1447 1550 in
1465 1527 1582 1551 secundo
1601 1528 1681 1552 modo
1700 1528 1838 1553 attenditur
1862 1529 1926 1554 ratio
1948 1529 2145 1561 praedicationis
2164 1530 2269 1555 fundata
2292 1530 2318 1556 in
2343 1529 2491 1556 definitione

1420 1561 1557 1594 praedicati
1580 1562 1732 1588 includentis
1756 1563 1900 1589 subiectum
1907 1571 1915 1594 ;
1940 1565 1987 1590 sed
2006 1564 2033 1589 in
2051 1570 2143 1598 quarto
2166 1566 2249 1590 modo
2265 1566 2403 1591 attenditur
2427 1566 2492 1591 rafio

1421 1597 1589 1628 causalitatis,
1605 1603 1732 1631 quatenus
1747 1606 1842 1632 nempe
1856 1599 2031 1632 praedicatum
2045 1598 2174 1632 dependet
2192 1601 2218 1625 in
2232 1608 2282 1625 suo
2294 1601 2492 1634 esseaproprio

1420 1632 1551 1663 subiecto,
1569 1638 1598 1657 ut
1617 1641 1631 1658 a
1651 1641 1727 1658 causa
1746 1634 1832 1666 (Lect.
1851 1634 1978 1667 praeced„
1996 1643 2023 1660 n.
2042 1643 2071 1668 7,
2091 1640 2145 1660 not.
2164 1635 2203 1669 ρ).

1473 1668 1513 1692 111.
1532 1668 1587 1693 Dici
1602 1672 1632 1693 ut
1646 1669 1801 1698 universale,
1816 1676 1863 1694 seu
1878 1670 2064 1695 universaliter
2076 1670 2118 1702 (in
2132 1669 2183 1695 hoc
2201 1670 2318 1704 metam)
2333 1675 2374 1696 est
2386 1671 2492 1704 quando

1420 1703 1594 1735 praedicatum
1619 1704 1710 1729 dicitur
1734 1705 1766 1729 de
1789 1705 1906 1730 subiecto
1923 1709 1953 1730 ut
1971 1705 2004 1731 de
2022 1705 2107 1735 omni,
2127 1710 2156 1730 ut
2169 1713 2222 1738 per
2238 1713 2279 1736 se,
2299 1711 2325 1731 et
2345 1707 2491 1732 secundum

1421 1739 1492 1771 quod
1511 1739 1605 1772 ipsum.

1472 1774 1500 1806 a)
1521 1774 1698 1800 Praedicatum
1719 1780 1780 1800 tunc
1796 1775 1887 1801 dicitur
1901 1776 1933 1801 de
1951 1776 2068 1801 subiecto
2082 1776 2225 1802 secundum
2241 1776 2314 1809 quod
2332 1777 2418 1809 ipsum
2430 1775 2491 1803 subss

1419 1809 1515 1834 lectum
1535 1814 1582 1839 est,
1602 1811 1708 1843 quando
1727 1816 1767 1836 est
1784 1819 1843 1836 cum
1857 1819 1888 1836 eo
1903 1811 2078 1836 convertibile.
2099 1812 2160 1837 Ex.:
2180 1812 2269 1837 Homo
2281 1815 2322 1838 est
2333 1812 2491 1843 rationalis,-

1419 1844 1497 1870 homo
1509 1849 1549 1871 est
1561 1846 1669 1872 risibilis
1674 1853 1682 1875 ,·
1701 1851 1896 1872 convertuntur:
1919 1846 2003 1872 Omne
2017 1847 2157 1876 rationale,
2177 1848 2227 1879 vel,
2237 1855 2315 1873 omne
2333 1847 2433 1874 risibile
2450 1852 2491 1874 est

1419 1880 1506 1905 homo.

1473 1916 1498 1948 b)
1518 1916 1588 1949 Ergo
1605 1917 1749 1942 secundum
1768 1917 1840 1950 quod
1858 1917 1943 1950 ipsum
1963 1917 2126 1950 distinguitur
2144 1926 2158 1943 a
2174 1925 2227 1950 per
2243 1925 2272 1944 se
2285 1918 2404 1945 absolute
2417 1927 2489 1945 sum-

1416 1955 1472 1987 pto,
1492 1959 1545 1976 non
1564 1952 1671 1985 quidem
1689 1960 1726 1983 re,
1740 1953 1787 1977 sed
1805 1952 1946 1978 formaliter
1964 1957 1990 1978 et
2008 1953 2106 1978 ratione
2120 1953 2198 1986 (sicut
2216 1961 2239 1979 e.
2254 1961 2279 1987 g.
2297 1954 2376 1980 homo
2391 1959 2418 1979 et
2429 1954 2488 1980 ani-

1419 1987 1473 2012 mal
1497 1986 1690 2020 distinguuntur
1713 1987 1739 2012 in
1758 1986 1859 2023 nobis),
1879 1988 1939 2021 qula
1963 1988 2106 2014 secundum
2130 1988 2202 2021 quod
2219 1989 2305 2021 ipsum
2325 1989 2397 2020 dicit,
2422 1990 2491 2016 sicut

1419 2021 1479 2053 dicit
1490 2029 1544 2054 per
1561 2029 1589 2048 se
1607 2023 1725 2048 absolute
1743 2028 1891 2056 sumptum,
1911 2024 2086 2056 praedicatum
2110 2031 2178 2049 esse.
2189 2024 2222 2049 de
2239 2025 2340 2050 ratione
2364 2025 2489 2058 subiecti,

1417 2058 1460 2082 vel
1479 2058 1624 2083 subiectum
1643 2065 1703 2083 esse
1721 2059 1754 2084 de
1771 2059 1870 2084 ratione
1890 2059 2036 2092 praedicati,
2055 2064 2081 2084 et
2098 2059 2213 2092 insuper,
2227 2060 2302 2093 quasi
2321 2060 2488 2087 differentiam

1418 2100 1493 2118 suam
1505 2093 1646 2127 propriam,
1656 2094 1726 2119 addit
1738 2094 1975 2120 convertibilitatem
1990 2094 2128 2127 praedicati
2143 2102 2202 2120 cum
2217 2095 2347 2122 subiecto:
2362 2103 2395 2122 eo
2408 2096 2488 2125 modo

1418 2136 1471 2162 quo
1489 2129 1569 2154 homo
1588 2130 1657 2154 addit
1676 2129 1808 2155 rationale
1827 2138 1907 2162 supra
1924 2130 2033 2155 animal.

1471 2164 1495 2197 c)
1515 2164 1585 2197 Ergo
1603 2165 1747 2191 secundum
1766 2166 1838 2198 quod
1852 2165 1946 2198 ipsum,
1961 2173 2047 2198 neque
2061 2172 2096 2195 re,
2111 2173 2197 2198 neque
2211 2165 2309 2192 ratione
2323 2165 2490 2200 distinguitur

1417 2208 1432 2224 a
1451 2200 1536 2233 primo
1554 2205 1580 2225 et
1598 2201 1713 2226 secundo
1727 2201 1811 2233 *modo
1830 2200 1929 2226 dicendi
1942 2208 1995 2233 per
2012 2207 2041 2226 se
2053 2201 2153 2233 primo.
2174 2199 2234 2231 Quo
2253 2209 2334 2227 sensu
2352 2201 2413 2227 dixit
2430 2201 2488 2228 An·-

1417 2236 1533 2266 stoteles‚
1553 2243 1632 2268 quern
1651 2244 1673 2260 a.
1683 2235 1800 2261 Thomas
1819 2236 1936 2269 sequitur
1954 2236 2004 2269 (Cf.
2015 2244 2040 2261 n.
2050 2235 2085 2271 5),
2105 2237 2175 2269 quod
2184 2243 2238 2269 per
2254 2244 2283 2263 se
2300 2241 2327 2263 et
2343 2237 2487 2263 secundun·

1418 2270 1490 2303 quod
1508 2270 1594 2303 ipswn
1613 2271 1683 2296 idem
1701 2272 1820 2297 est.-Et
1837 2271 1897 2297 hinc
1915 2276 1956 2296 est
1974 2271 2084 2305 quodid
2097 2272 2168 2305 quod
2181 2272 2302 2298 convenit
2314 2273 2431 2305 subiecto
2445 2280 2487 2299 so-

1418 2306 1532 2331 cundum
1551 2307 1623 2340 quod
1641 2307 1729 2340 ipsum
1743 2315 1789 2332 seu
1802 2307 1951 2333 universale
1965 2307 2057 2332 dicitur
2075 2315 2090 2332 a
2108 2315 2130 2332 s.
2140 2307 2244 2334 'rhome
2256 2313 2282 2333 et
2295 2315 2311 2333 ι
2322 2307 2487 2334 Scholasticis

1418 2341 1502 2367 eidem
1516 2342 1608 2374 primo
1627 2342 1765 2367 convenire
1783 2342 1839 2376 (Cf.
1854 2351 1879 2367 n.
1892 2341 1917 2373 6,
1933 2342 1999 2376 seq.)
2171 2341 2178 2343 “

1473 2377 1501 2410 d)
1521 2377 1693 2410 Distinguitur
1716 2378 1795 2410 igitur
1817 2378 1962 2404 secundum
1985 2378 2057 2411 quod
2075 2378 2160 2410 ipsum
2179 2386 2194 2404 a
2211 2377 2299 2412 primo
2322 2383 2349 2404 et
2371 2379 2487 2405 seeundo

1419 2413 1500 2438 modo
1519 2412 1617 2438 dicendi
1632 2420 1685 2445 per
1701 2420 1730 2439 se
1748 2413 1872 2439 secundo.

1473 2448 1543 2473 Haec
1561 2455 1591 2474 ex
1610 2448 1739 2481 praesenti
1764 2457 1793 2474 ac
1817 2449 2032 2482 praecedentibus
2057 2448 2211 2477 lectionibus
2235 2449 2409 2482 recolligenda
2427 2457 2487 2476 esse

1419 2483 1570 2509 censuimus
1579 2489 1608 2509 ut
1616 2484 1714 2510 formae
1724 2484 1823 2509 dicendi
1838 2484 2007 2510 scholasticae
2017 2484 2153 2518 tyronibus
2163 2485 2338 2510 innotescant:
2352 2493 2420 2519 quse
2428 2485 2487 2519 qui-

1420 2519 1479 2544 dem
1492 2518 1591 2544 formae
1604 2527 1657 2544 non
1675 2520 1708 2545 ad
1725 2527 1804 2544 vanas
1819 2520 1970 2545 subtilitates
1985 2520 2137 2545 adinventae
2150 2524 2218 2551 sunt,
2234 2520 2280 2545 sed
2294 2525 2323 2545 ut
2335 2520 2362 2545 in
2374 2520 2486 2546 scientiis

1420 2559 1554 2580 accuratus
1573 2562 1661 2580 sermo
1678 2554 1845 2586 adhibeatur,
1869 2555 1914 2588 qui
1938 2561 2064 2588 quantum
2087 2554 2203 2580 conferat
2225 2555 2257 2580 sd
2275 2555 2486 2589 perspicuitatem

1419 2589 1535 2615 idearum
1555 2595 1580 2615 et
1598 2591 1631 2615 ad
1647 2590 1762 2615 veritatis
1780 2590 2013 2623 consequutionem
2032 2597 2111 2615 nemo
2129 2590 2238 2623 ignorat.
2257 2589 2332 2621 Quae
2349 2598 2383 2616 ne
2406 2591 2486 2624 gratis

1419 2632 1536 2650 asserere
1554 2625 1695 2657 videamur,
1715 2626 1863 2658 exemplum
1878 2633 1909 2650 ex
1932 2633 1954 2651 s.
1967 2625 2070 2650 Thomu
2089 2625 2228 2650 afferimus.
2247 2625 2276 2650 In
2290 2625 2405 2651 secundo
2414 2625 2486 2660 >libro

1421 2660 1522 2686 Contra
1544 2661 1670 2690 Gentiles,
1690 2668 1745 2694 cap.
1763 2668 1803 2691 κν,
1822 2661 1962 2693 Angelicus
1975 2660 2049 2694 ponit
2072 2659 2138 2685 hanc
2163 2660 2274 2686 thesim:
2301 2661 2399 2686 Ovnnt'a
2417 2668 2485 2695 quae

1418 2699 1481 2720 sunt
1494 2702 1648 2729 quocunque
1667 2696 1754 2725 modo,
1768 2703 1786 2721 a
1801 2695 1860 2721 Deo
1877 2699 1947 2722 sunt.
1965 2696 2007 2721 Ad
2023 2703 2102 2729 quam
2119 2695 2281 2729 probandam
2303 2696 2378 2722 affert
2399 2697 2485 2730 primo

1417 2730 1483 2756 hane
1501 2731 1627 2756 rationem
1646 2730 1885 2764 profundissimam.
1910 2740 1925 2756 ‹
1940 2731 2027 2756 Omne
2045 2731 2116 2764 quod
2137 2730 2211 2756 alicui
2229 2731 2350 2756 convenit
2367 2739 2421 2757 non
2445 2739 2485 2758 se·

1419 2774 1432 2789 ›
1452 2766 1568 2791 cundum
1593 2766 1665 2799 quod
1689 2766 1774 2798 ipsum
1799 2770 1852 2796 est,
1878 2774 1926 2799 per
1949 2766 2063 2799 aliquam
2088 2773 2193 2792 causam
2215 2766 2334 2792 convenit
2357 2767 2394 2798 ei,
2419 2766 2486 2793 sicut

1418 2809 1433 2825 s
1453 2801 1541 2826 album
1560 2801 1668 2827 homini.
1688 2802 1754 2826 Nam
1773 2802 1845 2835 quod
1863 2809 1968 2827 causam
1987 2809 2040 2827 non
2058 2801 2147 2832 habet,
2161 2802 2283 2834 primum
2302 2807 2328 2827 et
2346 2802 2484 2829 immedia-

1418 2845 1432 2860 »
1452 2840 1508 2862 tum
1528 2841 1576 2862 est.
1596 2837 1671 2862 Unde
1685 2844 1793 2862 necesse
1807 2842 1846 2862 est
1861 2837 1932 2870 quod
1948 2837 1982 2862 sit
1994 2844 2047 2869 per
2059 2844 2088 2862 se
2100 2842 2126 2862 et
2139 2837 2284 2863 secundum
2299 2837 2371 2871 quod
2389 2837 2485 2870 ipsum

1418 2881 1431 2895 »
1451 2871 1616 2905 Impossibile
1639 2877 1680 2897 est
1703 2877 1791 2898 autem
1815 2872 1920 2905 aliquod
1938 2880 2020 2897 unum
2039 2872 2141 2898 duobus
2160 2873 2315 2904 convenire,
2333 2878 2364 2898 et
2381 2873 2485 2907 utrique

1417 2915 1431 2930 »
1451 2907 1594 2933 secundum
1614 2907 1685 2940 quod
1703 2908 1798 2940 ipsum.
1813 2908 1890 2939 Quod
1904 2907 1974 2933 enim
1993 2908 2025 2933 de
2039 2908 2127 2941 aliquo
2144 2908 2289 2934 secundum
2307 2909 2380 2942 quod
2397 2909 2484 2942 ι’]ιειιηι

1418 2952 1430 2965 »
1451 2942 1556 2974 dicitur,
1574 2943 1661 2976 ipsum
1682 2951 1734 2968 non
1753 2942 1850 2968 excedit
1856 2951 1863 2974 ;
1883 2944 1949 2968 sicut
1967 2942 2062 2968 habere
2080 2948 2133 2969 tres
2152 2944 2262 2976 angulos
2285 2944 2388 2970 duobus
2406 2944 2484 2970 rectis

1417 2986 1431 3002 ι
1451 2979 1572 3011 aequales
1587 2986 1639 3003 non
1659 2978 1757 3004 excedit
1769 2978 1927 3011 triangulum
1941 2978 1996 3011 (Cf.
2009 2986 2088 3012 supra
2105 2979 2180 3012 na),
2197 2979 2229 3004 de
2248 2986 2302 3012 quo
2315 2979 2483 3016 praedicatur,

1418 3023 1430 3036 »
1451 3014 1498 3038 sed
1517 3019 1557 3039 est
1575 3013 1659 3039 eidem
1673 3014 1888 3040 convertibiliter.
1903 3014 1930 3039 Si
1947 3014 2026 3047 igitur
2042 3014 2139 3047 aliquid
2157 3014 2260 3040 duobus
2275 3015 2418 3048 conveniat,
2431 3022 2484 3040 non

1417 3059 1430 3072 »
1451 3049 1571 3074 convenit
1588 3049 1692 3082 utrique
1709 3049 1853 3075 secundum
1867 3049 1939 3083 quod
1955 3050 2040 3082 ipsum
2055 3053 2102 3075 est.
2117 3049 2282 3083 Impossibile
2296 3055 2337 3075 est
2350 3049 2426 3083 igitur
2439 3050 2484 3082 (νί

1417 3095 1430 3108 n
1446 3084 1576 3117 principii
1584 3085 1670 3117 positi
1687 3085 1714 3110 in
1734 3085 1811 3110 initio
1820 3085 2003 3118 probationis:
2021 3092 2098 3110 omne
2117 3085 2188 3118 quod
2201 3087 2266 3118 etc.)
2281 3085 2386 3118 aliquod
2399 3093 2483 3111 unum

1417 3129 1431 3144 »
1451 3121 1484 3145 de
1507 3120 1611 3146 duobus
1635 3120 1792 3153 praedicari,
1809 3121 1843 3146 ita
1861 3121 1931 3154 quod
1951 3121 1983 3145 de
2002 3125 2095 3145 neutro
2113 3128 2160 3154 per
2182 3128 2286 3146 causam
2306 3121 2416 3152 dicatum
2435 3121 2482 3147 sed

1417 3165 1431 3179 ι
1451 3160 1570 3188 oportet,
1590 3156 1633 3180 vel
1651 3163 1732 3181 unum
1757 3163 1817 3181 esse
1841 3156 1946 3181 alterius
1970 3163 2076 3182 causam
2094 3155 2180 3189 (sicut
2198 3156 2266 3188 ignis
2285 3161 2326 3182 est
2343 3163 2421 3182 musa
2439 3163 2482 3182 cs-

1417 3199 1432 3215 »
1451 3191 1513 3216 loris
1528 3191 1631 3224 corpori
1644 3191 1730 3220 ntisto,
1746 3199 1806 3216 cum
1820 3196 1908 3217 tamen
1926 3196 2057 3224 utrunque
2071 3191 2183 3217 calidum
2197 3191 2311 3224 dicatur),
2325 3191 2368 3217 vel
2380 3195 2484 3225 oportet

1417 3236 1432 3251 »
1451 3227 1522 3260 quod
1541 3226 1646 3260 aliquod
1658 3226 1763 3252 tertium
1781 3226 1815 3252 sit
1833 3234 1911 3252 causa
1930 3226 2034 3260 utrique
2047 3226 2130 3259 (sicut
2152 3227 2253 3252 duabus
2276 3226 2391 3252 candelis
2414 3225 2482 3260 igni

1417 3271 1431 3287 ι
1452 3267 1492 3288 est
1505 3269 1582 3288 eausa
1595 3261 1717 3294 lucendi).
1737 3261 1803 3287 Esse
1820 3267 1908 3288 sutem
1927 3262 2019 3288 dicitur
2036 3262 2070 3288 de
2086 3261 2159 3288 omni
2177 3269 2209 3288 eo
2227 3262 2300 3295 quod
2313 3266 2362 3288 est.
2381 3261 2481 3295 tmpu-

1418 3308 1430 3322 »
1451 3297 1526 3322 sibile
1544 3302 1585 3323 est
1603 3297 1680 3330 igitur
1702 3305 1762 3322 esse
1785 3297 1870 3330 aliqua
1893 3298 1959 3328 duo,
1980 3305 2092 3330 quorum
2111 3302 2233 3323 neutrum
2258 3297 2352 3323 habeat
2371 3303 2481 3324 “usam

1416 3342 1432 3358 :v
1451 3333 1572 3363 essendi3
1597 3333 1644 3358 sed
1668 3337 1772 3366 oportet
1793 3337 1926 3366 utrunque
1950 3337 2115 3366 acceptorum
2138 3340 2198 3359 esse
2217 3340 2270 3365 pur
2291 3339 2424 3363 musam„
2438 3331 2481 3356 vel

1417 3377 1432 3393 ιι
1451 3369 1562 3394 alterum
1582 3367 1656 3394 alteri
1677 3375 1737 3394 esse
1757 3375 1868 3394 cauum
1895 3367 2007 3394 essendi.
2031 3367 2143 3401 Oportet
2166 3367 2244 3401 igitur
2267 3368 2342 3401 quod
2364 3367 2396 3393 sb
2421 3366 2480 3398 illo,

1417 3413 1432 3428 »
1452 3403 1492 3428 cui
1511 3403 1574 3428 nihil
1593 3409 1633 3429 est
1650 3411 1728 3429 emsa
1745 3403 1864 3434 essendi,
1886 3403 1919 3429 sit
1937 3411 2016 3429 omne
2034 3403 2098 3429 illud
2122 3404 2194 3436 quod
2219 3409 2377 3436 quocunque
2401 3402 2480 3428 modo

1417 3449 1431 3462 ι
1451 3444 1499 3464 est.
1513 3439 1598 3464 Deum
1611 3443 1699 3464 sutem
1713 3446 1794 3472 supra
1806 3439 1970 3464 ostendimus
1984 3438 2057 3471 (Lib.
2067 3438 2090 3470 1,
2104 3446 2161 3472 cap.
2178 3439 2240 3472 xm)
2259 3436 2407 3466 huiusmodi
2425 3437 2480 3463 Eas

1417 3483 1431 3498 s
1451 3482 1522 3505 esse,
1542 3474 1583 3499 cui
1601 3474 1664 3499 nihil
1682 3474 1716 3499 sit
1734 3481 1811 3499 causa
1829 3474 1941 3500 essendi.
1959 3474 2000 3499 Ab
2019 3482 2053 3501 οο
2070 3473 2148 3506 igitur
2163 3478 2206 3501 est
2221 3480 2302 3500 omne
2324 3471 2480 3506 quodquo—
2525 3478 2530 3482 ·

1417 3518 1431 3534 ι
1451 3517 1554 3542 cunque
1572 3509 1653 3534 modo
1670 3516 1716 3534 est.
1732 3518 1747 3534 ι
1759 3523 1781 3529 -
1795 3509 1866 3535 Haec
1883 3517 1906 3535 s.
1923 3509 2041 3536 Thomas
2058 3509 2124 3535 ratio
2141 3508 2220 3536 habet
2232 3508 2258 3534 in
2276 3506 2479 3534 sem-aromati-

1416 3553 1473 3571 cam
1498 3544 1667 3576 evidentiam,
1690 3545 1737 3570 sed
1760 3552 1852 3577 parum
1872 3544 2034 3577 intelligitur,
2058 3544 2081 3570 si
2104 3548 2192 3570 nmen
2213 3542 2368 3576 intelligitur,
2387 3542 2419 3567 ab
2438 3541 2479 3567 his

1415 3580 1459 3614 qui
1478 3579 1662 3613 proprietatem
1682 3580 1822 3605 verborum
1841 3578 2008 3606 scientifimm
2026 3579 2152 3612 ignorant.
2358 3583 2361 3586 ’

2524 573 2533 581 '
2545 571 2620 602 Codd.
2640 574 2697 598 (exc.
2713 576 2737 599 q)

2524 601 2600 628 omitt.
2615 600 2661 624 esn-
2674 599 2738 621 etita

2524 624 2583 645 infra
2588 624 2656 646 codd.
2664 631 2735 647 cuo.

2525 653 2533 660 '
2544 650 2620 672 Codd.
2634 653 2692 676 (exc.
2706 655 2734 678 Al:

2524 676 2589 699 dicit.

2523 703 2534 714 ¹*
2544 709 2666 726 acauno-r:
2675 706 2737 726 sunt.
