2548 4192
2333 279 2415 305 CXIII

902 537 1550 603 DISSERTATIO
1607 539 1726 602 VI.

360 711 804 766 De‘Commentariis
831 723 879 763 in
907 722 1143 773 Epistolas
1172 721 1329 781 saneti,
1350 720 1477 761 Pauli
1505 720 1718 771 Apostoli
1746 733 1987 772 eorumque
2015 722 2274 773 integritate

1091 795 1137 833 et
1166 791 1411 833 editionum
1438 791 1539 832 fide.

624 1277 816 1315 CAPUT
845 1277 872 1314 Ι.

198 1359 334 1392 veie-um
358 1363 482 1390 iudicium
502 1363 534 1388 de
553 1362 753 1388 Commentariis
779 1362 829 1387 divi
853 1361 972 1387 ’rhome
997 1361 1024 1386 in
1046 1361 1179 1394 Epistulas
1205 1361 1286 1386 sancti

279 1401 362 1427 Pauli.
382 1400 445 1425 Para
463 1399 617 1424 eorumdem
632 1399 702 1432 stylo
721 1398 828 1432 proprio
850 1397 987 1431 Aquinatis
1006 1397 1114 1430 scripta,
1129 1397 1179 1422 alia
1197 1405 1287 1430 repor-

279 1441 332 1462 tata
345 1444 360 1462 a
374 1435 519 1468 Reginaldo
538 1434 712 1460 Privernensi.
727 1434 846 1459 Prolixus
861 1434 936 1458 locus
957 1433 983 1458 in
997 1433 1142 1466 Epistolam
1158 1433 1167 1457 I
1187 1433 1220 1458 ad
1235 1432 1286 1458 Co—

278 1472 388 1498 rinthios
407 1470 527 1496 Thomae
545 1469 713 1504 suppositus:
733 1477 766 1494 an
785 1469 893 1495 Nicolao
913 1469 1032 1494 Gorrano
1051 1469 1238 1500 restituendus,
1253 1476 1286 1493 an

277 1508 358 1535 Petro
377 1507 409 1532 de
427 1506 579 1532 Tarentasia
599 1505 716 1531 dubium.

340 1596 388 1619 :„-
416 1598 432 1611 «-
474 1595 505 1615 ω)
544 1583 1284 1623 ommentationumabAngelicoDoctoreTho-

466 1648 474 1668 ,3
515 1643 529 1660 γ
543 1638 597 1658 ma
613 1627 773 1669 Aquinate
788 1628 1043 1658 elucubratarum
1056 1627 1168 1668 Opus'
1159 1638 1192 1657 m
1207 1628 1283 1668 Epi-

506 1679 521 1711 -j
542 1674 644 1704 stolas
662 1682 772 1703 omnes
786 1673 892 1703 sancti
906 1673 1013 1710 Pauli,
1035 1671 1209 1703 recentium
1225 1672 1282 1703 cri-

369 1723 374 1730 *
428 1718 496 1764 2)ae
519 1741 522 1744 <
543 1717 681 1749 ticorum
709 1726 806 1747 nemo
835 1727 919 1747 unus
950 1723 1014 1755 est,
1047 1717 1103 1758 qui
1134 1717 1282 1747 Thomae

463 1798 466 1799 ⁷
504 1759 520 1779 s
543 1769 654 1793 nostro
664 1772 730 1792 non
741 1761 1068 1801 adiudice13illudque
1083 1761 1282 1801 praestantis-

452 1797 483 1825 ἱ
501 1808 511 1817 ³
543 1806 662 1838 simum
690 1816 725 1837 ac
745 1805 915 1846 omnigena
934 1805 1084 1835 refertum
1103 1805 1281 1836 eruditione

542 1861 609 1881 non
626 1850 770 1881 fateatur.
786 1851 949 1880 Nostrates
964 1849 1058 1880 mitto
1080 1857 1210 1880 ornnes:
1229 1860 1280 1880 ex-

205 1902 354 1937 terosque
374 1905 540 1935 memoro,
560 1895 616 1937 qui
633 1901 740 1925 nostra
756 1904 792 1925 ac
808 1894 963 1935 superiori
982 1894 1128 1934 proxima
1151 1894 1280 1935 scripse-

204 1946 280 1972 runt
297 1947 408 1981 aetate,
422 1939 644 1978 Possevinum‚
660 1938 901 1976 Bellarminum,
913 1939 1089 1977 Labbeum,
1099 1939 1280 1979 Dupinium

204 1990 237 2016 et
258 1983 414 2017 caveum.
440 1984 684 2025 Diligentiorem
714 1993 847 2024 operam
870 1983 929 2014 sibi
952 1983 1077 2014 videtur
1099 1983 1280 2014 adhibuisse

204 2028 379 2061 casimirus
387 2029 555 2068 Oudinus,
572 2028 628 2070 qui
642 2035 786 2059 veterum
803 2028 1083 2059 nomenclatorum
1097 2027 1280 2059 testimonia

203 2073 264 2104 fert
285 2084 321 2105 ac
341 2074 506 2116 expendit3
530 2073 639 2114 sicque
656 2073 788 2103 demum
803 2072 1011 2103 iudicandum
1030 2073 1069 2103 de
1091 2073 1154 2103 hoc
1173 2072 1279 2113 Opere

203 2117 268 2148 divi
283 2119 432 2150 Thomae
448 2125 567 2150 censet:
592 2117 676 2148 Sunt
700 2118 814 2158 igitur,
837 2117 984 2158 inquiens
992 2134 1007 2155 ,·
1022 2122 1108 2148 certo
1127 2118 1162 2148 hi
1186 2117 1279 2148 Com-

203 2165 356 2194 mentarii
369 2165 402 2194 in
426 2173 538 2194 omnes
555 2162 622 2193 divi
641 2162 737 2192 Pauli
754 2161 935 2202 Epistolas‚
946 2162 1070 2202 partim
1094 2171 1120 2192 s.
1141 2162 1280 2192 Dromae

203 2207 393 2249 Aquinatis,
416 2213 452 2239 ut
466 2208 618 2239 evincunt
632 2207 754 2237 allatae
774 2207 1001 2243 auctoritates,·
1014 2207 1139 2247 partim
1152 2206 1280 2247 fratris

203 2251 380 2294 Reginaldi
395 2254 466 2284 eius
481 2253 570 2290 socii,
585 2253 642 2292 qui
658 2256 735 2292 post
750 2251 852 2291 ipsum
877 2251 951 2282 illos
973 2252 1166 2291 reportavit:
1181 2261 1278 2292 quam

204 2299 453 2337 reportationem
483 2296 678 2338 approbasse
710 2301 741 2326 et
769 2296 969 2333 correxisse,
995 2301 1026 2326 et
1049 2301 1280 2336 consequenter

203 2349 296 2372 suam
319 2341 445 2383 fecisse
467 2342 596 2373 dicitur.
630 2340 722 2378 Quae
750 2340 857 2371 minus
890 2350 1031 2371 consone
1062 2340 1103 2370 ad
1134 2348 1279 2371 veterum

205 2384 388 2417 testimonia
423 2387 462 2417 ab
498 2385 631 2417 Oudino
663 2384 776 2425 scripta
799 2391 890 2415 sunt:
921 2384 1096 2425 eademque
1125 2385 1167 2415 ita
1191 2395 1279 2415 com-

206 2429 310 2470 posita
337 2430 502 2470 videntur,
531 2437 567 2461 ut
595 2429 784 2460 deteriorem
811 2429 845 2459 in
869 2436 991 2469 partem
1022 2429 1161 2459 converti
1190 2428 1280 2460 facile

206 2480 334 2514 queant.

272 2518 426 2549 Veterum
449 2528 508 2559 ego
533 2519 592 2548 sub
616 2517 729 2548 oculos
752 2517 846 2547 verba
865 2527 965 2557 pono,
986 2523 1023 2547 ut
1038 2527 1121 2558 quae
1135 2517 1280 2548 Thomas

203 2561 237 2592 in
260 2562 346 2593 hisce
370 2562 618 2594 Commentariis
641 2562 772 2602 proprio
803 2561 959 2601 scripserit
982 2561 1083 2602 stylo,
1107 2572 1190 2602 quae
1213 2572 1279 2592 rur-

203 2615 278 2637 sum
301 2607 410 2638 animo
434 2614 588 2648 concepta
606 2605 768 2637 dictaverit
791 2615 808 2636 e
831 2612 992 2646 suggestu,
1012 2613 1148 2647 postque
1172 2606 1280 2647 ipsum

202 2650 360 2692 legentem
386 2652 569 2692 exceperint
592 2650 662 2690 alii,
687 2660 769 2692 quae
800 2649 932 2681 demum
955 2651 994 2680 ab
1023 2650 1091 2680 aliis
1123 2657 1280 2702 reportata

202 2695 394 2736 expenderit,
406 2695 630 2734 emendaverit,
641 2695 935 2735 adprobaveritque,
945 2695 1110 2735 perspicue
1125 2695 1280 2736 omnique

203 2746 368 2771 summoto
393 2740 492 2771 dubio
515 2740 701 2771 innotescat.
716 2739 894 2770 Ptolomaei
914 2739 1067 2770 Lucensis
1081 2739 1162 2770 libro
1177 2740 1279 2771 XXIII

202 2783 286 2815 Hist.
302 2785 412 2816 eccles.
428 2785 530 2826 capite
548 2795 589 2815 xv
607 2783 702 2815 verba
721 2790 811 2815 sunt:
826 2784 902 2814 Alia
922 2785 1017 2814 etiam
1042 2785 1144 2815 multa
1157 2786 1279 2825 scripta

203 2834 280 2860 sunt
302 2829 343 2860 ab
365 2839 402 2860 eo
426 2830 536 2868 utilia,
561 2838 645 2870 quae
673 2829 779 2870 magis
808 2829 968 2859 habentur
989 2838 1053 2869 per
1075 2829 1203 2860 modum
1228 2839 1279 2860 re-

197 2874 415 2913 portationis:
437 2882 521 2915 quae
535 2875 602 2915 ipse
616 2873 728 2904 videns
744 2879 858 2913 postea
883 2874 1026 2904 correxit
1048 2879 1079 2904 et
1102 2874 1177 2904 inde
1200 2874 1278 2904 ulte-

203 2918 275 2948 rius
287 2919 486 2959 approbavit.
505 2918 597 2949 Unde
617 2923 694 2949 sunt
707 2918 860 2948 Postillae
880 2927 980 2958 super
992 2928 1102 2949 omnes
1116 2918 1279 2958 Epistolas

203 2961 310 3000 Pauli,
318 2968 456 3003 praeter
468 2963 646 3004 Epistolam
671 2962 715 2993 ad
736 2962 910 2999 Romanos,
926 2972 1023 3002 quam
1048 2964 1115 3003 ipse
1138 2964 1279 2994 notavit:

202 3014 284 3045 quas
306 3015 368 3048 ego
391 3007 456 3038 vidi
478 3013 509 3038 et
532 3008 607 3049 legi.
633 3007 668 3037 ln
699 3017 759 3037 suo
791 3006 900 3037 codice
923 3007 1047 3047 legebat
1075 3007 1278 3038 doctissimus

202 3049 382 3080 Echardus:
402 3051 507 3088 Quam
531 3061 592 3092 ego
616 3051 682 3082 vidi
704 3056 735 3081 et
757 3052 841 3092 legi;
864 3061 900 3081 ac
923 3051 949 3081 si
973 3051 1076 3081 solam
1099 3051 1278 3091 Epistolam

202 3093 246 3124 ad
267 3094 431 3125 Romanos
453 3095 581 3126 vidisset
602 3095 808 3126 Ptolomaeus
839 3105 875 3125 ac
902 3095 1036 3135 legisset.
1069 3095 1212 3126 Priorem
1234 3096 1278 3126 le-

203 3137 359 3177 ctionem,
387 3138 478 3175 Quas
500 3148 561 3180 ego
585 3139 651 3170 vidi
680 3145 711 3170 et
737 3140 822 3181 legi,
847 3147 983 3180 praestat
1005 3140 1146 3171 Historia
1168 3141 1276 3171 Ptolo-

202 3182 284 3212 maei
308 3182 480 3221 Lucensis,
505 3189 631 3213 curante
656 3183 840 3214 doctissimo
870 3184 1063 3223 Muratorio,
1087 3185 1171 3226 typis
1195 3185 1278 3215 edita

201 3232 293 3257 tomo
316 3227 359 3257 XI
383 3226 465 3257 inter
487 3226 661 3267 Scriptores
684 3227 806 3258 Italiae:
831 3228 1040 3269 eamdemque
1069 3229 1163 3259 habet
1186 3229 1276 3260 locus

201 3270 305 3309 idem,
330 3280 428 3311 quem
458 3271 617 3311 integrum
648 3271 810 3311 descripsit
840 3271 1015 3303 Casimirus
1046 3272 1211 3311 Oudinus‚
1241 3284 1276 3304 ac

202 3315 322 3355 profert
351 3322 442 3345 tomo
475 3316 515 3345 III
541 3314 771 3350 Commentarii
795 3316 834 3346 de
858 3316 1069 3356 Scriptoribus
1093 3317 1274 3357 ecclesiast.‚

201 3359 427 3390 Dissertatione
452 3359 490 3390 de
514 3359 643 3399 Scriptis
667 3359 765 3390 sancti
788 3360 936 3390 Thomae
960 3370 1028 3400 cap.
1044 3371 1067 3390 11
1090 3367 1122 3391 et
1143 3371 1227 3392 xvm.

269 3403 461 3435 Guillelmus
492 3404 531 3434 de
561 3404 672 3434 Tocco
708 3403 742 3433 in
771 3403 845 3434 Vita
875 3404 1043 3444 Aquinatis
1073 3404 1150 3435 haec
1181 3405 1275 3436 habet

201 3457 302 3487 pauca
326 3454 357 3479 et
375 3448 530 3489 simplicia
551 3448 646 3478 verba
660 3447 761 3487 capite
778 3454 823 3477 rv:
844 3447 979 3487 Scripsit
996 3457 1095 3488 super
1109 3449 1273 3488 Epistulas

200 3492 296 3522 Pauli
325 3502 452 3531 omnes,
484 3502 622 3533 quarum
655 3492 849 3531 scripturam
874 3497 1010 3531 praeter
1038 3492 1271 3532 Evangelicam

199 3545 298 3576 super
319 3546 429 3568 omnes
451 3536 701 3568 commendabat.
727 3535 810 3566 Hinc
833 3535 912 3566 ratio
936 3542 1032 3575 patet,
1052 3546 1108 3566 cur
1130 3536 1272 3576 Evange-

199 3579 260 3610 lica
286 3580 416 3612 historia
439 3580 680 3612 Commentario
705 3579 874 3620 explicata,
906 3579 1032 3610 caeteris
1063 3579 1139 3610 novi
1162 3580 1272 3611 Testa-

200 3625 299 3656 menti
317 3625 403 3656 libris
422 3625 658 3666 praetermissis,
676 3631 817 3655 mentem
835 3634 1030 3665 operamque
1049 3624 1194 3655 Thomas
1217 3635 1271 3665 ap—

343 3687 412 3720 Opp.
431 3688 463 3712 D.
477 3688 592 3712 TnonAE
611 3687 642 3711 T.
663 3687 680 3711 Ι.

1342 1273 1504 1314 plicuerit,
1529 1280 1565 1304 ut
1587 1273 1735 1304 Paulinas
1765 1273 1925 1314 Epistolas
1949 1273 2128 1304 elucidaret.
2156 1275 2200 1304 At
2223 1274 2307 1305 enim
2338 1285 2416 1316 quas

1342 1317 1640 1349 Commentationes
1655 1317 1786 1358 proprio
1806 1318 1889 1359 stylo
1905 1317 2061 1358 scripserit
2074 1317 2127 1348 ille
2146 1318 2177 1348 in
2198 1319 2323 1350 easdem
2342 1320 2417 1361 Epi-

1342 1363 1439 1393 stolas
1462 1362 1568 1401 Pauli,
1592 1373 1672 1403 quas
1696 1362 1791 1393 etiam
1820 1372 1836 1392 e
1860 1369 2010 1402 suggestu
2040 1362 2150 1403 legerit
2177 1364 2417 1406 exceperintque

1341 1407 1405 1446 alii,
1430 1407 1555 1438 silentio
1580 1406 1726 1447 praeterit
1749 1406 1950 1437 Guillelmus.

1408 1452 1500 1482 Hanc
1523 1451 1651 1482 adhibet
1675 1451 1910 1482 distinctionem
1940 1451 2203 1482 Bartholomaeus
2227 1453 2415 1493 Logotheta,

1340 1496 1512 1537 minusque
1532 1496 1652 1526 clarum
1673 1495 1890 1537 disertumque
1909 1496 2087 1526 Ptolomaei
2102 1496 2254 1527 Lucensis
2274 1497 2415 1528 testimo-

1340 1540 1432 1571 nium
1455 1540 1586 1581 exponit
1604 1551 1640 1571 ac
1663 1540 1809 1571 declarat.
1838 1541 1942 1571 Verba
1964 1540 2066 1571 refero
2091 1550 2128 1571 ex
2157 1540 2333 1581 fragmento
2357 1542 2415 1572 Ba-

1338 1585 1478 1615 luziano.
1503 1585 1558 1616 Ait
1580 1584 1704 1625 primo:
1728 1585 1886 1625 Scripsit.
1903 1607 1911 1616 .
1928 1608 1935 1615 .
1960 1595 2059 1625 super
2080 1585 2258 1625 Epistolam
2288 1586 2332 1617 ad
2353 1587 2415 1618 Ro-

1339 1639 1463 1667 manos,
1478 1639 1578 1670 super
1590 1629 1768 1670 Epistolam
1784 1631 1928 1670 primam
1943 1629 1988 1660 ad
2004 1629 2196 1661 Corinthios.
2212 1630 2310 1661 Addit
2323 1638 2414 1661 vero:

1338 1674 1374 1704 Si
1395 1679 1503 1704 autem
1527 1674 1595 1704 alia
1618 1674 1679 1704 sibi
1706 1674 1950 1712 adscribantur,
1977 1684 2039 1704 non
2065 1675 2132 1714 ipse
2154 1676 2282 1715 scripsit
2305 1681 2336 1706 et
2359 1685 2413 1706 no-

1338 1719 1428 1756 tavit,
1452 1718 1510 1749 sed
1532 1718 1590 1748 alii
1612 1719 1852 1759 recollegerunt
1869 1724 1945 1759 post
1968 1728 2040 1749 eum
2065 1719 2223 1760 legentem
2248 1720 2299 1750 vel
2314 1730 2413 1760 prae-

1337 1763 1516 1793 dicantem:
1534 1768 1616 1803 puta
1647 1763 1820 1793 Lecturam
1850 1772 1950 1803 super
1979 1763 2117 1794 Paulum
2148 1763 2188 1794 ab
2219 1774 2249 1794 xi
2273 1765 2413 1804 capitulo

1330 1808 1461 1847 primae
1473 1807 1639 1847 Epistolae
1657 1807 1701 1838 ad
1722 1807 1906 1838 Corinthios
1929 1817 2029 1848 usque
2051 1807 2096 1838 ad
2107 1808 2233 1849 finem:
2247 1818 2342 1848 quam
2363 1819 2412 1839 re-

1336 1852 1467 1892 collegit
1473 1851 1592 1892 frater
1604 1851 1787 1882 Rainaldus
1800 1851 1840 1882 de
1853 1852 1992 1892 Piperno
2010 1853 2116 1883 socius
2140 1853 2217 1883 eius.
2234 1853 2412 1893 Epistolam

1335 1896 1379 1926 ad
1400 1896 1565 1927 Romanos
1596 1895 1856 1926 annotationibus
1880 1897 1919 1926 ab
1942 1896 2013 1936 ipso
2038 1896 2166 1927 Thoma
2195 1897 2316 1938 scriptis
2339 1898 2411 1928 illu-

1335 1947 1474 1978 stratam,
1495 1941 1684 1971 Ptolomaeo
1708 1940 1844 1971 Lucensi
1864 1941 2075 1979 consentiens,
2091 1948 2194 1972 narrat
2217 1942 2410 1982 Logotheta:

1335 1985 1514 2026 eodemque
1538 1985 1638 2015 modo
1662 1985 1749 2015 addit
1771 1984 1839 2025 ipse
1860 1985 1970 2016 decem
1996 1985 2102 2025 priora
2126 1985 2227 2026 capita
2250 1986 2413 2027 Epistolae

1335 2029 1456 2070 primae
1470 2029 1515 2060 ad
1531 2030 1716 2060 Corinthios
1730 2028 2065 2060 Commentationibus
2085 2030 2236 2070 exposita,
2252 2041 2331 2072 quas
2346 2031 2413 2071 ipse

1335 2074 1479 2115 Aquinas
1502 2074 1634 2115 proprio
1658 2074 1741 2115 stylo
1766 2074 1931 2105 notaverit.
1948 2075 2022 2112 Qua
2040 2074 2073 2104 in
2092 2084 2124 2105 re
2146 2085 2202 2115 par
2225 2082 2272 2106 est
2294 2076 2414 2107 Triveti

1335 2118 1556 2149 testimonium
1570 2119 1603 2149 in
1619 2118 1782 2150 Chronico
1802 2119 1842 2149 ad
1856 2129 1977 2149 annum
1998 2128 2080 2160 1274
2098 2119 2184 2159 apud
2205 2120 2412 2151 Dacherium:

1335 2163 1441 2204 Super
1454 2163 1631 2204 Epistolam
1648 2173 1724 2194 vero
1747 2163 1791 2194 ad
1812 2164 1987 2200 Romanos,
2002 2163 2187 2204 inquientis,
2203 2170 2233 2195 et
2245 2174 2344 2204 super
2357 2165 2411 2195 de—

1335 2217 1401 2238 cem
1434 2208 1576 2248 capitula
1599 2208 1766 2248 Epistolae
1789 2206 1937 2251 (primae)
1961 2208 2005 2238 ad
2035 2208 2236 2239 Corinthios:
2259 2215 2290 2239 et
2312 2208 2410 2239 infra:

1334 2252 1409 2283 Alia
1433 2252 1560 2293 quidem
1592 2253 1803 2283 inveniuntur
1824 2252 1884 2282 sibi
1907 2252 2082 2289 attributa,
2106 2262 2190 2292 quae
2213 2258 2319 2283 tamen
2344 2254 2412 2293 ipse

1336 2307 1399 2327 non
1423 2298 1561 2337 scripsit,
1586 2297 1643 2327 sed
1659 2302 1735 2337 post
1758 2306 1829 2327 eum
1854 2297 2012 2337 legentem
2037 2297 2088 2326 vel
2101 2296 2345 2336 praedicantem
2369 2298 2410 2328 ab

1334 2341 1409 2372 aliis
1431 2346 1508 2372 sunt
1531 2341 1682 2371 collecta:
1706 2346 1741 2371 ut
1758 2346 1841 2381 puta
1866 2341 2006 2371 Lectura
2036 2350 2136 2381 super
2165 2341 2342 2381 Epistolam
2366 2342 2410 2373 ad

1338 2385 1522 2416 Corinthios
1543 2385 1584 2415 ab
1608 2385 1775 2416 undecimo
1806 2386 1910 2425 capite
1941 2395 2042 2426 usque
2071 2385 2115 2415 ad
2127 2385 2280 2426 finem..
2297 2396 2411 2427 .quas

1325 2429 1442 2470 frater
1463 2429 1668 2479 Reginaldus
1689 2429 1829 2460 eiusdem
1853 2430 1960 2460 socius
1982 2430 2158 2470 recollegit.

1402 2473 1521 2512 Mendi,
1536 2474 1626 2515 quod
1644 2473 1801 2524 irrepserit
1820 2473 1853 2503 in
1874 2474 2039 2514 utriusque
2062 2474 2258 2513 Logothetae
2280 2485 2315 2506 ac
2339 2476 2410 2506 Tri-

1334 2518 1396 2548 veti
1420 2524 1563 2557 textum,
1595 2518 1811 2558 suspicionem
1834 2518 1946 2558 ingerit
1969 2518 2137 2549 auctoritas
2160 2519 2309 2550 Bemardi
2334 2520 2411 2551 Gui-

1335 2562 1428 2598 donis
1452 2569 1483 2593 et
1503 2562 1676 2601 Antonini,
1701 2562 1757 2603 qui
1781 2563 1910 2593 tradunt
1932 2562 2127 2604 Aquinatem
2146 2570 2267 2603 praeter
2285 2564 2410 2604 Episto-

1335 2607 1399 2637 lam
1422 2607 1466 2638 ad
1488 2607 1666 2645 Romanos,
1691 2606 1972 2638 Commentatione
1996 2607 2126 2647 proprio
2151 2608 2234 2649 stylo
2259 2608 2341 2639 edita
2364 2609 2410 2639 in-

1335 2658 1455 2692 tegram
1479 2651 1575 2682 etiam
1597 2651 1768 2682 illustrasse
1792 2651 1929 2692 primam
1948 2652 2127 2692 Epistolam
2150 2652 2194 2683 ad
2215 2653 2408 2692 Corinthios,

1335 2706 1370 2726 ac
1395 2696 1505 2726 decern
1534 2703 1692 2736 praeterea
1720 2695 1822 2736 capita
1846 2696 1951 2736 priora
1974 2696 2135 2736 Epistolae
2164 2697 2208 2727 ad
2229 2697 2407 2729 Hebraeos.

1332 2740 1494 2771 Guidonis
1516 2741 1611 2771 verba
1635 2747 1709 2771 sunt
1727 2741 1813 2780 apud
1832 2740 2015 2771 Echardum
2029 2747 2059 2771 et
2073 2741 2258 2771 Oudinum:
2275 2742 2410 2782 Scripsit

1334 2786 1442 2822 etiam,
1467 2785 1650 2826 inquientis,
1671 2785 1821 2816 Postillas
1843 2795 1943 2825 super
1964 2785 2142 2825 Epistolam
2162 2786 2257 2816 Pauli
2279 2786 2323 2816 ad
2343 2787 2408 2817 Ro-

1334 2837 1466 2860 manos:
1489 2831 1562 2860 item
1586 2839 1686 2870 super
1707 2830 1884 2870 Epistolam
1908 2827 2033 2871 (utique
2056 2828 2206 2872 primam)
2230 2830 2274 2860 ad
2295 2830 2407 2861 Corin-

1334 2875 1436 2905 thios:
1455 2875 1528 2905 item
1552 2884 1651 2914 super
1669 2874 1846 2914 Epistolam
1867 2874 1911 2904 ad
1928 2874 2097 2904 Hebraeos
2121 2884 2220 2915 usque
2243 2875 2286 2905 ad
2309 2875 2407 2906 unde-

1334 2920 1450 2949 cimum
1474 2919 1661 2959 capitulum.
1680 2919 1729 2949 Ab
1753 2919 1827 2949 inde
1850 2928 1926 2950 vero
1949 2924 2025 2949 sunt
2045 2919 2197 2949 Postillae
2220 2920 2289 2950 eius
2310 2929 2408 2960 super

1332 2968 1500 3004 sequentes
1513 2963 1676 3003 Epistolas
1690 2964 1786 2993 Pauli
1799 2968 1983 3003 reportatae
1991 2973 2055 3003 per
2067 2963 2270 3003 praedictum
2285 2965 2405 2995 socium

1332 3017 1427 3038 suum
1448 3006 1689 3050 (Reginaldum)
1705 3013 1782 3048 post
1805 3009 1907 3048 ipsum
1932 3008 2107 3048 legentem:
2129 3017 2210 3048 quas
2234 3007 2315 3038 idem
2339 3009 2405 3039 Do-

1333 3057 1403 3082 ctor
1405 3051 1525 3093 fertur
1538 3052 1744 3092 postmodum
1768 3053 1957 3083 correxisse.
1974 3051 2095 3082 Eadem
2117 3051 2207 3082 habe.
2223 3053 2406 3083 Antoninus

1331 3096 1405 3126 loco
1425 3096 1550 3136 saepius
1565 3096 1671 3135 citato,
1687 3096 1824 3127 scilicet*
1816 3107 1849 3126 1n
1865 3095 2026 3127 Chronico
2045 3096 2139 3126 titulo
2153 3106 2228 3126 xvm
2242 3092 2337 3136 partis
2352 3098 2405 3136 ΙΙΙ,

1332 3140 1433 3180 capite
1447 3141 1509 3182 xss.
1525 3151 1556 3171 11.
1573 3141 1664 3178 Qua'e
1689 3151 1763 3171 sane
1783 3141 1807 3171 si
1827 3140 2000 3171 accuratius
2025 3147 2189 3179 annotata,
2214 3141 2405 3172 admonente

1331 3185 1498 3223 Echardo,
1523 3186 1720 3225 Logothetae
1743 3195 1779 3216 ac
1802 3184 1922 3215 Triveti
1946 3185 2068 3215 calamo
2093 3185 2240 3216 exciderit
2262 3186 2405 3226 Epistola

1331 3229 1374 3260 ad
1395 3229 1565 3260 Hebraeos
1588 3236 1728 3270 oportet:
1749 3239 1831 3270 quae
1853 3228 1908 3259 illa
1931 3235 1987 3266 est,
2007 3239 2106 3269 quam
2124 3230 2164 3259 ad
2188 3236 2283 3270 caput
2306 3231 2404 3260 unde-

1331 3273 1452 3304 cimum
1476 3273 1620 3304 Thomas
1645 3274 1805 3314 exposuit;
1829 3283 1896 3303 non
1919 3280 2041 3312 autem,
2067 3280 2102 3304 ut
2125 3284 2238 3304 eorum
2260 3274 2293 3304 in
2318 3281 2403 3305 textu

1330 3317 1458 3357 legitur,
1483 3317 1627 3357 Epistola
1650 3318 1752 3358 prima
1775 3318 1819 3348 ad
1844 3317 2035 3348 Corinthios.
2062 3317 2203 3348 Guidoni
2232 3318 2334 3348 favere
2357 3318 2402 3348 vi-

1330 3362 1422 3391 detur
1444 3361 1665 3392 testimonium
1691 3362 1774 3392 Petri
1797 3361 1943 3401 Rogerii,
1967 3361 2023 3402 qui
2046 3368 2156 3401 postea
2180 3361 2328 3392 Clemens
2347 3362 2402 3401 VI,

1329 3405 1362 3435 in
1386 3404 1490 3444 priore
1505 3405 1658 3435 Sermone
1681 3405 1867 3446 inquientis:
1883 3405 1964 3435 Item
1981 3407 2109 3445 scripsit
2121 3415 2220 3445 super
2239 3406 2402 3445 Epistolas

1330 3449 1374 3479 ad
1386 3449 1559 3486 Romanos,
1576 3450 1620 3479 ad
1635 3449 1829 3486 Corinthios,
1841 3455 1871 3479 et
1885 3450 1929 3479 ad
1941 3449 2119 3479 Hebraeos.
2130 3449 2298 3490 Ipsamque
2312 3450 2402 3490 quod
2436 3485 2442 3490 ,

1330 3492 1439 3523 attinet
1463 3493 1502 3522 ad
1524 3493 1680 3532 integram
1703 3493 1839 3533 primam
1862 3493 1906 3523 ad
1931 3493 2113 3523 Corinthios
2135 3493 2324 3533 Epistolam,
2344 3504 2402 3534 par

1330 3546 1396 3566 esse
1419 3536 1544 3566 videtur
1567 3536 1693 3567 Ioannis
1717 3537 1756 3566 de
1780 3536 1943 3567 Columna
1965 3536 2136 3567 iudicium:
2157 3538 2293 3578 Scripsit
2311 3561 2319 3569 .
2336 3561 2344 3569 .
2366 3562 2373 3569 .
2391 3562 2398 3570 .

1329 3590 1427 3620 super
1455 3580 1632 3620 Epistolam
1663 3581 1707 3611 ad
1729 3581 1909 3618 Romanos,
1934 3590 2032 3621 super
2053 3581 2231 3621 Epistolam
2255 3583 2398 3622 primam

1329 3624 1372 3655 ad
1398 3624 1599 3656 Corinthios:
1618 3630 1648 3655 et
1671 3625 1744 3655 licet
1767 3635 1845 3655 raro
1863 3626 2081 3665 reperiantur,
2102 3631 2208 3657 tamen
2232 3637 2252 3657 a
2265 3627 2339 3668 fide
2351 3628 2399 3658 di-

2226 3688 2255 3714 15
