2548 4192
954 284 1008 320 IN
1039 284 1077 320 S.
1099 284 1342 321 THOMAM
1369 285 1693 331 AQUINATEM

219 367 303 398 sicut
326 375 389 396 non
413 364 549 395 dicimus
568 364 701 404 proprie
729 363 814 404 quod
840 364 933 395 homo
957 369 1004 394 est
1029 363 1294 404 praedestinatus

219 410 337 441 habere
351 418 476 440 manus.
497 409 586 439 Tum
601 408 728 439 deinde:
743 408 1072 441 Praedestinationem
1087 408 1152 438 dici
1159 408 1295 447 proprie

221 465 331 486 eorum
350 454 453 485 solum
473 462 556 494 quae
573 458 650 483 sunt
667 462 768 492 supra
788 458 952 490 naturam,
969 453 1001 482 in
1021 461 1105 492 quae
1123 452 1294 482 rationalis

220 504 372 530 creatura
403 498 596 529 ordinatur:
619 507 685 527 esse
716 506 791 527 vero
815 505 916 537 supra
946 502 1098 527 naturam
1122 497 1294 526 rationalis

220 548 392 575 creaturae
409 543 515 573 Deum
538 541 654 579 solum,
675 542 728 572 cui
747 542 860 572 unitur
878 541 1057 583 rationalis¹
1068 545 1221 571 creatura
1229 550 1294 580 per

217 588 372 629 gratiam.
397 586 460 618 Sed
482 585 564 616 hanc
582 592 742 626 praeterea
760 586 930 626 gratuitam
954 585 1115 616 rationalis
1135 591 1293 615 creaturae

219 631 375 662 unionem
398 641 472 662 cum
495 631 565 661 Deo
590 629 741 660 tn'fariam
765 630 960 671 contingere:
985 629 1056 660 Uno
1075 629 1168 660 modo
1191 639 1292 669 quan-

219 681 286 707 tum
309 676 354 707 ad
375 681 482 706 actum
506 675 607 715 ipsius
628 675 706 712 Dei,
726 680 809 716 puta
834 685 905 706 cum
915 685 978 716 per
995 675 1139 716 gratiam
1153 674 1292 714 prophe-

217 721 283 752 tiae
306 721 563 751 communicatur
585 719 706 750 homini
722 721 950 761 praecognitio
966 718 1184 760 futurorum,
1209 728 1293 759 quae

218 770 265 796 est
281 765 419 806 propria
442 765 524 801 Deo,
545 769 575 794 et
597 764 781 795 huiusmodi
798 764 918 795 dicitur
939 765 1052 805 gratia
1075 764 1183 805 gratis
1202 763 1292 794 data:

217 809 284 840 alio
307 809 400 840 modo
423 814 579 850 quantum
603 809 647 839 ad
670 810 772 849 ipsum
792 809 897 839 Deum
918 809 971 839 cui
989 809 1102 839 unitur
1121 808 1292 838 rationalis

218 859 382 891 creatura,
403 854 616 884 communiter
636 854 762 894 quidem
781 853 957 884 secundum
977 852 1128 893 affectum
1148 852 1290 883 dilectio-

218 899 305 936 nis..;
318 898 404 939 quod
423 897 549 939 quidem
559 898 605 939 fit
618 907 682 938 per
698 899 842 939 gratiam
861 903 994 939 gratum
1001 897 1193 938 facientem,
1207 906 1291 937 quae

217 949 264 974 est
285 943 397 984 gratia
421 942 621 983 adoptionis:
634 943 699 973 alio
719 942 830 980 modo,
851 943 908 983 qui
925 947 972 972 est
994 942 1176 982 singularis
1197 940 1290 971 Chri-

215 993 276 1025 sto,
290 997 355 1028 per
369 988 518 1018 unionem
538 988 570 1017 in
590 996 659 1017 esse
671 987 851 1027 personali,
877 992 907 1017 et
934 986 1014 1016 haec
1031 986 1150 1016 dicitur
1177 986 1290 1026 gratia

217 1033 355 1064 unionis.
375 1032 462 1062 Haec
481 1038 528 1062 est
544 1041 619 1062 vero
638 1031 691 1061 illa
705 1030 813 1070 gratia,
829 1031 1003 1071 eademque
1019 1029 1167 1060 omnium
1182 1039 1290 1070 supre-

216 1087 281 1116 ma,
305 1086 388 1117 quae
413 1075 540 1107 Christo
555 1075 653 1116 facta
677 1080 724 1106 est
747 1074 779 1104 in
803 1081 968 1115 ternpore,
997 1081 1028 1105 et
1050 1074 1090 1104 ad
1120 1083 1219 1115 quam
1250 1074 1289 1104 ab

215 1128 343 1153 aeterno
366 1119 615 1160 praedestinatus
638 1119 699 1150 dici
723 1118 775 1149 ille
800 1119 901 1149 debet.

282 1165 366 1196 Hinc
389 1164 422 1194 in
447 1174 483 1194 ea
505 1163 655 1204 Apostoli
679 1164 848 1194 sententia:
872 1163 938 1201 Qui
955 1160 1130 1204 (Christus)
1148 1162 1288 1202 praede-

213 1210 354 1242 stinatus
382 1213 429 1239 est
456 1208 560 1238 Filius
582 1208 646 1238 Dei
673 1209 705 1238 in
737 1209 873 1246 virtute,
899 1207 1078 1238 subiectum
1107 1207 1288 1247 quaeritur,

213 1254 304 1296 quod
327 1252 433 1284 divina
451 1251 736 1293 praedestinatione
756 1252 940 1284 ordinatum
959 1251 1052 1282 fuerit
1070 1251 1115 1282 ad
1138 1252 1287 1281 unionem

214 1299 247 1330 in
271 1307 340 1329 esse
356 1297 539 1338 personali,
561 1306 617 1327 seu
640 1297 680 1327 ad
698 1296 886 1327 filiationem
904 1296 963 1327 Dei
983 1296 1169 1326 naturalem.
1196 1295 1288 1326 Unde

194 1342 310 1377 altera
328 1348 380 1373 est
401 1338 488 1382 apud
509 1341 705 1382 Aquinatem
723 1341 939 1382 interpretatio
958 1340 1099 1378 illorum,
1120 1340 1175 1381 qui
1188 1349 1287 1380 prae-

211 1387 455 1419 destinationem
475 1386 520 1416 ad
542 1386 643 1426 ipsam
668 1386 819 1416 unionem
839 1385 1029 1427 reserentes,
1051 1395 1114 1415 non
1134 1385 1287 1415 attribue-

155 1437 161 1442 ”
211 1436 290 1463 runt
313 1441 383 1470 eam
401 1439 575 1472 personae,
601 1430 659 1461 sed
681 1435 821 1461 naturae
827 1437 841 1468 ;
864 1436 899 1461 ut
916 1431 959 1461 sit
975 1439 1100 1467 sensus,
1121 1430 1177 1470 qui
1189 1439 1287 1469 prae-

209 1476 390 1509 destinatus
419 1480 466 1506 est
487 1475 593 1505 Filius
614 1475 678 1505 Dei
708 1475 740 1505 in
773 1476 908 1512 virtute,
934 1475 1025 1512 idest,
1051 1475 1144 1504 cuius
1167 1479 1286 1504 natura

204 1519 451 1562 praedestinata
482 1524 549 1558 est,
574 1524 610 1550 ut
632 1520 673 1550 sit
696 1521 726 1550 ei
757 1521 848 1550 unita
875 1521 932 1560 qui
962 1524 1009 1550 est
1038 1518 1144 1549 Filius
1166 1518 1230 1548 Dei
1253 1519 1286 1548 in

211 1565 339 1597 virtute.
370 1564 588 1605 Quamplures
608 1563 685 1594 novi
709 1564 889 1604 theologos,
912 1573 995 1604 quos
1019 1572 1196 1593 memorare
1219 1572 1286 1593 non

210 1608 314 1648 refert,
332 1608 388 1650 qui
406 1608 482 1640 huic
496 1608 668 1639 sententiae
683 1608 898 1649 acquiescunt,
914 1608 979 1638 sive
994 1607 1126 1642 demum
1141 1614 1286 1638 naturam

210 1653 387 1685 humanam
415 1652 534 1684 Christi
562 1653 722 1684 abstracte
745 1663 852 1683 sumas
884 1662 943 1693 pro
973 1651 1189 1690 humanitate,
1221 1651 1287 1682 sive

212 1703 370 1736 concrete,
395 1704 431 1728 ut
454 1697 554 1736 aiunt,
579 1707 637 1737 pro
661 1696 723 1728 isto
747 1697 878 1728 homine
905 1703 1054 1737 certoque
1079 1703 1209 1727 naturae
1227 1696 1286 1726 hu-

211 1753 324 1776 manae
347 1741 528 1773 individuo:
549 1748 725 1783 notantque
752 1741 944 1782 singularem
960 1741 1041 1771 hanc
1068 1747 1214 1771 naturam
1227 1740 1286 1770 hu—

211 1797 342 1819 manam
371 1786 496 1826 concipi
533 1785 665 1827 quidem
694 1785 740 1828 τῇ
771 1785 904 1825 ἐπινοίᾳ
945 1795 1000 1816 seu
1038 1786 1166 1816 ratione
1193 1795 1286 1825 posse

211 1831 311 1873 prius,
331 1841 430 1872 quam
448 1830 508 1861 Dei
527 1829 599 1861 Filii
613 1831 772 1870 personali
793 1830 983 1871 proprietate
998 1829 1107 1860 affecta
1126 1829 1285 1867 subsistat;

210 1885 244 1908 re
266 1882 373 1907 tamen
392 1875 461 1916 ipsa
479 1884 537 1905 nec
551 1881 720 1906 momento
739 1875 901 1913 exstitisse,
921 1881 1093 1915 antequam
1112 1874 1218 1904 Verbo
1239 1873 1285 1904 di-

209 1919 298 1960 vino,
322 1919 404 1950 Filio
427 1918 488 1950 Dei
511 1919 723 1959 copularetur.
747 1921 790 1950 At
813 1919 976 1960 propriam
1000 1919 1081 1949 hanc
1105 1928 1171 1949 esse
1195 1918 1284 1949 locu-

208 1964 332 1996 tionem
353 1970 503 2006 pernegat
522 1974 546 1994 s-
564 1963 728 1995 Thomas:
749 1973 884 2005 eamque
903 1963 929 1994 si
949 1963 1049 1994 mavis
1064 1963 1284 2004 impropriam,

208 2009 296 2040 haud
318 2008 423 2040 renuit
445 2007 512 2039 ille:
537 2007 601 2039 Sed
623 2009 702 2040 haec
724 2010 820 2040 etiam
845 2009 1012 2049 expositio,
1038 2007 1202 2049 inquiens,
1227 2008 1284 2038 im-

201 2054 341 2096 propria
361 2058 408 2085 est
431 2058 462 2084 et
485 2058 622 2084 extorta.
649 2053 730 2084 Cum
754 2054 838 2084 enim
852 2053 1108 2094 praedestinatio
1135 2053 1284 2093 importet

208 2098 354 2130 ordinem
383 2099 416 2128 in
435 2097 559 2139 finem,
585 2099 654 2129 eius
685 2103 732 2129 est
748 2097 1011 2138 praedestinari,
1037 2098 1130 2128 cuius
1157 2102 1205 2128 est
1220 2107 1285 2137 per

207 2152 300 2174 suam
320 2143 537 2183 operationem
557 2141 707 2173 ordinari
725 2143 758 2172 in
770 2142 879 2180 finem.
899 2143 1008 2183 Agere
1026 2147 1133 2172 autem
1147 2147 1284 2182 propter

197 2187 303 2229 finem
329 2197 392 2218 non
417 2192 464 2218 est
487 2191 645 2225 naturae,
669 2187 727 2218 sed
743 2197 915 2228 personae.
945 2187 1054 2224 Quam
1077 2196 1151 2226 ergo
1176 2186 1282 2217 verisi-

208 2231 368 2262 miliorem
392 2237 483 2272 putat
511 2230 563 2261 ille
583 2231 771 2262 sententiam
795 2231 844 2262 his
868 2231 1005 2272 denique
1023 2230 1126 2261 verbis
1146 2230 1281 2270 profert:

211 2289 227 2305 ‹
245 2275 320 2307 Ideo
344 2275 370 2306 si
399 2275 526 2316 proprie
549 2275 739 2316 accipiatur,
769 2282 896 2316 oportet
926 2275 1015 2316 quod
1039 2275 1281 2315 praedestinatio

210 2333 226 2350 »
248 2320 435 2352 attribuatur
448 2319 509 2360 ipsi
523 2329 677 2360 personae
693 2319 821 2352 Christi.
846 2320 908 2352 Sed
923 2320 998 2361 quia
1013 2330 1148 2360 persona
1163 2319 1281 2350 Christi

209 2378 225 2394 ν
248 2364 389 2396 subsistit
411 2364 445 2395 in
469 2363 592 2395 duabus
621 2365 760 2404 naturis,
784 2365 925 2396 humana
953 2364 1070 2395 scilicet
1094 2371 1124 2395 et
1155 2364 1280 2403 divina,

209 2422 226 2438 ιι
247 2408 424 2440 secundum
439 2415 607 2450 utramque
626 2416 732 2450 potest
746 2409 867 2451 aliquid
883 2409 944 2440 dici
964 2409 1002 2439 de
1022 2419 1071 2439 eo.
1093 2408 1181 2439 Sicut
1194 2408 1280 2439 enim

210 2467 225 2482 2
248 2453 287 2484 de
305 2453 437 2484 homine
451 2460 556 2494 potest
572 2453 692 2494 aliquid
711 2454 772 2485 dici
792 2453 969 2484 secundum
989 2463 1117 2493 corpus,
1132 2460 1168 2483 ut
1187 2454 1281 2493 tangi

209 2511 224 2527 >
247 2505 278 2528 et
301 2498 470 2529 vulnerari
477 2505 490 2535 ;
513 2497 634 2538 aliquid
648 2505 755 2529 autem
770 2498 948 2529 secundum
967 2497 1118 2535 animam,
1134 2504 1170 2528 ut
1187 2498 1279 2528 intel-

207 2555 223 2571 ›
246 2542 350 2583 ligere
373 2549 404 2573 et
427 2541 527 2572 velle:
550 2541 593 2572 ita
617 2541 655 2572 de
679 2542 807 2574 Christo
827 2548 933 2582 potest
955 2541 1076 2582 aliquid
1091 2541 1163 2580 dici,
1188 2548 1219 2572 et
1233 2552 1279 2572 se-

207 2599 223 2615 »
245 2586 389 2618 cundum
403 2586 543 2617 divinam
565 2593 721 2624 naturam,
737 2587 899 2627 sicutipse
918 2586 957 2616 de
977 2596 1010 2616 se
1029 2586 1104 2617 dicit
1119 2585 1245 2616 loannis
1259 2596 1279 2616 x

206 2644 221 2660 ι
244 2629 381 2672 (capite,
401 2636 430 2661 it.
455 2630 532 2672 30):
549 2631 623 2672 Ego
647 2637 677 2662 et
699 2632 798 2662 Pater
821 2641 920 2662 unum
944 2640 1057 2661 sumus
1064 2638 1077 2668 ;
1100 2637 1131 2661 et
1159 2630 1279 2671 aliquid

205 2688 222 2704 ›
244 2675 422 2717 secundum
445 2675 632 2715 humanam,
657 2676 739 2707 sicut
762 2686 837 2707 cum
861 2675 996 2706 dicimus
1021 2685 1097 2706 eum
1120 2684 1187 2705 esse
1206 2685 1278 2706 cru-

206 2733 222 2749 »
244 2719 376 2762 cifixum
401 2726 432 2750 et
454 2725 627 2752 mortuum.
652 2721 693 2751 Et
716 2721 778 2751 hoc
802 2720 902 2751 modo
927 2719 1041 2752 dicitur
1063 2729 1130 2750 esse
1139 2719 1278 2759 praede-

206 2777 222 2793 »
243 2765 383 2796 stinatus
411 2765 588 2795 secundum
619 2765 794 2796 humanam
822 2771 978 2796 naturam.
1013 2763 1168 2802 Quamvis
1193 2764 1278 2795 enim

207 2822 222 2838 »
244 2809 314 2850 ipsa
335 2819 472 2849 persona
495 2808 640 2840 Christus
669 2820 794 2851 semper
824 2809 918 2840 fuerit
945 2809 1045 2840 Filius
1067 2809 1147 2846 Dei,
1171 2815 1277 2840 tamen

207 2866 223 2882 ›
245 2863 312 2884 non
335 2863 461 2894 semper
484 2853 554 2892 fuit,
578 2861 615 2885 ut
637 2854 772 2886 existens
790 2854 823 2885 in
842 2854 983 2885 humana
1002 2861 1114 2884 natura
1133 2860 1213 2884 esset
1227 2854 1278 2884 Fi-

207 2910 222 2926 »
243 2897 306 2929 lius
324 2898 400 2936 Dei;
419 2898 475 2928 sed
488 2897 551 2928 hoc
570 2898 631 2929 fuit
649 2899 813 2930 ineffabilis
832 2899 958 2939 gratiae.
973 2911 988 2926 »
1010 2899 1102 2935 Quae
1117 2904 1278 2938 postrema

203 2942 300 2972 verba
321 2942 519 2983 impietatem
547 2943 664 2974 evitant
687 2951 718 2974 et
741 2943 945 2982 convellunt,
969 2953 1069 2984 quam
1092 2953 1129 2973 ex
1151 2942 1277 2974 invecto

205 2985 286 3016 inter
298 2986 542 3018 destinationem
557 2994 587 3018 et
595 2988 924 3028 praedestinationem
941 2987 1120 3018 discrimine
1131 2987 1277 3018 subtilius

206 3029 373 3070 colligebat
395 3030 558 3071 Origenes.
584 3032 849 3069 Quaestiunculas
869 3032 1006 3063 annectit
1019 3032 1174 3072 Aquinas,
1197 3039 1233 3062 ut
1252 3032 1277 3062 si

205 3084 288 3115 quae
310 3073 476 3105 videantur
499 3075 635 3116 depellat
657 3076 866 3115 difficultates,
881 3077 1093 3117 selectamque
1113 3086 1276 3107 commen-

204 3118 360 3149 tationem
383 3117 558 3150 confirmet.
582 3121 740 3161 Apposita
761 3121 815 3152 illa
838 3128 895 3159 est,
919 3131 1002 3162 quae
1025 3128 1222 3151 memoratur
1244 3120 1277 3151 in

206 3163 338 3194 Glossa:
362 3162 478 3193 Utrum
500 3163 659 3202 Christus,
676 3166 852 3197 secundum
871 3166 957 3206 quod
973 3166 1067 3196 homo
1087 3171 1143 3203 est,
1168 3166 1210 3196 sit
1222 3165 1276 3195 Fi-

205 3207 270 3238 tius
292 3207 365 3237 Dei.
389 3206 433 3237 Et
456 3207 583 3238 videtur
603 3209 689 3249 quod
710 3211 776 3241 sic:
798 3211 873 3251 quia
896 3211 948 3241 hic
971 3215 1018 3241 est
1043 3209 1201 3247 Christus,
1222 3211 1278 3250 qui

204 3251 465 3292 praedestinatus
487 3257 534 3282 est
557 3258 592 3283 ut
614 3254 656 3283 sit
662 3257 676 3290 ,⁴
697 3254 754 3285 sed
777 3255 953 3285 secundum
985 3254 1071 3295 quod
1092 3255 1206 3291 homo,
1231 3259 1278 3284 est

199 3295 464 3337 praedestinatus
487 3301 523 3326 ut
549 3298 591 3327 sit
597 3304 611 3334 ‚·
634 3307 713 3339 ergo
735 3299 910 3330 secundum
930 3298 1016 3339 quod
1037 3298 1141 3336 homo,
1157 3303 1205 3329 est
1222 3299 1276 3328 Fi-

205 3340 270 3372 lius
283 3341 356 3371 Dei.
377 3340 575 3371 Solidissima
589 3347 683 3382 atque
700 3342 866 3382 perspicua
880 3349 1005 3383 praesto
1025 3349 1072 3373 est
1089 3342 1276 3382 responsio:

208 3384 428 3423 «Dicendum,
452 3385 542 3426 quod
565 3385 590 3415 si
614 3386 647 3426 ly
669 3387 844 3417 secundum
867 3387 953 3428 quod
970 3387 1100 3417 denotat
1123 3385 1277 3417 unitatem

207 3441 223 3456 ιο
245 3429 421 3469 suppositi,
445 3439 557 3460 verum
592 3436 639 3460 est
670 3431 760 3470 quod
786 3431 961 3461 secundum
997 3430 1083 3470 quod
1109 3431 1202 3461 homo
1231 3436 1277 3460 est

207 3485 222 3500 a»
244 3473 344 3504 Filius
367 3473 445 3512 Dei;
470 3474 545 3514 quia
569 3484 672 3504 unum
695 3481 742 3505 est
765 3474 970 3514 suppositum
987 3474 1047 3504 Dei
1071 3480 1102 3504 et
1124 3474 1274 3504 hominis.

206 3529 222 3544 a>
243 3516 277 3548 Si
300 3524 409 3548 autem
428 3518 569 3558 designat
589 3518 806 3550 conditionem
825 3525 954 3549 naturae
977 3518 1028 3548 vel
1047 3528 1192 3555 causam,
1218 3517 1275 3547 fal-

206 3573 222 3588 »
244 3571 317 3592 sum
340 3569 397 3600 est,
417 3573 484 3593 non
504 3563 590 3593 enim
608 3573 644 3593 ex
663 3570 775 3594 natura
793 3563 934 3593 humana
952 3562 1047 3592 habet
1065 3569 1101 3592 ut
1119 3562 1158 3593 sit
1176 3561 1275 3592 Filius

206 3617 222 3632 ³·
243 3605 313 3636 Dei.
334 3606 370 3636 ln
393 3614 581 3647 argumento
601 3614 710 3638 autern
729 3614 774 3638 est
789 3607 909 3638 fallacia
928 3607 1164 3647 compositionis
1183 3613 1214 3636 et
1227 3606 1274 3636 di-

208 3661 223 3676 »
246 3650 386 3689 visionis,
412 3661 450 3682 ex
473 3662 511 3682 eo
536 3652 624 3693 quod
648 3652 681 3693 ly
703 3652 878 3683 secundum
898 3652 983 3692 quod
1001 3657 1107 3691 potest
1129 3650 1274 3681 determi-

2328 305 2423 331 CXVII

1352 375 1367 390 »
1390 373 1463 394 nare
1483 364 1697 405 participium,
1712 366 1997 406 praedestinatus;
2016 375 2046 399 et
2066 368 2109 399 sic
2127 379 2239 400 verum
2260 378 2316 410 est,
2336 374 2425 413 quod

1352 420 1366 434 »
1388 409 1563 439 secundum
1588 410 1673 450 quod
1695 410 1799 447 homo,
1821 418 1867 441 est
1882 412 2143 451 praedestinatus.
2169 414 2227 444 Vel
2248 422 2351 454 potest
2370 417 2423 447 de-

1352 463 1366 478 »
1389 452 1556 483 terminare
1585 454 1687 493 ipsum
1718 464 1787 485 esse
1809 455 1928 485 Filium
1960 456 2043 494 Dei,
2074 457 2115 486 ad
2143 458 2232 498 quod
2262 460 2424 491 ordinatur

1351 507 1366 522 »
1389 496 1648 535 praedestinatio:
1670 505 1700 528 et
1719 498 1762 529 sic
1778 498 1891 530 falsum
1913 506 1970 537 est,
1986 510 2053 530 non
2069 501 2155 531 enim
2174 503 2423 541 praedestinatus

1352 552 1366 566 2»
1389 546 1454 577 est,
1480 547 1515 570 ut
1538 542 1712 572 secundum
1737 543 1823 583 quod
1845 544 1937 574 homo
1963 544 2003 574 sit
2025 544 2126 575 Filius
2151 545 2228 584 Dei;
2253 553 2283 577 et
2305 547 2338 577 in
2362 547 2423 579 hoc

1351 595 1366 610 2>
1389 593 1483 614 sensu
1508 585 1650 623 procedit
1674 586 1793 617 ratio.»
1821 588 1865 618 Ita
1889 588 1949 618 ille.

1415 627 1500 657 Alibi
1524 638 1598 658 vero
1623 629 1820 669 diligentiore
1844 642 1941 672 opera
1969 633 2115 663 eamdem
2137 641 2239 665 versat
2262 635 2422 675 quaestio-

1347 681 1433 710 nem,
1458 672 1668 713 eamdemque
1692 674 1800 705 definit
1823 676 2022 715 sententiam,
2048 677 2088 707 111
2111 687 2190 718 par„
2206 685 2326 719 quaest.
2338 689 2421 719 xxiv,

1347 722 1403 746 art.
1422 726 1431 746 1
1453 722 1483 746 et
1496 726 1529 746 11.
1551 717 1586 746 In
1602 717 1653 754 111,
1670 718 1739 749 dist.
1751 730 1804 757 vn,
1825 730 1878 760 qu.
1899 731 1970 758 111,
1986 728 2041 751 art.
2059 732 2086 760 ι,
2101 722 2155 752 lib.
2167 723 2215 753 lV'
2225 729 2310 754 cont.
2327 723 2421 755 Gent.

1347 770 1415 800 cap.
1436 770 1477 791 1x.
1503 760 1689 792 Subtiliores
1715 773 1751 793 ac
1774 763 1928 803 implexae
1958 763 2043 807 (non
2067 776 2118 796 me
2143 765 2236 809 latet)
2266 767 2424 807 agitantur

1346 804 1379 834 in
1394 804 1511 835 scholis
1535 805 1736 846 quaestiones
1757 817 1774 837 a
1793 807 1961 848 theologis,
1986 809 2051 839 sive
2074 810 2190 851 quibus
2215 821 2250 841 ea
2274 811 2422 843 Thomae

1346 849 1501 880 sententia
1524 849 1631 880 minus
1655 850 1787 888 arridet,
1814 851 1878 882 sive
1903 853 1957 893 qui
1982 863 2053 884 eam
2076 864 2134 894 pro
2158 855 2239 885 virili
2263 855 2422 887 vindicare

1347 893 1484 924 student.
1503 893 1574 924 Illas
1592 893 1705 924 omn'es
1721 895 1745 925 si
1761 895 1822 926 hoc
1842 896 1914 926 loco
1935 907 1993 936 ego
2011 894 2209 938 praeteriero,
2225 899 2304 930 mihi
2323 910 2420 931 nemo

1346 937 1423 968 vitio
1438 944 1548 976 vertat,
1574 948 1648 968 cum
1667 938 1740 969 satis
1757 939 1848 970 fuerit
1865 940 1897 970 id
1912 951 2079 980 enarrasse,
2104 943 2194 983 quod
2215 950 2285 974 tum
2306 945 2423 976 evincit

1347 982 1488 1021 potuisse
1517 992 1541 1012 s.
1562 982 1727 1013 Thomam
1756 983 1951 1015 Graecorum
1974 986 2104 1016 Patrum
2126 987 2419 1027 interpretationem

1347 1026 1504 1064 deserere,
1533 1026 1673 1067 aliasque
1701 1027 1846 1058 debuisse
1875 1030 2159 1061 commentationes
2183 1031 2307 1070 afferre,
2337 1043 2419 1073 quae

1345 1070 1495 1110 Apostoli
1505 1070 1596 1101 Pauli
1610 1071 1709 1102 menti
1725 1080 1948 1111 congruerent;
1964 1080 2034 1104 tum
2049 1074 2144 1105 etiam
2165 1085 2329 1106 censuram
2343 1077 2418 1107 Era-

1345 1114 1417 1153 smi,
1438 1114 1494 1155 qui
1513 1115 1677 1146 Thomam
1701 1126 1758 1146 ceu
1778 1117 1927 1148 Proteum
1952 1120 2130 1158 quempiam
2150 1125 2248 1150 semet
2262 1121 2294 1150 in
2310 1122 2418 1152 omnia

1345 1164 1518 1233 verae-ntem
1530 1182 1539 1197 ,
1564 1160 1594 1190 si
1611 1170 1675 1200 qua
1694 1162 1798 1200 possit
1817 1162 1909 1199 elabi,
1931 1162 1963 1191 in
1981 1172 2108 1193 scenam
2127 1163 2258 1202 inducit,
2283 1165 2417 1196 omnino

1345 1213 1403 1244 pro
1428 1210 1501 1243 igat.

1726 1297 1926 1335 CAPUT
1964 1299 2038 1336 III.

1343 1383 1524 1409 Socinianismi
1543 1385 1658 1418 suspicio
1677 1387 1858 1419 propulsatur,
1884 1395 1937 1420 qua
1961 1388 2042 1413 notari
2067 1396 2146 1421 posse
2170 1389 2261 1414 eadem
2279 1389 2417 1422 Aquinatis

1415 1420 1531 1445 doen-ina
1559 1421 1710 1453 insipienter
1734 1422 1821 1447 visum
1845 1427 1886 1447 est
1909 1422 2037 1448 Richardo
2063 1424 2187 1449 Simonio.
2213 1425 2371 1450 Oscitantiae
2389 1433 2419 1450 ac

1414 1455 1509 1480 erroris
1533 1457 1694 1481 convincitur
1717 1457 1786 1482 idem
1810 1458 1957 1489 Simonius,
1983 1459 2028 1491 qui
2053 1459 2184 1484 Thomam
2210 1466 2312 1485 accusat
2336 1461 2416 1485 veluti

1413 1490 1616 1516 confundentem
1627 1492 1815 1525 Origenianum
1830 1499 2009 1519 commentum
2019 1494 2051 1519 de
2062 1495 2258 1528 praeexistentia
2272 1496 2417 1522 animarum

1414 1534 1474 1551 cum
1493 1526 1593 1552 haeresi
1613 1528 1749 1561 Pelagiana
1768 1529 1800 1554 de
1820 1529 1972 1554 meritorum
1991 1531 2178 1563 praecedentia.

1343 1612 1365 1642 Ι.
1386 1607 1644 1688 Acerbiorem
1654 1622 1736 1643 voco
1752 1613 1792 1643 ad
1804 1623 1934 1644 examen
1946 1614 2172 1646 Socinianismi
2181 1622 2303 1655 notam,
2319 1626 2417 1657 quam

1470 1656 1544 1687 divo
1568 1656 1726 1695 Thomae‚
1747 1658 2066 1697 praedestinationem
2085 1659 2149 1689 iam
2168 1660 2345 1700 expositam
2363 1661 2416 1691 ho-

1342 1702 1437 1733 minis
1463 1702 1584 1732 Christi
1613 1711 1649 1732 ex
1678 1701 1797 1732 meritis
1828 1703 2087 1742 praecedentibus
2118 1704 2292 1744 pendulam
2323 1705 2415 1735 dene-

1341 1746 1438 1785 ganti,
1463 1745 1611 1786 impingit
1634 1745 1759 1776 criticus
1783 1746 1863 1777 alius
1887 1747 2006 1786 homo,
2031 1747 2207 1779 Richardus
2231 1749 2415 1788 Simonius,

1341 1797 1397 1821 aut
1415 1790 1514 1821 nimia
1528 1797 1609 1821 certe
1625 1789 1816 1821 confidentia
1840 1791 2000 1831 deceptus,
2026 1799 2080 1823 aut
2094 1792 2270 1833 ignorantia
2294 1793 2337 1824 rei
2352 1804 2416 1834 qua

1341 1835 1380 1865 de
1403 1835 1506 1875 agitur
1529 1834 1651 1874 egregie
1675 1834 1830 1865 laborans.
1856 1835 1958 1866 Docet
1981 1836 2103 1867 Doctor
2125 1837 2296 1877 Angelicus
2320 1837 2414 1868 citato

1340 1879 1413 1910 loco
1438 1889 1493 1910 seu
1518 1879 1588 1910 lect.
1605 1889 1638 1909 11¹
1658 1878 1690 1909 in
1710 1886 1805 1919 caput
1819 1890 1839 1910 1.
1864 1880 2025 1920 Epistolae
2045 1881 2085 1910 ad
2109 1882 2291 1912 Rom‘anos:
2316 1883 2414 1912 Prae-

1339 1923 1583 1955 destinationem
1611 1919 1741 1961 Christi,
1764 1925 1819 1964 qui
1843 1929 1889 1954 est
1905 1925 2169 1964 praedestinatus
2193 1931 2228 1956 ut
2250 1927 2292 1957 sit
2310 1927 2414 1957 Filius

1339 1968 1403 1999 Dei
1410 1978 1474 2009 per
1489 1973 1652 2005 naturam,
1668 1977 1736 1999 esse
1750 1978 1935 1999 mensuram
1949 1969 2257 2009 praedestinationis
2272 1976 2412 2009 nostrae,

1338 2014 1395 2053 qui
1402 2013 1690 2053 praedestinamur
1703 2013 1736 2042 in
1741 2013 1937 2053 filiationem
1953 2013 2147 2054 adoptivam,
2158 2024 2242 2055 quae
2256 2020 2303 2045 est
2315 2025 2413 2055 quae-

1338 2057 1413 2088 dam
1428 2058 1638 2098 participatio
1660 2062 1690 2087 et
1707 2058 1816 2098 imago
1839 2058 2001 2088 naturalis
2010 2058 2195 2099 filiationis.
2214 2058 2346 2099 Colligit
2362 2069 2414 2089 ve-

1338 2109 1393 2132 ro:
1418 2102 1508 2133 Sicut
1538 2102 1641 2143 igitur
1672 2102 1766 2133 homo
1800 2101 1948 2132 Christus
1973 2103 2237 2143 praedestinatus
2270 2113 2332 2134 non
2367 2109 2414 2134 est

1331 2152 1468 2187 propter
1491 2147 1607 2177 merita
1630 2146 1880 2186 praecedentia,
1910 2147 1968 2177 sed
1990 2157 2032 2177 ex
2058 2148 2127 2177 sola
2150 2149 2281 2189 gratia,
2313 2153 2349 2178 ut
2370 2149 2413 2179 sit

1336 2191 1441 2222 Filius
1464 2191 1527 2221 Dei
1551 2191 1732 2221 naturalis:
1761 2191 1805 2221 ita
1830 2196 1860 2221 et
1883 2200 1941 2221 nos
1964 2201 2006 2221 ex
2028 2192 2098 2222 sola
2120 2193 2250 2233 gratia,
2283 2202 2345 2222 non
2371 2202 2413 2222 ex

1337 2236 1460 2266 meritis
1477 2235 1764 2276 praedestinamur
1788 2240 1823 2265 ut
1845 2236 1946 2265 simus
1958 2235 2029 2276 filii
2046 2236 2109 2266 Dei
2126 2236 2276 2276 adoptivi.
2302 2235 2413 2276 Carpit

1337 2279 1414 2310 haec
1437 2280 1531 2310 verba
1555 2279 1718 2310 Simonius
1742 2286 1773 2310 et
1795 2279 1854 2309 ait:
1883 2292 1897 2306 ‹<
1915 2279 1995 2309 Mais
2019 2290 2102 2320 pour
2125 2281 2188 2310 etre
2210 2286 2282 2320 trop
2303 2280 2409 2319 subtil,

1339 2337 1354 2351 v
1376 2324 1399 2354 il
1414 2324 1532 2354 semble
1551 2333 1694 2364 appuyer
1713 2323 1757 2354 les
1775 2323 1946 2354 sentimens
1967 2323 2005 2354 de
2025 2324 2139 2354 Socin:
2167 2324 2297 2355 Comme
2316 2325 2409 2362 donc,

1339 2381 1353 2395 »
1377 2368 1470 2405 dit—il,
1486 2368 1633 2398 l'homme
1654 2367 1762 2398 Christ
1780 2374 1838 2398 etc.
1853 2380 1867 2394 »
1893 2368 1965 2398 Hoc
1984 2374 2046 2398 est:
2075 2381 2089 2396 e:
2102 2369 2179 2399 Prae
2199 2369 2297 2399 nimia
2315 2369 2409 2399 disse-

1339 2425 1352 2440 »
1376 2412 1464 2442 rendi
1496 2412 1666 2443 subtilitate
1698 2412 1823 2442 videtur
1852 2412 1997 2442 Thomas
2021 2412 2196 2443 Socinianis
2220 2413 2410 2444 commentis

1338 2469 1352 2484 »
1376 2456 1495 2487 favere:
1521 2457 1611 2487 Sicut
1634 2457 1754 2497 igitur,
1779 2456 1944 2497 inquiens,
1968 2457 2061 2487 homo
2088 2457 2236 2488 Christus
2259 2465 2317 2488 etc.
2332 2470 2347 2485 ³>

1401 2501 1451 2531 Sic
1466 2501 1518 2531 ille
1535 2511 1609 2531 cum
1623 2501 1768 2539 blateret,
1793 2507 1863 2531 turn
1878 2501 2080 2531 Socinianam
2103 2501 2300 2542 impietatem
2318 2502 2410 2542 igno-

1334 2555 1416 2575 rasse
1430 2545 1565 2582 videtur,
1581 2552 1651 2575 tum
1666 2546 1760 2575 verba
1784 2555 1819 2576 ac
1843 2552 1984 2576 mentem
2004 2545 2067 2575 divi
2083 2546 2230 2576 Thomae
2246 2553 2327 2577 certe
2342 2556 2409 2576 non

1334 2589 1494 2620 intellexit.
1520 2589 1684 2620 Christum
1708 2589 1886 2620 secundum
1914 2599 2085 2630 personam
2113 2590 2211 2631 impie
2235 2591 2328 2621 tradit
2351 2590 2407 2621 So-

1334 2634 1423 2665 cinus
1443 2644 1561 2674 purum
1580 2641 1696 2674 putum
1722 2634 1889 2664 hominem
1908 2641 1991 2672 esse;
2016 2635 2185 2675 Deumque
2211 2635 2328 2673 vocari,
2344 2645 2407 2665 non

1333 2679 1460 2709 ratione
1473 2679 1671 2709 substantiae
1692 2679 1743 2710 vel
1757 2688 1920 2719 personae
1946 2679 2004 2709 sed
2016 2680 2229 2716 auctoritatis,
2244 2680 2408 2719 potentiae

1333 2732 1374 2753 ac
1395 2723 1634 2764 beneficientiae
1639 2731 1653 2761 ;
1675 2724 1752 2764 quia
1774 2723 1890 2753 salutis
1913 2728 2061 2761 nostrae,
2088 2725 2233 2764 vitaeque
2256 2729 2408 2754 aeternae

1333 2768 1403 2798 dux
1417 2773 1448 2798 et
1461 2773 1577 2798 auctor
1591 2773 1621 2798 et
1635 2773 1874 2799 consummator
1893 2768 2011 2805 extitit,
2032 2768 2153 2805 divina,
2169 2768 2245 2798 dum
2261 2769 2293 2798 in
2309 2768 2406 2798 terris

1333 2818 1458 2854 ageret,
1477 2813 1623 2853 potentia
1648 2817 1679 2842 et
1701 2813 1893 2843 auctoritate
1909 2813 2094 2852 praeditus.
2121 2813 2263 2852 Itemque
2287 2812 2406 2842 Filium

1333 2857 1392 2887 Dei
1416 2857 1583 2897 appellari,
1607 2856 1731 2887 tametsi
1756 2866 1855 2897 purus
1878 2856 1978 2886 homo
2004 2863 2098 2894 esset,
2125 2862 2283 2897 quatenus
2305 2856 2408 2886 divini

1333 2902 1474 2942 Spiritus
1497 2902 1538 2939 vi,
1564 2902 1634 2932 sine
1657 2902 1720 2932 viri
1742 2911 1818 2941 ope,
1844 2902 1876 2931 in
1907 2901 2049 2941 Virginis
2068 2905 2159 2931 utero
2183 2905 2351 2940 conceptus
2375 2905 2406 2930 et

1322 2945 1494 2987 formatus
1507 2945 1591 2986 fuit.
1615 2948 1663 2976 Ac
1686 2945 1821 2986 denique
1846 2945 1906 2975 dici
1922 2945 2174 2984 Primogenitum
2193 2944 2297 2974 omnis
2322 2954 2405 2975 crea-

1332 2997 1438 3028 turae,
1469 2990 1555 3031 quod
1578 2995 1614 3020 ut
1635 2990 1814 3031 dignitate,
1845 2991 1892 3020 sic
1915 2995 2054 3029 tempore
2080 2990 2221 3019 omnium
2246 2998 2403 3019 novarum

1333 3040 1559 3065 creaturarum
1569 3036 1680 3075 prima
1694 3035 1752 3065 sit:
1771 3044 1845 3064 nam
1866 3039 1896 3064 et
1910 3034 2071 3073 conceptio
2090 3043 2132 3063 ex
2152 3033 2274 3073 Spiritu
2293 3038 2405 3063 sancto

1332 3084 1363 3110 et
1385 3079 1425 3109 ab
1448 3080 1535 3109 omni
1552 3079 1680 3119 peccati
1702 3079 1773 3109 labe
1795 3079 1980 3108 immunitas
2003 3087 2074 3108 eum
2103 3087 2218 3108 novum
2245 3078 2403 3108 hominem

1332 3129 1363 3154 et
1381 3129 1611 3164 consequenter
1630 3133 1744 3153 novam
1765 3128 1947 3153 creaturam
1968 3123 2174 3152 constituunt.
2190 3122 2277 3152 Haec
2296 3121 2404 3152 Fausti

1332 3167 1439 3198 Socini
1463 3168 1534 3198 loca
1558 3167 1677 3207 profert
1699 3167 1817 3197 Natalis
1841 3166 2018 3197 Alexander
2040 3166 2073 3196 in
2097 3166 2178 3197 Hist.
2205 3166 2313 3197 eccles.
2339 3175 2403 3195 sae-

1332 3212 1395 3242 culi
1418 3212 1478 3243 XV
1497 3218 1528 3242 et
1550 3212 1639 3250 XVI,
1663 3211 1764 3251 capite
1780 3222 1813 3249 11,
1837 3210 1922 3241 artic.
1942 3221 2005 3249 xrv,
2024 3210 2052 3251 ξ
2064 3220 2095 3249 4.
2120 3212 2188 3251 Age
2211 3218 2302 3241 vero:
2327 3209 2404 3240 hae'c

1331 3255 1431 3296 impia
1450 3262 1632 3286 commenta
1656 3255 1805 3286 convellit
1826 3255 1935 3285 omnia
1958 3255 2031 3285 loco
2052 3255 2145 3285 citato
2170 3262 2295 3285 sanctus
2314 3254 2402 3284 Tho-

1332 3307 1418 3338 mas;
1444 3310 1546 3340 neque
1565 3300 1734 3330 verbulum
1757 3299 1851 3329 habet
1874 3299 1988 3338 ullum,
2013 3299 2103 3340 quod
2121 3306 2241 3329 tantam
2259 3298 2402 3338 impieta-

1331 3351 1396 3375 tem
1416 3344 1525 3384 sapiat.
1545 3344 1667 3374 Purum
1686 3351 1803 3384 putum
1821 3343 1998 3382 hominem,
2018 3353 2116 3383 quem
2135 3342 2294 3373 Sociniani
2312 3341 2402 3372 Chri-

1332 3395 1417 3418 stum
1440 3388 1567 3426 habent,
1592 3388 1858 3428 praedestinatum
1882 3387 1978 3417 fuisse
1999 3387 2039 3417 ad
2057 3387 2170 3426 gratias
2193 3386 2287 3426 gratis
2302 3386 2400 3424 datas,

1331 3432 1371 3462 ad
1393 3441 1526 3462 munera
1550 3431 1832 3471 praestantissima,
1857 3432 1896 3461 ad
1920 3430 2068 3461 sublimia
2091 3431 2176 3460 dona
2194 3430 2310 3470 gratiae
2333 3439 2401 3469 gra-

1330 3483 1401 3506 tum
1430 3475 1591 3513 facientis,
1624 3475 1760 3506 fatentur
1784 3475 1849 3513 illi,
1881 3481 2102 3515 praetereaque
2130 3475 2170 3504 ad
2198 3474 2276 3504 nihil
2304 3473 2401 3504 aliud.

1330 3520 1442 3550 Fidem
1466 3519 1654 3549 catholicam
1677 3519 1796 3558 profert
1819 3530 1843 3549 s,
1859 3519 2019 3556 Thomas,
2049 3518 2184 3559 ipsoque
2207 3518 2281 3548 loco
2306 3518 2400 3549 citato

1331 3564 1438 3594 docet:
1463 3563 1636 3593 Hominem
1664 3563 1825 3594 Christum
1846 3563 2144 3603 praedestinatum,
2176 3568 2211 3593 ut
2232 3563 2275 3593 sit
2295 3563 2400 3593 Filius

1329 3608 1392 3638 Dei
1415 3608 1586 3638 naturalis.
1610 3607 1722 3637 Paullo
1746 3614 1818 3638 ante
1841 3607 2059 3647 praemiserat:
2092 3607 2188 3637 Uniri
2209 3607 2280 3638 Deo
2300 3608 2399 3637 ratio-

1331 3652 1436 3683 nalem
1456 3657 1651 3689 creaturam,
1672 3653 1883 3682 communiter
1904 3652 2030 3692 quidem
2052 3651 2226 3682 secundum
2247 3650 2398 3692 affectum
