2788 4204
1093 289 1204 325 CAP.
1235 289 1379 335 XXXI,
1411 289 1562 326 LECT.
1592 289 1696 325 XLII

355 379 393 414 4.
424 367 573 405 Deinde
603 380 692 404 cum
722 367 824 404 dicit:
853 368 990 415 Neque
1011 379 1084 415 per
1110 379 1259 404 sensum
1287 373 1368 414 etc.,

304 421 468 458 ostendit
489 422 508 442 ’Β
529 421 634 470 quod
654 419 810 457 scientia
837 432 917 456 non
937 427 993 456 est
1022 432 1155 456 eorum
1189 432 1287 468 quae
1308 432 1370 456 co-

304 481 537 522 gnoscuntur
554 474 766 510 secundum
784 474 804 494 '¹‘
825 484 992 509 sensum.
1014 473 1063 508 Et
1083 472 1180 509 circa
1198 473 1273 509 hoc
1294 472 1370 509 duo

304 527 408 563 facit:
436 527 578 576 primo,
608 525 774 562 ostendit
793 525 898 574 quod
918 525 1075 562 scientia
1095 537 1174 561 non
1205 525 1371 562 consistit

2413 292 2482 327 311

1425 367 1570 404 minato
1590 368 1675 404 loco
1693 369 1712 389 *
1733 374 1768 404 et
1787 375 1969 418 tempore.
2001 369 2058 405 Ex
2083 381 2159 417 quo
2187 375 2289 417 patet
2320 369 2425 417 quod
2448 369 2487 406 id
2515 382 2727 406 'Cf.1Perih.lect.

1425 420 1531 469 quod
1547 427 1601 456 est
1618 420 1847 468 universale,
1856 434 1935 458 non
1949 428 2073 470 potest
2093 421 2226 458 cadere
2243 421 2313 457 sub
2329 434 2442 458 sensu
2453 423 2485 458 ²¹³.
2513 415 2624 458 ¹·¹’c¹f¹.'1iss.
2635 436 2664 464 11,
2674 437 2728 458 ieet.

1425 473 1517 509 Non
1547 473 1648 509 enim
1669 475 1774 521 quod
1794 481 1848 510 est
1875 474 2088 511 universale
2109 474 2123 500 ζ
2151 474 2422 510 determinatur
2439 475 2488 511 ad
2514 468 2553 483 '⁴¹'
2612 490 2627 519 ζ

1425 525 1486 562 hic
1507 532 1543 561 et
1561 538 1664 562 nunc
1680 527 1712 573 *,
1733 527 1823 575 quia
1851 527 1928 563 iam
1956 539 2036 564 non
2064 533 2161 563 esset
2188 526 2412 563 universale.
2443 527 2487 563 Il-
2514 539 2725 562 ‘·Cf.1Perih.loc.

58 435 70 444 ¹⁸
77 434 171 456 Codd--
177 439 203 455 βε
212 434 276 455 dicit.

59 488 179 514 ''0:per.

2515 565 2553 586 cit.

61 591 70 599 ·
83 596 144 616 azo:
158 589 229 618 quod.

62 697 70 705 ·
83 695 155 717 Num.
173 701 205 717 ro.

61 852 73 863 ⁴
87 851 159 873 Num.
173 852 196 873 8.

61 962 84 997 Σ.
95 960 277 1014 qqtunqluqmdam.

29 1059 40 1069 “
63 1067 72 1075 ·
87 1065 166 1087 Etiam
180 1071 230 1087 om.
240 1071 278 1086 At.

62 1222 74 1234 ⁸
91 1229 118 1244 a:
139 1224 278 1250 cognoscat.

304 580 344 616 in
363 592 494 626 sensu;
515 578 697 624 secundo,
719 578 883 616 ostendit
902 579 1102 627 quomodo
1119 579 1139 599 ’¹‘
1159 590 1292 615 sensus
1313 590 1370 614 or-

305 632 456 670 dinatur
483 633 532 669 ad
560 631 778 677 scientiam3
807 631 875 668 ibi:
905 632 1002 668 Sunt
1031 637 1155 668 tamen
1184 632 1370 679 quaedam

295 686 457 722 ,reducta
487 686 507 706 *
535 691 604 721 etc.
641 684 751 720 Circa
778 684 946 733 primum
976 685 1052 721 duo
1082 684 1189 720 facit:
1222 684 1369 732 primO,

305 737 469 775 ostendit
484 736 681 774 scientiam
701 749 780 773 non
801 749 882 774 esse
901 749 971 785 per
989 749 1164 782 sensum;
1188 738 1369 784 secundo,

294 790 466 839 *praefert
485 789 682 827 scientiam
711 790 838 826 sensui
853 796 881 835 ’ς
907 790 975 827 ibi:
1007 790 1227 827 Universale
1245 796 1370 827 autem

303 843 525 880 honorabile
540 844 560 864 ‘¹‘
581 850 649 879 etc.
680 842 790 879 Circa
809 843 978 891 primum
998 844 1075 880 duo
1096 843 1202 879 facit:
1231 843 1371 891 primo,

305 895 469 933 ostendit
504 895 723 942 veritatem;
763 895 952 942 secundo,
992 896 1153 932 excludit
1190 907 1371 944 quorum-

306 949 396 986 dam
417 950 438 970 *
467 960 651 994 errorem;
680 949 748 986 ibi:
780 949 854 985 Sed
884 949 1124 997 manifestum
1153 954 1208 984 est
1230 949 1272 970 *²¹²
1302 955 1370 985 etc.

363 1003 395 1039 5.
421 1002 522 1039 Dicit
550 1013 637 1049 ergo
666 1002 804 1050 primo,
831 1003 956 1050 quod,
987 1001 1081 1037 sicut
1109 1001 1264 1037 seientia
1292 1013 1372 1037 non

306 1062 362 1091 est
390 1066 524 1091 eorum
540 1066 637 1103 quae
658 1062 745 1090 sunt
759 1067 782 1090 a
801 1055 962 1100 fortuna,
978 1053 1029 1090 ita
1050 1053 1162 1090 etiam
1179 1055 1199 1075 ²¹²
1219 1053 1374 1089 scientia

305 1119 386 1144 non
415 1107 583 1144 consistit
610 1107 650 1143 in
670 1106 898 1154 cognitione,
920 1118 1018 1155 quae
1039 1112 1094 1142 est
1111 1118 1181 1154 per
1204 1117 1372 1142 sensum.

306 1161 355 1196 Et
388 1160 463 1196 hoc
494 1160 631 1207 probat
664 1159 727 1196 sic.
765 1159 1010 1196 Manifestum
1045 1165 1099 1194 est
1133 1157 1235 1194 enim
1270 1158 1374 1205 quod

305 1224 439 1249 sensus
469 1211 663 1259 cognoscit
683 1213 703 1232 *
732 1211 873 1260 aliquid
900 1211 985 1257 tale,
1007 1217 1043 1246 et
1062 1222 1142 1246 non
1165 1211 1251 1246 hoc.
1282 1211 1374 1246 Non

306 1265 411 1302 enim
440 1264 634 1301 obiectum
667 1276 737 1313 per
769 1276 809 1300 se
847 1276 981 1300 sensus
1011 1269 1066 1298 est
1098 1262 1305 1299 substantia
1340 1269 1374 1298 et

306 1317 412 1366 quod
432 1317 525 1366 quid
546 1324 616 1363 est,
647 1317 715 1354 sed
743 1317 868 1365 aliqua
886 1315 1072 1352 sensibilis
1092 1315 1262 1363 qualitas,
1283 1322 1374 1363 puta

307 1370 489 1416 calidum,
510 1369 703 1417 frigidum,
725 1370 874 1413 album,
895 1368 1058 1416 nigrum,
1082 1375 1118 1404 et
1146 1368 1218 1404 alia
1245 1368 1373 1404 huius—

240 1424 243 1425 ’
263 1432 286 1452 -’
306 1420 425 1460 modi.
447 1422 681 1459 Huiusmodi
701 1429 832 1458 autem
853 1422 873 1442 *
893 1421 1090 1470 qualitates
1110 1421 1280 1457 afficiunt
1300 1421 1374 1457 sin-

271 1513 280 1532 ;
306 1476 453 1523 gulares
479 1475 669 1524 quasdam
699 1474 927 1511 substantias
951 1474 990 1510 in
1016 1473 1264 1511 determinato
1289 1475 1375 1510 loco

141 1522 214 1555 W·
248 1574 255 1580 ·
307 1534 343 1564 et
363 1534 538 1576 tempore
559 1527 777 1564 existentes:
796 1528 901 1565 unde
921 1539 1076 1564 necesse
1100 1533 1155 1563 est
1173 1527 1278 1575 quod
1301 1526 1340 1563 id
1357 1527 1376 1548 '¹‘

307 1581 412 1630 quod
439 1580 608 1628 sentitur,
630 1581 675 1617 sit
694 1581 770 1617 hoc
798 1580 940 1629 aliquid
961 1581 992 1626 *,
1014 1580 1153 1616 scilicet
1181 1579 1377 1627 singularis

307 1634 539 1681 substantia,
562 1641 597 1670 et
626 1634 672 1670 sit
700 1633 838 1670 alicubi
859 1640 894 1669 et
912 1645 1027 1680 nunc,
1048 1633 1143 1670 idest
1158 1633 1178 1654 *
1199 1632 1237 1669 in
1258 1632 1376 1669 deter-

309 1802 322 1815 ι
338 1799 405 1824 quae
423 1791 488 1816 fiunt
506 1795 612 1824 propter
631 1790 724 1821 finem,
744 1791 867 1816 eumdem
885 1791 1003 1815 ordinem
1027 1795 1097 1815 tenet
1114 1789 1188 1821 finis,
1208 1798 1287 1823 quem
1305 1795 1376 1815 tenet

309 1836 322 1850 »
337 1827 490 1860 principium
509 1827 535 1851 in
554 1827 777 1852 demonstrativis:
797 1831 822 1850 et
839 1825 890 1850 hoc
904 1826 962 1850 ideo
977 1826 1037 1858 quia
1056 1826 1134 1850 etiam
1147 1825 1205 1850 finis
1225 1831 1265 1850 est
1283 1826 1375 1858 princi-

309 1872 323 1886 »
338 1863 418 1895 pium,
431 1870 484 1887 non
503 1862 610 1894 quidem
628 1861 743 1891 actionis,
763 1862 810 1886 sed
828 1861 1035 1891 ratiocinationis,
1055 1861 1116 1893 quia
1134 1869 1149 1885 a
1166 1859 1217 1885 fine
1240 1861 1376 1893 incipimus

309 1907 323 1921 io
337 1897 480 1922 ratiocinari
494 1898 526 1922 de
545 1897 575 1922 iis
595 1904 662 1929 quae
680 1902 742 1921 sunt
754 1897 786 1921 ad
799 1895 887 1921 finem.
902 1897 930 1920 In
944 1896 1151 1921 demonstrativis
1171 1901 1258 1920 autem
1272 1904 1324 1920 non
1339 1901 1375 1920 at-

309 1942 324 1957 »
337 1934 450 1958 tenditur
468 1931 621 1965 principium
640 1937 727 1962 actus,
747 1932 793 1956 sed
811 1931 1024 1961 ratiocinationis,
1044 1931 1104 1964 quia
1122 1932 1149 1956 in
1168 1931 1376 1956 demonstrativis

309 1978 324 1992 ›
338 1976 391 1993 non
410 1973 472 1993 sunt
485 1968 608 1998 actiones,
623 1968 670 1991 sed
682 1967 890 1992 ratiocinationes
904 1971 1012 1991 tantum.
1028 1967 1103 1991 Unde
1118 1967 1299 1991 convenienter
1309 1966 1375 1998 finis,

310 2014 323 2027 ι
339 2005 366 2028 in
383 2004 414 2028 iis
432 2011 500 2036 quae
518 2002 583 2027 fiunt
601 2007 706 2035 propter
724 2001 811 2033 finem,
824 2007 895 2027 tenet
913 2003 1001 2026 locum
1020 2002 1134 2035 principii
1153 2002 1224 2034 quod
1239 2007 1278 2026 est
1291 2003 1317 2026 in
1332 2002 1375 2026 de-

310 2050 323 2063 »
339 2038 524 2064 monstrativis.
549 2038 625 2063 Unde
643 2038 784 2062 similitudo
802 2038 892 2069 (inter
904 2037 1070 2069 principium
1089 2040 1115 2062 ct
1126 2037 1228 2070 finem)
1248 2041 1288 2061 est
1306 2042 1375 2061 utro-

310 2085 323 2098 »
339 2074 433 2107 bique,
453 2074 572 2106 quamvis
592 2081 606 2098 e
625 2078 714 2098 contra
732 2081 762 2097 se
779 2073 896 2097 videatur
917 2073 1012 2097 habere
1031 2077 1136 2105 propter
1154 2072 1204 2096 hoc
1222 2073 1293 2105 quod
1317 2071 1375 2096 finis

310 2121 323 2134 ι
340 2115 380 2135 est
397 2110 519 2134 ultimum
538 2109 563 2133 in
583 2110 691 2139 actione,
709 2109 781 2141 quod
800 2108 826 2132 in
845 2108 1065 2133 demonstratione
1084 2115 1136 2132 non
1156 2108 1282 2132 esu—Sic
1301 2108 1376 2140 igitur

311 2156 323 2168 ³
339 2145 468 2170 concludit
486 2144 676 2176 (Aristoteles)
695 2144 766 2176 quod
785 2143 806 2167 si
826 2143 918 2168 debeat
940 2142 995 2168 fieri
1019 2144 1113 2167 domus
1133 2143 1191 2175 (vel
1208 2143 1279 2167 oliva
1297 2149 1375 2175 gene-

309 2190 324 2204 »
338 2180 423 2213 rari),
443 2180 515 2212 quod
535 2185 575 2204 est
593 2179 651 2204 finis
670 2179 856 2212 generationis,
877 2186 985 2203 necesse
1001 2183 1041 2203 est
1059 2177 1109 2203 hoc
1127 2177 1182 2202 fieri
1201 2183 1245 2202 aut
1262 2179 1375 2211 praeexi-

310 2227 323 2239 »
339 2221 416 2245 stete,
436 2215 533 2240 scilicet
550 2216 699 2245 materiam,
719 2222 786 2246 quae
805 2219 911 2247 propter
929 2213 1008 2239 finem
1027 2218 1079 2245 est;
1099 2213 1165 2238 sicut
1183 2214 1276 2238 lateres
1296 2218 1321 2238 et
1339 2214 1375 2238 la-

310 2260 324 2275 »
340 2251 413 2284 pides
429 2249 485 2283 (vel
497 2257 584 2275 semen
598 2250 699 2282 olivae)
714 2257 823 2274 necesse
836 2254 876 2274 est
889 2250 1069 2281 praeexistere,
1084 2249 1105 2272 si
1121 2249 1216 2273 domus
1230 2248 1284 2273 fieri
1300 2248 1377 2273 debet

309 2297 323 2309 ιι
340 2285 397 2320 (vel
415 2286 486 2311 oliva
499 2285 652 2319 generari).
667 2285 725 2310 Non
743 2290 831 2310 tamen
845 2285 917 2317 quod
930 2283 988 2308 finis
1003 2285 1036 2309 sit
1054 2289 1160 2316 propter
1172 2285 1314 2314 materiam,
1330 2284 1376 2308 sed

309 2331 324 2345 a
339 2329 392 2346 non
410 2322 465 2352 erit,
479 2322 500 2345 si
514 2321 621 2345 materia
635 2328 688 2345 non
702 2321 747 2351 sit;
767 2320 832 2345 sicut
847 2320 941 2344 domus
955 2327 1009 2344 non
1028 2320 1083 2349 erit,
1098 2320 1119 2343 si
1133 2327 1185 2343 non
1203 2319 1254 2343 sint
1269 2319 1375 2351 lapides,

310 2368 323 2380 ιι
338 2361 364 2382 et
376 2364 448 2381 serra
461 2364 514 2380 non
528 2357 583 2387 en't,
596 2356 618 2380 si
636 2364 689 2380 non
708 2355 784 2380 fuerit
802 2355 913 2381 ferrum:
928 2356 988 2388 quia
1003 2359 1028 2379 et
1046 2355 1071 2379 in
1089 2354 1200 2379 scientiis
1215 2355 1376 2379 demonstra-

309 2401 324 2416 »
338 2392 398 2417 tivis
411 2391 535 2424 principia
548 2399 601 2416 non
615 2396 683 2422 sunt,
698 2391 720 2415 si
733 2390 866 2415 conclusio
881 2398 934 2415 non
952 2391 993 2420 sit,
1008 2398 1075 2422 quae
1094 2390 1250 2414 assimilatur
1263 2389 1294 2414 iis
1309 2397 1377 2422 quae

310 2437 324 2451 a
341 2432 402 2452 sunt
420 2427 452 2452 ad
471 2426 559 2457 finem,
575 2427 640 2451 sicut
655 2427 809 2460 principium
827 2424 879 2456 fini,
892 2431 921 2450 ut
939 2426 1035 2450 dictum
1055 2429 1103 2450 est.
1118 2425 1159 2449 Sic
1178 2425 1255 2457 igitur
1271 2425 1378 2449 manife-

311 2474 323 2486 ιι
340 2468 410 2487 stum
428 2467 476 2493 est,
491 2462 562 2495 quod
576 2463 602 2486 in
615 2462 694 2487 rebus
709 2461 868 2486 naturalibus
881 2460 971 2486 dicitur
986 2468 1045 2485 esse
1063 2461 1247 2490 necessarium,
1262 2461 1333 2492 quod
1348 2467 1377 2484 se

310 2507 324 2522 »
339 2498 417 2522 habet
429 2505 477 2530 per
490 2498 599 2522 modum
618 2497 740 2522 materiae
751 2497 793 2521 vel
807 2497 947 2521 materialis
961 2500 1057 2526 motus,
1074 2500 1100 2520 et
1111 2495 1175 2520 ratio
1194 2495 1271 2519 huius
1286 2503 1376 2520 neces-

309 2543 324 2556 ,
340 2533 421 2558 sitatis
441 2537 482 2557 est
495 2540 526 2557 ex
538 2532 598 2557 fine.
611 2533 720 2565 Propter
738 2531 818 2556 finem
836 2532 904 2556 enirn
919 2531 1096 2556 necessarium
1108 2535 1149 2555 est
1160 2538 1220 2555 esse
1243 2531 1377 2555 materiam

311 2579 324 2591 ›
338 2569 426 2594 talem.
439 2568 472 2593 Et
485 2568 607 2592 naturalis
627 2568 733 2600 quidem
753 2568 885 2599 assignare
904 2567 980 2591 debet
993 2571 1131 2598 utramque
1152 2573 1264 2596 causam,
1282 2566 1378 2590 scilicet

311 2614 324 2627 ι
341 2603 501 2628 materialem
519 2608 546 2628 et
563 2602 679 2634 finalem;
699 2603 746 2627 sed
765 2603 848 2635 magis
865 2601 979 2632 finalem,
997 2602 1057 2634 quia
1074 2600 1133 2626 finis
1147 2606 1187 2626 est
1205 2609 1283 2625 causa
1297 2606 1377 2626 mate-

312 2649 325 2662 »
341 2639 402 2669 riae,
422 2639 469 2663 sed
490 2646 543 2663 nou
562 2646 577 2663 e
595 2643 692 2663 contra.
718 2638 776 2663 Non
801 2638 871 2663 enim
893 2636 952 2662 finis
977 2642 1018 2661 est
1035 2637 1108 2666 talis,
1134 2637 1195 2669 quia
1214 2637 1320 2661 materia
1338 2641 1378 2661 est

312 2684 325 2697 »
340 2674 412 2704 talis3
427 2675 474 2699 sed
492 2674 578 2706 potius
598 2674 705 2698 materia
718 2679 758 2698 est
771 2673 838 2704 talis,
858 2673 918 2705 quia
930 2671 988 2696 finis
1008 2676 1048 2696 est
1065 2672 1131 2702 talis,
1146 2677 1175 2696 ut
1188 2672 1283 2696 dictum
1303 2676 1351 2696 est.
1363 2680 1377 2695 »

363 2709 469 2734 Praeter
487 2709 554 2734 hanc
573 2709 766 2733 similitudinem
785 2709 851 2733 inter
870 2708 989 2733 scientias
1008 2708 1137 2732 naturales
1156 2712 1183 2731 et
1196 2706 1314 2731 scientias
1335 2706 1379 2731 de-

310 2746 493 2770 monstrativas
507 2745 644 2777 hucusque
657 2745 820 2775 declaratam,
835 2743 919 2768 existit
931 2743 979 2767 alia
993 2742 1143 2773 similitudo,
1157 2749 1224 2775 quae
1242 2743 1336 2774 petitur
1349 2750 1378 2767 ex

311 2788 343 2805 eo
361 2780 433 2812 quod
456 2785 496 2805 est
518 2780 679 2805 necessitatis
702 2779 870 2812 principium:
891 2787 906 2802 «
923 2778 1087 2803 Manifestum
1106 2782 1146 2802 est
1169 2777 1239 2802 enim
1263 2778 1333 2809 quod
1353 2778 1379 2802 in

309 2824 327 2839 w
343 2815 455 2840 scientiis
474 2815 697 2845 demonstrativis,
723 2814 877 2847 principium
901 2813 1128 2838 demonstrationis
1148 2817 1188 2837 est
1207 2812 1320 2837 definitio
1327 2821 1334 2843 ;
1354 2818 1380 2837 et

290 2879 294 2884 .
312 2859 326 2874 ι
343 2848 459 2874 similiter
477 2849 544 2882 finis,
564 2851 608 2883 qui
627 2855 668 2875 est
684 2850 838 2882 principium
853 2854 878 2874 et
892 2849 957 2874 ratio
976 2848 1136 2873 necessitatis
1150 2848 1177 2872 in
1190 2848 1220 2872 iis
1235 2855 1301 2880 quae
1315 2847 1380 2872 fiunt

313 2895 327 2908 ι
341 2886 485 2910 secundum
510 2891 642 2916 naturam,
661 2890 702 2910 est
719 2885 852 2918 quoddam
871 2885 1023 2917 principium
1043 2888 1178 2916 sumptum
1197 2891 1211 2907 a
1236 2883 1335 2908 ratione
1354 2889 1380 2908 et

313 2930 327 2943 i>
342 2919 497 2945 definitione.
515 2921 586 2946 Finis
605 2921 675 2945 enim
694 2920 866 2953 generationis
886 2925 925 2944 est
943 2919 1027 2943 forma
1045 2919 1147 2950 speciei,
1161 2926 1240 2951 quam
1255 2917 1380 2951 significat

313 2965 328 2979 »
343 2954 466 2980 definitio.
485 2956 518 2980 Et
535 2956 586 2980 hoc
605 2956 681 2980 etiam
695 2961 766 2988 patet
778 2956 805 2980 in
819 2954 1006 2979 artificialibus:
1026 2954 1092 2978 sicut
1105 2954 1173 2978 enirn
1189 2954 1380 2978 demonstrator

313 3001 327 3014 υ
342 2990 368 3014 in
382 2991 585 3015 demonstrando
599 2991 689 3023 accipit
703 2990 879 3015 definitionem
893 2995 921 3014 ut
934 2989 1097 3021 principium,
1107 2989 1141 3013 ita
1155 2994 1180 3013 et
1194 2987 1338 3013 aedificator
1354 2989 1379 3013 in

314 3037 327 3049 ι»
342 3025 508 3057 aedificando,
529 3031 555 3051 et
576 3026 692 3050 medicus
705 3025 732 3050 in
750 3026 880 3056 sanando;
898 3030 935 3055 ut,
949 3025 1010 3057 quia
1023 3024 1081 3049 talis
1096 3029 1136 3048 est
1149 3023 1262 3049 definitio
1277 3025 1380 3055 domus,

314 3070 328 3084 »
343 3066 446 3094 oportet
463 3061 513 3085 hoc
530 3060 586 3085 fieri
605 3065 630 3085 et
648 3068 708 3085 esse
727 3061 759 3085 ad
777 3061 827 3085 hoc
846 3060 916 3092 quod
935 3061 1029 3084 domus
1047 3058 1103 3090 fiat;
1123 3065 1162 3089 et,
1181 3059 1241 3091 quia
1259 3059 1322 3084 haec
1341 3065 1381 3083 est

315 3107 327 3119 ›
344 3095 458 3121 definitio
477 3096 602 3126 sanitatis,
614 3101 716 3128 oportet
729 3095 778 3120 hoc
792 3094 845 3119 fieri
861 3096 892 3120 ad
907 3095 957 3119 hoc
971 3095 1042 3127 quod
1054 3094 1147 3127 aliquis
1166 3099 1296 3119 sanetur...
1311 3094 1379 3119 Con-

315 3142 329 3154 »
344 3132 419 3163 tingit
436 3135 522 3156 autem
542 3131 701 3164 quandoque
718 3131 744 3155 in
763 3130 874 3155 scientiis
890 3129 1098 3154 demonstrativis
1117 3129 1244 3162 triplicem
1264 3137 1323 3154 esse
1336 3130 1379 3154 de-

316 3178 328 3190 »
344 3167 495 3193 finitionem.
516 3166 632 3196 Quarum
651 3174 704 3190 una
722 3170 762 3190 est
781 3165 1007 3190 demonstrationis
1026 3165 1187 3197 principium,
1202 3170 1231 3189 ut
1244 3164 1320 3190 haec:
1340 3170 1380 3189 to-

314 3213 328 3225 »
345 3204 460 3228 niti-uum
478 3206 519 3226 est
542 3201 661 3226 extinctio
685 3201 751 3232 ignis
770 3201 796 3225 in
814 3200 896 3231 nube;
921 3200 1049 3233 quaedam
1067 3207 1129 3224 vero
1153 3199 1379 3224 demonstrationis

314 3247 329 3261 1>
345 3237 485 3267 conclusio,
504 3241 532 3260 ut
550 3236 627 3262 haec:
646 3237 789 3260 tonitruum
808 3241 847 3260 est
865 3235 1002 3260 continuus
1017 3243 1097 3259 sonus
1117 3235 1143 3259 in
1162 3235 1285 3259 nubibus:
1301 3242 1380 3266 quae-

315 3269 330 3296 ὁ
346 3275 404 3299 dam
423 3279 486 3296 vero
505 3272 683 3304 complectitur
701 3276 856 3303 utrumque,
875 3275 904 3295 ut
921 3270 999 3295 haec:
1018 3270 1163 3295 tonitruum
1181 3275 1220 3294 est
1243 3270 1380 3293 continuus

316 3318 330 3331 a>
346 3316 428 3334 sonus
447 3308 473 3331 in
493 3307 604 3331 nubibus
624 3311 729 3339 propter
748 3305 928 3330 extinctionem
947 3305 1013 3338 ignis
1033 3306 1058 3329 in
1077 3305 1161 3330 nube:
1182 3309 1207 3329 et
1225 3304 1288 3329 haec
1309 3312 1379 3328 com—

308 3354 330 3367 ν»
346 3342 480 3377 prehendit
493 3343 562 3368 imse
575 3346 655 3366 totam
669 3342 916 3366 demonstrationem
929 3341 1030 3373 absque
1042 3339 1267 3364 demonstrationis
1282 3339 1381 3363 ordine.

317 3388 330 3402 ›>
346 3379 422 3405 Unde
440 3379 466 3402 in
484 3377 691 3402 1Posteriorum
711 3377 801 3401 dicitur
820 3376 946 3408 (lectione
957 3383 1013 3405 1qu
1038 3383 1082 3400 nn.
1094 3383 1119 3406 4,
1132 3374 1157 3407 5)
1177 3374 1248 3406 quod
1267 3373 1380 3399 definitio

311 3423 331 3438 .»
347 3420 387 3440 est
399 3413 584 3438 demonstratio
599 3412 728 3444 positione
742 3411 872 3436 differens.
892 3411 959 3441 Quia
977 3411 1053 3443 igitur
1071 3411 1097 3434 in
1115 3410 1146 3434 iis
1164 3417 1231 3442 quae
1243 3408 1307 3433 fiunt
1321 3417 1379 3441 pro-

318 3460 330 3472 »
347 3455 403 3483 pter
422 3448 510 3478 finem,
524 3446 583 3471 finis
603 3455 632 3471 se
650 3447 727 3471 habet
745 3451 774 3471 ut
792 3446 944 3478 principium
961 3446 987 3470 in
1002 3444 1218 3475 demonstrativis,
1232 3449 1257 3468 et
1271 3452 1302 3468 ea
1314 3452 1381 3476 quae

316 3495 331 3508 υ
347 3489 408 3510 sunt
426 3484 458 3508 ad
476 3483 563 3513 finem,
578 3483 644 3507 sicut
662 3482 808 3511 conclusio,
828 3481 905 3506 etiam
921 3481 946 3505 in
961 3479 1107 3505 definitione
1119 3487 1207 3504 rerum
1226 3480 1380 3504 naturalium

305 3531 330 3543 -2
347 3520 474 3545 invenitur
493 3519 518 3543 id
537 3518 608 3551 quod
622 3522 662 3542 est
675 3517 850 3542 necessarium
865 3521 969 3549 propter
983 3514 1070 3540 finem.
1090 3516 1116 3539 Si
1131 3515 1200 3539 enim
1212 3515 1305 3547 aliquis
1318 3515 1382 3539 velit

317 3564 332 3579 »
347 3555 452 3580 definire
470 3562 538 3586 opus
557 3552 794 3585 serraesquoniam
813 3557 854 3576 est
870 3551 929 3576 talis
949 3551 1047 3580 divisio,
1062 3557 1128 3583 quae
1147 3549 1252 3582 quidem
1267 3557 1320 3573 non
1335 3550 1382 3574 erit

309 3600 332 3614 w
348 3591 397 3616 nisi
415 3590 508 3615 habeat
526 3589 639 3620 (serra)
659 3588 764 3617 dentes,
783 3587 828 3619 qui
852 3594 904 3611 non
923 3590 998 3611 erunt
1022 3586 1073 3618 apti
1091 3586 1123 3610 ad
1142 3585 1308 3609 dividendum
1332 3585 1381 3609 nisi

317 3635 332 3650 ιι
349 3627 400 3651 sint
418 3624 506 3655 ferrei3
525 3623 655 3657 oportebit
672 3624 698 3648 in
717 3621 863 3647 definitione
882 3629 968 3646 serrae
986 3628 1085 3654 ponere
1102 3619 1207 3645 serrum.
1226 3619 1294 3644 Nihil
1311 3620 1380 3644 enirn

1426 579 1491 666 lugi
1511 578 1614 615 enim
1634 579 1846 616 universale
1876 580 2036 617 dicimus
2056 579 2162 628 quod
2192 586 2246 615 est
2274 591 2425 628 semper
2452 587 2489 616 et

1425 643 1451 666 u
1480 643 1579 679 ique.

1480 684 1516 720 6.
1533 684 1650 730 Quod
1678 684 1833 733 quidem
1854 697 1932 721 non
1953 692 2007 721 est
2026 685 2239 722 secundum
2257 684 2362 721 viam
2390 684 2488 720 affir-

1426 736 1603 772 mationis
1622 741 1636 759 '¹
1660 736 1954 785 intelligendum,
1972 738 2076 786 quod
2099 738 2174 774 hoc
2194 737 2238 773 sit
2268 738 2315 774 de
2344 737 2488 774 ratione

1426 788 1667 835 universalis,
1699 797 1762 826 aut
1782 790 1861 826 eius
1890 791 1995 838 quod
2024 797 2078 826 est
2100 790 2326 837 universale,
2348 791 2453 839 quod
2469 791 2489 811 ²²
2518 795 2526 803 ’

1427 841 1472 878 sit
1487 853 1638 890 semper
1654 849 1688 877 et
1702 842 1855 892 ubique.
1876 843 1915 879 Si
1931 843 2032 878 enim
2049 850 2146 878 esset
2161 843 2208 879 de
2224 843 2367 879 ratione
2386 840 2489 879 eius⁰

1427 894 1532 942 quod
1552 900 1606 930 est
1624 894 1850 940 universale,
1873 907 1954 931 esse
1974 907 2124 942 semper
2153 902 2188 931 et
2211 895 2368 944 ubique,
2398 903 2490 944 puta

1427 947 1474 983 de
1504 946 1647 983 ratione
1675 947 1842 984 hominis
1871 954 1936 983 aut
1963 947 2146 994 animalis,
2177 956 2366 997 oporteret
2385 948 2491 997 quod

1427 999 1623 1047 quodlibet
1660 999 1846 1046 singulare
1879 999 2045 1036 hominis
2084 1007 2146 1036 aut
2184 1000 2355 1037 animalis
2393 1008 2491 1037 esset

1428 1063 1582 1099 semper
1601 1059 1637 1087 et
1664 1052 1826 1100 ubique;
1856 1052 1945 1100 quia
1965 1052 2057 1088 ratio
2077 1053 2243 1090 hominis
2263 1061 2300 1090 et
2318 1053 2490 1090 animalis

1428 1103 1467 1140 in
1485 1104 1654 1151 quolibet
1674 1103 1920 1152 singularium
1936 1104 2135 1141 invenitur.
2158 1105 2197 1142 Si
2211 1118 2304 1142 vero
2326 1114 2423 1142 esset
2442 1107 2490 1143 de

1429 1156 1573 1192 ratione
1593 1156 1710 1204 ipsius
1734 1157 1968 1203 universalis,
1999 1157 2092 1193 sicut
2121 1159 2168 1195 de
2198 1159 2340 1195 ratione
2378 1171 2490 1206 gene-

1429 1208 1477 1244 ris
1499 1216 1553 1244 est
1571 1210 1678 1257 quod
1706 1211 1896 1246 contineat
1915 1210 1985 1246 sub
2010 1222 2049 1245 se
2069 1211 2213 1258 species
2222 1212 2253 1258 ²¹⁶,
2274 1218 2492 1259 sequeretur

1430 1262 1535 1309 quod
1562 1261 1652 1298 nihil
1682 1269 1778 1298 esset
1805 1262 2035 1309 universale,
2064 1263 2170 1311 quod
2198 1275 2277 1300 non
2305 1276 2456 1311 semper
2484 1271 2492 1284 ¹

1431 1321 1466 1350 et
1484 1314 1627 1363 ubique
1647 1315 1893 1361 inveniretur;
1916 1322 1951 1350 et
1970 1316 2182 1352 secundum
2201 1316 2275 1352 hoc
2294 1316 2394 1352 oliva
2412 1328 2492 1353 non

1431 1375 1528 1404 esset
1554 1368 1787 1415 universale,
1817 1367 1906 1417 quia
1935 1380 2014 1404 non
2041 1368 2079 1404 in
2109 1368 2215 1404 omni
2243 1376 2340 1404 terra
2368 1375 2492 1417 potest

1429 1420 1602 1458 inveniri.
1639 1422 1707 1457 Est
1736 1433 1823 1468 ergo
1852 1421 1926 1457 hoc
1947 1420 2270 1468 *intelligendum
2307 1433 2375 1469 per
2410 1433 2492 1457 mo-

1431 1474 1524 1510 dum
1562 1473 1771 1521 negationis
1809 1485 1877 1510 seu
1914 1473 2196 1520 abstractionis;
2235 1473 2324 1522 quia
2356 1473 2494 1510 scilicet

1429 1527 1642 1563 universale
1663 1527 1843 1563 abstrahit
1862 1527 1910 1563 ab
1926 1526 2031 1563 omni
2051 1526 2301 1563 determinato
2321 1534 2492 1574 tempore

1432 1587 1468 1616 et
1486 1580 1583 1616 loco.
1614 1580 1725 1616 Unde
1745 1586 1930 1627 quantum
1951 1586 2006 1616 est
2034 1580 2080 1616 de
2106 1592 2162 1626 se,
2193 1579 2286 1615 sicut
2306 1579 2495 1616 invenitur

1430 1632 1470 1669 in
1498 1632 1679 1681 quolibet,
1700 1632 1740 1669 in
1757 1644 1836 1668 uno
1866 1633 1950 1668 loco
1970 1638 1984 1652 ’²
2002 1632 2064 1669 vel
2083 1639 2267 1680 tempore,
2289 1631 2342 1668 sic
2360 1638 2492 1668 natum

1432 1799 1444 1813 xv
1461 1790 1581 1822 prohibet
1599 1790 1625 1814 in
1645 1789 1791 1815 definitione
1816 1791 1875 1823 poni
1901 1790 2026 1822 quasdam
2046 1795 2131 1822 partes
2155 1790 2290 1821 materiae,
2315 1798 2367 1814 non
2386 1790 2492 1822 quidem

1432 1834 1445 1847 »
1460 1830 1546 1857 partes
1561 1825 1737 1855 individuales,
1753 1830 1782 1850 ut
1793 1825 1840 1850 has
1860 1833 1949 1850 carnes
1969 1831 1994 1849 et
2006 1825 2069 1850 haec
2083 1833 2151 1855 ossa,
2167 1826 2213 1849 sed
2226 1830 2311 1858 partes
2331 1832 2492 1855 communeS,

1432 1869 1445 1883 »
1460 1865 1489 1885 ut
1503 1868 1592 1885 carnes
1606 1865 1631 1885 et
1642 1868 1703 1885 ossa
1717 1859 1768 1894 (Cf.
1782 1861 1840 1885 lect.
1851 1868 1943 1892 praec„
1954 1869 1979 1885 n.
1995 1860 2017 1892 5,
2032 1869 2057 1885 n.
2067 1859 2103 1894 η).
2118 1861 2150 1884 Et
2163 1860 2212 1884 hoc
2225 1860 2399 1885 necessarium
2413 1865 2453 1885 est
2466 1860 2492 1884 in

1432 1906 1444 1918 »
1460 1894 1605 1920 definitione
1617 1897 1735 1920 omnium
1748 1904 1835 1920 rerum
1848 1896 2010 1920 naturalium.
2025 1896 2095 1920 Sicut
2109 1903 2171 1927 ergo
2185 1895 2305 1925 definitio,
2320 1903 2386 1927 quae
2396 1895 2493 1927 colligit

1432 1940 1444 1953 5>
1462 1932 1487 1955 in
1502 1939 1531 1955 se
1543 1931 1696 1963 principium
1709 1931 1934 1956 demonstrationis
1954 1936 1979 1955 et
1997 1930 2196 1961 conclusionem,
2211 1935 2250 1955 est
2263 1936 2316 1955 tota
2330 1931 2490 1954 demonstra-

1432 1976 1445 1989 »
1459 1967 1507 1997 ti03
1521 1966 1556 1991 ita
1567 1965 1679 1991 definitio
1694 1966 1818 1998 colligens
1837 1965 1916 1990 finem
1935 1971 1960 1990 et
1978 1966 2089 1990 formam
2108 1971 2133 1990 et
2147 1966 2288 1996 materiam,
2301 1965 2493 1998 comprehendit

1432 2012 1444 2023 »
1461 2007 1544 2026 toturn
1564 2009 1717 2033 processum
1737 2002 1907 2033 generationis
1926 2001 2058 2026 naturalis.
2070 2010 2084 2024 »

1483 2035 1505 2070 ε)
1527 2037 1656 2065 Secundo,
1671 2037 1795 2070 praefert
1812 2036 1948 2062 scientIam
1968 2036 2135 2061 sensui.—-Ita
2150 2035 2261 2067 codices,
2281 2043 2335 2060 exc.
2349 2036 2380 2066 A,
2395 2040 2420 2060 et
2434 2042 2493 2059 cum

1430 2072 1470 2096 his
1494 2072 1571 2096 Piana
1594 2072 1679 2096 editio.
1699 2072 1787 2096 Codex
1810 2077 1897 2096 autem
1915 2072 1952 2096 A:
1976 2071 2102 2100 secundo,
2123 2071 2237 2096 ostendit
2256 2071 2327 2103 quod
2343 2071 2437 2102 potior
2454 2073 2494 2095 est

1429 2107 1540 2132 scientia
1558 2114 1644 2132 sensu.
1669 2107 1784 2140 Utraque
1803 2107 1877 2132 lectio
1897 2107 1965 2131 bona
1983 2112 2035 2136 est,
2056 2107 2102 2131 sed
2121 2106 2147 2130 in
2166 2106 2231 2130 hanc
2250 2107 2391 2130 secundam
2410 2105 2493 2137 magis

1430 2142 1578 2175 propendo,
1603 2150 1633 2166 ex
1657 2142 1697 2166 his
1721 2147 1807 2166 motus
1831 2149 1898 2174 quae
1923 2149 1944 2166 s.
1963 2141 2079 2166 Thomas
2104 2141 2181 2165 habet
2203 2141 2268 2165 infra
2286 2149 2312 2165 n.
2332 2140 2348 2165 8
2367 2149 2426 2165 cum
2444 2140 2494 2164 hoc

1431 2177 1578 2202 membrum
1599 2177 1732 2201 divisionis
1751 2177 1868 2209 exponit;
1888 2185 1945 2201 eam
1964 2181 2066 2207 tamen,
2086 2176 2316 2201 contradicentibus
2336 2176 2390 2200 aliis
2410 2175 2494 2205 codd„

1430 2220 1481 2236 non
1501 2213 1583 2237 audeo
1602 2213 1680 2237 textui
1700 2213 1820 2237 inserere.

1483 2247 1508 2281 ζ)
1523 2248 1584 2272 Non
1600 2248 1669 2272 enim
1689 2248 1760 2280 quod
1777 2251 1817 2272 est
1835 2247 1984 2272 universale
1998 2247 2238 2271 etc.—-Codd.KM:
2258 2246 2304 2271 Sic
2322 2246 2406 2270 enim:
2426 2252 2494 2278 quae

1431 2283 1506 2307 lectio
1518 2283 1544 2307 in
1559 2290 1588 2307 se
1600 2291 1652 2307 non
1665 2288 1742 2313 recta,
1756 2288 1796 2307 est
1810 2283 1885 2307 etiam
1900 2290 2020 2312 erronea,
2039 2283 2087 2306 nisi
2100 2290 2159 2306 cum
2175 2282 2200 2311 Q
2217 2286 2242 2306 et
2261 2289 2282 2306 s,
2291 2289 2325 2306 m.
2341 2281 2383 2305 CN
2395 2282 2494 2313 legatur

1431 2323 1535 2350 postea:
1556 2325 1607 2342 non
1634 2318 1829 2343 determinatur
1835 2326 1844 2348 ,⁴
1866 2317 1960 2347 CLNQ
1978 2322 2003 2341 et
2020 2325 2046 2349 p.
2060 2325 2095 2341 m.
2109 2318 2147 2342 D:
2168 2317 2243 2341 Sicut
2261 2317 2346 2341 enim:
2370 2323 2436 2349 quae
2455 2320 2494 2340 est

1431 2353 1506 2378 lectio
1525 2361 1577 2377 non
1596 2353 1701 2378 bona.—
1719 2353 1767 2377 EM
1785 2361 1837 2378 non
1855 2353 1934 2378 bene:
1954 2360 2006 2377 non
2026 2352 2331 2377 determinaretur.—-A:
2351 2351 2388 2376 ad
2406 2351 2448 2376 hic
2467 2353 2494 2375 et

1430 2389 1468 2413 ad
1487 2389 1627 2413 nuncmM
1645 2396 1699 2413 om.
1714 2389 1776 2420 quia
1795 2394 1853 2412 ante
1872 2388 1935 2418 iam,
1955 2388 2001 2412 sed
2020 2393 2059 2412 est
2077 2388 2210 2412 mendum.

1485 2424 1512 2455 η)
1533 2424 1683 2448 Secundum
1702 2424 1772 2448 uiam
1791 2423 1980 2456 affirmationis
1994 2423 2168 2453 etc.*Codd.,
2184 2430 2238 2446 exc.
2252 2421 2335 2447 ABO:
2350 2421 2493 2446 secundum

1432 2459 1484 2483 uim
1499 2459 1598 2492 affirm.
1607 2473 1626 2477 —
1635 2460 1674 2484 H:
1688 2459 1903 2491 intelligendum:
1916 2466 1968 2483 non
1983 2458 2053 2483 enim
2067 2461 2107 2483 est
2121 2457 2320 2490 intelligendum
2331 2456 2402 2488 quod
2416 2461 2464 2480 etc.
2474 2470 2495 2475 --

1433 2494 1471 2524 Q:
1492 2494 1691 2527 intelligendum
1706 2494 1846 2526 quoniam5
1864 2494 1888 2518 T
1902 2499 1927 2518 et
1941 2502 1963 2518 s.
1978 2501 2014 2518 m.
2027 2493 2064 2519 D:
2080 2492 2279 2525 intelligendum
2294 2492 2371 2524 quasi
2384 2492 2432 2516 hoc
2446 2496 2494 2516 etc.

1485 2527 1510 2561 θ)
1526 2529 1567 2553 De
1582 2529 1685 2554 ratione
1698 2529 1753 2553 eius
1768 2534 1844 2553 etc.—
1854 2529 1891 2553 Ita
1907 2529 1996 2559 codd.,
2016 2536 2069 2553 exc.
2083 2528 2172 2558 AOQ;
2187 2528 2209 2551 A
2222 2535 2275 2552 om.
2291 2527 2322 2551 Si
2335 2527 2404 2551 enim
2419 2529 2493 2556 esset,

1431 2572 1516 2596 usque
1535 2565 1566 2588 ad
1590 2568 1658 2589 esset
1678 2571 1781 2596 semper
1799 2568 1825 2589 et
1844 2564 1937 2596 ubique
1962 2563 2101 2593 inclusive3
2122 2563 2159 2587 O:
2178 2566 2246 2587 esset
2263 2563 2296 2587 de
2314 2562 2418 2587 ratione
2437 2561 2495 2586 um'-

1432 2600 1543 2625 versalis
1561 2603 1610 2624 aut
1628 2600 1684 2624 eius
1703 2604 1762 2625 etc.2
1781 2599 1844 2624 haec
1862 2600 1938 2624 lectio
1957 2599 2134 2631 complectitur
2153 2598 2204 2623 duo
2227 2598 2345 2622 membra
2363 2597 2495 2621 enunciata

1433 2635 1457 2659 in
1477 2635 1653 2667 propositione
1672 2635 1820 2659 immediate
1838 2635 2009 2667 praecedenti,
2022 2635 2096 2667 quasi
2113 2633 2154 2658 hic
2173 2641 2188 2658 a
2206 2641 2228 2658 s,
2241 2633 2344 2657 Thoma
2355 2632 2419 2657 ratio
2433 2632 2494 2656 utri-

1433 2678 1517 2702 usque
1537 2670 1690 2702 assignetur.
1710 2671 1807 2694 Verum
1823 2670 1854 2694 de
1869 2670 1984 2694 secundo
1997 2669 2116 2694 membro
2131 2668 2268 2701 separatim
2282 2668 2374 2700 probat
2392 2667 2495 2692 s.Tho-

1433 2713 1490 2729 mas
1509 2705 1535 2729 in
1553 2706 1682 2737 praesenti
1701 2705 1744 2738 (Si
1757 2705 1826 2730 enim
1842 2705 1917 2737 etc.):
1937 2705 1970 2729 de
1988 2705 2072 2737 primo
2090 2709 2175 2728 autem
2190 2703 2276 2728 subdit
2294 2703 2358 2728 infra
2377 2702 2419 2735 (Si
2431 2709 2495 2727 vero

1433 2744 1500 2765 esset
1519 2739 1588 2774 etc.).
1607 2741 1682 2765 Unde
1701 2741 1776 2764 lectio
1795 2741 1852 2765 cod.
1867 2740 1890 2765 O
1907 2740 2004 2764 admitti
2022 2748 2074 2764 non
2094 2739 2170 2764 debet
2176 2747 2183 2769 ;
2204 2739 2239 2768 Q:
2260 2741 2326 2763 esset
2344 2738 2377 2762 de
2390 2738 2495 2762 ratione

1435 2772 1592 2800 universalis
1618 2783 1672 2800 esse
1690 2783 1793 2807 semper
1811 2778 1838 2800 et
1856 2776 1964 2807 ubique.-
1982 2776 2028 2799 sed
2047 2779 2072 2799 et
2090 2775 2138 2799 ista
2156 2775 2231 2798 lectio
2250 2781 2303 2797 non
2321 2774 2383 2797 satis
2407 2773 2496 2797 distin-

1433 2811 1488 2843 guit
1506 2811 1572 2835 inter
1590 2811 1704 2843 primurn
1722 2816 1748 2835 et
1767 2811 1910 2835 secundum
1929 2810 2085 2835 membrum.
2104 2809 2189 2833 Verba
2204 2809 2234 2833 Si
2248 2809 2316 2833 enim
2331 2812 2398 2833 esset
2410 2815 2496 2840 usque

1434 2847 1466 2870 ad
1480 2853 1534 2871 esse
1547 2853 1650 2878 semper
1663 2850 1689 2871 et
1704 2846 1804 2878 ubique,
1824 2845 2000 2870 desiderantur
2019 2845 2044 2869 in
2058 2845 2167 2869 editione
2182 2844 2266 2874 Piana,
2281 2851 2347 2876 quae
2366 2843 2400 2867 ita
2419 2843 2495 2874 legit:

1434 2882 1506 2914 quod
1518 2881 1555 2906 sit
1569 2889 1673 2913 semper
1691 2884 1717 2906 et
1736 2881 1837 2913 ubique,
1847 2884 1917 2913 puta
1936 2881 1968 2905 de
1987 2880 2090 2905 ratione
2108 2879 2262 2904 hominis...
2282 2879 2344 2911 quia
2362 2881 2496 2910 oporteret

1434 2917 1549 2949 quod...
1564 2920 1590 2941 et
1602 2917 1726 2941 animalis
1736 2919 1803 2941 esset
1817 2921 1865 2941 etc.
1880 2916 2047 2940 Restituimus
2060 2915 2196 2939 lectionem
2207 2922 2237 2938 ex
2250 2913 2389 2938 codicibus.
2404 2913 2495 2942 Quoad

1433 2959 1496 2976 vero
1516 2959 1546 2976 ea
1564 2959 1631 2984 quae
1650 2957 1801 2984 sequuntur,
1814 2952 1888 2975 codd.
1903 2952 1936 2975 ita
1955 2958 1984 2975 se
2002 2951 2110 2975 habent:
2130 2950 2152 2973 A
2171 2949 2248 2973 habet
2266 2949 2392 2978 lacunam,
2411 2953 2439 2972 ut
2458 2948 2494 2972 di-

1435 2992 1504 3012 ctum
1524 2992 1575 3017 est3
1595 2987 1664 3012 BEO
1684 2992 1709 3011 et
1723 2995 1744 3011 s.
1759 2995 1794 3011 m.
1809 2987 1850 3011 DS
1869 2987 1957 3018 legunt
1975 2991 2051 3018 prout
2069 2986 2094 3009 in
2113 2990 2182 3009 textu
2200 2984 2315 3014 habetur,
2331 2983 2378 3007 nisi
2394 2983 2464 3015 quod
2477 2983 2495 3007 S

1435 3023 1496 3054 legit
1515 3025 1634 3053 opor-ten
1653 3021 1875 3046 CDGKLMNST:
1901 3028 1955 3046 esse
1974 3020 2024 3053 (L,
2043 3020 2113 3052 quod
2137 3018 2186 3053 sit)
2211 3026 2314 3050 semper
2338 3021 2364 3043 et
2387 3018 2494 3050 ubique,

1430 3061 1500 3089 puta
1520 3056 1558 3090 (D
1577 3058 1729 3087 oscitanter,
1748 3055 1851 3089 semper
1870 3060 1940 3088 puta
1964 3056 2056 3088 ubique
2075 3054 2115 3089 et)
2135 3055 2167 3079 de
2190 3054 2294 3079 ratione
2318 3053 2430 3078 hominis
2448 3055 2496 3077 aut

1434 3093 1571 3121 animalis,
1591 3095 1670 3117 erunt
1689 3091 1784 3125 (homo
1803 3097 1829 3116 et
1850 3092 1956 3122 anima13
1976 3092 2010 3122 L,
2029 3090 2118 3124 eritP)
2141 3097 2244 3121 semper
2262 3092 2288 3113 et
2307 3089 2413 3121 ubique,
2432 3088 2496 3120 quia

1435 3128 1505 3152 ratio
1525 3133 1581 3157 etc.;
1602 3135 1623 3151 s.
1637 3135 1672 3151 m.
1686 3135 1734 3159 pro
1753 3130 1839 3156 erunt,
1859 3127 1891 3151 C:
1911 3126 1982 3159 quod
1999 3129 2085 3155 erunt,
2105 3126 2140 3149 K:
2162 3127 2236 3149 esset.
2255 3124 2293 3148 H:
2308 3127 2378 3155 puta
2400 3123 2433 3148 de
2451 3130 2495 3147 ra-

1435 3162 1506 3187 tione
1531 3162 1655 3186 animalis
1673 3165 1700 3186 et
1717 3161 1844 3191 hominis,
1864 3165 1942 3186 erunt
1960 3168 2062 3192 semper
2085 3164 2111 3185 et
2134 3160 2227 3192 ubique
2250 3159 2413 3191 singularia,
2432 3158 2495 3190 quia

1435 3197 1519 3226 ratio;
1539 3198 1576 3227 Q:
1596 3197 1628 3221 de
1647 3197 1751 3221 ratione
1770 3197 1883 3221 hominis
1905 3199 1953 3221 aut
1978 3195 2147 3224 universalis,
2168 3195 2219 3219 erit
2237 3201 2340 3225 semper
2357 3197 2383 3218 et
2402 3193 2496 3225 ubique

1435 3233 1505 3257 ratio
1524 3231 1638 3256 hominis
1650 3234 1676 3256 et
1689 3231 1813 3256 animalis
1828 3232 1854 3257 in
1870 3231 1985 3263 qualibet
1996 3231 2172 3263 singularium
2187 3229 2326 3254 invenitur.
2343 3229 2495 3252 Retinemus

1434 3268 1548 3297 Pianam,
1568 3271 1694 3298 expuncto
1712 3272 1800 3291 tamen
1817 3266 1880 3298 quia
1894 3271 1953 3291 ante
1971 3269 2112 3298 oporteret,
2128 3270 2154 3289 et
2167 3269 2265 3289 mutato
2284 3267 2310 3288 et
2328 3264 2353 3288 in
2371 3266 2420 3288 aut
2437 3268 2496 3288 ante

1434 3302 1558 3327 animalis
1577 3304 1643 3326 esset
1660 3308 1772 3332 semper.

1489 3337 1507 3369 ι)
1529 3336 1607 3366 Quod
1626 3343 1676 3361 non
1696 3343 1799 3367 semper
1818 3336 1947 3360 etc.-Est
1965 3336 2039 3360 lectio
2059 3335 2206 3359 codd—P:
2226 3334 2298 3366 quod
2316 3341 2367 3358 non
2385 3337 2452 3358 esset
2469 3336 2496 3358 et

1434 3379 1537 3404 semper
1555 3374 1581 3396 et
1599 3376 1646 3395 etc.
1659 3372 1724 3395 —Az
1743 3374 1769 3396 et
1783 3370 1876 3403 ubique
1890 3371 2068 3400 inveniretur,·
2086 3373 2112 3394 et
2130 3370 2178 3394 hoc
2196 3369 2339 3394 secundum
2358 3369 2407 3393 hoc
2424 3368 2496 3393 oliva

1434 3410 1502 3432 esset
1521 3406 1681 3435 universale,
1702 3406 1764 3438 quia
1784 3406 1809 3430 in
1830 3409 1904 3430 terra
1919 3408 2010 3437 potest
2034 3405 2161 3429 inveniri:
2187 3405 2261 3428 lectio
2280 3404 2393 3428 intricata
2412 3408 2438 3427 et
2456 3411 2495 3427 er-

1435 3450 1520 3467 ronea.
1547 3442 1597 3466 Alii
1616 3441 1717 3466 codices
1735 3441 1830 3465 habent
1855 3440 1991 3465 lectionem
2010 3440 2155 3471 adoptatam
2161 3448 2168 3470 ;
2187 3440 2222 3464 P:
2241 3442 2268 3463 et
2284 3438 2427 3464 secundum
2446 3438 2498 3464 hoc

1435 3478 1506 3502 oliva
1525 3484 1575 3501 non
1595 3480 1669 3504 esset,
1690 3476 1730 3501 vel
1749 3483 1800 3501 non
1820 3476 1928 3500 haberet
1946 3482 2000 3500 esse
2019 3475 2175 3500 universale.

1488 3512 1513 3544 κ)
1534 3512 1563 3536 1η
1578 3511 1698 3544 quolibet,
1714 3511 1740 3536 in
1756 3518 1807 3535 uno
1821 3511 1878 3536 loco
1893 3510 2020 3535 etc.—-Est
2038 3510 2112 3534 lectio
2127 3510 2202 3534 codd.
2217 3509 2394 3540 DGKMNST;
2415 3509 2448 3533 P:
2468 3508 2494 3533 in

1434 3547 1548 3580 quolibet
1562 3555 1614 3572 uno
1629 3547 1685 3571 loco
1704 3551 1760 3577 etc.;
1779 3546 1866 3576 HLQ:
1885 3545 1953 3570 sicut
1972 3545 2105 3570 invenitur
2123 3545 2149 3570 in
2170 3552 2222 3569 uno
2241 3545 2298 3569 Ioco
2317 3545 2357 3569 vel
2379 3547 2497 3576 tempore

1435 3581 1474 3616 (H
1494 3590 1546 3607 om.
1562 3583 1602 3607 vel
1616 3580 1829 3615 tempore).—H:
1845 3581 1883 3606 ita
1898 3584 1989 3605 natum
2003 3583 2043 3605 est
2056 3581 2081 3605 in
2094 3580 2147 3604 alio
2162 3579 2275 3604 inveniri
2287 3582 2313 3604 et
2327 3579 2353 3603 in
2367 3579 2496 3604 omnibus.

1436 3618 1481 3643 Sic
1500 3618 1583 3651 igitur
1602 3616 1773 3642 etc.-Lecti0
1792 3617 1909 3649 adoptata
1928 3623 1958 3640 ex
1973 3616 2056 3646 codd„
2076 3623 2106 3640 ex
2124 3614 2274 3648 praemissis
2288 3614 2438 3647 requiritur:
2458 3613 2496 3638 di-

2563 801 2568 815 :
2583 794 2647 821 quia.

2517 1221 2527 1231 ⁸
2537 1221 2611 1252 Codd.
2619 1222 2676 1247 (exc.
2683 1224 2730 1247 ssl:

2518 1253 2627 1274 specaem.

2521 1431 2551 1450 'At
2558 1429 2601 1451 Est
2608 1430 2652 1451 hoc
2659 1436 2731 1458 ergo,-

2520 1462 2542 1477 s:
2558 1456 2611 1478 Hoc
2619 1459 2657 1478 est
2663 1463 2731 1484 ergo.
