2788 4204
1096 275 1208 312 CAP.
1238 276 1344 325 XIV,
1374 277 1526 314 LECT.
1556 278 1680 315 XVIII
2416 282 2492 330 389

885 545 1189 640 LECTIO
1231 586 1895 646 DECIMAocTAVA

536 735 622 776 DE
655 735 1107 779 COEXISTENTIA
1142 739 1389 782 CAUSAE
1422 743 1509 782 AD
1545 743 1886 786 CAUSATUM
1919 744 2229 797 QUANTUM

858 818 945 859 AD
980 818 1383 862 SIMULTATEM
1417 822 1904 866 CONSECUTIONIS

281 979 358 1024 Περὶ
382 972 411 1009 δ’
443 977 556 1029 oeivfou
580 978 639 1008 καὶ
665 976 703 1008 Οὖ
730 979 840 1010 αἴτιον
861 977 1045 1022 ἀπορήσειε
1068 978 1128 1021 μὲν
1149 978 1188 1010 ἄν
1207 990 1271 1019 τις,
1293 978 1358 1024 ἄρα
1412 982 1429 1002 *
1442 984 1491 1014 De
1508 994 1601 1014 causa
1617 991 1724 1015 autem
1740 991 1771 1015 et
1789 985 1879 1015 cuius
1893 992 1938 1015 est
1953 995 2057 1024 causa,
2081 986 2236 1018 dubitabit
2258 988 2371 1029 aliquis
2387 999 2481 1020 num·
2507 1003 2520 1015 ε
2535 1004 2650 1031 Cap.x1v.

351 1021 409 1055 ὅτε
440 1023 586 1066 ὑπαρχει
616 1021 658 1053 τὸ
685 1021 859 1063 αἰτιατόν,
886 1024 944 1054 καὶ
977 1022 1018 1054 τό
1050 1025 1160 1055 αἴτιον
1195 1024 1355 1070 ὑπάρχει,
1479 1028 1558 1068 quid
1582 1039 1656 1059 cum
1679 1036 1843 1059 causatum
1863 1037 1909 1060 est
1932 1036 1963 1060 et
1981 1040 2074 1060 causa
2093 1038 2147 1061 est.
2175 1032 2217 1062 Ut
2233 1032 2256 1062 si
2275 1032 2351 1063 folia
2374 1033 2479 1064 fluunt
2508 1030 2575 1052 Text.
2592 1037 2624 1059 25-

348 1066 459 1111 ὦσπερ
490 1066 518 1097 εἰ
543 1067 738 1110 φυλλορροεῖ
761 1065 782 1103 ἦ
808 1068 970 1108 ἐκλείπει,
994 1068 1052 1099 καὶ
1083 1067 1124 1099 τὸ
1157 1069 1267 1101 αἴτιον
1294 1071 1356 1102 τοῦ

349 1111 514 1144 ἐκλείπειν
547 1109 569 1146 ἦ
597 1112 809 1156 φυλλορροεῖν
844 1111 956 1144 ἔσται’
992 1112 1061 1143 οἷον
1091 1112 1118 1143 εἰ
1144 1113 1243 1144 τοῦτ’
1281 1113 1355 1146 ἔστι

348 1156 390 1189 τὰ
416 1155 557 1188 πλατέα
583 1154 672 1200 ἔχειν
698 1156 746 1189 τά
765 1156 892 1196 φὺλλα,
911 1157 974 1189 τοῦ
991 1151 1021 1188 δ’
1044 1157 1209 1189 ἐκλείπειν
1228 1157 1270 1190 τὸ
1289 1158 1354 1195 τήν

346 1201 412 1248 γῆν
439 1201 472 1232 ἐν
497 1199 586 1244 μέσῳ
612 1197 710 1232 εἶναι·

280 1247 309 1280 εἰ
333 1246 399 1293 γάρ
425 1245 471 1290 μή
506 1243 666 1290 ὑπάρχει,
695 1245 778 1277 ἄλλο
809 1257 844 1278 τι
876 1245 975 1277 ἔσται
1008 1244 1050 1276 τὸ
1080 1246 1192 1277 αἴτιον
1224 1246 1352 1277 αὐτῶν·

347 1293 417 1323 εἴτε
444 1289 485 1323 τᾶ
511 1292 621 1323 αἴτιον
648 1289 809 1335 ὑπάρχει,
833 1288 905 1333 ἅμα
929 1291 987 1321 καὶ
1014 1289 1056 1321 τὸ
1082 1289 1259 1331 αἰτιατόν,
1283 1291 1352 1322 οἷον

346 1335 376 1367 εὶ
400 1335 433 1367 ἐν
459 1333 548 1378 μέσῳ
573 1335 601 1371 ἡ
619 1335 679 1381 γῆ,
707 1335 867 1375 ἐκλείπει,
895 1332 916 1370 ἦ
942 1334 970 1365 εἰ
996 1333 1252 1376 πλατύφυλλον,
1275 1337 1354 1378 φυλ-

262 1378 486 1425 ’»«β’λορροεῖ.
513 1380 551 1410 Εἰ
575 1374 606 1411 δ’
635 1378 762 1420 οὕτως,
791 1377 846 1422 ἅμ’
877 1377 916 1410 ἂν
942 1380 991 1414 εἴη

276 1427 336 1459 καὶ
359 1420 551 1456 δεικνὺοιτο
576 1420 614 1455 δι’
647 1423 819 1459 ἀλλήλων.
837 1423 951 1456 Ἔστω
975 1422 1040 1468 γάρ
1067 1422 1108 1455 τὸ
1132 1424 1344 1468 φυλλορροεῖν

349 1470 399 1514 ἐφ’
429 1468 468 1500 οὗ
493 1469 531 1509 A,
554 1468 596 1500 τᾶ
621 1467 659 1499 δὲ
684 1467 928 1512 πλατύφυλλον
958 1468 1004 1511 ἐφ’
1030 1467 1068 1499 οὑ
1085 1469 1122 1508 Β,
1144 1467 1295 1511 ἄμπελος
1316 1465 1353 1502 δέ

345 1514 394 1559 ἐφ’
423 1513 462 1545 οὖ
487 1514 522 1545 Γ.
550 1513 587 1544 Εἰ
611 1507 656 1549 δή
682 1513 731 1554 τῷ
755 1514 780 1544 Β
806 1512 952 1558 ὑπάρχει
978 1511 1020 1544 τὸ
1036 1513 1062 1542 Α
1081 1512 1164 1555 (πᾶν
1180 1515 1246 1559 γάρ
1263 1516 1351 1546 πλα-

344 1558 513 1604 τύφυλλον
535 1558 756 1602 φυλλορροεῖ),
776 1559 824 1599 τῷ
848 1552 886 1589 δὲ
910 1559 931 1588 Γ
950 1556 1096 1602 ὑπάρχει
1122 1557 1163 1590 τὸ
1184 1560 1208 1589 Β
1231 1559 1351 1602 (πᾶσα

341 1603 408 1651 γοὶρ
429 1602 580 1647 ἄμπελος
603 1601 875 1647 πλατύφυλλος),
893 1602 941 1643 τῷ
960 1603 981 1632 Γ
1001 1600 1147 1646 ὑπάρχει
1173 1603 1213 1636 τᾶ
1237 1606 1274 1644 Α,
1293 1605 1352 1636 καὶ

344 1649 444 1681 πᾶσα
463 1647 615 1691 ἄμπελος
635 1648 842 1691 φυλλορροεῖ·
870 1649 981 1679 αἴτιον
1006 1641 1044 1678 δέ
1066 1647 1109 1679 τὸ·
1128 1648 1151 1677 Β
1172 1648 1212 1681 τό
1233 1648 1348 1691 μέσον.

335 1692 448 1725 Ἀλλά,
469 1693 528 1724 καὶ
550 1690 606 1724 ὅτι
623 1691 866 1735 πλατύφυλλον
885 1693 906 1728 ἡ
930 1690 1096 1735 α’μπελος,
1117 1691 1190 1725 ἔστι
1207 1688 1267 1725 διαὶ
1286 1694 1350 1726 τοῦ

343 1739 555 1784 φυλλορροεῖν
582 1731 776 1778 ἀποδεῖξαι.
798 1737 912 1768 Ἔστω
936 1735 1002 1782 γάρ
1027 1735 1069 1768 τὸ
1094 1736 1154 1779 μὲν
1173 1739 1196 1768 Δ
1217 1738 1351 1770 πλατύ-

343 1783 481 1826 φυλλον,
501 1781 543 1814 τὸ
561 1781 599 1814 δὲ
617 1783 641 1812 Ε
659 1781 701 1814 τὰ
719 1783 947 1827 φυλλορροεῖν,
962 1781 1114 1824 ἄμπελος
1131 1776 1169 1813 δὲ
1190 1782 1239 1827 ἐφ’
1263 1782 1300 1814 οὑ
1313 1784 1348 1814 Ζ.

343 1828 396 1869 Τῷ
414 1821 459 1862 δή
477 1827 500 1857 Ζ
522 1825 670 1871 ὑπάρχει
697 1827 738 1859 τὸ
762 1828 787 1857 Ε
807 1827 1019 1870 (φυλλορροεῖ
1037 1825 1102 1871 γαρ
1122 1827 1219 1858 πᾶσα
1246 1826 1351 1870 ἄμπε-

341 1873 428 1914 λος),
455 1872 503 1912 τῷ
529 1866 567 1903 δὲ
583 1872 608 1911 Ε
628 1871 668 1904 τό
687 1872 710 1901 Δ
737 1869 846 1915 (ἅπαν
863 1869 928 1917 γοίρ
955 1870 997 1901 vd
1021 1871 1245 1914 φυλλορροοῦν
1264 1873 1351 1904 πλα-

342 1915 540 1961 τὺφυλλον)·
559 1916 658 1948 πᾶσα
677 1915 743 1958 ἄρα
770 1914 921 1960 ἄμπελος
951 1914 1209 1959 πλατύφυλλον·
1237 1919 1349 1950 αἴτιον

340 1960 380 1994 δὲ
405 1960 448 1994 τὰ
472 1962 698 2006 φυλλορροεῖν,

273 2007 314 2040 Εἰ
336 2001 377 2039 δὲ
427 2005 449 2043 η’
474 2000 549 2038 ἐνδέ
577 2017 656 2038 εται
674 2006 773 2037 αἴτια
790 2001 877 2036 εἶναι
900 2002 1059 2040 ἀλλήλων
1079 2004 1135 2040 (τὸ
1152 2005 1217 2051 γάρ
1236 2007 1348 2038 αἴτιον

342 2062 507 2096 προτερον
533 2062 572 2082 ου
591 2051 732 2092 αἴτιον),
750 2050 810 2081 καὶ
829 2050 891 2082 τοῦ
909 2048 968 2091 μὲν
994 2048 1160 2081 ἐκλείπειν
1180 2052 1291 2083 αἴτιον
1310 2051 1352 2083 τό

343 2096 376 2129 ἐν
402 2095 491 2140 μέσῳ
522 2095 587 2132 τήν
618 2096 684 2142 γῆν
715 2091 822 2135 εἶναι,
857 2094 920 2127 τοῦ
948 2088 979 2124 δ’
1010 2093 1043 2125 ἐν
1069 2094 1157 2138 μέσῳ
1190 2095 1255 2132 τήν
1285 2096 1350 2141 γῆν

341 2138 430 2173 εἶναι
456 2141 516 2173 οὑκ
541 2141 653 2173 αἴτιον
679 2140 723 2172 τὸ
747 2141 926 2171 ἐκλείπειν.
954 2138 992 2168 Εἰ
1011 2136 1068 2170 οὑν
1094 2141 1115 2176 ’ἦ
1134 2135 1270 2183 μὲνδιοί
1288 2141 1351 2172 τοῦ

342 2186 456 2218 αἰτίου
489 2181 663 2227 ἀπόδειξις
688 2185 751 2218 τοῦ
776 2179 836 2216 διαὶ
861 2186 909 2225 τί,
936 2183 957 2219 ἡ
983 2177 1021 2215 δέ
1046 2183 1093 2227 μή
1119 2179 1180 2217 διαὶ
1204 2186 1268 2217 τοῦ
1299 2186 1350 2217 αἱ-

341 2233 416 2265 τίου
442 2231 506 2264 τοῦ
531 2229 600 2270 ὅτι,
629 2229 683 2263 ὅτι
707 2230 768 2275 μὲν
794 2230 828 2262 ἐν
845 2228 950 2273 μέσῳ,
969 2223 1053 2270 οἶδε,
1072 2227 1164 2262 διότι
1188 2230 1220 2261 δ’
1252 2228 1302 2262 οὗ.

263 2319 345 2354 Ὅτι
369 2315 400 2352 δ’
431 2319 468 2352 οὗ
493 2319 536 2352 τό
554 2320 720 2352 ἐκλείπειν
739 2320 851 2351 αἴτιον
870 2318 933 2351 τοῦ
952 2318 986 2350 ἐν
1009 2316 1111 2359 μέσῳ,
1134 2318 1225 2350 ἀλλά
1243 2318 1350 2350 τοῦτο

341 2365 405 2398 τοῦ
437 2365 618 2405 ἐκλείπειν,
650 2362 806 2408 φανερόν·
840 2364 874 2396 ἐν
905 2362 971 2408 γάρ
1003 2363 1051 2403 τῷ
1083 2362 1173 2408 λόγῳ
1205 2363 1253 2404 τῷ
1287 2364 1350 2394 τοῦ

341 2410 508 2442 ἐκλείπειν
535 2408 718 2454 ἐνυπάρχει
743 2410 784 2441 τό
808 2410 841 2442 ἐν
859 2408 962 2451 μέσῳ,
981 2406 1070 2439 ὥστε
1087 2402 1193 2445 δῆλον
1220 2406 1274 2440 ὅτι
1291 2402 1351 2440 διαὶ

340 2454 469 2487 τούτου
495 2454 601 2486 ἐκεῖνο
618 2455 833 2500 γνωρίζεται,
855 2454 928 2486 ἀλλ’
961 2452 999 2484 οὑ
1017 2453 1125 2485 τοῦτο
1143 2447 1181 2484 δι’
1206 2453 1345 2485 ἐκείνου.

263 2498 312 2531 ’Ἡ
337 2494 412 2532 ἐνδέ
440 2509 519 2532 εται
549 2499 621 2537 ἑνὸς
649 2499 753 2531 πλείω
785 2502 884 2532 αἴτια
916 2495 1022 2536 εἷναι;
1048 2499 1107 2529 καὶ
1131 2497 1196 2544 γάρ
1222 2498 1250 2529 εἰ
1276 2496 1350 2530 ἐ’στι

342 2544 384 2577 τὸ
403 2543 492 2577 aux-6
509 2543 672 2576 πλειόνων
691 2543 832 2588 πρώτων
853 2541 1136 2589 κατηγορεῖσθαι,
1157 2542 1245 2574 ἔστω
1267 2542 1308 2574 τὸ
1325 2544 1350 2574 Α

341 2590 390 2631 τῷ
414 2590 440 2619 Β
464 2587 587 2631 πρώτῳ
614 2587 783 2634 ὑπάρχον,
808 2589 868 2621 καὶ
900 2589 948 2630 τῷ
973 2588 995 2618 Γ
1022 2586 1111 2628 ἄλλῳ
1137 2586 1272 2630 πρώτῳ,
1291 2589 1349 2619 καὶ

341 2634 462 2667 ταῦτα
486 2637 559 2671 τοῖς
584 2634 608 2664 Δ
631 2634 668 2666 Ε.
693 2633 854 2676 Ὑπάρξει
879 2633 945 2675 ἄρα
971 2630 1012 2663 τὸ
1037 2632 1063 2663 A
1088 2635 1159 2670 τοῖς
1185 2633 1209 2662 Δ
1235 2634 1270 2662 Ε·
1298 2634 1348 2664 αἴ-

341 2690 415 2711 τιον
439 2673 478 2709 δὲ
500 2679 547 2719 τῷ
574 2678 634 2722 μὲν
659 2678 684 2709 Δ
709 2678 750 2711 τὸ
775 2680 822 2720 Β,
859 2679 906 2720 τῷ
931 2673 970 2709 δὲ
994 2677 1018 2706 Ε
1043 2675 1084 2709 τὸ
1109 2678 1144 2707 Γ·
1171 2675 1260 2709 ὥστε
1287 2678 1349 2710 τοῦ

340 2723 400 2768 μὲν
419 2723 532 2755 αἰτίου
552 2722 768 2768 ὑπάρχοντος
790 2723 923 2770 ἀνάγκη
942 2721 983 2756 ard
1002 2722 1147 2766 πρᾶγμα
1166 2721 1347 2767 ὑπάρχειν,

340 2769 404 2801 τοῦ
428 2763 467 2799 δὲ
493 2766 701 2814 πράγματος
733 2768 951 2814 ὑπάρχοντος
982 2768 1042 2800 οὑκ
1069 2765 1202 2813 ἀνάγκη
1238 2768 1307 2800 πᾶν
1334 2768 1350 2799 ὃ

342 2812 382 2846 ἂν
408 2810 431 2856 ᾖ
456 2814 581 2854 αἴτιον,
611 2813 686 2845 ἀλλ’
716 2815 827 2846 αἴτιον
853 2812 927 2858 μέν,
954 2813 994 2845 οὑ
1019 2811 1139 2856 μέντοι
1164 2812 1246 2844 πᾶν.

261 2857 312 2889 ’Ἡ
335 2857 372 2890 εἷ’·
391 2858 443 2892 ἀεὶ
459 2855 609 2890 καθόλου
628 2858 669 2891 τᾶ
688 2857 872 2903 πρόβλημά
890 2858 975 2899 ἐστι,
994 2859 1053 2890 καὶ
1072 2856 1113 2889 τό
1140 2858 1251 2889 αἴτιον
1271 2855 1348 2888 ὅλον

339 2905 388 2944 τί,
412 2903 472 2934 καὶ
499 2901 537 2934 οὑ
564 2904 689 2944 αἴτιον,
707 2901 876 2943 καθόλου;
903 2902 972 2935 οἷον
994 2903 1036 2936 τό
1053 2902 1264 2946 φυλλορροεῖν
1285 2900 1348 2943 ὅλῳ

341 2949 409 2980 τινὶ
435 2946 676 2991 ἀφωρισμένον,
694 2946 759 2980 κᾶν
784 2943 856 2985 εἴδη
883 2948 993 2980 αὑτοῦ
1020 2945 1053 2988 ᾖ,
1072 2948 1132 2978 καὶ
1158 2941 1268 2978 τοῖσδὶ
1288 2958 1351 2978 κα-

339 2991 456 3032 Θόλου,
476 2989 497 3027 ἦ
538 2995 631 3029 υτοῖς
657 2991 678 3028 ἦ
704 2987 852 3025 τοιοῖσδε
877 2996 1005 3037 φυτοῖς.
1025 2991 1130 3023 “Oete
1154 2994 1212 3023 καὶ
1232 2991 1274 3024 τὸ
1292 2990 1351 3035 μέ-

340 3048 398 3069 σον
422 3038 495 3068 ῐσον
542 3041 574 3068 εῖ
587 3033 674 3068 εἶναι
692 3037 748 3069 ἐπὶ
766 3036 915 3077 τούτων,
933 3039 992 3069 καὶ
1011 3036 1049 3068 οὑ
1067 3038 1192 3076 αἴτιον,
1210 3037 1269 3068 καὶ
1290 3036 1351 3068 ἀν-

341 3080 544 3125 τιστρέφειν.
571 3081 649 3113 Οἴον
674 3077 734 3113 διαὶ
757 3085 792 3115 τί
810 3082 857 3115 ταὶ
873 3076 997 3124 δένδρα
1021 3082 1232 3125 φυλλορροεῖ,
1259 3081 1287 3112 εἰ
1305 3075 1348 3116 δή

340 3121 400 3158 διαὶ
422 3124 526 3166 ’πῆξιν
552 3126 615 3158 τοῦ
645 3126 766 3171 ὑγροῦ,
793 3128 862 3158 εἴτε
887 3127 1095 3170 φυλλορροεῖ,
1121 3120 1271 3167 δένδρον,
1298 3120 1352 3156 δεῖ

341 3169 508 3215 ὑπάρχειν
533 3169 650 3211 πῆξιν,
669 3173 739 3203 εἴτε
761 3171 860 3212 πῆξις
880 3170 1028 3217 ὑπάρχει
1045 3170 1092 3215 μή
1111 3171 1239 3212 ὁτῳοῦν
1259 3169 1351 3202 ἀλλὰ

340 3210 480 3258 δένδρῳ,
506 3216 730 3260 φυλλορροεῖν.

333 3319 484 3348 8ῩΝοΡςιε.
498 3335 533 3340 -—
551 3328 575 3347 r.
596 3319 810 3356 Argumentum
831 3325 860 3347 et
880 3318 983 3347 divisio
1004 3325 1106 3347 textus.
1124 3335 1144 3339 -
1160 3325 1187 3346 2.
1204 3316 1344 3352 Quaestio

270 3359 310 3387 de
331 3358 518 3387 coexistentia
538 3368 642 3387 causae
663 3365 691 3387 et
712 3358 821 3387 causati
842 3365 984 3396 quantum
998 3360 1036 3387 ad
1051 3358 1227 3387 simultatem
1242 3366 1344 3386 conse-

270 3398 407 3428 cutionis.
418 3414 437 3420 -
450 3399 476 3427 3.
499 3398 642 3427 Obiicitur
657 3399 753 3436 primo
775 3399 813 3427 ad
827 3398 1028 3436 quaestionem
1050 3398 1145 3433 istam,
1161 3397 1344 3426 ostendendo

271 3439 355 3476 quod
382 3448 470 3467 causa
493 3445 521 3467 et
544 3445 693 3467 causatum
718 3448 833 3475 semper
855 3438 942 3467 simul
969 3445 1036 3466 sunt
1063 3438 1224 3466 secundum
1243 3446 1345 3466 conse-

271 3478 437 3516 quentiam,
459 3478 528 3515 quia
548 3488 637 3507 omne
652 3485 802 3507 causatum
823 3479 911 3506 habet
931 3478 1059 3515 aliquam
1074 3487 1264 3512 causam-4.
1287 3478 1344 3504 Te-

270 3525 337 3547 xtus
358 3518 558 3547 subdivisio.—·
570 3519 595 3547 5.
616 3518 759 3546 Obiicitur
776 3519 915 3546 secundo.
941 3518 1018 3553 Quia
1038 3527 1125 3546 causa
1145 3524 1173 3545 et
1194 3523 1343 3545 causatum

272 3560 310 3587 ad
334 3558 457 3587 invicem
477 3559 729 3593 demonstrantur,
755 3567 840 3595 ergo,
865 3567 932 3586 cum
954 3559 991 3586 ad
1015 3558 1144 3586 medium
1163 3558 1345 3585 demonstra-

271 3598 362 3627 tionis
385 3605 523 3636 sequatur
544 3608 577 3627 ex
599 3598 767 3627 necessitate
791 3598 949 3633 conclusio,
971 3607 1058 3626 causa
1081 3604 1109 3626 et
1133 3603 1282 3626 causatum
1306 3596 1344 3624 si-

1478 1079 1534 1103 aut
1557 1072 1661 1103 deficit
1682 1073 1776 1111 luna,
1801 1080 1831 1103 et
1855 1083 1948 1103 causa
1981 1074 2144 1105 deficiendi
2169 1076 2219 1106 vel
2243 1076 2318 1107 folia
2347 1078 2479 1108 cadendi

1478 1116 1553 1154 erit;
1577 1124 1613 1147 ut
1636 1117 1661 1146 si
1684 1117 1780 1147 huius
1804 1124 1850 1148 est
1872 1118 1934 1149 lata
1951 1118 2065 1149 habere
2081 1119 2167 1159 folia,
2185 1120 2349 1151 deficiendi
2373 1130 2480 1153 autem

1477 1167 1592 1190 terram
1615 1171 1683 1191 esse
1705 1161 1738 1191 in
1761 1161 1878 1192 medio.

1409 1247 1442 1278 Si
1466 1248 1552 1278 enim
1568 1259 1645 1287 non,
1662 1249 1769 1289 aliqua
1791 1249 1851 1279 alia
1868 1249 1924 1280 erit
1948 1259 2042 1280 causa
2056 1251 2210 1291 ipsorum.
2229 1252 2262 1283 Si
2284 1264 2359 1285 vero
2384 1265 2478 1285 causa

1476 1292 1515 1323 sit
1538 1292 1633 1323 simul
1657 1300 1688 1324 et
1710 1300 1885 1332 causatum,
1903 1301 1938 1324 ut
1957 1294 1982 1323 si
2005 1294 2038 1324 in
2062 1296 2168 1326 medio
2185 1304 2231 1327 est
2253 1304 2343 1337 terra,
2361 1299 2476 1338 deficit,

1475 1344 1530 1367 aut
1553 1337 1578 1367 si
1601 1338 1703 1368 latum
1726 1337 1842 1368 folium
1865 1345 1921 1376 est,
1939 1338 2017 1369 fluit.
2035 1339 2067 1370 Si
2090 1340 2185 1380 igitur
2208 1351 2274 1371 non
2298 1342 2356 1382 sit,
2383 1343 2479 1374 simul

1474 1381 1581 1422 itaque
1605 1389 1697 1412 erunt

1408 1433 1439 1457 et
1466 1426 1492 1456 si
1521 1427 1776 1457 demonstrentur
1798 1436 1855 1466 per
1882 1427 1986 1457 altera.
2011 1427 2057 1459 Sit
2080 1428 2165 1459 enim
2189 1428 2304 1460 folium
2326 1431 2423 1462 fluere
2446 1432 2480 1462 in

1474 1480 1542 1511 quo
1565 1474 1605 1509 A,
1629 1471 1730 1501 latum
1753 1478 1860 1501 autem
1884 1471 1999 1501 folium
2030 1472 2063 1502 in
2096 1483 2162 1513 quo
2186 1474 2222 1512 B,
2249 1474 2319 1505 vitis
2347 1486 2422 1506 vero
2446 1476 2479 1506 in

1473 1525 1541 1556 quo
1565 1515 1604 1547 C.
1622 1515 1672 1546 Sic
1688 1516 1783 1556 igitur
1805 1515 1838 1545 in
1853 1516 1879 1546 B
1903 1523 1949 1546 est
1964 1518 2004 1555 A,
2024 1527 2121 1547 omne
2145 1518 2231 1549 enim
2245 1519 2347 1550 latum
2366 1520 2479 1551 solium

1474 1559 1593 1590 habens
1610 1559 1689 1590 folio
1713 1560 1797 1597 fluit;
1814 1560 1846 1589 in
1871 1560 1897 1591 C
1922 1567 2029 1591 autem
2047 1562 2084 1600 B,
2105 1563 2210 1593 omnis
2234 1564 2319 1594 enim
2339 1564 2409 1595 vitis
2433 1572 2479 1596 est

1474 1604 1593 1635 habens
1617 1605 1719 1635 latum
1743 1604 1874 1642 folium;
1899 1604 1931 1634 in
1948 1604 1975 1636 C
1999 1605 2094 1646 igitur
2113 1609 2153 1645 A,
2172 1608 2276 1638 omnis
2301 1609 2386 1639 enirn
2408 1609 2479 1640 vitis

1474 1649 1554 1679 folio
1578 1649 1657 1680 fluit.
1689 1649 1795 1680 Causa
1829 1655 1936 1679 autern
1959 1657 2005 1680 est
2027 1651 2053 1681 B
2076 1652 2229 1683 medium.
2258 1653 2320 1683 Sed
2345 1660 2375 1684 et
2397 1664 2478 1694 quo-

1474 1693 1561 1724 niam
1583 1693 1652 1724 latis
1677 1693 1760 1724 foliis
1776 1693 1846 1724 vitis
1863 1693 1912 1731 sit,
1933 1701 1980 1724 est
1995 1702 2124 1735 propter
2140 1696 2172 1726 id
2196 1698 2286 1737 quod
2309 1697 2387 1728 folio
2409 1698 2479 1729 fluit

1475 1739 1700 1768 demonstrare.
1725 1737 1771 1768 Sit
1792 1737 1878 1768 enim
1896 1738 1924 1768 D
1949 1739 2080 1779 quidem
2102 1740 2203 1771 latum
2227 1741 2352 1780 folium,
2371 1742 2397 1772 E
2421 1753 2476 1773 au-

1473 1790 1538 1813 tem
1555 1782 1633 1813 folio
1654 1782 1762 1820 fluere,
1779 1782 1849 1812 vitis
1873 1792 1948 1812 vero
1972 1783 2005 1813 in
2028 1794 2094 1825 quo
2118 1786 2152 1815 Z.
2171 1786 2206 1815 In
2222 1786 2246 1816 Z
2263 1786 2357 1826 igitur
2375 1794 2422 1818 est
2437 1788 2475 1826 E,

1474 1827 1551 1857 folio
1576 1827 1662 1858 enim
1681 1827 1750 1857 fluit
1765 1826 1870 1857 omnis
1886 1827 1975 1865 vitis;
1999 1828 2032 1858 in
2048 1829 2074 1859 E
2092 1837 2199 1860 autem
2215 1830 2255 1868 D,
2273 1841 2369 1861 omne
2393 1831 2479 1862 enim
2520 1827 2524 1830 ’

1473 1871 1574 1902 fluens
1604 1871 1682 1902 folio
1713 1872 1816 1902 latum
1849 1878 1895 1902 est
1923 1871 2038 1902 folium
2066 1873 2205 1913 habens;
2234 1875 2339 1905 omnis
2370 1875 2476 1916 itaque

1473 1916 1544 1947 vitis
1567 1917 1668 1947 latum
1692 1924 1738 1947 est
1769 1915 1884 1946 folium
1906 1916 2035 1948 habens.
2069 1918 2174 1949 Causa
2197 1926 2304 1950 autem
2327 1926 2374 1950 est
2396 1920 2475 1951 folio

1472 1961 1580 1992 fluere.

1405 2006 1438 2037 Si
1461 2013 1569 2037 autem
1591 2015 1658 2036 non
1675 2004 1827 2046 contingit
1846 2014 1955 2036 causas
1972 2015 2038 2036 esse
2054 2007 2094 2036 ad
2109 2006 2245 2038 invicem
2261 2006 2369 2050 (causa
2392 2008 2478 2040 enim

1472 2050 1559 2091 prius
1575 2057 1621 2081 est
1637 2060 1675 2080 eo
1693 2050 1783 2080 cuius
1807 2055 1853 2079 est
1868 2048 1986 2092 causa),
2003 2058 2035 2081 et
2049 2050 2212 2081 deficiendi
2229 2052 2360 2092 quidem
2383 2063 2477 2084 causa

1473 2102 1519 2126 est
1541 2102 1656 2126 terram
1673 2105 1738 2125 esse
1755 2094 1787 2124 in
1810 2093 1928 2132 medio,
1944 2095 2011 2125 eius
2027 2102 2134 2126 autem
2150 2096 2239 2137 quod
2255 2103 2302 2127 est
2317 2097 2350 2127 in
2367 2097 2473 2128 medio

1472 2146 1588 2170 terram
1611 2149 1679 2170 esse
1702 2149 1768 2169 non
1785 2146 1832 2170 est
1845 2147 1939 2168 causa
1956 2138 2096 2170 deficere.
2115 2140 2147 2170 Si
2162 2140 2257 2181 igitur
2272 2141 2403 2181 quidem
2419 2152 2476 2182 per

1473 2194 1602 2215 causam
1621 2190 1667 2214 est
1685 2182 1923 2221 demonstratio,
1940 2191 2071 2223 propter
2089 2185 2167 2225 quid
2191 2192 2251 2224 est;
2269 2186 2293 2216 si
2312 2196 2387 2217 vero
2408 2197 2474 2217 non

1472 2239 1529 2269 per
1553 2239 1692 2266 causam,
1712 2228 1811 2268 ipsius
1835 2226 1921 2267 quia,
1938 2229 2093 2269 quoniam
2112 2229 2243 2269 quidem
2257 2230 2290 2260 in
2306 2231 2412 2261 medio
2429 2238 2476 2262 est

1473 2273 1633 2314 cognovit,
1657 2280 1787 2313 propter
1810 2270 1888 2313 quid
1912 2280 2019 2303 autem
2043 2283 2119 2304 non.

1405 2319 1505 2356 Quod
1528 2326 1635 2349 autem
1651 2328 1716 2348 non
1741 2316 1872 2347 deficere
1890 2327 1983 2347 causa
2007 2317 2046 2348 sit
2061 2317 2093 2347 in
2117 2318 2224 2348 medio
2248 2328 2325 2356 esse,
2343 2319 2397 2350 sed
2413 2319 2476 2350 hoc

1473 2362 1654 2401 deficiendi,
1678 2362 1883 2395 manifestum
1911 2369 1966 2393 est.
1991 2363 2027 2392 In
2051 2362 2171 2392 ratione
2195 2363 2280 2393 enirn
2309 2363 2474 2395 deficiendi

1473 2414 1520 2438 est
1543 2408 1632 2448 quod
1657 2414 1703 2438 est
1718 2407 1750 2437 in
1767 2407 1884 2439 medio.
1905 2407 2012 2444 Quare
2031 2407 2234 2438 manifestum
2251 2414 2297 2438 est
2315 2409 2405 2448 quod
2420 2418 2477 2448 per

1471 2453 1534 2483 hoc
1557 2452 1637 2482 illud
1661 2452 1876 2492 cognoscitur,
1901 2451 1957 2482 sed
1979 2461 2046 2482 non
2069 2451 2132 2481 hoc
2155 2461 2211 2491 per
2233 2451 2322 2482 illud.

1404 2499 1471 2528 Aut
1495 2496 1648 2537 contingit
1670 2497 1765 2527 unius
1789 2497 1895 2537 plures
1919 2506 2028 2526 causas
2052 2494 2139 2526 esse?
2157 2496 2198 2526 Et
2221 2506 2359 2537 namque
2382 2497 2407 2527 si
2431 2504 2478 2528 est

1471 2541 1557 2572 idern
1573 2542 1612 2572 de
1634 2541 1779 2582 pluribus
1795 2542 1936 2582 primurn
1955 2540 2136 2580 praedicari,
2153 2540 2192 2571 sit
2214 2542 2243 2571 A
2266 2540 2298 2570 in
2322 2541 2347 2571 B
2371 2541 2475 2581 primo

1472 2596 1550 2624 esse,
1567 2594 1598 2617 et
1619 2586 1653 2617 in
1669 2586 1695 2617 C
1715 2586 1778 2617 alio
1803 2586 1919 2626 primo,
1936 2593 1967 2616 et
1989 2585 2051 2615 hoc
2066 2585 2105 2616 sit
2127 2585 2160 2615 in
2175 2586 2216 2623 D,
2233 2592 2263 2615 et
2285 2585 2365 2615 illud
2387 2585 2420 2615 in
2436 2586 2474 2617 E.

1472 2631 1540 2662 Erit
1554 2631 1661 2671 itaque
1676 2633 1705 2662 A
1721 2631 1753 2661 in
1770 2632 1798 2662 D
1816 2638 1846 2662 et
1862 2632 1899 2661 E.
1919 2625 2030 2661 'Causa
2050 2637 2159 2660 autem
2179 2630 2268 2670 quod
2290 2632 2319 2660 A
2343 2630 2382 2661 sit
2396 2630 2429 2660 in
2444 2631 2473 2661 D

1471 2676 1604 2717 quidem
1619 2677 1655 2714 B,
1673 2676 1706 2706 in
1729 2676 1756 2706 E
1773 2683 1880 2706 autem
1897 2675 1935 2706 C.
1953 2676 2059 2712 Quare
2084 2685 2158 2705 cum
2175 2684 2268 2704 causa
2283 2674 2332 2712 sit,
2349 2685 2474 2705 necesse

1472 2728 1519 2752 est
1535 2731 1602 2751 rem
1619 2728 1702 2759 esse;
1722 2721 1777 2751 sed
1793 2731 1841 2751 res
1858 2731 1933 2751 curn
1947 2719 1996 2757 sit,
2008 2730 2074 2749 non
2085 2729 2209 2749 necesse
2229 2726 2275 2750 est
2291 2729 2358 2749 esse
2377 2729 2473 2750 omne

1471 2766 1690 2807 quodcunque
1706 2765 1745 2796 sit
1761 2769 1863 2796 causa'.
1883 2765 2024 2796 Causam
2040 2764 2171 2805 quidem
2186 2774 2311 2796 necesse
2331 2771 2377 2796 est
2395 2774 2473 2803 esse,

1472 2821 1539 2842 non
1561 2818 1668 2842 tamen
1691 2820 1832 2841 omnem.

1404 2857 1471 2886 Aut
1494 2855 1520 2886 si
1543 2865 1668 2895 semper
1691 2862 1737 2885 est
1760 2855 1933 2885 universale
1956 2855 2175 2894 propositum,
2201 2862 2232 2886 et
2255 2865 2348 2886 causa
2370 2856 2473 2896 quod-

1473 2900 1547 2930 dam
1570 2907 1676 2931 totum
1700 2907 1756 2937 est,
1781 2906 1811 2930 et
1835 2899 1924 2930 cuius
1949 2906 1995 2929 est
2018 2909 2111 2930 causa
2132 2899 2322 2936 universale;
2339 2906 2375 2930 ut
2394 2899 2472 2930 folio

1471 2945 1569 2976 fluere
1592 2945 1624 2975 in
1648 2951 1716 2975 toto
1740 2944 1883 2984 quodam
1913 2944 2156 2974 determinatum
2180 2952 2244 2982 est,
2269 2944 2326 2975 etsi
2354 2944 2472 2984 species

1471 2990 1571 3030 ipsius
1595 2989 1657 3019 sint
1685 2989 1823 3026 multae,
1848 2996 1879 3019 et
1902 2988 2115 3018 universaliter
2137 2988 2231 3028 igitur
2262 2995 2318 3019 aut
2339 2988 2472 3028 plantis,

1472 3041 1527 3065 aut
1542 3033 1727 3064 huiusmodi
1750 3033 1873 3074 plantis.
1901 3033 2007 3070 Quare
2032 3033 2175 3063 medium
2195 3034 2325 3073 aequale
2347 3039 2473 3072 oportet

1473 3089 1540 3109 esse
1562 3078 1595 3108 in
1618 3078 1654 3108 iis
1680 3085 1710 3108 et
1733 3078 1823 3108 cuius
1847 3084 1893 3108 est
1916 3088 2028 3115 causa,
2053 3085 2083 3108 et
2107 3077 2260 3115 converti;
2284 3084 2320 3108 ut
2342 3083 2472 3117 propter

1471 3122 1550 3163 quid
1574 3123 1700 3153 arbores
1724 3122 1802 3153 folio
1826 3120 1950 3153 fluunt?
1975 3122 2006 3152 Si
2031 3132 2104 3162 ergo
2134 3129 2262 3162 propter
2286 3121 2472 3152 densitatem

1471 3167 1607 3204 humidi,
1632 3167 1696 3197 sive
1720 3167 1798 3197 folio
1823 3166 1892 3197 fluit
1915 3167 2018 3203 arbor,
2044 3173 2170 3206 oportet
2185 3176 2251 3196 esse
2267 3166 2470 3204 densitatem;

1471 3211 1536 3242 sive
1553 3211 1688 3242 densitas
1700 3218 1756 3250 est,
1767 3221 1833 3241 non
1848 3211 1881 3241 in
1897 3211 2036 3252 qualibet
2048 3211 2103 3241 sed
2118 3211 2151 3241 in
2165 3211 2286 3249 arbore,
2297 3210 2376 3240 folio
2390 3210 2470 3241 fluit.

1400 3322 1429 3344 et
1445 3321 1596 3344 causatum
1617 3316 1654 3343 ad
1676 3315 1798 3344 invicem
1821 3316 2056 3344 demonstrentur
2077 3316 2177 3344 eadem
2204 3316 2469 3352 demonstratione,

1400 3357 1451 3384 sed
1472 3355 1591 3384 diversis
1612 3355 1926 3391 demonstrationibus,
1948 3356 2055 3384 scilicet
2076 3355 2142 3392 qm'a
2164 3362 2192 3383 et
2212 3361 2337 3394 propter
2358 3355 2435 3393 quid.
2451 3373 2471 3377 -

1401 3398 1430 3432 7.v
1447 3397 1490 3424 De
1512 3395 1729 3432 interpositione
1750 3402 1842 3424 terrae
1863 3402 1895 3424 ut
1916 3405 2002 3424 causa
2023 3395 2135 3432 eclipsis
2156 3395 2319 3424 lunae.-8.
2344 3395 2470 3424 Solvitur

1400 3435 1541 3473 quaestio.
1568 3435 1624 3463 Ubi
1651 3445 1743 3467 unum
1765 3435 1884 3472 aliquod
1911 3445 2067 3464 commune
2095 3436 2191 3472 plures
2219 3435 2323 3464 habeat
2351 3444 2469 3471 causas,

1399 3476 1558 3504 secundum
1582 3476 1663 3512 quod
1684 3476 1819 3504 convenit
1836 3475 1963 3510 diversis,
1985 3475 2049 3512 ipso
2068 3475 2175 3512 posito,
2191 3485 2306 3503 necesse
2322 3482 2365 3504 est
2378 3485 2469 3504 unam

1400 3525 1434 3544 ex
1457 3515 1511 3543 illis
1536 3515 1628 3544 causis
1652 3516 1761 3550 adesse,
1783 3525 1845 3544 non
1870 3516 2028 3552 quamlibet
2055 3522 2083 3543 et
2110 3515 2314 3550 determinate,
2343 3516 2393 3544 sed
2425 3515 2469 3544 di-

1400 3555 1547 3584 siunctive.
1565 3572 1585 3577 -
1604 3565 1631 3592 9.
1654 3555 1709 3583 Ubi
1730 3565 1798 3584 vero
1819 3565 1907 3584 causa
1933 3555 1970 3584 sit
1992 3556 2048 3583 tale
2069 3556 2198 3584 medium
2219 3556 2300 3592 quod
2325 3555 2470 3584 converti-

1399 3602 1446 3624 tur
1467 3605 1533 3623 cum
1561 3602 1696 3630 causato,
1723 3605 1839 3624 necesse
1867 3602 1909 3624 est
1936 3602 1969 3624 ut
1989 3604 2077 3624 causa
2103 3602 2131 3624 et
2152 3602 2301 3624 causatum
2329 3596 2419 3624 simul>
2437 3605 2469 3624 se

271 3639 335 3667 mul
352 3648 383 3668 se
397 3644 624 3676 consequuntur.
636 3639 690 3667 -6.
699 3640 742 3666 Ex
758 3639 815 3667 hoc
830 3644 930 3666 tamen
947 3647 1009 3666 non
1023 3637 1152 3675 sequitur
1162 3637 1243 3674 quod
1258 3645 1345 3665 causa
1369 3633 1374 3675 Ι
1400 3642 1624 3672 consequantur.
