2788 4204
92 485 101 493 “
115 484 151 507 Cf.
162 483 202 505 lib.
214 483 236 511 1,
251 484 305 505 lect.

91 521 171 541 xxxvt,
182 518 231 536 not.
246 521 269 537 ο.

94 550 102 557 ·
118 546 155 568 Cf.
170 546 242 573 lib.1,
253 547 306 567 lect.

92 583 137 604 vm,
154 581 214 599 nott.
229 583 253 608 p,
269 583 291 599 τ.

91 615 120 630 a:
135 610 159 629 et
167 609 191 629 in
199 608 295 636 figura.

92 646 102 654 '¹
123 650 150 665 o:
189 644 237 665 uia.
254 655 264 660 -
279 644 305 665 In

91 677 120 692 ex
140 676 168 692 co
188 671 210 692 d.

93 858 103 867 ·
119 862 189 881 croto
208 862 256 877 om.
273 854 320 877 ets

92 883 118 904 In
134 889 161 904 ex
177 883 245 904 codd.

91 910 103 921 ‘
114 909 202 932 Codd.-
211 916 231 931 r:
247 914 296 930 nec.

336 230 411 276 340
648 251 657 265 .

334 309 436 346 enim
465 309 503 346 in
521 309 793 346 Posterioribus
821 308 1021 356 analyticis
1050 306 1207 343 docetur
1227 305 1404 342 resolutio

332 375 454 411 usque
483 363 533 399 ad
560 362 743 411 principia
771 362 911 410 prima,
942 361 991 396 ita
1018 359 1132 396 etiam
1153 359 1191 395 in
1208 359 1405 395 Prioribus

333 416 533 464 analyticis
561 416 604 453 fit
636 416 813 452 resolutio
848 414 897 451 ad
929 413 1054 462 prima
1087 412 1280 460 quaedam
1316 412 1405 449 sim-

332 470 443 519 plicia
464 471 483 491 s
511 469 733 519 pertinentia
753 469 802 505 ad
823 467 1111 516 dispositionem
1140 465 1348 514 syllogismi
1367 465 1406 502 in

334 523 454 560 modo
484 531 520 559 et
547 523 668 570 figura
687 522 716 558 2‘.

390 578 424 614 3.
447 576 564 623 Quod
592 583 720 612 autem
748 586 817 623 per
834 573 941 610 viam
970 572 1165 609 divisionis
1185 584 1264 609 non
1286 572 1407 621 possit

335 630 475 678 aliquid
504 628 720 677 syllogizari,
740 627 879 676 probat
906 638 975 675 per
1002 627 1088 672 hoc,
1114 626 1220 674 quod
1237 626 1257 647 ⁹⁵
1276 625 1315 662 in
1342 625 1406 662 via

335 683 529 721 divisionis
562 694 651 718 non·
670 693 714 717 ex
743 679 965 718 necessitate
1001 679 1169 728 sequitur
1198 678 1404 726 conclusio,

335 736 575 774 existentibus
603 734 821 783 praemissis
851 732 972 781 (quod
1001 733 1201 781 requiritur
1225 733 1273 770 ad
1294 732 1406 769 ratio—

334 803 424 828 nem
444 788 682 837 syllogismi):
704 788 772 824 sed
791 787 841 824 ita
861 799 901 823 se
921 786 1037 823 habet
1056 787 1094 823 in
1113 786 1176 823 via
1197 786 1404 833 divisionis,

333 844 428 881 sicut
457 850 492 879 et
521 843 541 864 ²¹³
575 842 614 878 in
646 841 710 878 via
742 840 981 878 inductionis.
1019 841 1082 877 Ille
1117 839 1219 877 enim
1252 840 1317 888 qui
1351 839 1406 877 in-

334 897 436 934 ducit
453 908 523 945 per
548 894 749 943 singularia
774 895 824 931 ad
849 894 1074 941 universale,
1096 906 1175 930 non
1196 894 1215 915 *
1245 893 1405 931 demon-

333 958 423 987 strat
451 961 575 998 neque
604 948 799 997 syllogizat
827 960 872 984 ex
901 947 1135 985 necessitate.
1171 948 1272 984 Cum
1302 946 1404 983 enim

333 1003 474 1052 aliquid
493 1001 719 1052 syllogistice
746 1002 942 1051 probatur,
964 1014 1043 1039 non
1073 1009 1128 1038 est
1146 1000 1405 1038 necessarium

332 1057 486 1094 ulterius
515 1056 620 1106 quod
647 1056 710 1093 vel
730 1055 957 1104 syllogizans
982 1055 1185 1103 interroget
1202 1053 1220 1083 β
1249 1054 1297 1092 de
1318 1067 1407 1091 con-

387 1244 412 1279 β)
437 1245 482 1270 Vel
500 1243 665 1278 syllogizans
686 1243 834 1276 interroget
852 1243 1056 1268 etc-Addimus
1073 1242 1239 1276 syllogizans
1255 1250 1285 1267 ex
1304 1242 1408 1267 codd.—

332 1283 381 1307 AH
395 1289 449 1306 om.
464 1280 505 1305 vel
509 1287 518 1309 ;
532 1280 568 1304 L:
582 1280 622 1304 vel
631 1279 796 1312 syllogizans
806 1278 895 1304 adhuc
909 1278 1347 1311 interroget.-BCDEFGHKLM:
1362 1278 1407 1303 det

333 1318 366 1347 ei;
382 1318 415 1342 P:
430 1317 454 1341 ei
468 1316 520 1341 det.
529 1330 550 1335 -
559 1316 598 1340 De
612 1314 853 1346 interrogationibus
865 1315 975 1347 propriis
986 1314 1132 1339 dialecticae
1147 1319 1172 1339 et
1185 1314 1406 1344 demonstrationi,

331 1354 467 1378 videantur
481 1359 548 1384 quae
567 1359 589 1375 s.
599 1351 716 1375 Thomas
731 1350 853 1374 disseruit
867 1350 910 1374 lib.
921 1350 938 1380 l,
954 1350 1013 1374 lect.
1025 1350 1263 1374 xx1.-Processum
1277 1357 1324 1382 per
1337 1349 1406 1373 viam

334 1388 466 1414 divisionis
479 1386 591 1411 maxime
605 1385 719 1410 adhibuit
734 1386 807 1410 Plato
826 1385 851 1409 in
870 1385 999 1416 Dialogis3
1015 1385 1084 1409 unde
1097 1393 1149 1409 non
1164 1384 1294 1409 immerito
1308 1384 1406 1416 graecis

333 1423 520 1457 Interpretibus
539 1422 626 1446 visum
641 1426 681 1446 est
696 1421 810 1445 Platonis
825 1420 981 1449 Ponticum,
997 1421 1028 1449 V,
1042 1425 1067 1444 et
1082 1420 1236 1452 sophistam
1252 1420 1406 1452 reprehendi

334 1460 384 1484 hoc
404 1460 462 1484 loco
482 1458 512 1482 ab
531 1457 671 1482 Aristotele
685 1455 739 1490 (Cf.
750 1456 888 1488 Philopon.
904 1456 929 1480 in
942 1455 969 1480 h.
983 1456 1046 1484 loc.;
1068 1455 1130 1480 item
1144 1456 1243 1485 Waitz,
1259 1456 1278 1480 11
1294 1455 1405 1484 Foster„

337 1496 484 1520 Comment.
497 1493 523 1517 in
537 1501 591 1524 cap.
601 1499 625 1522 v,
636 1500 694 1524 pag.
708 1490 758 1516 386
773 1496 798 1516 et
812 1491 1119 1524 seq.;Trende1emburg
1133 1491 1217 1517 Hem.
1228 1491 1290 1525 log„
1300 1491 1406 1521 adnot„

334 1531 350 1564 ξ
367 1530 413 1561 58;
433 1529 604 1554 Sanseverino
623 1527 716 1560 Logic.
731 1528 760 1553 Ρ,
775 1527 809 1557 11,
829 1534 886 1559 cap.
900 1534 943 1556 111,
962 1531 1010 1551 art.
1024 1526 1065 1559 v).

388 1566 414 1600 γ)
435 1565 467 1589 Si
484 1565 583 1589 entium
604 1563 717 1593 etc.-Q
734 1562 840 1590 om.s1',·
859 1562 1003 1587 ABHMOS
1022 1561 1065 1594 (et
1083 1570 1108 1594 p.
1123 1570 1159 1587 m.
1179 1561 1256 1595 CD?)
1272 1567 1407 1595 corrupte:

329 1605 400 1634 puta
418 1599 727 1626 scientium.—-BHMNO
742 1606 795 1623 om.
810 1600 850 1628 et,·
870 1598 904 1622 P:
923 1601 950 1623 et
967 1598 1044 1623 aliud
1056 1601 1097 1625 est
1110 1598 1303 1629 inanimatum
1322 1598 1406 1630 codd„

334 1645 387 1662 exc.
407 1636 453 1661 CO
486 1643 540 1659 om.
559 1637 606 1659 est.

387 1671 412 1705 ὃ)
433 1654 507 1696 Satis
525 1669 713 1695 conuenienter
736 1669 904 1701 comparavit
929 1669 1085 1695 divisionem
1106 1669 1263 1695 inductioni.
1277 1683 1297 1689 -
1312 1669 1406 1695 Simili-

332 1708 405 1738 tudo,
425 1714 504 1739 quam
523 1706 573 1730 hoc
592 1707 650 1730 loco
668 1705 741 1738 ponit
754 1705 908 1729 Aristoteles
925 1705 991 1730 inter
1004 1706 1187 1739 syllogismum
1206 1705 1367 1731 inductivum
1382 1709 1408 1730 et

333 1743 517 1777 syllogismum
533 1741 681 1771 divisivum,
696 1741 721 1765 in
736 1749 768 1765 eo
782 1740 851 1765 iuxta
864 1748 885 1766 s.
897 1740 1028 1766 Thomam
1041 1741 1240 1774 consistit,quod
1254 1741 1280 1766 in
1294 1747 1407 1774 utroque

333 1779 489 1812 syllogismo
507 1782 611 1810 oportet
630 1784 778 1809 supponere
793 1776 864 1809 quod
880 1782 983 1809 accepta
999 1777 1050 1802 sint
1063 1778 1151 1802 omnia
1163 1784 1231 1810 quae
1245 1777 1408 1802 continentur

333 1815 382 1840 sub
402 1814 489 1846 aliquo
509 1813 650 1838 communi.
664 1825 683 1832 —-
697 1812 764 1837 Huic
784 1811 935 1837 s.Th0mae
954 1813 1097 1838 sententiae
1116 1813 1265 1838 contradicit
1283 1813 1407 1846 Aegidius

332 1852 357 1876 in
377 1850 397 1875 11
417 1850 527 1878 Foster„
547 1848 563 1880 ἓ
583 1848 638 1873 Sed
656 1848 724 1873 sicut
743 1855 826 1881 neque
851 1848 979 1874 inducens
997 1853 1055 1878 etc„
1075 1849 1120 1874 sol.
1140 1847 1201 1880 106,
1223 1849 1272 1874 col.
1288 1848 1318 1875 3:
1337 1849 1407 1881 quia,

333 1886 426 1918 inquit,
448 1895 461 1907 ε
473 1884 522 1909 hoc
536 1884 637 1909 videtur
651 1884 767 1917 accipere
785 1884 857 1917 quod
873 1889 913 1909 est
931 1892 979 1917 per
993 1885 1120 1910 accidens.
1140 1884 1207 1909 Nam
1220 1884 1246 1909 in
1259 1884 1407 1910 inductione

335 1932 348 1945 ι
364 1922 414 1946 hoc
433 1926 473 1946 est
498 1928 544 1953 per
563 1928 592 1945 se
617 1920 687 1953 quod
707 1925 810 1952 oportet
828 1927 976 1953 supponere
1000 1925 1088 1954 partes
1107 1920 1156 1945 sub
1182 1925 1237 1945 toto
1257 1928 1317 1945 esse
1336 1919 1407 1945 suffi-

336 1968 348 1980 »
365 1957 461 1982 cienter
480 1961 612 1988 acceptas,
638 1961 663 1980 et
682 1955 742 1988 quia
762 1963 814 1980 non
834 1961 874 1980 est
898 1961 990 1980 notum
1016 1956 1092 1981 nobis
1118 1956 1189 1989 quod
1208 1964 1260 1981 non
1279 1961 1341 1981 sunt
1359 1956 1408 1981 alia

336 2004 348 2016 »
365 1992 525 2025 particularia
544 1992 594 2016 sub
614 1991 658 2016 illo
676 1996 732 2016 toto
751 1999 830 2024 quam
850 1991 1012 2024 particularia
1031 1997 1150 2025 accepta:
1170 1992 1216 2016 sed
1236 1992 1261 2016 in
1281 1991 1407 2017 divisione

335 2040 348 2052 ιι
365 2028 414 2053 hoc
433 2034 474 2053 est
488 2035 534 2060 per
548 2027 666 2052 accidens
682 2027 752 2060 quod
772 2034 824 2051 non
840 2028 873 2052 sit
886 2031 978 2052 notum
993 2033 1079 2060 partes
1095 2035 1220 2053 evacuare
1234 2031 1332 2058 totum;
1346 2036 1406 2053 nam

336 2075 348 2088 »
365 2064 457 2089 divisio
477 2064 497 2088 si
513 2063 581 2088 bona
594 2063 634 2093 sit,
648 2062 725 2087 debet
738 2061 793 2088 fieri
807 2070 854 2096 per
866 2063 999 2096 opposita,
1013 2064 1134 2097 opposita
1148 2069 1236 2088 autem
1250 2062 1408 2089 sufficienter

335 2110 349 2124 ιν
366 2100 481 2125 dividunt
499 2099 586 2131 ipsum
605 2104 698 2123 totum.
711 2109 723 2121 ι

387 2136 428 2160 Ad
447 2143 527 2168 quam
542 2134 641 2167 Aegidii
656 2133 908 2159 animadversionem
922 2135 1064 2167 respondet
1082 2134 1211 2168 imprimis
1224 2135 1377 2160 Dominicus
1393 2143 1407 2160 a

333 2171 453 2197 Flandria
471 2171 496 2195 in
515 2170 535 2195 ΙΙ
555 2170 666 2199 Foster„
686 2178 730 2202 qu.
745 2177 783 2201 ιν,
798 2170 869 2195 artic.
882 2178 915 2200 11,
936 2171 1007 2203 quod
1026 2171 1151 2203 Aegidius
1171 2171 1229 2196 ideo
1249 2171 1406 2202 contradicit,

334 2207 395 2241 quia
414 2215 466 2231 non
485 2205 617 2239 distinguit
636 2206 701 2230 inter
720 2205 872 2230 divisionem
897 2206 1072 2231 immediatam
1092 2211 1117 2231 et
1136 2206 1289 2231 divisionem
1309 2207 1406 2232 media-

332 2248 396 2268 tam.
415 2243 461 2267 Illa
480 2247 520 2267 est
538 2249 585 2274 per
603 2242 723 2274 opposita
742 2241 946 2271 contradictoria,
961 2247 987 2267 et
1001 2242 1060 2267 ideo
1075 2248 1116 2267 est
1128 2242 1290 2273 bimembris,
1305 2247 1334 2268 ut
1346 2251 1406 2268 cum

333 2279 424 2304 dicitur
437 2277 595 2303 animalium
610 2277 685 2302 aliud
699 2280 739 2302 est
752 2277 893 2306 rationale,
903 2277 979 2303 aliud
994 2277 1166 2303 irrationale:
1181 2278 1213 2303 de
1222 2277 1270 2303 hac
1281 2278 1407 2304 divisione

333 2315 447 2347 loquitur
461 2313 593 2346 Aegidius.
607 2313 705 2337 Divisio
720 2312 831 2338 mediata
845 2321 895 2337 non
911 2318 958 2343 est,
966 2313 1125 2347 formaliter
1139 2314 1280 2346 loquendo,
1296 2313 1407 2339 bimem-

333 2350 400 2380 bris,
421 2354 446 2374 et
465 2349 523 2373 ideo
542 2357 595 2373 non
614 2353 654 2373 est
672 2355 720 2381 per
737 2349 857 2380 opposita
868 2349 1035 2382 formaliter,
1054 2354 1084 2374 ut
1103 2350 1212 2382 ipsemet
1230 2350 1354 2383 Aegidius
1373 2350 1407 2375 ib.

334 2385 460 2411 concedit.
474 2385 512 2409 De
530 2385 579 2409 hac
593 2384 719 2408 divisione
738 2384 853 2416 loquitur
872 2392 893 2409 s.
903 2384 1029 2415 Thomas,
1042 2385 1105 2410 dum
1121 2393 1180 2410 cum
1195 2385 1335 2411 Aristotele
1349 2394 1407 2411 eam

334 2421 459 2446 assimilat
474 2419 625 2450 inductioni,
639 2419 700 2452 quia
714 2419 739 2444 in
753 2424 863 2453 utraque
878 2428 986 2446 necesse
1000 2425 1040 2446 est
1054 2428 1203 2454 supponere
1217 2421 1289 2454 quod
1303 2426 1408 2455 accepta

335 2461 396 2482 sunt
414 2456 503 2480 omnia
521 2463 588 2487 quae
607 2455 770 2480 continentur
788 2456 837 2480 sub
857 2456 997 2481 communi.

390 2492 526 2516 Caietanus
536 2490 561 2515 in
571 2491 591 2515 11
602 2491 712 2520 Foster„
723 2499 779 2524 cap.
789 2498 823 2521 ιν,
838 2491 854 2524 ξ
868 2491 945 2517 Circa
960 2491 1161 2517 similitudinem
1172 2492 1338 2526 assignatam
1350 2497 1407 2523 etc„

335 2527 380 2552 fol.
395 2535 443 2560 79,
462 2526 513 2551 col.
529 2533 542 2550 2
564 2531 589 2550 et
608 2533 692 2558 seqq.‚
706 2526 753 2550 tria
769 2527 935 2559 expendenda
953 2527 1073 2560 suscipit:
1098 2530 1133 2557 1¹¹,
1155 2533 1220 2560 quot
1238 2528 1324 2553 modis
1343 2529 1408 2553 acci-

335 2564 420 2596 piatur
439 2562 542 2592 divisio,
562 2569 609 2586 seu
629 2562 797 2594 syllogismus
818 2562 955 2593 divisivus;
978 2565 1017 2593 2',
1037 2571 1117 2596 penes
1132 2564 1194 2596 quid
1209 2564 1354 2589 attendatur
1373 2564 1409 2589 si—

335 2599 455 2623 militudo
474 2598 538 2622 inter
558 2597 711 2622 divisionem
731 2602 756 2622 et
770 2597 958 2629 inductionem
980 2598 1018 2629 3·‚
1039 2599 1174 2631 quomodo
1194 2600 1308 2632 salvetur
1326 2600 1351 2624 in
1370 2600 1408 2625 eis

335 2635 393 2659 talis
413 2633 563 2658 similitudo.
582 2647 601 2651 -
618 2633 685 2663 Quia
703 2640 745 2657 res
765 2633 850 2666 gravis
869 2634 995 2658 momenti
1015 2639 1054 2659 est
1073 2635 1099 2659 in
1118 2634 1292 2668 philosophia,
1312 2635 1409 2668 quippe

336 2670 408 2703 quod
427 2669 460 2693 sit
478 2668 597 2701 quaestio
617 2668 648 2693 de
668 2668 791 2693 methodo
811 2669 867 2702 ipsa
886 2669 1094 2702 philosophandi,
1110 2670 1163 2703 hoq
1180 2675 1220 2695 est
1233 2671 1265 2696 de
1282 2671 1307 2696 vi
1328 2676 1353 2696 et
1366 2679 1408 2696 ex-

335 2705 455 2730 tensione
469 2704 692 2729 ratiocinationum
707 2709 863 2735 nostrarum,
876 2705 934 2730 ideo
950 2705 1070 2730 ducimus
1085 2706 1133 2731 tria
1146 2705 1189 2730 illa
1199 2707 1334 2732 enunciata
1349 2714 1409 2732 cum

336 2741 395 2774 ipso
414 2741 536 2765 Caietano
554 2739 611 2764 heic
630 2740 782 2772 expendere.

391 2776 483 2806 Quoad
494 2775 616 2808 primum,
626 2775 675 2800 tria
686 2775 792 2800 nomine
806 2775 939 2801 divisionis
951 2783 1095 2810 possumus
1105 2775 1309 2811 intelligere-a)
1318 2778 1409 2803 Primo

335 2812 457 2845 quidem,
477 2819 572 2844 purum
592 2811 775 2843 syllogismum
802 2812 953 2841 divisivum,
979 2812 1052 2837 cuius
1076 2813 1194 2837 meminit
1212 2813 1364 2838 Aristoteles
1383 2813 1409 2838 in

336 2849 346 2873 1
366 2848 491 2872 Hierum
514 2846 727 2880 analyticorum,
756 2855 811 2880 cap.
825 2855 903 2872 xxvnr
924 2845 990 2881 (Ed.
1006 2848 1066 2873 Did.
1086 2856 1141 2881 cap.
1159 2847 1246 2883 xxxi),
1273 2853 1298 2874 et
1317 2849 1362 2882 qui
1381 2848 1410 2874 fit

337 2883 496 2908 assumendo
514 2890 562 2914 pro
581 2882 668 2907 medio
687 2890 828 2908 commune
843 2883 969 2913 divisum,
985 2888 1047 2916 puta
1061 2884 1175 2912 animal,
1191 2889 1216 2909 et
1230 2885 1409 2910 concludendo

337 2918 489 2944 disiunctim
510 2919 542 2943 de
561 2918 649 2950 aliquo
668 2918 779 2943 inferiori
799 2918 919 2944 membro
944 2918 1018 2944 divisi
1041 2919 1197 2944 differentias
1221 2919 1300 2945 totius
1326 2920 1409 2946 divisi.

336 2955 383 2979 Ex.
393 2962 431 2987 g.:
446 2954 529 2979 Omne
539 2954 641 2978 animal
650 2957 689 2979 est
699 2953 832 2979 rationale
842 2954 883 2980 vel
893 2954 1052 2979 irrationale
1057 2963 1065 2985 ,·
1075 2955 1154 2980 homo
1163 2958 1204 2980 est
1216 2955 1334 2987 animal:
1344 2963 1410 2990 ergo

337 2991 415 3015 homo
429 2993 469 3014 est
483 2990 523 3014 vel
537 2989 679 3014 rationalis
697 2990 739 3014 vel
757 2989 933 3015 irrationalis.
954 2991 979 3015 Si
999 2990 1090 3015 divisio
1105 2991 1130 3015 in
1149 2991 1197 3015 hac
1211 2992 1320 3016 lectione
1335 2999 1408 3017 assu-

337 3031 424 3050 matur
436 3025 485 3050 hoc
500 3032 588 3054 sensu,
603 3025 710 3057 planum
724 3030 765 3050 est
779 3026 850 3058 quod
869 3025 926 3058 ipsa
940 3031 980 3051 est
994 3026 1090 3051 inutilis
1105 3027 1137 3051 ad
1157 3025 1332 3052 definitionem
1347 3035 1408 3053 con-

337 3061 490 3086 cludendam
500 3080 506 3091 ,
526 3065 552 3085 et
571 3065 639 3085 caret
654 3060 807 3085 necessitate
822 3062 1036 3094 consequentiae,
1051 3067 1076 3086 et
1089 3067 1129 3087 est
1143 3062 1232 3095 petitio
1245 3063 1369 3096 principii,
1384 3068 1410 3088 et

337 3096 472 3126 intentum,
488 3095 538 3121 hoc
552 3101 593 3120 est
605 3096 676 3128 quod
689 3095 761 3128 quid,
778 3104 828 3121 non
843 3096 1011 3122 demonstrat.
1027 3097 1103 3122 Ratio
1118 3103 1165 3128 est,
1179 3098 1240 3131 quia
1255 3097 1408 3124 definitionis

337 3137 377 3157 est
391 3132 523 3163 assignare
542 3139 594 3156 non
613 3131 719 3164 quidem
738 3137 876 3165 utramque
895 3132 1065 3158 differentiam
1085 3133 1167 3164 divisi,
1181 3134 1228 3159 sed
1243 3134 1349 3160 alteram
1365 3135 1408 3160 de-

337 3168 480 3192 terminate.
500 3167 557 3191 Non
571 3172 658 3192 autem
673 3167 797 3200 possibile
810 3173 850 3192 est
863 3176 909 3201 per
923 3168 1067 3201 praefatum
1082 3169 1264 3202 syllogismum
1280 3170 1345 3195 hanc
1365 3171 1408 3195 de—

336 3204 499 3228 terminatam
515 3202 681 3227 differentiam
699 3203 860 3233 concludere,
876 3204 936 3236 quia
955 3204 1071 3229 medium
1091 3210 1255 3237 assumptum
1271 3205 1410 3238 (animal)

337 3238 509 3263 universalius
522 3243 562 3263 est
576 3238 691 3271 qualibet
710 3246 757 3263 sua
772 3239 922 3271 differentia,
937 3239 986 3264 hoc
1001 3244 1041 3265 est
1055 3241 1184 3266 rationali
1203 3245 1227 3266 et
1242 3241 1397 3267 irrationali
1401 3249 1411 3272 ‚·

338 3279 363 3299 et
378 3279 568 3307 consequenter
583 3282 613 3298 ex
628 3274 685 3306 ipso
701 3282 754 3299 non
774 3279 861 3308 potest
880 3283 910 3300 ex
930 3276 1082 3301 necessitate
1102 3277 1220 3301 concludi
1240 3277 1410 3303 determinate

337 3310 423 3342 neque
442 3309 512 3342 quod
531 3309 612 3334 homo
631 3310 663 3334 ait
682 3310 836 3339 rationalis,
858 3318 944 3343 neque
963 3311 1035 3344 quod
1055 3312 1087 3336 sit
1107 3312 1283 3338 irrationalis.
1302 3313 1328 3338 Si
1348 3320 1410 3346 ergo

338 3345 500 3370 concluditur
518 3352 564 3377 per
583 3345 660 3370 talem
677 3353 830 3377 processum
850 3346 992 3372 differentia
1011 3347 1188 3377 determinata,
1204 3348 1298 3380 petitur
1317 3349 1410 3381 princi-

339 3381 419 3413 pium,
439 3381 610 3413 supponendo
625 3381 696 3414 quod
716 3386 756 3406 est
774 3381 937 3414 probandum
957 3382 1104 3414 (hominem
1125 3390 1217 3416 nempe
1236 3391 1292 3410 esse
1309 3384 1411 3410 animal

338 3416 491 3448 rationale),
508 3422 533 3441 et
546 3424 597 3440 non
612 3416 803 3442 demonstratur
815 3417 977 3443 intentum.-
987 3417 1011 3449 bl
1025 3418 1155 3448 Secundo,
1168 3419 1235 3445 sumi
1247 3425 1333 3452 potest
1347 3420 1411 3445 divi-

339 3451 378 3476 sio
392 3459 439 3483 pro
454 3452 607 3485 syllogismo
620 3452 736 3481 divisivo,
747 3458 775 3478 ut
785 3461 871 3485 supra,
882 3454 929 3478 sed
944 3454 1028 3479 addita
1042 3455 1180 3488 negatione
1190 3456 1337 3481 alterutrius
1352 3464 1410 3489 par-

339 3486 372 3510 tis
387 3487 439 3519 (vel
455 3486 574 3519 plurium,
590 3488 611 3512 si
626 3487 729 3520 habeat)
744 3488 879 3519 illationis,·
889 3494 914 3513 et
929 3490 1106 3515 concludendo
1121 3496 1220 3523 partem
1241 3499 1308 3524 quae
1323 3499 1353 3516 ex
1367 3491 1410 3517 illa

340 3522 474 3554 negatione
487 3522 648 3555 relinquitur.
662 3523 708 3548 Ex.
718 3531 752 3556 g.:
771 3524 854 3549 Omne
868 3524 971 3549 animal
984 3529 1023 3550 est
1037 3526 1170 3551 rationale
1184 3527 1224 3552 vel
1237 3526 1396 3552 irrationale
1401 3535 1409 3558 ;

340 3556 418 3581 homo
432 3561 471 3582 est
485 3558 598 3586 animam
611 3558 689 3583 homo
702 3562 742 3583 est
756 3560 796 3584 vel
811 3560 952 3585 rationalis
967 3561 1008 3585 vel
1022 3561 1204 3587 irrationalis.-
1218 3562 1297 3588 homo
1307 3571 1358 3588 non
1370 3566 1411 3588 est

339 3591 522 3622 irrationalis,-
533 3600 599 3627 ergo
611 3593 688 3619 homo
702 3597 742 3619 est
753 3595 903 3621 rationalis.
916 3595 942 3620 Si
955 3595 982 3620 in
991 3595 1041 3621 hoc
1051 3597 1167 3622 secundo
1177 3605 1257 3623 sensu
1271 3599 1410 3631 accipiatur

913 226 1299 265 POSTERIORUM
1326 226 1758 265 ANALYTICORUM
1786 228 1884 266 LIB.
1917 230 1949 266 Il

1461 306 1641 354 elusione,
1673 320 1744 344 nec
1772 308 1878 356 quod
1907 309 2143 358 respondens
2172 309 2235 347 det
2264 310 2295 347 ei
2322 310 2532 348 conclusio-

1460 372 1566 397 nem:
1597 360 1665 398 sed
1699 373 1856 398 necesse
1890 370 1945 399 est
1973 363 2078 411 quod
2112 363 2305 400 conclusio
2340 364 2386 401 sit
2416 376 2530 412 vera,

1458 413 1679 461 praemissis
1700 414 1942 453 existentibus
1969 416 2082 453 veris.
2114 417 2200 453 Hoc
2224 425 2451 461 autemnon
2471 431 2532 455 ac-

1461 466 1550 503 cidit
1577 466 1615 504 in
1642 467 1706 504 via
1734 468 1941 516 divisionis,
1963 469 2059 507 sicut
2082 470 2299 507 manifestat
2316 482 2386 519 per
2404 483 2532 508 exem-

1460 520 1535 568 pla.
1557 521 1781 558 Proceditur
1802 523 1904 560 enim
1919 523 1984 561 via
2000 524 2019 545 ’¹‘
2040 523 2235 561 divisionis
2256 536 2356 571 cum,
2373 532 2531 574 accepto

1460 572 1588 621 aliquo
1619 576 1817 612 communi
1845 576 1950 624 quod
1978 589 2048 626 per
2075 578 2194 615 multa
2216 579 2236 599 *
2265 577 2454 624 dividitur,
2475 590 2532 615 re-

1460 634 1568 663 moto
1588 639 1679 675 uno,
1697 630 1935 666 concluditur
1951 631 1970 652 *
1990 631 2162 668 alterum.
2184 632 2281 668 Puta
2301 631 2332 668 si
2358 631 2502 668 entium
2517 636 2533 658 ⁷

1460 679 1561 716 aliud
1582 688 1637 717 est
1655 682 1797 719 animal
1818 690 1854 719 et
1873 683 1974 720 aliud
1993 683 2255 732 inanimatum,
2275 685 2406 722 habito
2426 684 2533 734 quod

1459 734 1580 770 homo
1610 747 1690 771 non
1718 735 1764 772 sit
1792 735 2056 784 inanimatum,
2088 739 2325 776 concluditur
2352 739 2457 787 quod
2487 738 2533 775 sit

1460 787 1619 824 animal:
1649 788 1718 825 sed
1743 789 1814 826 ista
1841 790 2036 827 conclusio
2064 803 2144 828 non
2172 792 2355 840 sequitur,
2385 792 2456 829 nisi
2475 804 2532 829 re-

1460 840 1655 900 spondens
1685 841 1748 879 det
1775 843 1881 891 quod
1910 843 2031 881 homo
2059 845 2121 881 vel
2147 844 2193 881 sit
2212 845 2353 882 animal
2371 846 2434 882 vel
2453 845 2532 883 ina-

1459 902 1660 932 nimatum.

1512 959 1549 994 4.
1581 948 1631 985 Et
1659 955 1715 985 est
1742 949 2017 987 attendendum
2051 950 2156 999 quod
2185 951 2274 988 satis
2303 951 2532 988 convenien-

1459 1008 1517 1037 ter
1537 1001 1776 1051 comparavit
1795 1002 2024 1040 divisionem
2052 1003 2261 1042 inductioni
2275 1002 2300 1042 ⁸.
2321 1004 2533 1053 Utrobique

1461 1054 1564 1092 enim
1585 1063 1735 1104 oportet
1753 1068 1970 1106 supponere
1986 1058 2092 1106 quod
2111 1066 2268 1108 accepta
2283 1058 2388 1096 sint*
2403 1058 2535 1096 omnia

1461 1240 1561 1272 divisio,
1581 1241 1613 1266 de
1632 1249 1684 1274 qua
1703 1247 1743 1267 est
1761 1250 1849 1268 sermo
1867 1243 1894 1268 in
1913 1243 1961 1268 hac
1979 1244 2104 1275 lectione,
2127 1245 2204 1269 etiam
2223 1245 2389 1277 perspicuum
2409 1249 2450 1270 est
2463 1245 2535 1278 quod

1461 1284 1508 1309 per
1526 1277 1611 1310 ipsam
1630 1286 1684 1302 non
1703 1278 1895 1304 demonstratur
1914 1278 2029 1304 definitio
2044 1281 2090 1304 rei.
2110 1279 2238 1310 Quamvis
2256 1281 2327 1305 enim
2345 1280 2413 1305 iuxta
2430 1281 2534 1313 regulas

1461 1312 1559 1345 logicae
1577 1312 1703 1338 habeatur
1722 1315 1863 1339 necessitas
1883 1315 2084 1348 consequentiae
2103 1323 2134 1340 ex
2151 1315 2176 1340 vi
2196 1316 2364 1341 disiunctivae
2386 1323 2433 1348 per
2456 1323 2535 1348 nega·

1460 1347 1559 1372 tionem
1576 1349 1653 1373 unius
1679 1350 1789 1374 membri
1808 1350 2013 1383 (irrationalis)
2033 1351 2065 1376 ad
2085 1350 2284 1376 affirmationem
2308 1351 2413 1376 alterius
2432 1351 2449 1383 (
2449 1351 2535 1377 ratio-

1461 1383 1562 1415 nalis),
1586 1384 1640 1409 vim
1660 1389 1747 1410 tamen
1772 1386 1934 1418 probativam
1958 1394 2011 1411 non
2036 1387 2122 1412 habet.
2147 1387 2181 1412 Et
2203 1394 2302 1418 revera,
2328 1387 2423 1420 duplex
2446 1387 2536 1420 petitio

1461 1419 1577 1452 principii
1595 1419 1742 1445 offenditur.
1757 1421 1815 1446 Una
1827 1421 2007 1447 inevitabiliter
2019 1423 2124 1456 quando
2139 1430 2169 1447 ex
2182 1424 2319 1455 negatione
2330 1423 2408 1448 unius
2422 1422 2534 1448 membri

1460 1454 1569 1479 infertur
1587 1455 1711 1480 alterum:
1731 1457 1800 1481 idem
1819 1457 1889 1482 enim
1908 1462 1948 1482 est
1964 1459 2050 1491 quoad
2064 1463 2147 1483 totum
2163 1458 2274 1483 divisum
2289 1458 2426 1491 (animal)
2441 1465 2536 1490 negare

1461 1490 1533 1522 quod
1551 1489 1585 1514 sit
1604 1490 1770 1522 irrationale,
1791 1496 1817 1517 et
1835 1491 1963 1518 affirmare
1983 1494 2055 1526 quod
2074 1494 2107 1519 sit
2132 1494 2264 1519 rationale
2283 1495 2358 1528 (esto
2377 1494 2444 1519 adsit
2462 1493 2535 1519 diffe-

1460 1526 1542 1550 rentia
1561 1526 1587 1550 in
1605 1526 1759 1561 vocabulis);
1779 1532 1804 1552 et
1823 1535 1906 1560 aeque
1925 1529 2032 1554 dubium
2052 1534 2092 1554 est
2110 1534 2155 1554 aut
2172 1530 2290 1561 ignotum
2309 1534 2370 1563 post
2388 1529 2535 1555 conclusio-

1461 1568 1521 1585 nem
1541 1561 1697 1586 disiunctam
1716 1562 1808 1595 (homo
1827 1568 1868 1588 est
1885 1564 2028 1589 rationalis
2045 1565 2088 1589 vel
2107 1564 2286 1596 irrationalis)
2300 1573 2333 1590 an
2347 1565 2380 1590 sit
2394 1565 2536 1591 rationalis

1460 1597 1502 1621 vel
1522 1596 1698 1626 irrationalis,
1713 1602 1743 1622 ut
1761 1598 1794 1623 de
1807 1606 1837 1623 se
1849 1603 1928 1632 patet.
1942 1599 1999 1624 Alia
2012 1599 2102 1632 petitio
2114 1600 2231 1633 principii
2245 1600 2384 1626 offenditur
2398 1601 2423 1626 in
2437 1601 2536 1626 maiori

1460 1632 1638 1665 propositione
1657 1633 1764 1667 praefati
1784 1634 1938 1667 syllogismi,
1957 1642 2035 1660 omne
2052 1635 2155 1660 animal
2167 1638 2208 1660 est
2221 1635 2355 1661 rationale
2369 1636 2411 1662 vel
2424 1634 2534 1662 irratt'o-

1461 1668 1530 1693 nale.
1549 1669 1621 1693 Haec
1639 1669 1709 1694 enim
1727 1669 1879 1702 propositio,
1893 1675 1971 1702 prout
1988 1670 2030 1695 hic
2044 1671 2194 1702 assumitur,
2207 1678 2255 1696 nec
2269 1671 2395 1704 probatur
2411 1676 2460 1697 nec
2473 1679 2534 1705 pro-

1461 1704 1515 1728 bari
1534 1709 1633 1736 potest3
1653 1709 1679 1729 et
1697 1710 1834 1738 propterea
1848 1704 1980 1731 sufficiens
1993 1713 2046 1731 non
2060 1711 2101 1732 est
2113 1707 2145 1731 ad
2157 1706 2321 1739 probandum
2335 1707 2472 1733 intentum.
2487 1705 2536 1732 cui

1461 1739 1531 1765 enim
1556 1740 1721 1773 probandum
1740 1745 1811 1766 esset
1834 1741 1966 1767 hominem
1992 1749 2048 1767 esse
2072 1742 2174 1767 animal
2198 1742 2344 1772 rationale,
2369 1742 2535 1776 probandum

1461 1775 1539 1800 etiam
1558 1781 1628 1801 esset
1646 1783 1725 1802 omne
1742 1777 1845 1802 animal
1862 1784 1918 1803 esse
1937 1777 2070 1803 rationale
2089 1778 2130 1803 vel
2148 1777 2314 1808 irrationale,
2333 1783 2359 1804 et
2377 1778 2471 1804 deinde
2489 1778 2536 1804 ho-

1462 1811 1558 1837 minem
1574 1819 1626 1836 non
1640 1819 1696 1837 esse
1709 1812 1812 1837 animal
1826 1812 1993 1839 irrationale.
2002 1828 2023 1833 —
2036 1814 2108 1838 Haec
2122 1818 2210 1839 tamen
2228 1813 2318 1849 petitio
2331 1813 2447 1847 principii
2461 1813 2536 1839 vitari

1461 1851 1556 1880 potest,
1571 1847 1593 1872 si
1609 1846 1760 1873 sufficientia
1779 1848 1912 1873 divisionis
1931 1849 1964 1873 sit
1982 1856 2029 1882 per
2048 1856 2078 1874 se
2097 1854 2173 1875 nota:
2184 1849 2341 1874 Addendum
2360 1850 2432 1883 quod
2446 1849 2473 1875 in
2485 1849 2536 1875 hoc

1461 1890 1589 1915 processu
1608 1882 1694 1908 deficit
1710 1883 1751 1908 vis
1770 1884 1903 1916 probativa
1917 1891 1933 1909 a
1946 1885 2033 1917 priori,
2047 1885 2109 1918 quia
2122 1893 2176 1910 non
2195 1885 2272 1910 infert
2286 1886 2393 1910 alteram
2406 1889 2508 1918 partem
2520 1893 2536 1911 ι

1462 1919 1549 1951 priori,
1568 1919 1615 1944 sed
1635 1926 1665 1944 ex
1684 1919 1742 1944 sola
1759 1919 1897 1951 negatione
1914 1921 2040 1953 oppositi:
2060 1928 2114 1945 non
2133 1920 2203 1946 enim
2221 1921 2280 1946 ideo
2299 1920 2380 1946 homo
2398 1925 2440 1946 est
2457 1921 2535 1947 ratic>

1462 1954 1528 1979 nalis
1543 1954 1604 1987 quia
1618 1962 1670 1979 non
1684 1959 1724 1979 est
1738 1955 1900 1986 irrationalis,
1914 1961 1944 1981 ut
1958 1955 2116 1982 inferebatur
2128 1957 2153 1981 in
2167 1957 2332 1990 supraposito
2346 1956 2474 1990 exemp103
2487 1957 2535 1982 sed

1462 1997 1493 2015 ex
1511 1990 1634 2023 opposito
1653 1990 1713 2023 quia
1732 1995 1773 2015 est
1785 1991 1926 2022 rationalis,
1940 1991 1999 2016 ideo
2017 1999 2070 2016 non
2088 1996 2129 2024 est
2143 1990 2369 2027 irrationalia—0)
2386 1991 2477 2018 Tertio
2490 1992 2535 2018 de-

1462 2025 1549 2059 nique,
1569 2025 1674 2050 nomine
1693 2026 1826 2051 divisionis
1845 2026 1951 2060 intelligi
1977 2031 2065 2060 potest
2083 2027 2216 2053 discursus
2235 2027 2376 2053 formaliter
2395 2027 2533 2059 divisivas,

1462 2066 1590 2094 quatenus
1609 2069 1704 2094 nempe
1722 2062 1748 2087 in
1766 2062 1857 2087 maiori
1876 2062 2019 2088 assumitur
2037 2062 2130 2087 divisio
2144 2063 2227 2096 ipsius
2244 2063 2402 2088 communis.
2421 2063 2468 2088 Ex.
2482 2071 2535 2097 gn:

1460 2097 1625 2123 Animalium
1644 2097 1721 2122 aliud
1739 2100 1779 2123 est
1797 2098 1912 2128 volatile,
1926 2098 2003 2124 aliud
2021 2099 2184 2132 aquaticum,
2198 2098 2275 2124 aliud
2285 2099 2437 2132 gressibilef
2454 2098 2536 2124 homo

1462 2138 1503 2158 est
1521 2133 1627 2163 animal,
1648 2138 1674 2158 et
1692 2141 1745 2158 non
1764 2138 1805 2158 est
1823 2133 1918 2159 animal
1937 2134 2058 2164 volatile,
2084 2141 2167 2167 neque
2184 2134 2338 2168 aquaticum
2343 2141 2354 2165 ‚·
2371 2141 2438 2168 ergo
2456 2133 2536 2161 homo

1461 2172 1501 2194 est
1518 2169 1622 2194 animal
1638 2169 1784 2202 gressibile.
1804 2169 1830 2194 Si
1848 2169 1898 2194 hoc
1917 2169 1992 2194 tertio
2007 2177 2087 2195 sensu
2101 2169 2239 2203 accipiatur
2253 2169 2353 2200 divisio,
2367 2169 2536 2196 manifestum

1461 2205 1539 2229 etiam
1558 2209 1598 2230 est
1616 2205 1687 2237 quod
1702 2212 1750 2238 per
1762 2212 1820 2230 eam
1833 2210 1947 2238 nequeat
1961 2205 2119 2239 syllogistice
2133 2205 2252 2231 concludi
2266 2204 2393 2238 defit-litim
2407 2205 2470 2239 quia
2481 2213 2536 2231 non

1461 2240 1536 2266 adest
1554 2240 1696 2266 necessitas
1716 2240 1932 2274 consequentiae,
1950 2241 2001 2267 nisi
2019 2249 2050 2266 ex
2068 2241 2249 2274 suppositione
2265 2242 2338 2275 quod
2350 2241 2440 2267 omnin
2451 2249 2536 2267 mem-

1460 2275 1507 2301 bra
1525 2283 1593 2309 quae
1612 2275 1776 2301 continentur
1794 2276 1843 2301 sub
1863 2277 1996 2302 communi
2015 2277 2113 2308 diviso,
2133 2277 2184 2302 sint
2199 2275 2357 2303 sufficienter
2375 2282 2535 2308 enumerem,

1461 2317 1491 2336 ut
1509 2311 1560 2336 late
1574 2311 1683 2344 explicat
1701 2319 1723 2336 s.
1733 2311 1852 2337 Thomas
1871 2311 1921 2337 hoc
1936 2313 2002 2338 loco.
2022 2312 2074 2338 Sed
2092 2312 2183 2338 accidit
2201 2320 2320 2346 quoque,
2340 2312 2375 2338 ait
2388 2312 2536 2344 Caietanus,

1461 2347 1552 2380 petitio
1570 2347 1686 2380 principii
1705 2348 1730 2373 in
1749 2348 1886 2381 negatione
1904 2348 2015 2374 aliorum
2033 2348 2228 2379 membrorum,
2248 2353 2275 2373 et
2292 2348 2408 2374 defectus
2425 2349 2503 2374 medii
2521 2356 2537 2374 a

1462 2383 1556 2416 priori,
1574 2391 1628 2408 non
1653 2391 1730 2409 secus
1754 2384 1829 2409 acin
1853 2383 2008 2417 syllogismo
2032 2384 2141 2409 divisivo
2165 2383 2192 2409 in
2214 2384 2329 2410 secunda
2352 2383 2537 2420 significatione

1462 2424 1577 2451 sumpto.

1515 2455 1556 2480 Ad
1575 2454 1718 2480 secundam
1737 2455 1919 2488 quaestionem
1938 2455 2076 2481 dicendum
2095 2455 2167 2489 quod
2185 2455 2340 2482 Aristoteles
2358 2455 2420 2481 dixit
2433 2455 2537 2481 divisio-

1463 2498 1523 2515 nem
1532 2490 1656 2516 ·similem
1675 2498 1735 2515 esse
1754 2490 1894 2516 inductioni
1915 2490 1941 2516 in
1960 2491 2011 2516 hoe
2030 2491 2101 2524 quod
2121 2491 2213 2516 divisio
2231 2499 2283 2516 non
2302 2491 2380 2517 habet
2398 2491 2537 2522 necessita-

1461 2529 1515 2551 tem
1535 2525 1749 2559 consequentiae,
1769 2531 1795 2551 et
1810 2526 1926 2551 inductio
1939 2534 1992 2551 non
2012 2527 2183 2553 demonstrat.
2202 2527 2276 2557 Quae
2290 2527 2432 2552 similitudo
2450 2530 2538 2561 potest

1462 2561 1594 2594 tripliciter
1619 2562 1735 2593 intelligi.
1753 2576 1772 2581 -
1789 2561 1821 2597 a)
1845 2562 1904 2587 Uno
1927 2562 2008 2587 modo
2031 2563 2179 2595 accipiendo
2203 2559 2234 2588 τὸ
2261 2563 2430 2588 demonstrat
2453 2561 2537 2588 latiori

1463 2604 1557 2628 sensu,
1583 2602 1661 2630 prout
1683 2598 1752 2622 idern
1772 2602 1812 2622 est
1831 2605 1860 2622 ac
1879 2594 1909 2622 τὸ
1929 2598 2089 2631 syllogizan
2108 2603 2134 2623 et
2156 2598 2194 2623 sic
2217 2598 2358 2623 similitudo
2382 2598 2450 2623 inter
2473 2597 2537 2622 divi-

1463 2632 1565 2657 sionem
1589 2637 1615 2657 et
1645 2633 1821 2658 inductionem
1846 2633 1963 2658 consistit
1985 2633 2011 2658 in
2030 2641 2063 2658 eo
2085 2633 2157 2667 quod
2181 2638 2273 2659 neutn
2295 2633 2374 2659 habet
2397 2633 2537 2658 necessita-

1462 2672 1516 2692 tem
1535 2668 1750 2701 consequentiae,
1774 2668 1806 2693 ad
1824 2676 1914 2693 veram
1933 2668 2182 2694 demonstrationem
2205 2669 2352 2694 necessario
2375 2668 2536 2702 requisitum.

1461 2717 1481 2722 -
1496 2703 1526 2736 b)
1546 2703 1606 2728 Alio
1628 2703 1709 2728 modo
1732 2703 1882 2737 accipiendo
1900 2699 1930 2729 τὸ
1951 2703 2119 2729 demonstrat
2143 2704 2259 2737 proprie,
2283 2709 2360 2738 prout
2384 2711 2480 2738 nempe
2499 2703 2537 2729 dl-

1463 2738 1603 2770 stinguitur
1622 2746 1636 2763 a
1655 2740 1692 2773 τῷ
1715 2739 1873 2772 syllogizat,
1898 2739 1965 2764 sicut
1985 2739 2086 2772 species
2109 2739 2275 2773 distinguitur
2293 2748 2307 2765 a
2326 2747 2435 2773 genere;
2455 2743 2482 2765 et
2499 2738 2538 2765 aie

1462 2774 1606 2799 similitudo
1623 2774 1753 2806 praedicta
1771 2779 1811 2799 est
1829 2775 2043 2807 proportionalis,
2062 2775 2089 2800 in
2108 2774 2158 2800 hoc
2176 2775 2273 2800 scilicet
2291 2776 2446 2806 consistens,

1462 2810 1530 2836 sicut
1548 2809 1574 2835 in
1593 2810 1741 2835 inductione
1760 2808 1845 2835 deficit
1862 2810 1902 2835 vis
1921 2810 2132 2841 demonstrativa,
2152 2811 2186 2836 ita
2204 2811 2230 2836 in
2249 2811 2376 2836 divisione
2395 2809 2481 2836 deficit
2496 2809 2538 2836 vis

1463 2845 1566 2871 illativa.
1579 2858 1599 2866 ·-
1611 2845 1738 2878 c)'1'ertio
1757 2846 1836 2871 modo
1855 2845 1950 2871 iterum
1969 2846 2119 2880 accipiendo
2138 2843 2168 2872 τὸ
2188 2847 2357 2872 demonstrat
2375 2847 2493 2880 proprie,
2512 2850 2539 2872 et

1463 2881 1549 2915 prouti
1568 2881 1748 2914 complectitur
1766 2886 1823 2906 tum
1840 2882 1894 2906 vim
1911 2882 2148 2913 demonstrativam,
2166 2887 2223 2907 tum
2243 2883 2425 2908 necessitatem
2444 2889 2538 2908 εοῐιιο-

1463 2917 1591 2950 quentiae.
1607 2916 1667 2947 Quo
1681 2924 1761 2942 sensu
1776 2917 1840 2942 duas
1859 2917 1923 2942 istas
1943 2918 2100 2943 differentias
2115 2918 2278 2950 attendendo,
2291 2923 2378 2952 potest
2391 2917 2539 2944 secundum

1463 2953 1533 2985 ipsas
1552 2952 1694 2986 comparari
1719 2952 1811 2977 divisio
1836 2952 1991 2984 inductioni,
2015 2953 2075 2987 quia
2093 2961 2144 2978 una
2163 2958 2189 2979 et
2207 2954 2287 2979 altera
2311 2959 2400 2980 carent
2417 2952 2538 2988 praefi-tis

1463 2988 1614 3013 differentiis
1633 2988 1860 3013 demonstrationis
1880 2989 2001 3022 propriis.

1516 3024 1557 3048 Ad
1571 3023 1672 3049 tertiam
1687 3024 1867 3057 quaestionem
1882 3025 2020 3050 dicendum
2034 3025 2106 3058 quod
2121 3025 2275 3051 Aristoteles
2289 3025 2317 3051 in
2329 3029 2401 3051 textu
2415 3031 2538 3060 expresse

1463 3059 1524 3084 dicit
1542 3059 1696 3085 divisionem
1715 3067 1802 3085 carere
1822 3060 1975 3086 necessitate
1993 3061 2204 3094 consequentiae.
2219 3061 2290 3095 Ergo
2302 3061 2329 3086 in
2343 3060 2428 3094 primo
2446 3065 2474 3087 et
2485 3065 2538 3086 ter-

1462 3095 1499 3120 tio
1518 3102 1597 3120 sensu
1617 3095 1742 3128 explicato
1768 3095 1921 3121 divisionem
1945 3096 2078 3130 accepisse
2099 3096 2210 3122 videtur.
2228 3096 2255 3121 ln
2274 3104 2291 3122 u
2404 3096 2488 3128 erum,
2508 3100 2539 3122 ut

1464 3130 1561 3156 dictum
1579 3135 1627 3162 est,
1645 3131 1718 3156 deest
1736 3131 1877 3156 necessitas
1903 3133 2116 3165 consequentiae3
2135 3132 2161 3158 in
2180 3132 2296 3158 secundo
2314 3139 2368 3158 non
2386 3131 2539 3166 simpliciter

1464 3167 1570 3200 quidem
1589 3167 1663 3192 deest
1680 3168 1821 3192 necessitas
1841 3168 1896 3199 illa,
1915 3168 1962 3193 sed
1981 3173 2069 3193 tamen
2088 3176 2141 3193 non
2164 3173 2205 3194 est
2227 3168 2283 3193 sine
2301 3167 2426 3201 petitione
2443 3167 2538 3202 princi-

1464 3202 1507 3236 pii.
1523 3202 1591 3227 Inter
1609 3203 1723 3236 primum
1743 3207 1829 3228 autem
1845 3210 1997 3236 processum
2017 3203 2155 3229 divisivum
2169 3209 2196 3229 et
2207 3204 2382 3229 inductionem
2397 3203 2539 3229 similitudo

1464 3238 1582 3263 consistit
1599 3239 1625 3263 in
1643 3238 1701 3270 hoc,
1716 3238 1777 3272 quia
1794 3239 1933 3272 utrobique
1947 3247 2000 3264 non
2018 3239 2166 3265 necessario
2181 3240 2309 3265 intentum
2327 3238 2490 3264 concluditur
2506 3245 2539 3266 ex

1464 3274 1630 3307 praemissis:
1650 3274 1721 3308 quod
1741 3274 1766 3299 in
1785 3274 1933 3300 inductione
1955 3274 2101 3301 verificatur
2125 3275 2227 3336 qt'ioties
2251 3283 2304 3300 non
2329 3279 2371 3300 est
2393 3275 2537 3308 completa,

1464 3317 1512 3335 seu
1536 3310 1642 3343 quando
1667 3310 1749 3335 multa
1774 3310 1935 3344 particularia
1960 3315 2081 3336 contenta
2105 3318 2137 3336 su
2182 3310 2315 3336 communi
2343 3314 2537 3340 enumerantur,

1465 3346 1511 3370 sed
1535 3353 1588 3370 non
1606 3346 1703 3372 omnia.
1721 3359 1742 3365 —
1759 3346 1827 3371 inter
1846 3346 1990 3372 secundum
2009 3351 2097 3372 autem
2120 3354 2275 3380 processum
2299 3346 2437 3371 divisivum
2456 3350 2483 3371 et
2499 3345 2538 3370 l·-

1465 3381 1613 3406 ductionem
1633 3387 1673 3407 est
1691 3381 1773 3407 maior
1792 3382 1946 3414 similitudo,
1965 3382 2091 3415 quoniam
2109 3382 2247 3415 utrobique
2267 3389 2319 3407 non
2338 3386 2379 3407 εει
2396 3379 2538 3406 necessi&

1465 3417 1666 3450 consequentiae
1689 3417 1738 3442 nisi
1758 3425 1818 3443 cum
1837 3417 1960 3451 petitione
1978 3418 2102 3452 principii.
2126 3417 2159 3443 Et
2177 3417 2228 3443 hoc
2245 3416 2391 3443 verificatur
2413 3416 2445 3442 de
2462 3415 2538 3441 indu-

1464 3453 1549 3478 ctione
1574 3453 1722 3486 completa,
1747 3461 1827 3487 quam
1852 3458 1954 3479 constat
1981 3459 2070 3487 petere
2095 3454 2175 3487 princi
2194 3454 2264 3485 ium,
2292 3460 2329 3478 eo
2350 3452 2423 3486 Quod
2447 3450 2539 3484 accipit

1464 3489 1552 3514 omnia
1566 3489 1705 3522 singularia
1718 3489 1750 3514 ad
1764 3490 1911 3514 universale
1921 3489 2138 3515 concludendum.
2148 3502 2168 3509 ·-
2202 3489 2281 3514 ertius
2295 3492 2382 3514 nutem
2396 3493 2537 3521 processus

1464 3524 1590 3549 divisivus
1610 3525 1757 3550 simillimus
1777 3530 1817 3550 est
1831 3525 1981 3556 inductioni,
1996 3525 2120 3558 quoniam
2133 3524 2271 3557 utrobique
2285 3523 2426 3549 necessitas
2445 3529 2537 3547 conae-

1464 3560 1586 3593 quentiae
1605 3560 1700 3585 incerta
1719 3565 1759 3585 est
1778 3568 1808 3585 ex
1827 3561 1919 3586 eadem
1938 3567 2028 3591 causa;
2049 3561 2146 3585 scilicet
2159 3560 2221 3593 quia
2238 3565 2349 3592 utraque
2366 3558 2416 3588 via,
2430 3557 2538 3582 divisiva

1464 3600 1490 3622 et
1508 3595 1644 3628 inductiva,
1659 3603 1674 3621 a
1688 3596 1775 3621 divisis
1789 3596 1906 3629 partibus
1922 3595 2022 3629 incipit:
2035 3595 2127 3621 divisio
2141 3600 2237 3627 autem,
2251 3599 2281 3620 ut
2294 3594 2340 3626 sic,
2355 3592 2535 3619 eet-titudinem

2560 534 2571 546 ⁸
2585 540 2649 560 naq:
2664 535 2689 557 in
2703 535 2754 557 vla.

2562 592 2570 602 ¹
2586 598 2613 614 n:
2625 592 2708 620 plura.

2561 641 2650 688 ἑπῖηῗξ
2670 645 2776 688 ἓὲεῈὶιεῖ

2561 695 2608 715 tur.

2659 729 2676 755 Υ

2561 1073 2573 1085 ⁸
2586 1078 2646 1095 on:
2661 1074 2726 1096 sunt.
