2548 4192
0 3841 20 4192 W'Wz
0 3689 13 3835 »νε-π-πνν

886 301 940 336 ΙΝ
972 301 1010 336 S.
1033 299 1276 337 THOMAM
1304 300 1629 347 AQUINATEM
2304 317 2361 342 mu

214 381 295 413 Satis
318 391 394 412 vero
419 381 458 412 de
488 381 546 412 hac
568 380 841 421 chronographiae
873 386 970 420 parte,
996 379 1034 410 de
1058 390 1122 420 qua
1146 379 1226 409 infra

147 436 253 458 sermo
272 425 395 457 redibit„
415 425 523 464 Adde,
546 425 718 466 Neapolim
742 425 879 456 missum
899 424 1065 454 Thomam
1089 424 1226 454 saecula·

147 481 196 502 res
215 470 431 512 frequentasse
455 470 580 501 scholas
607 480 642 500 ac
667 469 840 500 saeculares
865 469 1023 500 audivisse
1043 469 1226 508 magistros;

147 515 320 557 ipsumque
334 521 406 546 tum
421 514 559 555 denique
574 514 702 545 saeculo
722 513 924 551 valedixisse,
941 523 1015 544 cum
1030 513 1227 544 Praedicato-

148 570 222 591 rum
235 559 392 591 Ordinem
411 559 572 599 ingressus
586 565 632 590 est
646 557 749 601 (quae
769 558 839 590 duo'
851 558 1008 598 capitibus
1023 558 1228 598 sequentibus

147 604 394 636 demonstranda
426 603 505 634 mihi
536 601 647 646 sunt):
673 602 916 644 confectamque
941 603 1007 633 sine
1032 602 1132 633 dubio
1161 612 1229 632 reni

147 649 261 687 habes,
285 659 350 690 qua
373 649 412 679 de
431 648 572 688 agimus,
592 658 630 678 ex
649 647 811 679 oblatione
831 647 893 678 divi
913 647 1062 678 Thomae
1082 657 1099 677 a
1118 656 1229 687 paren-

147 693 232 725 tibus
251 693 343 731 facta,
363 703 462 734 quam
481 693 543 723 hoc
562 692 635 723 loco
656 693 770 723 damus
790 691 993 733 Disquisitori
1018 691 1228 731 indulgentes,

148 738 377 769 monachatum
402 737 470 768 eius
493 744 549 768 aut
572 737 783 768 monasticam
814 736 1047 777 professionem
1070 743 1148 767 voto
1179 746 1229 766 so·

148 782 246 813 lemni
271 782 419 813 emissam
444 782 534 813 nullo
559 782 659 812 modo
684 782 811 822 probari
835 792 871 812 ac
896 781 995 812 evinci
1021 791 1124 821 posse.

533 860 733 897 CAPUT
770 861 843 896 111.

148 933 332 966 Argumentis,
352 940 420 965 quae
434 940 483 965 pro
498 932 548 957 divi
563 931 683 956 Thomae
697 931 830 956 oblatione
844 931 996 961 afferuntur,
1011 931 1134 955 traditum
1154 931 1230 955 dum-

219 973 288 994 taxat
312 968 400 1001 ipsum
421 967 600 999 Casinatibus,
626 972 762 1001 tamquam
787 967 902 992 nobilem
922 967 1083 992 saecularem
1108 974 1229 1000 puerum,

220 1004 338 1029 moribus
358 1009 383 1028 et
402 1003 494 1029 litteris
508 1004 701 1034 instruendum,
721 1003 855 1028 evincitur.
871 1002 940 1028 Petri
959 1002 1078 1027 Damiani
1103 1002 1230 1027 sententia

219 1047 357 1073 perperam
382 1039 532 1073 opponitur.
559 1039 737 1064 saecularium
757 1045 900 1072 puerorum
920 1037 1018 1063 scholis
1043 1046 1098 1063 non
1125 1038 1231 1062 obstant

219 1076 410 1101 monachorum
429 1083 517 1100 mores
537 1080 563 1100 et
581 1074 794 1100 consuetudines.
814 1074 854 1099 De
872 1073 961 1099 habitu
986 1073 1129 1103 disseritur,
1149 1080 1229 1106 quem

221 1111 309 1137 Casini
328 1116 431 1144 gestare
450 1110 569 1136 Thomas
588 1110 710 1143 potuerit.

150 1181 173 1212 Ι.
183 1177 464 1267 Οἶὼιτίοηεια
485 1182 634 1213 Thomae
648 1181 786 1222 pueruli,
806 1181 913 1212 Casini
929 1191 947 1210 a
962 1179 1145 1220 parentibus
1160 1179 1230 1210 Deo

289 1227 406 1259 factam
429 1227 488 1258 sub
512 1226 621 1266 regula
651 1237 676 1257 s.
700 1225 878 1262 Benedicti,
912 1225 1010 1256 veluti
1033 1225 1230 1255 demonstra-

149 1263 217 1307 tain
229 1278 330 1315 putat
362 1270 574 1322 Disquisitor,
593 1270 797 1311 positamque
828 1276 914 1301 extra
943 1269 1080 1300 dubium
1111 1278 1230 1306 omne,

148 1314 369 1391 scuptorumn
363 1315 553 1353 testimonio
573 1315 681 1354 allato,
703 1324 841 1356 quorum
867 1314 963 1345 verba
987 1315 1089 1344 miror
1112 1312 1231 1356 (inquit

148 1367 325 1402 eapite‘m,
347 1371 379 1392 n.
406 1359 454 1403 ι.)
475 1370 538 1391 non
562 1361 643 1391 satis
666 1370 686 1390 a
718 1359 950 1390 recentioribus
974 1358 1174 1399 ponderari,
1195 1363 1231 1389 ut

148 1414 218 1441 rem
230 1415 296 1447 per
312 1415 382 1437 sese
395 1406 654 1446 patentissimam
670 1404 922 1445 deprehendant.
938 1404 1044 1435 Verba
1063 1403 1127 1440 illa,
1147 1413 1229 1444 quae

147 1446 265 1491 μάκει·
295 1450 438 1491 Angelus
469 1450 508 1481 de
536 1450 627 1480 Nuce
658 1455 688 1480 et
718 1449 871 1480 Erasmus
902 1448 1030 1480 Gattula
1062 1448 1229 1485 adhibent,

148 1503 270 1547 quaeve
293 1495 338 1526 M.
354 1494 516 1526 Antonius
540 1493 647 1534 Scipio
674 1501 705 1525 et
729 1493 864 1525 Ioannes
884 1493 1055 1524 Caramuel
1074 1500 1230 1543 spectasse

147 1538 306 1592 videntur,
320 1540 438 1571 iterum
461 1539 520 1571 sub
537 1539 654 1570 oculos
678 1545 786 1579 pono;
806 1537 970 1569 Guillelmi
995 1538 1034 1568 de
1052 1538 1164 1568 Tocco
1183 1537 1230 1567 in-

147 1584 302 1633 quietius:
326 1584 470 1616 Puerum
493 1585 541 1615 sic
563 1584 740 1615 enutritum
765 1583 901 1614 libenter
923 1583 994 1613 Deo
1017 1582 1180 1623 offerunt,
1200 1587 1231 1613 et

270 1638 384 1661 ennem
407 1629 453 1660 ad
475 1629 712 1660 Monasterium
745 1627 858 1659 Casini
882 1637 945 1668 per
969 1628 1126 1658 nutricem
1157 1637 1230 1658 cum

146 1630 413 1715 wwcietate
443 1674 678 1711 transmittunt,
711 1674 744 1704 in
768 1682 832 1713 quo
862 1673 1080 1703 instrueretur
1109 1673 1231 1702 sanctis

148 1711 303 1759 mbnbus,
327 1718 446 1750 divinis
467 1717 738 1749 illustrationibus
754 1716 1010 1758 praeparandus
1016 1724 1030 1754 ;
1052 1716 1231 1747 Ptolomaei
1256 1732 1259 1766 ¹t

149 1762 191 1804 de
210 1764 312 1802 Luca,
335 1762 394 1804 qui
415 1762 493 1794 haec
522 1762 634 1794 habet:
665 1762 734 1793 Hic
767 1762 906 1794 nomas
936 1762 969 1792 in
999 1771 1061 1792 sua
1086 1762 1230 1802 pueritia

149 1809 294 1845 nutritus·
307 1807 380 1849 sitit
403 1809 436 1838 in
459 1807 596 1839 Abbatia
620 1807 743 1837 Montis
776 1806 905 1844 Casini,
934 1807 991 1847 qui
1012 1811 1089 1837 sunt
1119 1815 1230 1836 mona-

150 1846 326 1896 ffl,nigff‚
346 1858 378 1884 et
406 1852 582 1883 secundum
609 1861 729 1882 morem
754 1851 908 1882 nobilium
928 1851 1017 1882 illius
1031 1852 1174 1891 patriae,
1196 1856 1231 1881 ut

257 1896 307 1929 de
335 1897 437 1928 beatis
465 1897 588 1927 Mauro
620 1901 650 1927 et
684 1895 836 1947 Placido;
870 1896 969 1927 sancti
1001 1895 1157 1926 Antonini
1188 1895 1231 1926 sic

149 1929 310 1977 habentis·
333 1941 499 1982 Completo
517 1942 635 1972 aetatis
652 1950 733 1972 suae
746 1941 976 1982 quinquennio,
988 1946 1144 1981 parentes
1163 1941 1232 1970 eius

142 1995 294 2028 mm
309 1986 381 2018 Deo
404 1985 558 2027 offerunt,
583 1991 615 2017 et
637 1996 710 2017 cum
729 1986 856 2017 decenti
878 1987 1043 2022 comitatu,
1067 1990 1231 2026 tamquam

148 2022 294 2065 aberam
313 2031 496 2063 Samuelem
521 2030 565 2062 ad
587 2030 678 2069 Heli,
698 2030 743 2061 ad
761 2031 998 2062 Monasterium
1019 2030 1142 2060 Montis
1168 2029 1231 2060 Ca-

146 2077 214 2109 sini
231 2085 287 2113 ex
316 2075 440 2108 Ordine
469 2085 496 2107 s.
517 2075 687 2107 Benedicti
721 2076 851 2106 mittunt
883 2075 1026 2106 moribus
1056 2080 1087 2105 et
1116 2075 1233 2105 litteris

149 2120 367 2160 imbuendum,
384 2131 425 2152 ne
442 2126 508 2152 tam
522 2120 735 2161 praeclarum
751 2121 836 2151 vitae
849 2120 1014 2161 speculum
1030 2120 1232 2151 conversatio

146 2165 330 2206 saemlaris
342 2165 531 2207 aliqualiter
544 2165 690 2207 inficeret
699 2174 771 2196 cum
788 2165 981 2202 mundanis;
994 2164 1232 2195 Bartholomaei

150 2210 284 2249 demum
316 2210 356 2241 de
388 2210 518 2251 Capua:
550 2210 649 2241 Pater
677 2210 808 2250 origine
837 2210 952 2241 nobilis
982 2215 1079 2250 atque
1102 2214 1230 2250 potens,

283 2254 335 2293 tis,
349 2255 554 2286 monachavit
573 2254 693 2286 dictum
710 2253 858 2295 fratrem
880 2255 1044 2291 Romam,
1060 2254 1233 2294 disponens

149 2309 223 2332 eum
245 2299 403 2333 Abbatiae
420 2299 602 2350 praeficere
626 2299 808 2330 Casinensi.

215 2344 307 2377 Haec
328 2343 423 2375 libuit
441 2344 543 2385 capite
563 2344 743 2384 superiore,
770 2351 806 2375 ut
824 2344 957 2375 Auctori
982 2343 1149 2375 historicae
1170 2343 1232 2374 dis-

149 2378 331 2432 quintianis
354 2388 604 2429 indulgeremus,
628 2389 668 2419 de
686 2398 759 2419 vera
783 2389 946 2420 oblatione
964 2388 1148 2428 intelligere,
1168 2398 1233 2429 qua

149 2433 282 2470 facultas
305 2440 412 2474 erepta
430 2433 523 2472 foret,
543 2433 726 2474 parentibus
745 2433 877 2474 quidem
900 2433 1046 2464 oblatum
1067 2433 1232 2464 Thomam

148 2477 330 2517 revocandi,
360 2488 396 2509 ac
424 2478 484 2518 ipsi
515 2478 624 2509 oblato
648 2487 750 2518 puero
781 2488 840 2518 pro
869 2488 927 2509 sua
955 2477 1121 2508 voluntate
1151 2477 1232 2508 infra

148 2521 323 2564 pubertatis
347 2532 448 2552 annos
473 2522 512 2553 ad
536 2522 700 2553 saeculum
723 2522 885 2553 redeundi.
918 2522 993 2560 Qua
1017 2522 1112 2562 gratis
1136 2521 1231 2552 etiarn

150 2566 287 2609 admissa
311 2566 484 2606 oblatione,
509 2567 669 2607 negaverit
692 2573 772 2607 puto
801 2577 910 2605 nemo,
934 2566 1155 2608 Disquisitoris
1185 2576 1231 2596 ar-

148 2605 352 2653 gumentum,
377 2612 467 2652 quod
490 2621 528 2642 ex
551 2621 590 2642 eo
614 2611 676 2643 ritu
700 2612 926 2643 desumebatur
949 2621 1007 2652 pro
1036 2611 1231 2642 monachatu

148 2656 356 2689 Benedictino
381 2656 479 2687 sancti
503 2656 670 2695 Thomae,
694 2656 814 2687 nullius
838 2656 1049 2687 nihilominus
1073 2655 1230 2687 momenti

151 2711 229 2742 απ.
242 2711 279 2733 ac
306 2701 340 2732 in
359 2710 451 2732 auras
469 2700 573 2731 abire:
608 2700 674 2731 sive
693 2700 866 2732 Thomas
857 2711 926 2741 ipse
945 2701 1066 2741 pubem
1084 2701 1230 2741 adeptus,

120 2778 123 2781 ,
150 2734 322 2787 expediens
344 2745 547 2784 iudicaverit,
571 2745 736 2776 cucullum
759 2745 908 2784 abiicere,
933 2745 1052 2776 Casino
1072 2745 1230 2776 discedere

151 2790 424 2832 cogitationesque
457 2800 531 2821 suas
553 2790 594 2821 ad
626 2790 715 2821 aliud
736 2790 818 2821 vitae
841 2800 942 2831 genus
970 2790 1230 2841 amplectendum

149 2841 354 2873 convertere3
378 2834 444 2865 sive
468 2834 649 2866 Casinensis
674 2835 780 2866 Abbas
805 2835 899 2866 fuerit
921 2835 985 2873 ille,
1005 2835 1061 2876 qui
1085 2835 1146 2866 iuri
1166 2845 1229 2866 ces-

151 2879 236 2916 serit
248 2879 339 2922 quod
370 2879 404 2910 in
431 2879 540 2920 ipsum
562 2879 790 2921 acquisiverat,
819 2890 924 2921 eoque
953 2879 1034 2910 infra
1057 2880 1230 2920 pubertatis

153 2934 257 2966 annos
279 2934 384 2956 carere
398 2923 546 2962 voluerit,
570 2931 606 2955 ut
628 2924 762 2955 meliora
780 2924 967 2956 charismata
988 2925 1092 2955 eidem
1116 2934 1230 2975 procu-

153 2974 246 3007 reret.
261 2968 358 3008 Quid
381 2978 468 3000 nunc
490 2978 583 3008 vero,
607 2969 634 2999 si
657 2969 827 3000 ostendero
858 2969 1007 3000 Thomae
1031 2969 1130 3000 nostri
1155 2970 1231 3000 edu-

155 3012 316 3051 cationem
337 3013 372 3043 in
395 3012 561 3044 Casinensi
586 3013 755 3045 Coenobio
779 3013 822 3044 ita
846 3014 977 3045 describi
1001 3024 1019 3044 a
1043 3013 1151 3054 priscis
1170 3014 1231 3044 illis

155 3056 291 3098 laudatis
313 3057 537 3097 scriptoribus,
562 3065 598 3090 ut
621 3058 709 3089 nulla
732 3065 881 3099 appareat
905 3058 1003 3089 oblati
1026 3058 1116 3099 pueri
1141 3059 1232 3089 disci-

156 3100 262 3142 plina,
285 3100 342 3131 sed
364 3101 472 3133 solum
494 3102 662 3134 saecularis
693 3103 872 3134 illustrioris
900 3103 1037 3134 familiae
1061 3103 1175 3143 ephebi
1199 3104 1231 3134 in

157 3145 302 3177 moribus
323 3145 500 3187 litterisque
521 3145 729 3178 informatio?
752 3148 814 3178 Res
838 3147 881 3178 ita
904 3157 937 3178 se
961 3148 1064 3179 habet.

220 3190 318 3228 Quae
340 3190 435 3221 verba
458 3190 581 3231 allegati
611 3191 779 3232 scriptores
802 3191 940 3231 habent,
964 3199 1019 3223 aut
1049 3193 1191 3233 neglecta
1215 3203 1233 3222 a

157 3234 369 3276 Disquisitore
392 3241 448 3266 aut
470 3236 706 3275 praetermissa,
729 3236 910 3277 diligentius
934 3237 1140 3277 expendenda
1159 3244 1234 3268 sunt

156 3289 194 3311 ac
203 3278 406 3320 proferenda.
427 3278 620 3311 Guillelmus
639 3281 679 3311 de
697 3281 808 3312 Tocco
826 3281 870 3312 ait
887 3281 961 3312 loco
976 3281 1083 3319 citato,
1098 3291 1188 3312 num.
1204 3283 1232 3312 5:

156 3324 335 3360 Puerulum
360 3323 536 3362 Thomam,
557 3334 658 3365 quem
679 3335 700 3356 a
717 3326 911 3366 parentibus
932 3326 1004 3357 Deo
1026 3326 1167 3357 oblatum
1187 3326 1233 3357 di-

157 3369 415 3410 xerat,qcoepisse
433 3368 570 3399 indicto
584 3369 786 3406 Monasterio
806 3370 870 3406 ,sub
888 3370 1058 3410 disciplina
1082 3371 1234 3411 magistri

156 3412 348 3454 diligentius
376 3411 528 3444 educari:
554 3413 731 3453 puerulum
755 3413 864 3454 ipsum
886 3424 907 3445 a
938 3414 1090 3444 nobilium
1114 3423 1233 3454 puero-

159 3467 239 3497 rum.
257 3458 438 3495 consortio,
472 3458 529 3498 qui
551 3457 666 3490 ibidem
699 3458 928 3489 nutriebantur
951 3459 983 3488 in
1015 3458 1173 3496 moribus,
1198 3464 1234 3489 ut

158 3511 268 3543 moris
273 3507 355 3538 erat
369 3502 514 3543 patriae,
534 3511 569 3533 se
583 3501 796 3543 frequentius
817 3502 988 3534 absentare
1010 3502 1232 3533 consuevisse.

158 3546 264 3587 deque
286 3545 432 3586 profectu
452 3546 520 3577 eius
547 3546 581 3576 in
604 3546 748 3577 moribus
769 3546 944 3587 litterisque
954 3546 1155 3579 instructam
1167 3557 1233 3577 ma-

160 3597 254 3631 trem,
277 3590 321 3627 ad
337 3591 497 3632 gaudium
516 3592 634 3622 mirari
649 3591 692 3623 de
708 3600 826 3631 puero,
847 3590 1065 3632 conferentem
1085 3592 1118 3622 in
1138 3591 1235 3622 corde

158 3640 279 3676 δυο-μα
293 3635 637 3677 ’ρρςναητεηιληψὶενί
655 3637 688 3668 in
709 3635 787 3677 filio
805 3645 889 3676 quae
903 3635 1083 3676 praedicta>
1097 3634 1243 3675 fuerant·-

160 3679 278 3719 spiritu
300 3681 560 3720 praenunciante
589 3680 698 3711 divino
730 3690 787 3720 per
818 3680 948 3710 Bonum
972 3679 1145 3710 eremitam.
1181 3680 1235 3710 Ait

1285 379 1380 410 etiam
1404 381 1610 411 Ptolomaeus
1644 381 1814 411 Lucensis:
1849 382 1990 412 Puerum
2027 383 2177 413 Thomam
2203 386 2360 415 nutritum

1276 424 1387 464 fuisse
1411 426 1442 455 in
1467 425 1603 456 Abbatia
1627 426 1751 456 Montis
1776 426 1905 463 Casini,
1930 426 2106 457 secundum
2127 437 2248 458 morem
2275 429 2361 459 nobi-

1285 469 1363 499 lium
1389 470 1477 500 ilIius
1495 471 1647 510 patriae,
1673 476 1708 501 ut
1725 475 1818 511 patet
1841 470 1881 501 de
1904 471 1996 501 beato
2020 472 2143 502 Mauro
2164 477 2194 502 et
2213 472 2363 503 Placido:

1286 513 1463 554 ibidemque
1493 516 1525 544 in
1554 524 1615 545 sua
1639 516 1784 555 pueritia
1809 516 1841 545 in
1872 515 2066 556 logicalibzes
2098 521 2129 546 et
2159 517 2363 547 naturalibus

1285 559 1402 597 optime
1411 558 1602 599 profecisse,
1617 559 1783 590 habentem
1803 569 1910 590 secum
1930 569 2057 600 semper
2078 561 2272 601 magistrum
2291 571 2361 601 spe·

1285 603 1416 640 cialem,
1441 613 1531 633 more
1554 603 1707 634 nobilium
1738 605 1891 645 regionis.
1923 604 2013 635 Paria
2042 604 2147 635 scribit
2180 615 2204 635 s.
2226 606 2363 636 Antoni·-

1286 654 1365 677 nus:
1390 647 1555 678 Thomam
1579 649 1752 688 puerulum
1775 649 1917 679 oblatum
1942 648 2062 687 Casini,
2086 650 2226 680 aliorum
2240 660 2362 690 puero-

1286 701 1358 722 rum
1385 692 1559 730 nobilium,
1588 694 1644 733 qui
1676 693 1718 724 ibi
1751 693 1998 731 nutriebantur,
2027 694 2171 734 puerilia
2204 694 2363 726 devitasse

1286 738 1469 767 consortia:
1495 747 1592 778 seque
1622 743 1841 779 sequestrasse
1868 738 1909 768 ab
1932 739 1978 769 eis
2001 748 2073 769 cum
2092 745 2243 779 poterat,
2269 738 2301 769 in
2327 749 2363 770 ea

1286 780 1460 811 litterarum
1493 782 1678 812 rudimenta
1711 782 1970 820 incumbentem,
1995 783 2112 824 quibus
2137 783 2359 814 instruebatur.

1286 825 1340 855 Ait
1363 826 1496 856 demum
1525 826 1790 856 Bartholomaeus
1814 827 1852 856 dc
1877 827 2006 867 Capua:
2032 828 2174 858 Fratrem
2197 828 2363 859 Thomam

1286 875 1479 901 crescentem
1505 870 1613 901 Casini
1637 872 1670 900 in
1696 871 1772 907 vita,
1798 872 1940 901 moribus
1963 877 1994 902 et
2011 874 2163 909 scientia,
2187 883 2222 903 ac
2243 874 2362 904 virtuo-

1285 923 1356 944 sum
1381 920 1412 944 et
1435 915 1652 955 exemplarem
1677 915 1868 952 hominibus,
1895 917 2025 946 missum
2046 916 2158 957 fuisse
2181 918 2361 957 Neapolim.

1354 958 1459 999 Digna
1482 966 1556 989 sunt
1579 958 1852 990 animadversione
1876 960 1928 990 illa
1952 962 2056 997 verba,
2077 971 2159 1001 quae
2183 961 2276 1002 prisci
2296 962 2363 992 lau-

1287 1003 1350 1033 dati
1370 1003 1538 1043 scriptores
1551 1003 1680 1039 habent,
1701 1005 1858 1034 nutritum
1880 1004 1911 1034 in
1935 1005 2068 1035 Abbatia
2089 1005 2253 1036 Casinensi
2273 1006 2362 1037 Tho-

1287 1057 1374 1077 mam
1408 1047 1505 1078 fuisse
1537 1048 1712 1078 secundum
1751 1058 1871 1078 morem
1907 1049 2058 1079 nobilium
2092 1050 2180 1080 illius
2207 1052 2365 1091 patriae:

1287 1091 1366 1121 alios
1389 1091 1508 1122 ibidem
1533 1092 1684 1122 exstitisse
1709 1093 1829 1123 nobiles
1848 1103 1980 1133 pueros,
2013 1094 2068 1134 qui
2091 1095 2310 1125 nutriebantur
2330 1095 2363 1125 in

1288 1136 1442 1171 moribus,
1463 1141 1499 1166 ut
1518 1137 1618 1167 moris
1640 1142 1712 1167 erat
1724 1138 1875 1177 patriae:
1898 1138 2044 1168 habuisse
2064 1138 2228 1169 Thomam
2248 1139 2365 1179 specia-

1286 1179 1350 1210 lem
1374 1180 1574 1220 magistrum‚
1594 1191 1684 1211 more
1712 1181 1865 1212 nobilium
1886 1183 2039 1223 regionis.
2062 1182 2188 1223 Cuique
2208 1183 2363 1223 praeiudi-

1286 1224 1341 1255 ciis
1365 1234 1467 1255 vacuo
1488 1225 1531 1255 nil
1551 1225 1628 1256 haec
1652 1225 1829 1265 significant
1853 1226 1950 1263 aliud,
1970 1227 2030 1256 nisi
2050 1237 2174 1257 morem
2199 1229 2284 1268 apud
2305 1228 2365 1259 Ca-

1286 1269 1400 1300 sinates
1424 1269 1604 1309 vigentem,
1629 1270 1846 1301 nobilissimos
1876 1281 1992 1311 pueros
2016 1271 2100 1302 illius
2124 1272 2242 1312 patriae
2266 1279 2296 1303 et
2319 1282 2365 1303 re-

1285 1313 1401 1354 gionis,
1418 1314 1528 1355 utique
1548 1315 1733 1352 saeculares,
1750 1315 1893 1346 moribus
1913 1323 1943 1346 et
1962 1316 2070 1346 litteris
2085 1316 2259 1347 imbuendi.
2277 1317 2364 1354 Quid

1287 1358 1372 1388 enirn
1397 1369 1480 1399 opus
1505 1366 1569 1389 erat
1593 1369 1713 1390 morem
1733 1361 1866 1400 patriae
1889 1367 1920 1391 et
1943 1370 2064 1391 morem
2089 1362 2233 1402 regionis
2263 1362 2363 1402 expri-

1286 1413 1391 1440 mere,
1416 1403 1440 1434 si
1465 1403 1505 1434 de
1529 1413 1619 1434 more
1643 1414 1760 1444 pueros
1783 1405 1908 1435 oblatos
1933 1405 2102 1445 recipiendi
2123 1415 2242 1446 eosque
2266 1406 2362 1436 infor-

1286 1448 1394 1478 mandi
1414 1448 1565 1479 institutis
1586 1449 1768 1480 monasticis
1788 1459 1893 1479 sermo
1914 1449 2034 1487 fuisset,
2050 1450 2106 1491 qui
2127 1450 2253 1481 caeteris
2269 1450 2364 1481 etiarn

1286 1492 1523 1524 monachorum
1553 1494 1716 1524 coenobiis
1739 1494 1799 1524 alia
1824 1493 1964 1535 qualibet
1982 1494 2014 1524 in
2035 1494 2163 1534 regione
2184 1495 2256 1525 satis
2277 1505 2363 1525 com-

1286 1537 1393 1568 munis
1413 1545 1494 1575 erat;
1514 1538 1609 1579 quive
1624 1538 1744 1575 Casini,
1760 1548 1826 1568 non
1847 1549 1905 1579 pro
1925 1549 2015 1569 more
2028 1540 2160 1579 patriae
2174 1545 2204 1570 et
2223 1540 2367 1580 regionis

1286 1583 1342 1614 sed
1365 1592 1402 1613 ex
1426 1589 1544 1613 statuto
1565 1583 1704 1623 Regulae
1729 1594 1752 1614 s.
1769 1583 1941 1621 Benedicti,
1962 1594 2030 1624 cap.
2048 1594 2113 1619 mx,
2134 1583 2296 1624 inscripto,
2316 1584 2367 1614 De

1275 1627 1362 1669 filiis
1381 1627 1534 1658 nobilium
1556 1628 1606 1658 vel
1619 1638 1803 1668 pauperum
1823 1629 1879 1669 qui
1902 1628 2099 1668 offeruntur,
2126 1636 2156 1659 et
2175 1639 2212 1659 ex
2236 1628 2366 1669 antiqua

1287 1671 1523 1702 monachorum
1547 1673 1778 1703 consuetudine
1802 1673 1835 1703 in
1859 1683 1919 1703 usu
1945 1671 2031 1704 erat?

1354 1716 1562 1747 Praetermitti
1587 1727 1652 1747 non
1677 1717 1791 1748 debent
1810 1717 1863 1748 illa
1882 1718 2059 1748 Ptolomaei
2085 1718 2236 1748 Lucensis
2256 1718 2365 1755 verba;

1286 1761 1423 1792 Habens
1444 1771 1571 1802 semper
1593 1771 1700 1792 secum
1724 1763 1894 1803 specialem
1927 1763 2138 1803 magistrum,
2165 1772 2254 1793 more
2278 1762 2365 1793 nobi-

1287 1806 1388 1836 lium:
1411 1816 1493 1847 quae
1513 1805 1552 1836 de
1571 1806 1735 1837 iuniorum
1760 1807 1994 1837 monachorum
2021 1807 2269 1848 oblatorumque
2288 1817 2365 1848 pue-

1288 1860 1399 1881 rorum
1422 1850 1574 1891 magistro
1608 1861 1704 1881 nemo
1739 1851 1910 1891 intelligat;
1940 1852 1994 1882 sed
2028 1852 2066 1882 de
2100 1852 2243 1893 quodam
2267 1852 2364 1883 veluti

1288 1905 1430 1926 camerae
1457 1895 1616 1935 praefecto
1637 1896 1701 1926 sive
1721 1897 1864 1932 custode,
1885 1896 2032 1927 Thomae
2053 1897 2233 1928 educationi
2248 1897 2365 1937 specia-

1287 1940 1356 1971 liter
1370 1940 1583 1980 praesidente,
1600 1950 1666 1971 non
1682 1951 1718 1971 ex
1740 1941 1900 1980 religionis
1916 1951 1951 1972 ac
1973 1941 2167 1972 monasticae
2183 1941 2366 1982 disciplinae

1288 1984 1498 2025 praescripto,
1519 1985 1574 2015 sed
1594 1995 1684 2016 more
1702 1986 1855 2016 nobilium
1871 1987 2035 2026 regionis‚·
2053 1996 2119 2026 quo
2139 1986 2172 2016 id
2191 1986 2366 2017 obtinuisse

1288 2029 1504 2069 intelligimus,
1521 2037 1557 2060 ut
1575 2030 1600 2060 si
1620 2030 1676 2071 qui
1696 2030 1786 2070 pueri
1806 2030 1928 2061 nobiles
1948 2031 2032 2061 illius
2047 2030 2164 2070 patriae
2180 2038 2210 2061 et
2230 2031 2367 2071 regionis

1288 2074 1491 2105 tradebantur
1510 2074 1711 2106 Casinatibus
1731 2075 1925 2106 informandi
1949 2075 2093 2106 moribus
2112 2082 2143 2106 et
2161 2075 2281 2114 litteris,
2297 2086 2365 2116 spe-

1288 2119 1400 2150 cialem
1424 2119 1456 2150 hi
1481 2119 1680 2159 magistrum,
1700 2120 1878 2158 custodem,
1904 2120 2099 2160 praefectum
2123 2120 2289 2158 haberent,
2309 2121 2365 2161 qui

1288 2174 1402 2195 eorum
1417 2164 1597 2195 educationi
1618 2164 1801 2204 invigilaret.
1829 2165 1946 2204 Legere
1966 2164 2097 2206 quidem
2117 2172 2164 2195 est
2182 2165 2267 2205 apud
2283 2166 2364 2195 Mar-

1288 2216 1359 2240 tene
1383 2209 1422 2239 de
1446 2209 1584 2250 antiquis
1609 2210 1844 2240 monachorum
1868 2209 2008 2246 Ridbus,
2028 2209 2109 2239 libro
2134 2209 2180 2246 V,
2201 2210 2303 2250 capite
2327 2219 2364 2248 v,

1288 2254 1394 2294 plures
1428 2254 1608 2284 educationi
1642 2264 1817 2294 puerorum
1850 2254 2033 2284 oblatorum
2067 2254 2235 2294 deputatos
2268 2254 2365 2285 fuisse

1288 2299 1476 2339 magistros;
1501 2298 1710 2339 principalem
1740 2309 1860 2335 unum,
1885 2298 2067 2339 sequiorem
2090 2298 2200 2329 locum
2224 2305 2365 2330 tenentes

1288 2343 1384 2374 alios:
1410 2343 1521 2384 quidni
1556 2353 1630 2383 ergo
1665 2353 1701 2373 ex
1725 2343 1773 2373 his
1797 2343 1874 2373 alter
1897 2341 2050 2385 (inquies)
2081 2343 2228 2374 Thomae
2253 2344 2365 2375 educa-

1288 2388 1368 2419 tioni
1393 2387 1567 2428 specialiter
1591 2387 1761 2427 deputatus
1784 2385 1898 2418 fuerit?
1923 2388 2100 2418 Attentiore
2119 2395 2226 2419 mente
2250 2399 2364 2429 expen-

1288 2433 1326 2463 de
1350 2433 1444 2462 verba
1468 2442 1486 2462 a
1509 2432 1666 2463 Martenio
1689 2432 1824 2470 ibidem,
1849 2442 1938 2463 num.
1963 2433 1978 2462 5
2005 2432 2114 2470 relata,
2139 2439 2258 2474 tuaque
2282 2433 2361 2464 diffi-

1287 2477 1387 2508 cultas
1411 2484 1584 2507 evanescet.
1610 2477 1754 2517 Nempe;
1778 2477 1877 2508 Pueri
1899 2482 2026 2515 autem,
2055 2479 2112 2519 qui
2133 2484 2210 2509 sunt
2234 2480 2266 2509 in
2287 2488 2361 2509 con-

1288 2527 1384 2552 ventu
1409 2527 1539 2559 nostro,
1565 2532 1629 2552 non
1655 2522 1742 2552 ultra
1765 2523 1932 2552 senarium
1950 2522 2174 2563 protendunt:
2197 2529 2227 2554 et
2250 2533 2361 2554 eorum

1288 2567 1439 2607 magistri
1461 2567 1491 2597 si
1514 2576 1578 2597 non
1597 2567 1734 2606 plures,⁴
1749 2572 1856 2597 tamen
1885 2577 2060 2607 numquam
2084 2574 2161 2598 sunt
2177 2570 2362 2608 pauciores.

1287 2611 1366 2642 Ideo
1390 2620 1466 2642 vero
1490 2616 1535 2641 tot
1557 2611 1675 2642 habent
1694 2612 1880 2652 magistros,
1901 2617 1960 2642 aut
1985 2621 2022 2642 eo
2040 2613 2191 2653 amplius,
2212 2614 2362 2654 quoniam

1288 2666 1351 2687 non
1383 2656 1457 2687 licet
1488 2656 1590 2686 alium
1625 2666 1776 2696 umquam
1808 2657 1931 2686 assumi
1957 2666 2021 2697 pro
2045 2658 2204 2698 magistro
2228 2663 2366 2698 praeter

1287 2711 1341 2732 eos
1363 2702 1420 2742 qui
1442 2700 1587 2741 deputati
1609 2706 1696 2731 sunt.
1723 2700 1887 2732 Cellarius
1909 2706 2036 2738 tamen,
2060 2704 2283 2742 granetarius,
2309 2703 2363 2733 ho-

1286 2746 1459 2786 spitarius,
1485 2745 1782 2786 eleemosynarius,
1808 2747 2029 2783 camerarius,
2054 2747 2083 2776 si
2114 2747 2253 2777 viderint
2279 2747 2365 2787 quod

1286 2800 1367 2831 opus
1388 2791 1450 2828 sit,
1479 2795 1619 2830 possunt
1642 2799 1710 2821 esse
1741 2791 1892 2831 magistri
1920 2791 1990 2821 sine
2021 2791 2149 2821 licentia
2178 2797 2209 2821 et
2239 2792 2365 2822 intrare

1286 2835 1413 2866 scholas
1436 2844 1558 2865 eorum.
1584 2835 1660 2872 Quo
1684 2834 1717 2865 in
1741 2835 1814 2866 loco
1834 2834 1945 2865 viderit
1963 2845 2060 2865 nerno
2083 2836 2251 2876 specialem
2271 2836 2362 2866 illurn

1287 2881 1502 2921 magistrum,
1535 2889 1633 2920 quem
1655 2889 1763 2910 secum
1795 2889 1922 2920 semper
1954 2879 2107 2920 puerulus
2138 2880 2282 2910 Thomas
2305 2881 2368 2911 ha-'

1287 2925 1398 2962 bebat;
1420 2924 1592 2965 ipsumque
1617 2925 1728 2955 datum
1752 2924 1856 2954 eidem
1884 2924 1916 2954 in
1946 2924 2142 2961 custodiam,
2167 2934 2232 2955 non
2258 2935 2295 2955 ex
2318 2925 2362 2955 le-

1287 2979 1366 3010 gum
1389 2975 1519 3007 statuto,
1545 2969 1599 2999 sed
1623 2979 1713 2999 more
1737 2969 1888 2999 nobilium
1913 2970 2067 3010 regionis.

1356 3014 1443 3051 Quid
1467 3021 1514 3044 est
1537 3013 1633 3044 etiam
1656 3013 1735 3044 illud
1759 3013 1922 3044 Guillelmi
1953 3013 1992 3043 de
2016 3014 2126 3044 Tocco
2156 3021 2186 3044 et
2215 3025 2239 3044 s.
2262 3016 2364 3044 Anto·

1288 3059 1373 3089 nini:
1397 3059 1425 3088 A
1451 3058 1603 3089 nobilium
1622 3068 1802 3098 puerorum
1823 3059 1998 3095 consortio,
2024 3059 2080 3098 qui
2103 3058 2217 3088 ibidem
2242 3059 2365 3090 nutrie-

1288 3104 1408 3134 bantur
1427 3104 1459 3133 in
1484 3103 1644 3140 moribus,
1665 3113 1700 3133 se
1709 3102 1920 3143 frequentius
1938 3102 2153 3133 absentabat?
2176 3103 2256 3134 Satis
2275 3103 2366 3134 intel—

1287 3148 1432 3188 ligimus,
1458 3147 1496 3178 de
1520 3147 1683 3178 consortio
1707 3147 1912 3187 impuberum
1936 3147 2136 3186 oblatorum,
2161 3157 2244 3188 quos
2273 3158 2366 3179 num-

1288 3203 1388 3233 quam
1411 3192 1559 3231 fugisset,
1588 3192 1721 3222 minime
1754 3191 1850 3222 fuisse
1873 3191 2056 3222 Thomam:
2090 3192 2145 3222 sed
2169 3199 2204 3222 ut
2227 3192 2364 3223 familiae

1287 3237 1466 3268 illustrioris
1489 3246 1647 3277 puerum,
1677 3236 1814 3267 aliorum
1837 3236 2035 3266 consortium
2058 3246 2118 3276 pro
2142 3236 2283 3267 libertate
2307 3237 2365 3267 fre-

1288 3282 1438 3323 quentius
1453 3281 1594 3319 evitasse,
1607 3288 1642 3311 ut
1651 3281 1848 3311 orationibus
1862 3281 2102 3322 litterarumque
2116 3281 2222 3311 studio
2237 3281 2364 3311 liberius

1288 3333 1420 3357 vacaret.
1442 3326 1491 3356 Eo
1505 3325 1556 3356 vel
1570 3325 1707 3356 maxime
1724 3325 1866 3366 quidem,
1881 3326 1971 3366 quod
1990 3335 2166 3365 puerorum
2181 3325 2363 3355 oblatorum

1288 3371 1499 3411 disciplinam,
1515 3380 1614 3410 quam
1632 3370 1706 3400 loco
1726 3370 1820 3400 citato
1841 3369 1987 3400 describit
2002 3369 2185 3407 Martenius,
2201 3369 2365 3408 diligenter

1288 3414 1467 3446 observanti
1491 3414 1638 3453 colligere
1656 3414 1758 3452 liceat,
1783 3423 1899 3454 pueros
1923 3414 2048 3444 oblatos
2072 3413 2167 3443 simul
2191 3413 2314 3453 pietatis
2334 3420 2375 3444 et·

1288 3458 1448 3499 religionis
1468 3457 1572 3488 officia
1591 3467 1731 3488 exercere
1755 3457 1911 3495 debuisse,
1936 3457 2031 3488 simul
2050 3458 2159 3488 litteris
2179 3464 2210 3487 et
2228 3457 2364 3488 scientiis

1288 3512 1424 3540 vacasse,
1445 3501 1563 3532 simul
1555 3502 1647 3532 ivisse
1662 3511 1869 3542 quocumque
1883 3501 1928 3531 ire
1942 3511 2026 3541 opus
2041 3508 2116 3540 erat,
2135 3511 2171 3532 ac
2192 3502 2365 3553 nequidem

1289 3548 1329 3578 ad
1347 3554 1478 3578 naturae
1496 3546 1669 3576 necessaria
1688 3545 1793 3576 officia
1811 3546 1878 3576 sine
1902 3546 1990 3576 socio
2007 3553 2038 3577 et
2053 3546 2203 3586 magistro
2222 3546 2267 3576 ire
2288 3546 2365 3587 ipsis

1289 3601 1446 3633 umquam
1468 3590 1660 3631 permissum
1684 3599 1761 3621 esse.
1786 3591 1878 3628 Quae
1902 3590 2014 3621 deinde
2043 3590 2188 3622 educatio
2218 3591 2366 3622 Thomae

1289 3637 1322 3667 in
1337 3635 1502 3667 Casinensi
1517 3634 1686 3666 Coenobio
1701 3635 1745 3665 ita
1758 3645 1776 3664 a
1790 3634 1915 3665 coaevis
1936 3634 1997 3666 illis
2010 3635 2146 3666 laudatis
2160 3635 2366 3675 scriptoribus

1290 3687 1464 3718 enarratur,
1481 3686 1516 3710 ut
1530 3679 1637 3720 ipsum
1656 3679 1787 3720 quidem
1806 3679 1980 3709 christianis
2000 3680 2142 3711 moribus
2157 3679 2367 3711 informatum
