2788 4204
62 2623 73 2634 '
83 2622 155 2646 Nun.
169 2629 190 2651 ⁵·

61 2724 176 2748 codd
166 2731 278 2748 mex

62 2751 190 2807 Ἦ...

62 2830 191 2858 'Nun-4.

1103 270 1214 306 CAP.
1244 270 1351 316 XIII,
1381 269 1533 306 LECT.
1563 269 1688 305 XXIV

2415 272 2489 307 233

845 528 1148 585 LECTIO
1187 530 1883 608 VIGESIMAQUART
1885 532 1945 586 A

608 671 693 711 DE
725 670 1299 712 DEMONSTRATIONE
1334 671 1494 723 QUJA
1522 672 1639 712 PER
1671 672 1800 713 NON
1833 673 2184 714 IMMEDIATA

292 811 369 842 Ἔτι
395 807 444 853 ἐφ
472 806 514 840 ὦν
540 807 583 841 τὸ
608 807 708 861 μέσον
728 807 797 863 ἔξω
806 804 954 840 τίθεται.
981 809 1048 839 Καὶ
1069 808 1133 868 γαρ
1162 805 1193 840 ἐν
1225 807 1364 845 τούτοις

367 866 430 887 του
464 853 518 886 ὅτι
542 855 600 886 καὶ
628 851 665 885 οὗ
691 853 754 885 τοῦ
778 848 868 885 ὸιότι
893 854 914 889 η’
943 848 1129 895 ἀπόὸειξις·
1161 851 1198 885 06
1224 853 1288 899 γοὶρ
1312 853 1368 885 λε’-

366 910 469 952 γεται
493 898 535 931 τὸ
562 900 685 930 αἴτιον.

299 945 375 977 Οῐον
401 938 461 975 δια
484 946 518 975 τί
538 941 597 975 οὐκ.
621 940 784 976 ἀναπνέει
803 943 820 974 6
837 945 972 986 τοῖχος·
965 966 973 982 ,
1001 941 1054 974 ὃτι
1074 941 1111 975 06
1129 942 1226 985 ζῷον.
1247 942 1286 973 Εἰ
1297 941 1366 999 γοίρ

366 999 474 1020 τουτο
500 989 563 1020 τοῦ
587 988 634 1041 μή
662 985 844 1020 ἀναπνέειν
871 989 995 1027 αἴτιον,
1015 983 1082 1019 ἔδει
1107 988 1149 1019 τὸ
1175 988 1258 1029 ζῷον
1281 986 1368 1020 εἶναι

368 1034 479 1065 αἴτιον
506 1033 569 1065 τοῦ
595 1031 773 1072 ἀναπνεῖν,
803 1031 871 1062 οἷον
896 1032 924 1062 εἱ
943 1032 963 1068 ἡ
985 1029 1153 1076 ἀπόφασις
1181 1032 1279 1064 αἰτία
1304 1032 1368 1065 τοῦ

366 1077 414 1131 μή
441 1075 617 1130 ὐπὀίρχειν,
644 1077 665 1113 ἢ
689 1074 886 1130 κατάφασις
913 1076 976 1108 τοῦ
1002 1077 1180 1120 ὑποίρχειν,
1205 1087 1315 1120 ωσπερ
1341 1076 1368 1107 εἱ

368 1121 409 1152 τὸ
436 1118 639 1175 ἀσύμμετρα
672 1117 758 1151 εἶναι
790 1119 838 1151 τοὶ
843 1118 967 1174 θερμοὶ
989 1122 1049 1152 καὶ
1082 1119 1194 1164 ψυχρα
1225 1122 1288 1152 τοῦ
1321 1133 1367 1165 μη

368 1167 586 1222 ύῃγιαίνειν,
561 1165 603 1197 τὸ
628 1163 808 1218 σύμμετρα
827 1160 913 1196 εἶναι
939 1164 1001 1196 τοῦ
1027 1165 1215 1219 ύγιαίνειν.
1227 1165 1366 1219 Ὁμοίως

365 1207 406 1242 δε
427 1210 488 1240 καὶ
512 1220 540 1240 ει
566 1210 587 1246 ἡ
595 1219 806 1263 καταφασις
841 1209 904 1240 τοῦ
918 1207 1127 1262 θ,ν’ὂποίρχειν,
1147 1209 1168 1244 ’ἡ
1197 1205 1367 1263 ἀπόφασις

368 1255 432 1288 τοῦ
457 1252 504 1298 μὴ
531 1252 663 1298 υποίρχε
650 1265 708 1285 ε.ιν
732 1250 811 1284 Ἐπὶ
834 1247 872 1284 δὲ
889 1265 955 1284 των
982 1264 1091 1290 ουτως
1111 1247 1217 1284 αποὸε
1205 1248 1369 1296 εὸομένων

369 1298 406 1332 06
431 1296 608 1342 συμβαίνει
633 1298 675 1330 τὸ
698 1295 831 1341 λεχθέν·
854 1297 890 1328 οὐ
907 1309 972 1343 γαρ
992 1295 1084 1329 ἅπαν
1105 1295 1253 1329 ἀναπνεῖ
1267 1298 1366 1340 ζῷον.

298 1347 334 1378 '0
357 1339 396 1377 δὲ
401 1342 643 1400 συλλογισμὸς
668 1343 804 1388 γίνεται
829 1341 892 1379 τῆς
918 1340 1084 1379 τοιαύτης
1111 1342 1225 1380 αἰτίας
1257 1342 1289 1374 ἑν
1321 1343 1369 1384 τῷ

299 1403 306 1405 <
367 1387 456 1444 μέσῳ
481 1386 652 1443 σχήματι.
684 1387 760 1418 Οῐον
787 1385 875 1417 ἔστω
900 1386 942 1418 τὸ
966 1386 992 1416 A
1015 1386 1114 1429 ζῷον,
1142 1387 1189 1443 eff
1220 1387 1257 1419 οὗ
1282 1387 1325 1419 vo*
1345 1374 1370 1418 Β

369 1434 409 1467 τὸ
437 1433 613 1474 ἀναπνεῖν,
640 1431 686 1474 ἐφ’
717 1430 741 1472 ᾦ
765 1430 787 1460 Γ
802 1434 943 1485 τοῖχος.
970 1431 1024 1471 Τῷ
1029 1431 1101 1485 μὲν
1129 1429 1184 1463 οὖν
1209 1433 1234 1462 Β
1261 1434 1369 1465 παντὶ

367 1477 512 1520 ὑπάρχει
525 1477 580 1532 “vd
603 1477 629 1508 A
670 1475 737 1508 πᾶν
750 1475 827 1530 γοὶρ
847 1476 887 1507 τὸ
907 1474 1075 1508 ἀναπνέον
1092 1475 1207 1519 ζῷον),
1227 1477 1275 1518 τῷ
1292 1471 1330 1509 δὲ
1347 1478 1368 1507 Γ

367 1521 493 1561 οὐθενί,
512 1520 603 1553 ὥστε
621 1521 659 1553 οὐ
685 1520 700 1552 ἑ
718 1519 758 1552 τὸ
771 1522 796 1551 Β
814 1521 862 1561 τῷ
880 1521 901 1551 Γ
920 1519 1039 1552 οὐθενί·
1061 1520 1121 1553 οὐκ
1138 1520 1204 1565 ἄρα
1224 1521 1371 1553 ἀναπνεῖ

302 1075 329 1100 Χ

369 1569 386 1600 ὀ
411 1570 468 1600 τοι·
494 1576 539 1604 ος.

294 1614 448 1646 'totamm
467 1577 501 1645 ξ’
524 1612 559 1642 αἱ
584 1609 751 1642 τοιαῦται
769 1609 836 1641 τῶν
856 1608 974 1641 αἰτιῶν
992 1612 1063 1646 τοῖς
1081 1607 1156 1641 καθ’
1179 1610 1369 1665 ὀπερβολην

367 1657 564 1712 εἰρημένοις·
591 1654 698 1686 τοῦτο
723 1648 752 1685 δ’
774 1654 847 1686 ἔστι
865 1653 906 1685 τι)
925 1652 1027 1685 πλέον
1053 1653 1310 1690 ἀποστησαντα
1327 1654 1368 1687 τὰ

395 1713 469 1734 εσον
494 1701 614 1740 εἰπεῖν,
637 1699 705 1730 οἷον
731 1699 772 1731 τό
797 1699 860 1731 τοῦ
886 1697 1125 1754 Ἂναχάρσιος,
1153 1710 1207 1731 οτι
1230 1699 1263 1731 ἑν
1289 1698 1373 1731 Σκύ-

368 1713 442 1784 geue
468 1746 529 1779 οὐκ
553 1744 634 1776 εἰσὶν
661 1743 826 1783 αὐληταί,
854 1737 933 1775 οὐδὲ
956 1754 1021 1789 γαρ
1049 1743 1207 1787 ἄμπελοι.

301 1790 407 1824 Κατοὶ
429 1791 487 1836 μὲν
513 1785 558 1826 δη
582 1788 647 1825 τήν
673 1787 784 1824 αὐτὴν
811 1787 1003 1832 επιστῆμην
1027 1789 1085 1819 καὶ
1107 1788 1203 1820 κατα
1220 1799 1284 1824 την
1302 1789 1371 1820 τῶν

369 1835 479 1880 μέσων
503 1833 592 1867 θέσιν
626 1832 734 1865 αὗται
758 1827 918 1887 διαφοραί
943 1833 1006 1864 εἰσι
1030 1833 1093 1864 τοῦ
1120 1831 1173 1864 ὅτι
1199 1832 1280 1876 πρὸς
1309 1832 1369 1866 τὸν

371 1881 433 1912 τοῦ
456 1875 549 1912 διότι
572 1876 810 1924 συλλογισμόν.

369 1977 519 2005 Smopsts.

303 2017 384 2046 dium
412 2021 500 2044 extra
525 2015 598 2053 poni
627 2014 658 2043 in
687 2014 856 2051 syllogismo
884 2013 988 2042 dicitur
1019 2015 1139 2051 quando
1171 2013 1300 2042 medium
1329 2020 1372 2042 est

303 2056 450 2086 diversum
470 2065 488 2084 a
509 2055 612 2084 maiori
633 2054 774 2090 termino,
796 2054 841 2082 vel
863 2055 982 2091 quando
1003 2061 1046 2082 est
1066 2060 1145 2082 extra
1166 2063 1272 2091 genus,
1288 2054 1372 2091 quasi

304 2095 503 2131 communius,
526 2101 554 2124 et
573 2104 635 2123 non
657 2094 833 2123 convertitur
854 2103 920 2122 cum
948 2094 1051 2122 maiori
1079 2093 1213 2122 termino.
1242 2095 1296 2122 Per
1316 2095 1372 2122 tale

304 2136 434 2166 medium
462 2145 524 2164 non
550 2141 646 2172 potest
672 2134 771 2163 haberi
800 2134 1009 2162 demonstratio
1036 2139 1162 2172 propter
1189 2134 1275 2171 quid,
1305 2134 1373 2171 quia

544 1992 578 1996 —
605 1984 628 2003 1.
656 1975 869 2012 Argumentum
898 1980 926 2002 et
953 1973 1056 2002 divisio
1084 1980 1186 2002 textus.
1209 1991 1227 1996 -
1250 1981 1276 2002 2.
1306 1974 1370 2002 Me-

526 2245 750 2286 „ostquam
765 2236 1023 2273 manifestavit
1032 2236 1289 2285 Philosophus
1302 2248 1373 2285 per

544 2304 554 2321 ⁴
571 2291 759 2339 exempla,
789 2290 948 2339 qualiter
972 2290 1254 2327 demonstratur
1282 2290 1370 2339 quia

459 2345 555 2436 ⁴³⁴3
570 2357 640 2394 per
659 2343 857 2390 effeetum3
872 2343 934 2380 hic
949 2343 1115 2381 ostendit
1128 2343 1287 2393 qualiter
1307 2344 1371 2381 de-

371 2409 397 2425 >⁷
423 2384 537 2437 ‘We
519 2411 540 2425 f‘
571 2404 803 2435 monstratur
828 2397 917 2445 quia
939 2409 1009 2446 per
1033 2410 1112 2434 non
1137 2397 1370 2435 immediata.

305 2452 355 2488 Et
383 2450 481 2487 circa
504 2451 580 2488 hoc
599 2451 677 2489 duo
697 2450 800 2488 facit:
820 2450 960 2499 primo,
990 2451 1204 2488 manifestat
1230 2463 1372 2500 propo-

305 2504 436 2550 situm;
467 2504 656 2552 secundo,
691 2503 856 2541 ostendit
888 2504 1047 2553 qualiter
1081 2504 1118 2542 in
1151 2505 1373 2542 huiusmodi

305 2557 694 2595 demonstrationibus
722 2557 852 2595 media
879 2570 920 2594 se
948 2558 1115 2595 habeant
1142 2558 1191 2595 ad
1220 2560 1372 2596 conclu-

304 2610 450 2656 siones;
479 2610 550 2648 ibi:
586 2613 868 2660 Comparantur
886 2617 1010 2648 autem
1030 2612 1283 2649 huiusmodi*
1302 2620 1371 2650 etc.

305 2663 416 2701 Circa
443 2665 614 2714 primum
641 2665 711 2702 tria
739 2665 842 2702 facit:
871 2664 1010 2714 primo,
1044 2665 1226 2714 proponit
1253 2665 1372 2702 inten-

303 2725 404 2765 tum;
432 2718 622 2766 secundo,
652 2718 867 2756 manifestat
893 2730 964 2767 per
991 2719 1210 2768 exemplum
1231 2719 1269 2763 *;
1300 2719 1372 2756 ibi:

309 2772 360 2809 Ut
385 2783 504 2820 quare
531 2784 606 2809 non
640 2772 801 2821 respirat
823 2772 844 2794 '¹⁸
874 2779 962 2819 ete.;
991 2772 1120 2820 tertio,
1156 2772 1307 2810 ordinat
1334 2772 1372 2809 in

303 2824 428 2862 forma
455 2825 699 2874 syllogistica;
728 2825 801 2863 ibi.
830 2825 1083 2875 Syllogismus
1105 2827 1271 2863 autem*
1301 2834 1370 2863 etc.

303 2877 404 2914 Dicit
435 2890 525 2926 ergo
558 2878 684 2928 primo
718 2879 824 2928 quod
859 2891 938 2915 non
966 2879 1092 2916 solum
1121 2879 1159 2916 in
1188 2879 1246 2916 his
1274 2892 1372 2928 quae

358 3041 387 3074 α)
408 3042 523 3072 Quando
541 3046 581 3068 est
598 3046 682 3068 extra
694 3050 779 3076 genus
793 3043 870 3076 quasi
884 3044 1058 3069 communius.
1067 3044 1190 3069 -Veram
1204 3044 1270 3070 hanc
1283 3045 1372 3070 lectio-

305 3084 365 3102 nem
384 3077 493 3102 restituo
506 3085 535 3102 ex
548 3078 632 3108 codd.
647 3084 754 3110 excepto
773 3079 804 3108 R,
819 3079 864 3111 qui
878 3080 952 3112 legit:
977 3079 1022 3104 Vel
1036 3080 1151 3105 medium
1166 3080 1266 3105 dicitur
1279 3084 1370 3110 extra,

305 3112 412 3144 quando
427 3119 479 3137 non
493 3113 658 3138 conuertitur
671 3121 731 3139 cum
746 3114 844 3139 maiori
857 3115 980 3139 termino.
995 3115 1073 3145 Quod
1086 3118 1176 3140 autem
1193 3120 1270 3140 etc.-
1279 3116 1371 3140 Piana.

305 3147 413 3180 quando
422 3147 538 3172 medium
549 3151 588 3173 est
598 3148 675 3180 quasi
687 3149 861 3174 communius.
866 3150 990 3175 —Deinde
1000 3151 1101 3175 codices
1111 3158 1213 3180 omnes,
1224 3156 1329 3183 excepto
1340 3151 1371 3180 R,

305 3183 427 3207 omittunt
439 3182 520 3207 verba
533 3182 680 3208 immediate
692 3185 835 3216 sequentia,
848 3188 875 3210 et
889 3192 940 3210 non
955 3186 1121 3211 convertitur
1132 3193 1191 3210 cum
1207 3186 1305 3211 maiori
1319 3189 1371 3211 ter-

306 3218 386 3247 mino.
395 3218 573 3242 -Dominicus
593 3226 607 3243 a
625 3219 764 3244 Flandria
758 3227 784 3243 m
803 3220 812 3244 1
831 3220 943 3250 Poster„
959 3220 1010 3251 Qu.
1023 3229 1088 3252 nux,
1103 3222 1172 3246 artic.
1187 3229 1211 3251 1,
1230 3221 1307 3246 habet
1321 3222 1372 3253 pri-

306 3261 376 3278 mam
394 3252 471 3277 huius
490 3253 606 3278 lectionis
626 3259 734 3286 partem,
754 3262 834 3287 quam
852 3256 1031 3287 adoptavimus
1050 3264 1080 3280 ex
1099 3257 1183 3286 codd„
1203 3257 1250 3280 sed
1269 3261 1294 3280 et
1310 3257 1372 3280 alte-

305 3296 360 3313 ram
380 3289 458 3313 etiam
476 3288 579 3313 adducit
597 3294 705 3321 partem,
720 3297 800 3322 quam
814 3291 918 3322 praefati
938 3291 1040 3316 codices
1058 3292 1215 3316 omittunt—
1224 3291 1372 3315 Notandum

305 3324 376 3356 quod
395 3324 420 3348 in
439 3324 658 3356 propositionibus
677 3323 835 3350 affirmativis
854 3326 999 3351 subiectum
1016 3327 1106 3351 dicitur
1120 3333 1175 3351 esse
1189 3326 1372 3358 praedicatum,

305 3366 399 3391 nempe
418 3357 559 3384 affirmatur
578 3359 696 3385 identitas
715 3361 781 3385 inter
794 3361 940 3386 subiectum
959 3366 985 3386 et
999 3362 1186 3394 praedicatum
1206 3369 1268 3393 ergo
1287 3369 1317 3386 ex
1332 3369 1372 3386 ra-

304 3395 375 3419 tione
393 3395 512 3426 opposita
530 3394 556 3419 in
575 3395 794 3427 propositionibus
820 3397 944 3428 negativis
969 3397 1060 3421 dicitur
1079 3396 1223 3420 subiectum
1247 3403 1298 3421 non
1318 3403 1373 3421 esse

305 3430 489 3463 praedicatum,
508 3437 555 3454 seu
575 3430 666 3455 dicitur
680 3431 826 3455 subiectum
841 3438 900 3456 esse
914 3432 1045 3456 diversum
1061 3432 1264 3463 apraedicatOn-
1245 3431 1373 3456 —Deinde

305 3466 407 3498 quoties
427 3466 492 3490 inter
515 3465 661 3490 subiectum
685 3470 711 3490 et
734 3466 908 3498 praedicatum
927 3467 951 3491 in
975 3466 1192 3499 propositionibus
1216 3465 1373 3508 affimaqvis

305 3501 466 3533 praedicatur
476 3501 602 3532 identitas,
612 3501 654 3526 vel
669 3506 709 3526 est
722 3502 840 3526 identitas
854 3502 977 3534 simplicis
992 3501 1176 3532 affirmationis,
1185 3502 1227 3526 vel
1242 3507 1282 3526 est
1296 3502 1373 3526 etiam

304 3536 423 3561 identitas
442 3536 634 3568 adaequationis
648 3541 674 3561 et
688 3537 913 3561 convertibilitatis.
928 3538 954 3562 Si
967 3538 1088 3569 primum,
1108 3535 1248 3561 affirmatur
1267 3537 1372 3569 quidem

305 3572 338 3597 de
356 3572 473 3596 subiecto
492 3572 675 3603 praedicatum,
690 3573 737 3597 sed
752 3577 839 3597 tamen
852 3573 1027 3613 praedicatum
1045 3575 1128 3597 extra
1141 3572 1267 3598 ambitum
1285 3577 1373 3597 exten-

305 3607 384 3632 sionis
399 3615 446 3632 seu
461 3607 661 3632 universalitatis
675 3607 783 3632 subiecti
798 3607 949 3640 porrigitur;
969 3608 990 3633 si
1004 3615 1067 3632 vero
1081 3608 1159 3633 altera
1174 3608 1292 3633 identitas
1306 3607 1373 3633 affir-

446 3659 515 3691 Opp.
536 3659 566 3683 D.
587 3658 700 3683 ΤιιοιιΑις
720 3659 751 3684 Τ.
767 3659 784 3684 1.

1423 811 1440 830 *
1455 811 1604 851 Amplius
1627 811 1660 842 in
1684 811 1800 852 quibus
1815 812 1959 842 medium
1975 819 2058 843 extra
2080 813 2218 854 ponitur.
2240 815 2281 845 Et
2295 814 2328 845 in
2345 814 2393 845 his
2409 815 2494 846 enim

1490 855 1589 896 ipsius
1612 855 1706 896 quia,
1732 865 1799 886 non
1822 863 1951 896 propter
1979 857 2057 897 quid
2081 858 2308 890 demonstratio
2339 866 2402 890 est:
2428 870 2494 891 non

1491 900 1577 930 enim
1600 900 1714 933 dicitur
1737 910 1840 931 causa.

1423 946 1467 976 Ut
1489 954 1587 985 quare
1605 955 1672 976 non
1688 945 1819 985 respirat
1833 943 1956 985 paries?
1978 946 2053 986 quia
2069 957 2134 977 non
2151 954 2197 978 est
2215 947 2341 979 animal.
2360 948 2392 979 Si
2409 949 2494 980 enim

1490 988 1552 1019 hoc
1576 999 1670 1020 causa
1693 996 1739 1020 est
1761 999 1827 1020 non
1851 989 2041 1029 respirandi,
2065 998 2191 1031 oportet
2221 992 2338 1022 animal
2366 1003 2494 1024 causam

1491 1043 1557 1063 esse
1580 1034 1770 1074 respirandi;
1795 1040 1830 1064 ut
1846 1033 1872 1063 si
1889 1034 2014 1073 negatio
2038 1045 2131 1071 causa
2155 1043 2200 1066 est
2216 1036 2315 1076 ipsius
2334 1047 2399 1068 non
2416 1048 2494 1077 esse,

1491 1077 1658 1109 affirmatio
1682 1086 1728 1109 est
1751 1085 1834 1116 esse;
1858 1078 1938 1109 sicut
1955 1079 1986 1112 ,si
2011 1079 2077 1110 sine
2100 1090 2248 1110 mensura
2267 1091 2333 1112 esse
2349 1082 2448 1112 calida
2463 1090 2495 1114 et

1491 1121 1602 1161 frigida
1618 1132 1683 1153 non
1708 1122 1838 1153 sanandi
1855 1133 1949 1153 causa
1973 1130 2028 1161 est,
2046 1131 2076 1154 et
2096 1134 2170 1154 cum
2193 1135 2341 1156 mensura
2365 1136 2430 1157 esse
2447 1138 2494 1158 sa-

1492 1166 1587 1196 nandi
1602 1176 1696 1197 causa
1712 1174 1767 1197 est.
1785 1166 1934 1197 Similiter
1950 1174 2057 1198 autem
2081 1175 2137 1207 est,
2155 1169 2180 1198 si
2204 1169 2371 1200 affirmatio
2394 1171 2493 1211 ipsius

1493 1220 1570 1248 esse,
1587 1218 1618 1241 et
1641 1210 1765 1251 negatio
1789 1221 1855 1241 non
1879 1221 1956 1242 esse.
1973 1211 2007 1241 in
2032 1212 2079 1242 his
2103 1219 2210 1243 autem
2234 1213 2276 1244 sic
2300 1215 2494 1246 demonstra-

1492 1254 1530 1285 tis
1562 1264 1628 1284 non
1653 1255 1806 1295 contingit
1837 1256 1925 1295 quod
1957 1256 2077 1286 dictum
2108 1264 2168 1287 est:
2196 1267 2261 1287 non
2286 1259 2370 1288 enim
2399 1270 2494 1291 omne

1492 1299 1623 1339 respirat
1646 1299 1772 1330 animal.

1426 1343 1636 1385 Syllogisrnus
1660 1350 1767 1374 autem
1791 1342 1826 1373 fit
1849 1343 2035 1374 huiusmodi
2059 1355 2170 1375 causae
2197 1346 2230 1375 in
2254 1346 2358 1376 media
2384 1347 2493 1388 figura.

1492 1388 1536 1419 Ut
1559 1387 1598 1418 sit
1621 1390 1650 1418 A
1674 1387 1801 1424 animal,
1817 1388 1849 1417 in
1874 1398 1940 1428 quo
1964 1389 1990 1419 B
2015 1389 2175 1430 respirare,
2192 1389 2224 1419 in
2241 1401 2307 1431 quo
2332 1391 2358 1421 C
2383 1393 2493 1432 paries.

1493 1433 1528 1463 In
1552 1432 1578 1463 B
1601 1431 1732 1482 quidem
1755 1431 1851 1472 igitur
1874 1432 1964 1462 omni
1987 1440 2033 1464 est
2055 1436 2084 1464 A
2105 1432 2216 1476 (omne
2240 1435 2324 1465 enim
2342 1437 2495 1476 respirans

1492 1476 1610 1507 animal
1634 1474 1729 1518 est),'
1722 1486 1754 1506 ιιι
1779 1476 1806 1507 C
1823 1483 1930 1506 autem
1946 1477 2053 1516 nullo;
2073 1488 2170 1519 quare
2186 1479 2235 1509 B·
2227 1489 2260 1509 ιιι
2278 1479 2304 1510 C
2321 1481 2411 1511 nullo
2432 1489 2494 1513 est:

1493 1531 1559 1552 non
1581 1520 1676 1561 igitur
1699 1520 1829 1561 respirat
1851 1521 1963 1561 paries.

1425 1610 1661 1650 Comparantur
1684 1609 1869 1640 huiusmodi
1886 1619 1997 1640 causae
2016 1611 2192 1642 secundum
2212 1612 2426 1644 excellentiam
2450 1615 2496 1645 di-

1493 1655 1565 1685 ctis:
1586 1654 1648 1685 hoc
1671 1661 1780 1685 autem
1804 1660 1849 1684 est
1872 1654 2049 1694 plurimum
2072 1655 2189 1686 distans
2213 1656 2356 1687 medium
2383 1658 2495 1697 dicere,

1493 1699 1574 1730 sicut
1597 1706 1643 1730 est
1665 1698 1745 1729 illud
1768 1698 1857 1739 quod
1879 1698 2066 1730 Anacharsis
2090 1700 2123 1730 in
2147 1701 2285 1742 Scythis,
2317 1703 2405 1742 quod
2430 1714 2495 1734 non

1493 1751 1567 1775 sunt
1590 1743 1775 1780 sibilatores,
1792 1753 1896 1783 neque
1920 1743 2005 1774 enim
2028 1744 2116 1775 vites.

1426 1788 1610 1820 Secundum
1633 1787 1764 1829 quidem
1787 1787 1881 1828 igitur
1904 1788 2049 1818 eamdem
2073 1788 2245 1828 scientiam,
2266 1797 2296 1821 et
2319 1792 2496 1822 secundum

1493 1833 1681 1864 eorumdem
1696 1832 1899 1872 positionem,
1916 1832 1975 1863 hae
1992 1833 2180 1864 differentiae
2203 1841 2278 1865 sunt
2297 1835 2396 1875 ipsius
2421 1836 2496 1876 quia

1493 1878 1533 1908 ad
1556 1887 1632 1908 eum
1655 1876 1711 1918 qui
1735 1883 1780 1908 est
1803 1884 1932 1917 propter
1954 1877 2031 1917 quid
2055 1878 2286 1919 syllogismum.

1426 1973 1497 2002 illud
1526 1983 1588 2002 non
1617 1979 1677 2009 est,
1706 1973 1823 2010 proprie
1851 1973 2019 2010 loquendo,
2051 1984 2138 2003 eausa
2168 1974 2209 2002 rei
2238 1976 2460 2004 demonstratae.
2478 1995 2496 1999 -

1429 2014 1454 2042 3.
1477 2014 1619 2050 Exemplo
1648 2013 1845 2042 manifestatur
1875 2020 2025 2042 assertum.
2047 2031 2066 2035 —
2087 2024 2115 2049 4.
2144 2015 2315 2052 Exemplum
2346 2015 2376 2043 in
2404 2016 2498 2045 forma

1427 2053 1602 2091 syllogistica
1616 2053 1775 2082 ordinatur.
1791 2070 1810 2075 υ
1827 2053 1852 2081 5.
1868 2054 1899 2081 Ιιι
1922 2053 2089 2082 huiusmodi
2110 2054 2406 2083 demonstrationibus
2420 2057 2495 2094 quia,

1427 2094 1556 2122 medium
1578 2100 1620 2122 est
1642 2103 1728 2122 causa
1749 2093 1836 2121 nimis
1863 2100 1976 2122 remota
2003 2094 2127 2122 veritatis
2155 2095 2316 2123 conclusae.
2339 2113 2358 2117 —
2379 2097 2406 2124 6.
2428 2096 2497 2133 Epi-

1428 2134 1520 2171 logus.

1424 2236 1637 2285 probantur
1654 2248 1726 2285 per
1741 2235 1922 2272 effectum
1953 2236 2235 2274 demonstratur
2253 2238 2341 2286 quia
2363 2246 2398 2274 et
2417 2250 2496 2276 non

1419 2295 1577 2338 propter
1604 2290 1704 2338 quid,
1725 2289 1793 2326 sed
1823 2289 1936 2326 etiam
1966 2290 2002 2326 in
2032 2290 2164 2338 quibus
2191 2291 2356 2328 medzum
2385 2297 2494 2328 extra

1420 2343 1587 2391 ponitur.

1481 2408 1516 2433 2.
1547 2395 1693 2433 Dicitur
1713 2403 1843 2433 autem
1863 2395 2037 2433 medium
2059 2404 2162 2433 extra
2181 2397 2273 2446 poni
2300 2398 2493 2446 quando*

1427 2457 1483 2486 est
1498 2449 1694 2487 diversum
1714 2462 1736 2486 a
1755 2450 1895 2486 maiori
1911 2449 2087 2497 termino,
2109 2457 2151 2486 ut
2170 2450 2330 2488 accidit'
2323 2464 2360 2487 ιιι
2380 2453 2491 2500 syllo-

1427 2503 1556 2551 gismis
1576 2503 1771 2551 negativis.
1791 2503 1862 2539 Vel
1882 2503 2055 2540 medium
2076 2511 2179 2540 extra
2197 2504 2325 2553 poni*
2346 2505 2490 2551 dicitur,

1427 2556 1582 2605 quando
1599 2564 1655 2593 est
1667 2564 1771 2593 extra
1791 2569 1910 2605 genus
1920 2562 1950 2604 ⁶²,
1967 2557 2075 2605 quasi
2096 2557 2350 2604 communius,
2364 2566 2400 2595 et
2414 2571 2492 2595 non

2521 826 2531 836 ⁸
2542 825 2596 853 Seq.
2607 831 2658 852 cap.
2669 831 2711 846 xm

2522 856 2544 874 et
2558 856 2613 873 text.
2623 858 2661 880 3⁰·

2521 2405 2735 2431 'Acnuinunoonsrz

2518 2432 2612 2459 quando
2627 2432 2725 2453 medium
2730 2448 2735 2453 .

2520 2516 2734 2546 '11:etttapon1-

2521 2546 2567 2570 tur,
2578 2549 2627 2564 om.
2642 2542 2687 2563 dic.

2621 2579 2637 2595 α

1428 2610 1660 2647 convertitur
1679 2623 1768 2647 cum
1788 2610 1924 2647 maiori
1943 2610 2118 2648 termino.
2142 2611 2259 2658 Quod
2278 2619 2406 2648 autem
2425 2625 2494 2661 per
2516 2651 2521 2658 ,

1427 2665 1501 2700 tale
1529 2663 1703 2701 medium
1718 2676 1797 2700 non
1816 2664 1937 2712 possit
1956 2664 2207 2702 demonstrari
2230 2671 2388 2713 propter
2406 2667 2496 2714 quid

1427 2718 1565 2766 probat
1593 2730 1639 2754 ex
1667 2718 1753 2763 hoc,
1784 2718 1891 2766 quod
1920 2718 2193 2755 demonstratio
2222 2725 2379 2767 propter
2406 2719 2496 2767 quid

1429 2778 1484 2808 est
1511 2783 1580 2820 per
1618 2783 1786 2808 causam.
1825 2772 1922 2807 Tale
1955 2779 2084 2808 autem
2118 2772 2290 2809 medium
2323 2785 2402 2809 non
2441 2779 2496 2809 est

1429 2837 1543 2862 causa
1570 2824 1725 2873 proprie
1753 2824 1947 2873 loquendo
1967 2823 1995 2861 β.

1484 2879 1518 2915 3.
1539 2878 1690 2915 Deinde
1707 2890 1795 2914 cum
1817 2877 1918 2914 dicit:
1946 2879 1995 2915 Ut
2007 2890 2125 2926 quare
2143 2890 2217 2914 non
2239 2878 2398 2926 respirat
2411 2885 2494 2924 etc„

1427 3051 1526 3075 metm,
1546 3045 1692 3070 subiectum
1718 3052 1764 3069 seu
1784 3045 1899 3069 medium
1919 3045 2045 3085 adaequat
2063 3044 2251 3076 praedicatum,
2277 3049 2302 3068 et
2320 3045 2496 3075 praedicatum

1426 3081 1554 3113 adaequat
1572 3080 1726 3111 subiectum,
1741 3081 1775 3105 ita
1793 3085 1822 3104 ut
1841 3080 1952 3104 inversio
1971 3079 2004 3104 sit
2022 3087 2096 3103 vera.
2120 3079 2203 3103 Omne
2220 3079 2244 3103 Α
2262 3082 2302 3103 est
2320 3079 2358 3108 B,·
2376 3087 2454 3104 omne
2471 3080 2496 3104 Β

1426 3119 1467 3141 est
1484 3117 1516 3140 A.
1542 3116 1610 3140 Tota
1629 3123 1691 3156 ergo
1710 3116 1828 3148 quaestio
1854 3123 1920 3147 quae
1939 3115 1965 3139 in
1984 3115 2113 3147 praesenti
2138 3114 2245 3147 agitatur
2264 3119 2317 3138 est:
2343 3119 2430 3139 utrum
2447 3123 2496 3155 per

1427 3152 1623 3183 syllogismum,
1643 3151 1715 3175 cuius
1735 3151 1849 3175 medium
1869 3156 1909 3174 est
1927 3158 2005 3174 causa
2024 3155 2131 3179 remota,
2151 3150 2182 3174 de
2201 3157 2259 3190 quo
2273 3148 2413 3174 affirmatur
2432 3151 2495 3174 sim-

1426 3186 1524 3217 pliciter
1543 3186 1662 3210 identitas
1681 3186 1728 3210 sed
1747 3193 1799 3210 non
1819 3185 1971 3218 adaequatio
1986 3186 2090 3209 maioris
2110 3185 2284 3214 extremitatis,
2299 3192 2346 3209 seu
2359 3186 2495 3216 praedicati

1427 3221 1615 3251 conclusionis,
1639 3222 1721 3252 possit
1746 3221 1916 3245 demonstrari
1935 3223 2050 3252 propter
2072 3220 2136 3252 quid
2155 3220 2337 3244 conclusionis.
2362 3220 2497 3245 Limitatur

1426 3261 1514 3280 tamen
1533 3257 1652 3288 quaestio
1672 3256 1703 3280 ad
1718 3256 1952 3280 demonstrationes
1967 3256 2105 3288 negativas.
2121 3256 2153 3279 Et
2167 3256 2266 3279 merito.
2286 3255 2360 3285 Nam,
2375 3256 2435 3288 quia
2448 3263 2495 3288 po-

1428 3292 1476 3316 sita
1490 3299 1568 3315 causa
1581 3296 1682 3315 remota
1695 3299 1747 3315 non
1762 3291 1829 3315 illico
1843 3291 1947 3323 ponitur
1965 3291 2080 3321 effectus,
2095 3295 2124 3315 ut
2138 3291 2162 3314 in
2178 3291 2295 3322 sequenti
2315 3295 2375 3315 nota
2389 3291 2495 3321 dicetur,

1427 3327 1483 3358 ipsa
1496 3334 1549 3350 non
1568 3331 1654 3358 potest
1673 3326 1851 3350 demonstrare
1865 3333 1912 3350 nec
1927 3327 1987 3358 quia
2002 3334 2049 3350 nec
2064 3331 2168 3358 propter
2183 3326 2245 3357 quid
2260 3326 2380 3357 effectus3
2395 3331 2421 3350 at
2434 3327 2495 3358 quia

1427 3366 1520 3402 negata
1538 3369 1616 3386 causa
1634 3366 1735 3385 remota
1749 3366 1898 3385 removetur
1918 3361 2030 3391 effectus,
2045 3366 2114 3385 recte
2128 3361 2260 3393 quaeritur
2273 3366 2360 3386 utrum
2380 3361 2436 3393 ipsa
2450 3369 2495 3386 ne-

1428 3397 1496 3429 gatio
1515 3404 1608 3421 causae
1627 3401 1741 3421 remotae
1760 3397 1842 3428 possit
1857 3396 1917 3420 dare
1926 3399 2041 3428 propter
2055 3396 2119 3428 quid
2133 3396 2275 3428 negationis
2294 3396 2411 3422 effectus.
2430 3397 2496 3422 Hinc

1427 3432 1491 3456 ratio
1511 3439 1556 3456 cur
1575 3432 1675 3456 nonnisi
1696 3432 1728 3456 de
1746 3431 1905 3464 syllogismis
1919 3431 2044 3464 negativis
2063 3431 2201 3456 afferantur
2220 3431 2358 3464 exempla
2353 3440 2378 3456 ιιι
2392 3431 2439 3456 hac
2458 3432 2496 3457 le-

1428 3468 1519 3492 ctione.

1481 3500 1507 3534 β)
1528 3502 1589 3526 Non
1605 3505 1644 3526 est
1657 3508 1738 3527 causa
1752 3502 1864 3534 proprie
1882 3502 2048 3534 loquenda—
2058 3502 2130 3527 Hanc
2145 3491 2281 3527 lectionem
2301 3502 2375 3527 codd.
2390 3503 2494 3534 ABOR,

1428 3542 1454 3597 ept
1472 3545 1552 3570 quam
1567 3537 1644 3562 habet
1658 3538 1736 3562 Dom.
1751 3545 1766 3562 a
1779 3537 1882 3562 Flandr.
1897 3537 1906 3562 1
1921 3537 2002 3567 Post„
2014 3537 2065 3567 Qu.
2075 3545 2139 3567 xxxx,
2149 3537 2220 3562 artic.
2234 3545 2255 3568 1,
2269 3538 2422 3570 adoptamus
2436 3539 2495 3563 loeo

1457 3572 1550 3597 ·Ta1e
1568 3575 1656 3598 autem
1677 3572 1791 3597 medium
1811 3580 1862 3597 non
1883 3575 1922 3597 est
1935 3580 1987 3604 per
2005 3579 2113 3598 causam
2128 3572 2240 3605 proprie
2258 3573 2426 3606 quuendo.—
2405 3573 2496 3598 -Non

1429 3608 1489 3633 dicit
1507 3616 1529 3633 3.
1544 3608 1641 3633 Doctor
1660 3609 1731 3640 quod
1749 3616 1828 3633 causa
1846 3613 1954 3639 remota,
1969 3613 2103 3640 assumpta
2117 3613 2145 3633 ut
2160 3608 2295 3634 medium*
2289 3617 2315 3633 ιιι
2333 3609 2494 3634 demonstra-

2291 3659 2349 3684 30*
