2548 4192
153 288 155 290 ’
188 300 339 325 cccxmv

192 380 207 394 »
231 373 267 399 ut
275 368 423 399 Romana
434 368 580 398 Ecclesia
595 366 712 406 offerat
722 375 858 407 azymos
862 373 967 405 panes
982 370 1038 393 etc.
1049 375 1063 390 ³>
1079 361 1128 404 (ut
1124 358 1262 410 supra).

191 412 279 442 Haec
303 419 377 442 sunt
399 413 494 443 verba
517 410 671 450 Gregorii,
697 419 778 450 quae
801 409 834 439 in
859 410 922 439 vita
938 408 1038 448 ipsius
1052 415 1173 447 graeco
1195 415 1262 436 ser-

190 466 284 487 mone
306 456 514 496 reperiuntur.

260 501 484 531 Animadverte
518 510 543 530 1.
563 498 667 530 Verba
696 497 749 527 illa
780 496 893 527 frustra
915 495 1032 536 inquiri
1062 494 1095 524 in
1123 494 1263 535 Regesto

190 546 427 586 Epistolarum:
455 554 484 574 2.
505 544 554 574 Ab
579 541 761 572 auctoribus
785 540 917 570 huiusce
939 545 1088 570 tractatus
1114 537 1262 576 describi,

190 589 288 620 veluti
313 595 439 629 sumpta
463 598 500 618 ex
523 588 588 618 vita
613 587 682 617 eius
709 594 829 626 graece
851 585 989 624 scripta:
1015 584 1043 614 3.
1064 582 1186 613 Eadem
1209 582 1263 612 ha-

191 633 297 664 buisse
319 633 413 662 verba
437 631 644 671 Gregorium,
671 639 746 659 cum
769 627 931 670 legatione
946 627 1152 669 fungeretur
1175 626 1263 658 Con-

193 676 414 716 stantinopoli,
442 676 475 706 in
499 675 607 715 aliquo
632 673 805 713 colloquIO.
831 672 913 703 Sane
935 673 1067 702 Photius
1091 671 1161 702 cod.
1183 681 1263 722 cour

193 727 334 761 excerpta
350 719 442 750 refert
458 729 474 750 e
489 720 554 750 vita
568 719 671 749 sancti
690 718 786 748 huius
802 717 974 758 Pontificis.
999 718 1051 747 An
1067 726 1142 756 ergo
1159 726 1195 746 ex
1210 715 1263 746 111a

192 771 319 804 sumpta
342 764 459 794 fuerint
482 763 644 803 superiora
666 759 780 792 verba?
804 761 884 792 Satis
908 768 954 792 est
977 761 1062 791 bona
1081 767 1112 791 et
1140 760 1263 801 optima

192 808 254 839 fide
278 808 376 848 egisse
399 807 613 848 Aquinatem,
639 806 783 846 Gregorii
806 805 1046 844 testimonium,
1073 805 1162 846 quod
1186 804 1262 835 fere-

192 853 294 890 batur,
318 852 544 882 adducentem:
569 851 693 882 tametsi
713 851 841 889 indices,
866 850 1061 891 quandoque
1077 849 1262 889 mendosos,

192 903 350 937 sequatur.
376 897 528 927 Iacobum
551 896 733 926 Echardum
749 895 890 932 consule,
908 894 1146 935 diligentissime
1165 893 1262 925 disse—

190 948 312 971 rentem
336 941 374 970 de
397 940 557 985 pgaedicto
578 946 736 977 tractatu,
762 947 854 970 tomo
875 939 886 969 I
911 939 951 969 ad
975 949 1095 970 annum
1125 939 1206 969 1252
1233 946 1263 970 et

192 985 343 1016 Iacobum
366 985 559 1025 Basnagium
582 985 615 1015 in
639 983 843 1026 praefatione.

566 1087 775 1124 CAPUT
811 1086 885 1124 VI.

190 1184 331 1208 Mendosus
346 1182 422 1208 index
436 1183 551 1209 Silvestri
565 1191 614 1216 pro
628 1184 737 1209 Silverio
748 1184 866 1208 Romano
876 1183 1000 1209 pontifice
1014 1185 1172 1218 expenditur.
1187 1185 1263 1209 Item-

262 1227 314 1252 que
331 1219 477 1251 Anglorum
491 1219 613 1252 Episcopi
632 1227 679 1252 pro
698 1219 830 1252 Episcopo
847 1219 1084 1252 Augustodunensi.
1103 1221 1142 1246 Ac
1156 1221 1263 1245 demum

262 1255 378 1279 Helenae
395 1262 444 1288 pro
462 1255 535 1280 Irene
554 1255 725 1288 Imperatrice.

193 1342 215 1373 1.
239 1337 440 1419 Mendosi
464 1341 582 1372 indices
607 1348 778 1372 occurrunt
801 1342 898 1383 aliqui
923 1342 956 1372 in
982 1343 1117 1373 Summa
1143 1344 1261 1374 theolo-

327 1387 414 1427 gica,
433 1386 549 1427 quibus
573 1386 667 1416 etiam
690 1385 838 1417 historiae
858 1387 970 1417 veritas
989 1387 1185 1427 depravatur.
1210 1388 1262 1418 Ad

191 1442 323 1463 examen
353 1430 488 1461 vocandi
519 1437 601 1461 sunt.
626 1430 681 1461 Ait
703 1430 848 1461 Thomas
873 1431 914 1461 IIa
930 1431 1002 1469 Hae,
1023 1438 1144 1472 quaest.
1171 1442 1260 1469 cvm,

190 1485 246 1508 art.
266 1489 276 1507 1
300 1477 339 1507 ad
362 1483 398 1515 4:
423 1475 590 1516 Sylvester
607 1474 697 1515 Papa
721 1476 1011 1506 excommunicavit
1027 1485 1091 1513 eos,
1116 1477 1172 1516 qui
1188 1486 1260 1507 eum

190 1523 222 1552 in
240 1522 372 1553 exilium
390 1521 557 1557 miserunt,
576 1525 611 1549 ut
625 1519 760 1549 habetur
770 1529 856 1558 xx111,
873 1529 901 1560 q.
918 1530 960 1557 iv,
977 1530 1093 1560 nempe
1110 1521 1262 1551 Gratiani

187 1567 361 1598 Decretum
379 1564 500 1601 citatur,
517 1573 616 1594 causa
635 1573 719 1602 xxm,
742 1573 794 1604 qu.
813 1574 856 1602 1v,
873 1565 976 1604 capite
993 1575 1052 1595 xxx
1065 1564 1262 1597 Guilisarius

189 1617 225 1642 ut
238 1610 360 1651 legitur.
386 1608 484 1646 Quod
508 1607 618 1648 utique
643 1614 738 1648 caput
755 1608 923 1648 Sylvestro
938 1608 1133 1640 tribuebatur
1147 1610 1180 1640 in
1197 1610 1260 1641 edi-

187 1655 328 1686 tionibus
351 1650 423 1684 ante
439 1652 666 1683 correctionem
690 1652 778 1691 iussu
803 1652 946 1693 Gregorii
961 1654 1032 1684 XIII
1057 1654 1258 1686 adornatam:

187 1700 220 1730 in
244 1710 308 1740 qua
331 1708 372 1729 ex
395 1697 497 1728 tribus
520 1697 651 1728 vetustis
674 1697 912 1737 exemplaribus
934 1699 1111 1739 repositum
1132 1706 1178 1730 est
1201 1710 1260 1730 no-

188 1754 262 1774 men
282 1743 422 1779 Silverii,
439 1742 479 1771 ad
498 1741 660 1772 universae
675 1742 832 1772 Ecclesiae
848 1742 1074 1774 Pontificatum
1093 1754 1178 1774 anno
1197 1745 1258 1775 536

188 1788 296 1819 evecti.
320 1787 463 1817 Huiusce
478 1786 616 1816 Romani
633 1785 794 1816 Pontificis
817 1793 962 1828 tempora
981 1788 1054 1819 satis
1070 1788 1187 1819 indicat
1202 1800 1259 1820 no-

187 1843 262 1864 men
288 1831 468 1868 Guilisarii,
493 1830 602 1871 capitis
626 1830 710 1861 illius
734 1830 872 1870 initium,
897 1832 952 1873 qui
977 1839 1008 1863 et
1037 1833 1205 1865 Vilisarius
1230 1841 1260 1866 et

172 1876 367 1909 vBelisarius
396 1875 498 1906 dictus
526 1881 588 1905 est:
619 1875 801 1907 Belisarius
827 1876 988 1908 Patricius
1015 1877 1179 1916 videlicet,
1203 1879 1259 1920 qui

187 1922 360 1954 Iustiniano
385 1919 570 1961 Imperatori
593 1919 780 1951 inserviebat
803 1921 977 1963 agebatque
1006 1929 1114 1953 contra
1134 1922 1259 1955 Gothos

185 1967 218 1998 in
242 1966 339 1997 Italia.

254 2010 360 2052 Caput
383 2009 474 2047 illud,
498 2009 588 2050 quod
610 2007 720 2048 incipit
748 2009 955 2048 Guilisarius,
981 2011 1188 2052 desumptum
1212 2019 1259 2044 est

187 2066 224 2087 ex
247 2055 391 2096 epistola,
416 2054 474 2084 sub
498 2053 629 2084 nomine
649 2053 779 2084 Silverii
796 2055 905 2095 Papae
923 2055 967 2086 ad
980 2056 1165 2087 Amatorem
1181 2057 1257 2098 Epi-

185 2110 314 2141 scopum
334 2099 470 2139 vulgata.
493 2098 527 2128 In
547 2108 583 2128 ea
599 2097 713 2138 legitur
731 2098 763 2128 in
784 2099 913 2130 exilium
930 2100 1101 2131 silverium
1122 2101 1257 2133 missum

185 2145 292 2183 fuisse,
310 2144 402 2185 eique
419 2142 587 2173 suffectum
602 2142 635 2173 in
651 2142 759 2173 sedem
779 2144 960 2175 Romanam
982 2145 1152 2187 Vigilium:
1167 2147 1257 2188 quod

185 2189 296 2230 utique
319 2197 440 2219 verum.
476 2187 613 2218 Additur
635 2187 732 2218 latam
755 2187 788 2218 in
818 2188 968 2230 Vigilium
994 2197 1024 2221 et
1045 2190 1254 2230 Belisarium,

185 2234 328 2275 aliosque
357 2231 528 2272 complices
561 2232 898 2264 excommunicationis
929 2234 1133 2266 sententiam:
1167 2237 1256 2277 quod

186 2279 282 2310 etiam
305 2277 472 2308 anathema
500 2276 602 2307 latum
625 2276 658 2306 in
682 2276 743 2307 alia
770 2277 884 2317 legitur
906 2278 1037 2309 Silverii
1059 2279 1193 2320 epistola
1216 2281 1256 2311 ad

191 2323 352 2364 Vigilium.
377 2322 466 2352 Tum
481 2330 556 2351 vero
581 2321 739 2352 eiusmodi
763 2321 911 2362 epistolas
928 2324 1161 2355 commentitias
1177 2335 1255 2364 esse,

185 2374 257 2398 turn
271 2366 366 2398 etiam
382 2365 644 2404 commentitiam,
661 2375 742 2406 quae
760 2366 822 2397 lata
839 2367 952 2398 dicitur
966 2367 999 2398 in
1015 2368 1169 2409 Vigilium
1185 2379 1256 2400 sen-

182 2411 280 2442 tentia
303 2409 520 2448 anathematis,
539 2409 695 2440 Batonius
719 2410 812 2441 docet
827 2411 866 2442 ad
881 2422 1002 2442 annum
1022 2414 1095 2453 539,
1112 2423 1201 2445 num.
1222 2415 1251 2451 5,

184 2462 215 2487 et
238 2455 352 2495 Pagius
376 2455 415 2485 ad
439 2454 590 2484 eumdem
605 2464 726 2485 annum
750 2465 839 2486 num.
860 2457 888 2487 3.
913 2456 1128 2489 Consentiunt
1143 2459 1255 2490 caeteri

183 2500 241 2530 viri
266 2499 361 2530 docti.
386 2498 470 2529 Hinc
494 2498 610 2538 duplex
635 2499 728 2530 cubat
751 2509 836 2530 error
858 2500 891 2530 in
916 2501 1010 2532 citato
1034 2502 1072 2532 ab
1095 2502 1254 2544 Aquinate

183 2544 275 2575 loco:
301 2543 434 2584 primus,
458 2542 514 2584 qui
538 2542 679 2574 consistit
702 2543 734 2573 in
758 2545 915 2575 mendoso
939 2545 1059 2576 indice:
1083 2546 1171 2586 alter,
1187 2558 1254 2589 quo

183 2588 328 2619 fabulosa
350 2587 480 2618 historia
502 2587 660 2627 proditur:

251 2632 302 2663 Ad
325 2632 467 2673 primum
490 2631 578 2672 quod
602 2631 712 2662 attinet
735 2640 890 2663 errorem:
914 2633 1031 2675 inquiri
1055 2635 1168 2667 merito
1197 2646 1254 2677 po-

184 2684 244 2709 test
268 2687 308 2708 an
331 2676 520 2707 Silvestrum
545 2675 701 2716 scripserit
719 2676 875 2715 Thomas,
892 2687 931 2707 an
954 2678 1062 2718 potius
1083 2689 1255 2711 amanuen-

184 2722 271 2752 sibus
294 2721 389 2752 tribui
413 2719 568 2751 mendum
587 2717 716 2751 debeat?
747 2720 880 2752 Constat
896 2722 1007 2763 utique
1026 2723 1177 2755 Gratiani
1191 2725 1255 2756 De-

185 2767 276 2803 creti,
296 2775 333 2796 ex
349 2775 416 2806 quo
433 2764 621 2795 sententiam
636 2765 794 2805 prompsit
809 2765 963 2806 Aquinas,
980 2767 1134 2798 editiones
1149 2768 1255 2808 plures

184 2820 220 2841 ac
237 2810 332 2841 etiam
348 2809 472 2840 codices
489 2819 564 2840 mss.
581 2809 727 2840 habuisse
743 2809 952 2848 Silvestrum;
967 2811 1022 2842 sed
1036 2818 1159 2843 vetusta
1174 2823 1254 2854 quo-

183 2864 246 2896 que
271 2853 420 2885 exstitisse
444 2864 518 2884 mss.
545 2853 744 2894 exemplaria,
768 2853 801 2884 in
825 2855 941 2896 quibus
957 2855 1070 2895 legitur
1085 2856 1252 2895 Silverius,

184 2906 220 2930 ut
242 2898 339 2929 fidem
355 2898 475 2929 faciunt
488 2897 668 2938 peritissimi
693 2898 751 2929 sub
768 2898 922 2939 Gregorio
938 2900 1010 2930 XIII
1035 2900 1177 2932 eiusdem
1192 2902 1254 2933 De-

185 2943 258 2974 creti
283 2943 428 2974 editores.
453 2942 574 2980 Quidni
603 2953 677 2983 ergo
695 2943 857 2983 potuerint
872 2951 996 2984 praesto
1017 2955 1083 2975 esse
1101 2945 1253 2986 Aquinati

184 2987 307 3018 codices
330 2987 433 3017 bonae
457 2993 562 3025 notae,
586 2986 619 3017 in
638 2987 754 3028 quibus
778 2987 893 3028 legeret
908 2988 1092 3026 Silverium,
1111 3000 1176 3020 non
1192 2991 1253 3022 Sil-

184 3037 323 3062 vestrum
341 3037 371 3062 et
394 3031 486 3062 illum
510 3031 703 3070 exscriberet,
721 3042 787 3062 non
806 3030 926 3063 istum?
948 3033 1150 3066 Facillimum
1173 3045 1253 3076 quo-

183 3086 246 3116 que
270 3075 329 3106 fuit
356 3082 392 3106 ut
407 3076 537 3106 Silverii
559 3086 690 3114 nomen,
714 3076 797 3107 notis
821 3077 1064 3117 compendiariis
1080 3085 1252 3119 exaratum,

184 3120 448 3151 commutaverint
471 3120 503 3150 in
527 3120 716 3151 silvestrum
741 3121 908 3152 oscitantes
928 3128 982 3153 aut
997 3122 1134 3164 imperiti
1161 3123 1252 3155 libra-

182 3164 229 3199 rii,
254 3164 345 3195 sicuti
362 3165 393 3194 in
410 3165 559 3201 Decreta,
585 3164 627 3194 ita
650 3164 683 3195 in
705 3171 817 3196 sancto
841 3166 971 3197 noma.
996 3167 1251 3199 Verisimillimae

184 3215 258 3239 sunt
282 3208 488 3239 coniecturae.
514 3209 666 3239 Summae
689 3209 886 3251 theologicae
901 3210 1042 3241 codicem
1067 3222 1126 3243 ms.
1151 3220 1253 3244 servat

182 3252 215 3282 in
238 3252 393 3283 tabulario
421 3252 542 3293 insigne
566 3252 724 3284 Brixiense
747 3255 974 3286 canonicorum
994 3255 1198 3296 Capitulum:
1219 3257 1251 3288 in

185 3306 250 3337 quo
267 3296 420 3337 scriptum
443 3297 557 3336 legitur
571 3297 662 3328 Silur
669 3305 735 3338 pp:
753 3308 834 3339 quae
854 3306 930 3330 nota
946 3301 1180 3341 compendiaria
1197 3311 1253 3332 cur

184 3350 249 3371 non
274 3341 380 3381 potius
402 3341 574 3372 Silverium
594 3341 720 3380 indicet,
740 3353 838 3383 quam
857 3343 1075 3376 Silvestrum?
1098 3345 1252 3377 Codicem

184 3384 419 3424 diligentissime
455 3385 589 3416 contulit
621 3386 735 3417 clariss
768 3387 908 3429 Carolus
937 3388 1095 3427 Doneda,
1125 3397 1252 3421 curante

183 3427 414 3459 humanissimo
440 3429 508 3461 viro
532 3430 736 3472 Hieronymo
769 3431 928 3470 Verdura,
958 3433 1086 3464 Neriani
1115 3434 1253 3466 Oratorii

187 3472 317 3503 alumno
342 3473 536 3513 dignissimo.

250 3517 330 3547 Utut
344 3527 419 3547 vero
436 3528 502 3548 sese
519 3529 566 3549 res
584 3518 696 3550 habeat
710 3520 748 3550 de
762 3527 858 3550 voce:
874 3520 1038 3551 historiam
1058 3528 1138 3553 certe
1154 3523 1251 3564 Aqui-

139 3577 141 3579 -
186 3569 246 3589 nas
268 3559 398 3598 inducit,
423 3571 520 3602 quam
544 3562 659 3593 habent
678 3573 736 3603 pro
757 3564 973 3595 commentitia
988 3565 1046 3596 viri
1065 3566 1250 3598 doctissimi.

185 3602 253 3632 Hac
278 3603 315 3633 de
346 3614 377 3634 re
405 3604 566 3636 instituere
596 3615 725 3637 examen
750 3618 815 3638 non
838 3615 936 3639 vacat.
971 3611 1013 3640 At
1036 3609 1154 3641 mirum
1185 3621 1251 3642 non

185 3645 279 3691 fuerit
303 3647 442 3678 fabulam
466 3649 657 3689 deprehendi
681 3651 832 3690 potuisse,
850 3659 922 3691 post
937 3659 985 3684 tot
1010 3654 1152 3684 saecula:
1178 3662 1252 3694 post

912 281 1371 322 DISSERTATIONES
1403 283 1650 320 CRITICAE

1318 361 1458 401 agnitam
1473 362 1600 401 scilicet,
1612 363 1854 404 convictamque
1866 365 2085 395 Decretalium
2097 366 2305 406 epistolarum
2317 376 2391 406 sup-

1318 405 1523 445 positionem,
1549 417 1647 448 quam
1670 407 1818 438 Thomae
1843 415 1941 439 aetate
1958 409 2107 440 olfecerat
2122 417 2233 440 nemo:
2255 416 2286 441 et
2301 417 2390 451 post-

1318 460 1416 490 quam
1440 451 1570 481 Silverii
1587 458 1618 482 et
1639 452 1748 493 Vigilii
1771 459 1838 483 acta
1861 463 1970 483 severo
1995 453 2107 484 discuti
2131 461 2308 494 potuerunt
2322 465 2392 485 exa-

1318 494 1423 533 mine,
1447 501 1591 526 veterum
1621 503 1908 527 monumentorum
1939 498 2010 528 luce
2043 498 2277 539 praefulgente,
2310 509 2393 540 quae

1318 538 1465 569 Thomae
1482 546 1580 570 aetate
1599 539 1708 580 ignota
1725 547 1821 572 erant.
1841 542 1962 572 Verum
1984 542 2145 573 enimvero
2167 543 2392 574 solidissimam

1318 582 1439 622 profert
1470 584 1647 614 doctrinam
1670 585 1834 625 Aquinas,
1868 596 1966 627 quam
1990 596 2027 617 ex
2058 587 2119 617 illis
2142 587 2274 620 Silverii
2296 590 2390 629 actis,

1318 627 1451 668 aliisque
1474 628 1626 668 exemplis
1651 628 1817 660 confirmat
1839 629 1891 660 ille
1915 640 1950 661 ac
1975 630 2120 662 illustrat.

1385 671 1422 702 II.
1440 672 1614 703 Mendosus
1629 673 1709 703 alius
1726 673 1862 704 occurrit
1875 674 1969 705 index
1984 675 2025 705 11⁸
2038 675 2104 715 11⁸2,
2115 668 2235 717 quaest.
2248 688 2389 718 eLxxxe,

1318 721 1373 746 art.
1391 726 1414 754 1,
1430 715 1543 746 obiect.
1562 717 1596 747 3:
1612 717 1676 747 Sed
1690 718 1774 748 sicut
1794 717 1975 759 Gregorius
1989 720 2100 751 scribit
2111 722 2295 762 Anglorum
2310 723 2388 764 Epi-

1316 769 1422 800 scopo,
1439 765 1476 790 ut
1497 760 1633 791 habetur
1651 762 1684 791 in
1702 762 1861 800 Decretis,
1879 763 1950 794 dist.
1966 774 2072 803 vam,
2092 765 2240 796 ordinate
2255 767 2300 797 ad
2325 767 2405 798 Or-‘

1317 803 1409 834 dines
1431 804 1646 835 accedendum
1670 810 1718 836 est
1736 812 1794 837 etc.
1818 807 1906 837 Haec
1930 807 1996 838 sine
2021 808 2119 839 dubio
2135 809 2278 850 Gregorii
2293 812 2389 842 verba

1317 848 1517 888 reperiuntur
1538 848 1571 878 in
1588 849 1721 889 epistola
1737 860 1799 880 exn
1816 850 1887 881 libri
1903 851 1972 890 VII,
1989 851 2096 883 indict.
2113 864 2147 892 11,
2162 853 2248 885 iuxta
2269 855 2388 887 Roma-

1317 902 1393 922 nam
1416 892 1601 932 editionem,
1626 903 1681 924 seu
1704 893 1738 924 in
1761 894 1895 935 epistola
1910 905 1961 925 ew
1976 895 2046 926 libri
2063 896 2117 936 IX,
2141 899 2227 938 apud
2251 907 2388 931 ascetam

1317 937 1580 968 Sammauraeum
1613 938 1777 969 editorem.
1812 939 1848 969 In
1871 939 2012 970 editione
2036 940 2183 972 Romana
2209 941 2389 975 inscribitur

1317 981 1451 1021 epistola
1473 981 1616 1023 Siagrio,
1635 982 1797 1021 Aetherio,
1828 983 1962 1026 Virgilio
1986 990 2017 1015 et
2037 985 2208 1017 Desiderio
2222 987 2390 1029 Episcopis

1319 1026 1521 1057 Galliarum:
1536 1026 1568 1056 in
1578 1026 1744 1057 Parisiensi
1761 1027 1885 1059 sedium
1905 1029 2039 1059 nomina
2056 1029 2237 1070 efferuntur,
2257 1031 2389 1074 Siagrio

1316 1071 1615 1112 Augustodunensi,
1638 1071 1789 1103 Aetherio
1812 1073 2035 1114 Lugdunensi,
2059 1081 2116 1105 etc.

1384 1116 1487 1146 Verba
1506 1115 1559 1146 illa
1578 1115 1715 1156 sumpsit
1727 1116 1871 1158 Aquinas
1888 1127 1925 1148 ex
1939 1118 2066 1150 decreto
2083 1118 2254 1152 Gratiani:
2268 1120 2302 1151 in
2321 1131 2388 1163 quo

1316 1159 1410 1190 index
1433 1160 1610 1200 praedictus
1634 1160 1845 1192 diversimode
1865 1172 2028 1202 expressus
2051 1163 2165 1204 legitur
2178 1164 2211 1195 in
2226 1165 2389 1196 codicibus

1317 1215 1352 1234 ac
1376 1204 1577 1235 editionibus.
1611 1205 1708 1245 Apud
1737 1206 2011 1238 Turrecrematam
2039 1208 2072 1238 in
2100 1208 2258 1248 editione,
2289 1220 2389 1252 quam

1317 1249 1421 1279 Iustus
1444 1249 1653 1288 Fontaninus,
1678 1250 1944 1292 Archiepiscopus
1967 1254 2166 1294 Ancyranus,
2191 1263 2275 1284 anno
2304 1255 2386 1296 1726

1317 1293 1436 1325 curavit
1451 1294 1584 1333 Romae,
1602 1294 1679 1325 haec
1695 1295 1802 1325 solum
1817 1295 1987 1327 habentur:
2011 1297 2051 1328 B.
2070 1297 2252 1339 Gregorius
2265 1299 2386 1338 scribit,

1315 1338 1434 1369 dicens.
1460 1338 1654 1379 Gregoriana
1677 1346 1814 1370 correcta
1838 1341 1934 1372 editio
1959 1341 2003 1372 sic
2026 1341 2135 1373 habet:
2159 1342 2282 1374 Beatus
2308 1343 2388 1375 Gre-

1315 1384 1430 1424 gorius
1452 1383 1562 1414 scribit
1575 1383 1720 1425 Syagrio
1735 1384 1893 1425 Episcopo
1909 1391 1940 1416 et
1957 1386 2032 1417 aliis
2050 1387 2226 1428 Episcopis.
2251 1387 2388 1419 Codices

1315 1427 1417 1467 legere
1441 1427 1586 1458 Thomas
1616 1428 1740 1468 potuit,
1770 1429 1824 1459 ubi
1849 1430 2002 1471 scriptum
2026 1438 2125 1462 esset:
2149 1432 2188 1463 B.
2207 1432 2388 1474 Gregorius

1315 1473 1401 1513 Aug.
1418 1472 1595 1512 Episcopo:
1618 1473 1796 1514 eodemque
1813 1475 1912 1504 modo
1927 1475 2065 1506 indicem
2084 1476 2320 1518 transcripserit.
2343 1479 2388 1509 At

1315 1523 1426 1547 notam
1449 1516 1538 1547 illam
1559 1517 1646 1558 Aug.
1671 1517 1803 1558 legerint
1821 1518 1873 1549 alii
1893 1526 1924 1550 et
1942 1519 2121 1560 scripserint
2138 1522 2224 1562 Ang.
2241 1522 2387 1565 adeoque

1315 1561 1539 1601 expresserint,
1566 1561 1749 1602 Anglorum
1778 1563 1935 1604 Episcopo
1942 1571 1956 1602 ;
1987 1574 2061 1595 cum
2088 1565 2260 1606 legendum
2289 1566 2386 1606 foret,

1314 1605 1603 1646 Augustodunensi
1615 1606 1784 1647 Episcopo,
1796 1607 1877 1638 idest
1892 1608 2048 1649 Syagrio,
2065 1609 2120 1650 qui
2136 1609 2258 1650 primus
2273 1610 2306 1641 in
2321 1611 2386 1653 epi-

1315 1650 1414 1681 stolae
1438 1650 1649 1690 Gregorianae
1663 1650 1758 1681 titulo
1777 1658 1921 1692 apparet:
1945 1651 2039 1683 illum
2055 1653 2188 1685 demum
2202 1655 2386 1697 Anglorum

1313 1695 1506 1736 Episcopum
1531 1695 1739 1726 intellexerint
1760 1696 1979 1738 Augustinum
2011 1697 2240 1741 notissimum„
2255 1700 2300 1731 ad
2320 1701 2386 1732 An-

1313 1740 1386 1781 glos
1401 1739 1630 1770 convertendos
1647 1740 1782 1771 missum
1799 1751 1817 1771 a
1837 1741 2034 1772 sanctissimo
2049 1742 2203 1783 Gregorio
2218 1743 2382 1787 Pontifice.

1381 1784 1426 1815 lta
1457 1784 1652 1815 coniecturas
1685 1785 1798 1816 cudere
1830 1785 1953 1817 licebat.
1976 1786 2161 1819 Brixiensis
2190 1795 2387 1820 memoratus

1314 1829 1413 1860 codex
1435 1829 1606 1860 lectionem
1629 1829 1724 1860 aliam
1747 1829 1851 1869 habet,
1868 1831 2140 1863 animadversione
2156 1832 2385 1873 dignissimam.

1314 1873 1349 1904 In
1374 1883 1412 1904 eo
1437 1883 1503 1904 non
1527 1873 1656 1914 legitur,
1679 1875 1863 1916 Anglorum
1887 1876 1975 1916 Epo:
1998 1876 2053 1906 sed
2076 1877 2192 1918 Magio
2215 1877 2296 1918 Epo.
2320 1878 2384 1910 De-

1314 1917 1416 1949 forme
1439 1928 1558 1949 nomen
1582 1925 1638 1957 est,
1663 1919 1752 1960 quod
1767 1919 1955 1959 genuinum,
1975 1920 2013 1950 ab
2029 1921 2189 1962 Aquinate
2204 1921 2271 1953 sine
2285 1922 2385 1954 dubio

1312 1963 1431 1994 lectum
1455 1963 1683 2005 scriptumque,
1708 1963 1824 1995 indicat
1838 1964 1977 2006 Syagrii
1994 1965 2155 2007 Episcopi.
2181 1965 2309 1998 Codicis
2331 1977 2386 1998 ve-

1312 2013 1411 2038 tustas
1435 2007 1594 2048 colligitur
1617 2018 1654 2038 ex
1677 2007 1770 2038 titulo
1784 2007 1911 2049 fratris
1939 2009 2088 2048 Thomae,
2104 2011 2253 2042 nondum
2268 2011 2387 2044 scilicet

1312 2062 1398 2083 sacra
1421 2052 1530 2083 donati
1546 2052 1730 2093 apotheosi:
1751 2052 1895 2094 Explicit
1915 2053 2049 2085 Summa
2069 2054 2218 2086 Secunda
2241 2055 2388 2088 Secunde

1309 2098 1414 2137 partis
1426 2096 1554 2138 fratris
1581 2097 1699 2127 Thome
1729 2097 1770 2128 de
1794 2098 1922 2138 Aquino
1949 2097 2028 2130 Ord.
2051 2098 2204 2140 fratrum
2232 2100 2384 2132 Predica-

1311 2146 1428 2172 torum.
1453 2141 1618 2172 Accedunt
1640 2141 1751 2172 verba:
1771 2141 1816 2173 Et
1830 2147 1878 2173 est
1889 2143 1958 2173 Dni
1975 2143 2086 2174 Iacobi
2099 2143 2140 2175 de
2154 2144 2243 2176 Actis
2256 2145 2298 2176 de
2311 2146 2387 2178 Mu-

1310 2187 1378 2216 tina
1405 2186 1576 2226 Capeliani
1597 2186 1666 2216 Dm·
1686 2186 1748 2217 PP.
1773 2191 1804 2217 et
1826 2187 1896 2218 eius
1926 2189 2015 2219 sacri
2035 2188 2161 2220 Palacii
2178 2199 2266 2221 caus.
2287 2190 2388 2222 Audi-

1311 2231 1398 2261 toris.
1432 2231 1530 2271 Apud
1554 2230 1728 2271 Ughellum
1760 2231 1792 2262 in
1821 2231 1989 2274 Episcopis
2018 2232 2232 2265 Brixiensibus
2254 2241 2390 2267 vocatur
2410 2237 2419 2246 “

1310 2275 1447 2306 Iacobus
1469 2276 1510 2306 de
1531 2275 1628 2306 Astis.
1655 2274 1818 2306 Correctio
1842 2276 1883 2321 in,
1899 2277 2041 2317 margine
2063 2285 2196 2318 prostat,
2220 2278 2261 2310 de
2277 2279 2387 2311 Actis:

1310 2330 1409 2362 quam
1433 2320 1532 2351 codex
1555 2326 1662 2351 noster
1686 2319 1861 2352 confirmat.
1887 2320 1953 2352 Sub
1973 2322 2091 2354 Ioanne
2105 2323 2191 2363 Papa
2209 2323 2298 2354 XXII
2314 2333 2386 2356 rnu-

1310 2374 1383 2395 nere
1418 2364 1609 2405 fungebatur
1631 2364 1799 2396 Auditoris
1821 2375 1996 2397 causarum
2020 2368 2108 2398 sacri
2129 2367 2268 2399 Palatii:
2297 2367 2383 2400 adle-

1310 2416 1442 2451 ctusque
1466 2409 1526 2440 fuit
1549 2409 1581 2440 in
1605 2409 1715 2439 sedern
1740 2409 1935 2441 Brixiensem
1964 2421 2049 2443 anno
2079 2412 2159 2443 1335
2177 2422 2194 2443 a
2212 2412 2384 2445 Benedicto

1307 2454 1394 2495 Papa
1417 2454 1492 2492 XII;
1516 2453 1682 2484 laudatum
1701 2453 1874 2494 Ughellum
1898 2455 2039 2487 consule.

1377 2498 1429 2529 111.
1453 2498 1609 2530 Mendum
1639 2508 1770 2529 enorme
1802 2499 1984 2540 praeferunt
2006 2500 2158 2532 Summae
2186 2501 2385 2543 theologicae

1310 2542 1463 2574 editiones
1487 2543 1594 2583 plures
1618 2542 1660 2573 11³¹
1675 2543 1741 2582 11¹2,
1765 2553 1820 2584 qu.
1836 2554 1873 2582 11,
1900 2551 1956 2576 art.
1981 2555 2025 2575 vn
2043 2545 2083 2575 ad
2111 2546 2139 2576 3.
2162 2545 2265 2577 Verba
2288 2553 2381 2588 sunt:

1313 2601 1327 2616 κ
1347 2587 1509 2618 Invenitur
1532 2587 1627 2618 etiam
1651 2587 1684 2618 in
1707 2588 1850 2619 historiis
1864 2589 2085 2620 Romanorum
2119 2590 2208 2631 quod
2240 2597 2384 2632 tempore

1311 2643 1326 2658 ν
1349 2631 1554 2662 Constantini
1575 2632 1718 2672 Augusti
1740 2639 1771 2662 et
1793 2633 1942 2664 Helenae
1964 2635 2079 2664 matris
2102 2635 2191 2672 eius,
2217 2634 2384 2676 inventum

1312 2688 1327 2703 »
1346 2675 1406 2706 fuit
1428 2675 1593 2716 quoddam
1617 2676 1811 2716 sepulcrum,
1835 2676 1868 2707 in
1892 2687 1958 2719 quo
1982 2677 2102 2708 iacebat
2124 2678 2236 2717 homo,
2254 2688 2383 2710 auream

1312 2731 1327 2746 »
1348 2719 1501 2750 laminam
1524 2719 1642 2750 habens
1666 2719 1699 2750 in
1723 2726 1860 2760 pectore,
1884 2721 1916 2752 in
1933 2731 1997 2762 qua
2012 2721 2167 2762 scriptum
2183 2729 2262 2754 erat:
2290 2723 2383 2755 Chri-

1313 2776 1327 2790 »
1346 2769 1416 2795 stus
1439 2769 1591 2794 nascetur
1619 2773 1661 2794 ex
1689 2764 1822 2805 Virgine
1844 2770 1875 2795 et
1898 2775 1958 2807 ego
1982 2765 2077 2796 credo
2101 2767 2133 2796 in
2158 2776 2241 2798 eum.
2269 2766 2298 2798 Ο
2320 2769 2380 2807 sol,

1312 2819 1327 2834 »
1347 2807 1406 2839 sub
1429 2807 1578 2839 Helenae
1605 2813 1635 2838 et
1661 2807 1865 2840 Constantini
1893 2811 2088 2851 temporibus
2119 2811 2234 2842 iterum
2263 2821 2314 2843 me
2337 2813 2382 2844 vi-

1312 2865 1327 2879 »
1347 2852 1443 2883 debis.
1458 2865 1472 2879 ³>
1500 2853 1545 2883 Ita
1568 2852 1683 2892 legitur
1705 2852 1737 2883 in
1756 2853 1904 2885 Romana
1924 2855 1983 2885 sub
1999 2855 2056 2885 Pio
2071 2855 2100 2886 V
2120 2855 2258 2886 editione
2273 2862 2304 2887 et
2325 2857 2381 2888 Ve-

1311 2902 1384 2927 neta
1408 2896 1570 2927 Dominici
1599 2896 1737 2928 Nicolini
1761 2907 1846 2928 anno
1881 2899 1961 2939 1593
1991 2906 2022 2930 et
2049 2901 2279 2940 Antuerpiensi
2310 2899 2380 2945 (seu

1309 2940 1418 2982 potius
1442 2939 1643 2984 Coloniensi)
1667 2941 1806 2973 Cosmae
1828 2943 1975 2974 Morelles
1999 2954 2084 2974 anno
2109 2945 2190 2975 1612
2208 2944 2285 2976 etin
2313 2945 2382 2977 aliis

1310 2985 1453 3016 eiusdem
1463 2985 1616 3016 Summae
1631 2985 1822 3018 editionibus
1838 2987 1971 3019 seorsim
1987 2989 2109 3020 curatis.
2121 2988 2271 3020 Enormis
2287 2990 2382 3022 cubat

1310 3039 1395 3060 error
1422 3030 1455 3060 in
1480 3030 1610 3061 nomine
1641 3030 1808 3062 Helenae:
1841 3041 1939 3074 quem
1968 3033 2128 3064 detersum
2156 3033 2249 3065 video
2280 3043 2380 3066 corre-

1310 3081 1461 3116 ctumque
1484 3074 1517 3105 in
1541 3074 1706 3106 parisiensi
1734 3075 1872 3107 editione
1903 3077 1988 3118 apud
2011 3077 2236 3109 Sebastianum
2261 3083 2292 3110 et
2317 3079 2380 3111 Ga-

1309 3119 1440 3150 brielem'
1467 3119 1642 3160 Cramoisy
1655 3129 1739 3150 anno
1761 3121 1855 3160 1652,
1875 3121 2006 3152 nomine
2027 3122 2134 3154 [renis
2151 3122 2333 3154 substituto.

1377 3163 1510 3194 Factum
1538 3163 1631 3195 refert
1652 3163 1808 3195 Batonius
1843 3165 1883 3196 ad
1915 3176 2037 3198 annum
2068 3167 2148 3209 780,
2181 3177 2270 3199 num.
2295 3167 2314 3198 8
2338 3177 2381 3199 ex

1314 3208 1513 3248 Theophane,
1538 3218 1650 3249 graeco
1674 3209 1835 3249 scriptore,
1859 3209 1892 3240 in
1916 3211 2195 3253 chronographia,
2225 3221 2308 3253 quae
2331 3212 2378 3243 lo-

1309 3262 1383 3283 cum
1406 3252 1501 3283 habet
1518 3252 1551 3283 in
1566 3252 1696 3284 historia
1711 3253 1895 3295 Byzantina,
1910 3264 1982 3296 pag.
2001 3255 2064 3295 384
2077 3255 2111 3286 in
2127 3255 2265 3287 editione
2279 3254 2380 3297 Regia

1309 3296 1473 3327 Parisiensi
1504 3303 1535 3328 et
1557 3307 1628 3338 pag.
1654 3298 1715 3328 305
1740 3297 1774 3328 in
1796 3298 1927 3330 Veneta.
1961 3299 2059 3331 Irene
2081 3306 2181 3332 mater
2203 3306 2270 3331 erat
2293 3299 2378 3331 Con-

1308 3341 1462 3379 stantini,
1488 3341 1543 3383 qui
1567 3341 1685 3373 Leonis
1706 3342 1760 3373 IV
1779 3342 1978 3383 Imperatoris
2006 3342 2091 3375 filius
2115 3350 2189 3375 erat.
2221 3343 2377 3375 Eamdem

1309 3385 1389 3416 inter
1412 3385 1526 3416 latinos
1549 3392 1653 3417 narrat
1671 3386 1836 3418 historiam
1849 3387 2038 3430 sigebertus
2058 3388 2303 3426 Gemblacensis,
2320 3387 2377 3429 qui

1310 3439 1401 3460 suam
1432 3429 1719 3471 chronographiam
1749 3431 1789 3462 ad
1821 3441 1942 3463 annum
1970 3436 2072 3474 usque
2107 3441 2188 3463 1112
2217 3431 2373 3473 perduxit.

1308 3473 1412 3504 Verba
1436 3481 1510 3505 sunt
1533 3474 1573 3504 ad
1592 3485 1712 3505 annum
1733 3475 1812 3517 782:
1836 3475 2114 3518 Constantinopoli
2130 3475 2259 3518 quidam
2283 3476 2376 3507 Iami-

1309 3528 1383 3548 nam
1408 3528 1542 3549 auream
1567 3519 1688 3550 invenit
1711 3526 1768 3550 etc.
1794 3520 1829 3550 ld
1848 3519 1987 3552 evenisse
2002 3519 2216 3564 Theophanes
2235 3519 2375 3558 adnotat,

1308 3562 1352 3592 ad
1375 3563 1489 3603 longos
1523 3563 1681 3594 Thraciae
1710 3573 1830 3595 muros.
1864 3563 1986 3595 Eadem
2013 3563 2148 3595 occurrit
2175 3563 2311 3594 narratio
2335 3573 2378 3595 ex

1309 3606 1475 3647 Sigeberto
1506 3613 1634 3647 sumpta
1661 3608 1747 3648 apud
1784 3608 1980 3639 Vincentium
2007 3607 2287 3645 Bellovacensem,
2320 3609 2373 3650 qui

1308 3656 1416 3680 sancto
1427 3650 1574 3681 Thomae
1589 3651 1728 3692 aequalis
1743 3651 1803 3682 fuit
1817 3651 1850 3682 in
1860 3651 1998 3692 Speculo
2008 3650 2159 3682 historiali
2170 3651 2251 3682 libro
2261 3652 2375 3691 XXIII,
