2788 4204
46 2237 51 2242 ¹
78 2234 86 2242 ⁸
97 2237 152 2254 ece:
161 2231 291 2262 praediaq-

78 2259 126 2280 rat.

79 2286 87 2293 ·
98 2284 160 2307 ιοσι.
171 2290 203 2307 ιν.

79 2448 114 2470 ‘a
123 2447 211 2470 omittit
219 2447 294 2482 estni-

70 2473 222 2502 ficationem.
243 2483 245 2485 ·

80 2500 163 2522 ·.Lect
175 2505 210 2523 ιιι.

81 2715 88 2722 ·
99 2713 160 2736 lntn
169 2718 193 2738 ιι,
204 2713 228 2736 Β.

79 2928 87 2936 ·
103 2925 164 2951 1ηὴ·
174 2930 228 2952 ιι.5.

82 3031 181 3058 ‘1:ex.

1178 293 1289 330 CAP.
1320 294 1353 341 1,
1383 293 1534 330 LECT.
1565 293 1597 328 11

2463 302 2501 326 ll

1053 501 1353 558 LEcT1o
1397 462 1781 558 SECUNDA

928 645 1018 685 DE
1057 645 1300 686 VOCUM
1339 644 1907 705 SIGNIFICATIONE

309 788 410 828 Ἐστι
435 794 494 838 μὲν
520 792 577 826 ουν
603 794 651 826 τοὶ
675 795 708 826 ἒν
734 795 779 836 τῇ
806 795 896 849 φωνῇ
924 795 989 826 τῶν
1023 795 1055 827 ἐν
1082 796 1127 837 τῇ
1160 794 1249 840 ψυχῇ
1283 795 1392 833 παθη-

386 839 504 884 μοίτων
531 838 705 883 σύμβολα,
728 841 785 871 καὶ
804 839 852 872 τοὶ
867 839 1064 886 γραφόμενα
1082 841 1147 872 τῶν
1167 841 1199 872 ἐν
1218 841 1263 883 τῇ
1282 842 1387 884 φωνῇ.

317 929 384 961 Καὶ
409 929 519 972 ὥσπερ
546 922 625 960 οὐδὲ
650 928 843 974 γράμματα
862 929 946 960 πᾶσι
971 928 1020 961 τοὶ
1043 928 1150 969 αὐτοί,
1180 923 1258 964 οὐδὲ
1281 931 1388 972 φωναὶ

387 976 422 1005 αἱ
449 973 569 1005 αὐταί·

317 1017 360 1050 ὦν
387 1017 505 1061 μέντοι
530 1029 649 1049 ταυτα
674 1021 798 1060 σημεια
819 1016 972 1059 πρώτως,
992 1017 1040 1049 τοὶ
1057 1017 1152 1049 αὐτοὶ
1177 1017 1262 1049 πᾶσι
1280 1015 1392 1052 παθή-

385 1074 484 1107 ματα
509 1063 571 1100 τῆς
597 1061 722 1118 ψυχῆς,
744 1064 801 1094 καὶ
826 1061 869 1093 ὦν
888 1063 1006 1093 ταῦτα.
1032 1061 1255 1105 ὁμοιώματα,
1282 1061 1390 1106 πράγ·

386 1119 484 1151 ματα
510 1101 576 1143 ἤδη
603 1105 735 1139 ταῦτα.

316 1152 393 1195 Περὶ
418 1151 477 1194 μὲν
504 1163 561 1183 ουν
587 1162 719 1184 τουτων
745 1152 878 1195 εἴρηται
896 1150 929 1183 ἐν
948 1154 1019 1188 τοῖς
1046 1150 1119 1194 περὶ
1144 1149 1264 1194 ψυχῆς·
1285 1149 1388 1185 ἄλλης

386 1196 451 1241 γοίρ
477 1206 596 1228 ταυτα
622 1197 876 1241 πραγματείας.

379 1289 530 1317 Smopsxs
542 1305 576 1309 —
594 1298 617 1316 1.
629 1289 712 1316 Ordo
733 1288 957 1316 dicendorum.-
966 1294 993 1314 2.
1005 1286 1135 1321 Homini,
1151 1292 1254 1314 natura
1274 1295 1327 1314 sua
1347 1295 1392 1314 ra-

318 1329 419 1366 tionali
441 1335 469 1356 et
489 1328 598 1367 sociali,
612 1328 791 1357 necessariae
813 1334 880 1356 sunt
900 1336 986 1369 voces
1007 1333 1035 1354 et
1056 1326 1227 1362 scriptura.-
1205 1326 1262 1353 --3
1277 1327 1391 1354 Vocum

318 1364 505 1408 significatio,
520 1375 621 1405 utpote
637 1378 711 1405 quae
726 1375 768 1396 est
782 1355 960 1395 immediata
965 1365 1205 1403 conceptionibus
1221 1365 1391 1401 intellectus,

294 1403 297 1406 ⁴
317 1409 442 1478 εἶιιίιιει
462 1409 500 1437 ad
521 1408 710 1445 principalem
725 1407 988 1436 considerationem
1004 1407 1169 1444 Logicae.-
1182 1415 1210 1440 4.
1226 1407 1341 1434 Nomen
1364 1413 1392 1434 et

354 1449 440 1476 rbum
461 1454 490 1476 et
509 1448 567 1477 alia
586 1448 754 1477 huiusmodi
775 1447 924 1492 tripliciter
944 1447 1051 1475 habent
1068 1455 1139 1481 esse,
1154 1446 1184 1474 in
1199 1446 1390 1482 conceptione

350 1489 494 1523 tellectus,
518 1488 551 1516 in
573 1488 739 1525 prolatione
759 1487 839 1515 vocis
863 1493 891 1515 et
908 1487 938 1515 in
962 1486 1175 1523 conscriptione
1192 1485 1360 1514 litterarum.
1371 1501 1392 1508 -

319 1498 506 1600 ἴΝοιιιίι-ια,
530 1529 618 1556 verba
637 1535 665 1556 et
686 1527 834 1556 orationes
855 1526 1016 1564 significant
1037 1526 1203 1554 immediate
1231 1525 1391 1554 intellectus

319 1567 543 1605 *onceptiones,
566 1575 594 1596 et
615 1568 656 1596 eis
678 1567 872 1596 mediantibus
898 1576 952 1595 res
962 1582 984 1588 -
998 1568 1024 1594 6.
1041 1566 1203 1602 Conceptio
1232 1566 1391 1594 intellectus

319 1608 379 1644 lato
401 1617 488 1636 sensu
509 1614 604 1644 potest
619 1607 675 1636 dici
690 1607 802 1652 passio:
807 1616 983 1644 -vocesque
998 1607 1133 1635 dicuntur
1146 1615 1208 1634 esse
1224 1606 1306 1642 signa
1319 1614 1391 1650 pas-

319 1648 433 1694 'ionum
455 1648 588 1684 animae,
614 1655 677 1676 tum
699 1647 769 1684 quia
790 1656 823 1675 ex
842 1647 977 1684 passione
998 1646 1131 1683 provenit
1152 1652 1183 1674 ut
1204 1647 1296 1674 homo
1317 1645 1390 1673 inte-

320 1687 427 1722 riorem
454 1694 628 1724 conceptum
654 1697 706 1724 per
731 1696 818 1715 voces
846 1686 926 1715 alteri
955 1686 1114 1723 significare
1135 1685 1217 1720 velit;
1239 1692 1300 1713 tum
1323 1685 1392 1722 quia

321 1727 474 1764 conceptio
490 1727 658 1762 intellectus,
675 1737 764 1764 quam
776 1726 946 1764 significant,
961 1735 979 1754 a
992 1727 1078 1754 rebus
1093 1726 1316 1762 quodammodo
1332 1725 1390 1752 ori-

320 1773 367 1805 tur
386 1776 440 1804 per
457 1768 580 1796 modum
595 1767 747 1796 cuiusdam
763 1766 906 1803 passionis
920 1775 1031 1801 sensus,
1046 1775 1064 1794 a
1077 1775 1137 1802 quo
1152 1771 1195 1793 est
1209 1766 1390 1801 phantasma,

469 1878 480 1890 .
527 1861 575 1897 ’,ι
591 1854 774 1892 raemisso
790 1854 1006 1903 prooemio,
1014 1853 1271 1901 Philosophus
1287 1865 1392 1889 acce-

558 1908 644 1945 dit
676 1908 726 1945 ad
756 1907 998 1956 propositum
1032 1906 1313 1966 exequendum.
1344 1907 1393 1943 Et

521 1961 575 2004 S?
591 1961 679 2010 quia
705 1973 764 2008 ea,
786 1961 834 1998 de
863 1960 1001 2010 quibus
1021 1960 1250 2009 promiserat
1277 1972 1317 1996 se
1338 1960 1391 1996 di-

392 2040 396 2042 *
476 2043 480 2047 ,
535 2014 540 2038 :
591 2022 753 2061 cturum,
765 2022 853 2051 sunt
866 2026 984 2051 voces
999 2012 1270 2074 significativae
1287 2026 1391 2050 corn-

318 2067 453 2116 plexae
472 2069 535 2104 vel
563 2068 841 2116 incomplexae,
862 2067 949 2104 ideo
968 2067 1173 2115 praemittit
1192 2073 1390 2103 tractatum

321 2120 368 2158 de
395 2121 671 2170 signficatione
707 2133 869 2158 vocum:
906 2128 942 2157 et
975 2120 1113 2158 deinde
1149 2122 1196 2159 de
1230 2120 1391 2157 vocibus

319 2173 578 2222 significativis
616 2174 842 2212 determinat
870 2174 918 2211 de
952 2174 1090 2222 quibus
1123 2175 1161 2212 in
1188 2174 1390 2222 prooemio

321 2239 362 2264 se
383 2226 572 2264 dicturum
590 2227 859 2276 promiserat*
879 2229 928 2264 Et
947 2228 1022 2264 hoc
1040 2227 1104 2264 ibi:
1123 2229 1276 2266 Nomen
1297 2240 1390 2277 ergo

320 2286 376 2317 est
404 2291 483 2316 vox
515 2281 767 2330 significativa
792 2281 812 2301 *
838 2288 907 2318 etc.
924 2301 948 2308 -
965 2280 1076 2317 Circa
1109 2282 1278 2330 primum
1314 2281 1390 2318 duo

320 2333 423 2370 facit:
442 2333 581 2382 primo,
604 2334 830 2370 determinat
853 2334 974 2383 qualis
1003 2334 1048 2370 sit
1071 2334 1293 2382 significatio
1321 2347 1390 2371 vo-

322 2399 430 2431 cum;
456 2387 639 2433 secundo,
671 2387 835 2424 ostendit
870 2387 1122 2424 differentiam
1151 2387 1390 2435 significatio·

321 2451 416 2476 num
426 2440 599 2476 *vocum
610 2440 896 2488 complexurum
917 2447 954 2476 et
972 2441 1316 2489 incomplexarum;
1327 2441 1389 2477 ibi:

319 2493 390 2530 Est
420 2498 546 2530 autem
581 2493 898 2541 quemadmodum
917 2493 937 2514 *
952 2501 1021 2530 ete.
1037 2514 1061 2521 -
1078 2493 1188 2531 Circa
1222 2494 1390 2543 primum

322 2545 400 2583 duo
430 2545 533 2582 facit:
553 2546 679 2595 primo
709 2546 881 2595 quidem,
904 2543 1111 2595 praemittit
1139 2547 1314 2584 ordinem
1345 2547 1390 2584 si-

321 2598 573 2647 gnificationis
599 2612 763 2646 vocum3
793 2599 978 2647 secundo,
1005 2600 1169 2637 ostendit
1197 2600 1317 2650 qualis
1347 2600 1393 2637 sit

320 2663 466 2688 vocum
501 2652 741 2700 significatio,
774 2660 902 2690 utrum
933 2653 979 2690 sit
1013 2665 1058 2689 ex
1087 2661 1221 2690 natura
1253 2654 1316 2691 vel
1346 2666 1392 2690 ex

320 2704 578 2754 impositione;
589 2705 653 2742 ibi:
665 2706 715 2742 Et
723 2706 1040 2754 quemadmodum
1055 2718 1124 2743 nec
1138 2707 1281 2744 litterae
1290 2707 1311 2728 '⁸
1321 2714 1390 2744 etc.

403 2770 439 2796 2.
467 2759 536 2796 Est
569 2770 658 2806 ergo
695 2758 1018 2796 considerandum
1050 2760 1156 2808 quod
1185 2760 1284 2797 circa
1316 2760 1391 2809 pri-

322 2823 432 2848 mum
460 2811 530 2848 tria
557 2811 757 2860 proponit,
786 2824 832 2848 ex
864 2824 1032 2860 quorum
1065 2825 1144 2850 uno
1179 2813 1394 2861 intelligitur

323 2871 513 2914 quartum.
534 2865 720 2914 Proponit
739 2865 840 2902 enim
869 2866 1107 2914 scripturam,
1128 2878 1238 2903 voces
1258 2874 1294 2903 et
1313 2868 1393 2904 ani—

323 2929 410 2954 mae
431 2918 626 2966 passiones
640 2918 672 2965 *,
693 2931 740 2955 ex
759 2918 1172 2967 quibusintelliguntur
1192 2933 1262 2957 res.
1290 2921 1393 2957 Nam

322 2969 450 3019 passio
480 2978 536 3007 est
564 2983 610 3008 ex
629 2971 881 3020 impressione
908 2971 1064 3009 alicuius
1093 2973 1254 3021 agentis;
1276 2981 1313 3010 et
1341 2973 1394 3011 sic

323 3022 522 3072 passiones
537 3023 689 3060 animae
704 3024 890 3072 originem
903 3025 1046 3062 habent
1064 3025 1112 3062 ab
1126 3026 1245 3075 *ipsis
1266 3027 1392 3064 rebus.

325 3076 385 3112 Et
402 3075 432 3113 si
461 3076 618 3125 quidem
646 3077 766 3114 homo
796 3085 895 3114 esset
922 3079 1140 3116 naturaliter
1164 3079 1304 3117 animal
1334 3093 1393 3117 5ο-

324 3128 501 3176 litarium,
522 3129 741 3166 sufficerent
759 3129 829 3167 sibi
850 3129 1000 3168 animae
1018 3132 1234 3180 passiones,
1253 3133 1394 3193 quibus

325 3181 415 3231 ipsis
444 3182 558 3219 rebus
587 3183 900 3231 conformaretur,
919 3191 963 3220 ut
990 3196 1123 3222 earum
1155 3186 1328 3223 notitiam
1357 3187 1395 3223 in

327 3247 366 3272 se
395 3235 570 3282 haberet;
591 3235 659 3272 sed
679 3235 768 3284 quia
786 3236 906 3274 homo
936 3244 992 3274 est
1010 3238 1150 3276 animal
1178 3239 1396 3276 naturaliter

381 3384 408 3419 α)
428 3384 489 3409 Non
503 3387 619 3416 possunt
632 3383 696 3409 bene
709 3385 846 3410 convivere
858 3386 896 3410 ad
915 3386 1041 3412 invicem:
1056 3396 1068 3410 ε
1078 3387 1238 3420 Linguarum
1253 3389 1397 3420 diversitas,

330 3431 343 3443 »
360 3420 446 3453 inquit
459 3427 479 3445 s.
489 3419 666 3452 Augustinus,
680 3419 815 3445 hominem
829 3420 922 3445 alienat
936 3421 967 3446 ab
982 3422 1095 3447 homine.
1107 3423 1172 3447 Nam
1187 3423 1210 3448 si
1225 3423 1277 3448 duo
1292 3424 1396 3449 sibimet

329 3456 468 3480 »invicem
487 3454 550 3479 fiant
567 3455 680 3486 obviam,
700 3463 787 3487 neque
805 3456 952 3488 praeterire,
967 3457 1014 3481 sed
1029 3458 1107 3482 simul
1126 3465 1186 3482 esse
1202 3458 1288 3491 aliqua
1304 3467 1396 3484 neces-

329 3500 343 3515 »
359 3491 433 3516 sitate
452 3495 591 3523 cogantur,
617 3498 730 3523 quorum
750 3495 841 3515 neuter
865 3491 932 3515 norit
950 3492 1066 3524 linguam
1085 3493 1204 3524 alterius;
1229 3493 1328 3519 facilius
1347 3495 1396 3519 sibi

329 3537 342 3550 »
359 3526 478 3551 animalia
497 3531 583 3556 muta,
603 3526 679 3550 etiam
704 3525 799 3551 diversi
817 3526 934 3558 generis,
953 3535 1034 3559 quam
1052 3527 1103 3558 illi,
1127 3536 1187 3553 cum
1206 3528 1258 3553 sint
1276 3529 1396 3555 homines

330 3572 342 3585 ι
359 3562 445 3592 ambo,
466 3562 603 3586 sociantur.
624 3561 736 3591 Quando
754 3561 824 3585 enim
843 3569 911 3594 quae
931 3562 1054 3593 sentiunt,
1073 3563 1139 3587 inter
1157 3571 1187 3588 se
1206 3565 1397 3590 communicare

330 3606 344 3621 ι
360 3605 413 3622 non
427 3602 548 3630 possunt,
559 3602 664 3629 propter
679 3597 762 3621 solam
777 3596 880 3628 linguae
894 3597 1075 3628 diversitatem,
1092 3598 1154 3622 nihil
1168 3599 1276 3630 prodest
1289 3600 1321 3624 ad
1335 3608 1396 3625 con-

330 3643 343 3656 »
360 3633 497 3658 sociandos
516 3632 637 3657 homines
655 3636 724 3657 tanta
743 3631 884 3657 similitudo
902 3637 1022 3657 naturae:
1041 3633 1075 3658 ita
1088 3638 1117 3658 ut
1131 3633 1251 3660 libentius
1270 3634 1350 3660 homo
1365 3636 1399 3660 sit

1445 797 1462 817 *
1474 798 1555 828 Sunt
1571 808 1645 837 ergo
1662 808 1697 828 ea
1710 808 1793 838 quae
1808 805 1882 828 sunt
1902 798 1934 827 in
1948 808 2038 835 voce,
2054 807 2163 828 earum
2178 807 2259 838 quae
2274 804 2347 828 sunt
2360 797 2393 827 in
2408 796 2513 826 anima

1512 842 1699 882 passionum
1722 849 1835 872 notae:
1860 849 1890 872 et
1914 852 1950 871 ea
1973 852 2053 882 quae
2078 842 2271 879 scribuntur,
2295 851 2408 872 eorum
2431 851 2512 882 quae

1513 893 1586 916 sunt
1609 886 1642 916 in
1666 896 1754 916 voce.

1445 931 1486 960 Et
1505 930 1780 971 quemadmodum
1809 939 1866 960 nec
1889 930 2007 960 litterae
2037 930 2164 960 eaedem
2188 930 2353 968 omnibus,
2381 930 2428 960 sic
2455 939 2512 959 nec

1512 975 1642 1004 eaedem
1666 981 1776 1004 voces:

1445 1028 1586 1059 quorum
1609 1025 1717 1048 autem
1740 1018 1799 1047 hae
1817 1018 1999 1057 primorum
2024 1017 2128 1057 primo
2152 1025 2245 1048 notae
2269 1026 2353 1055 sunt,
2384 1018 2512 1048 eaedem

1513 1062 1663 1092 omnibus
1687 1061 1850 1102 passiones
1873 1061 1997 1091 animae
2021 1069 2111 1100 sunt;
2137 1070 2167 1093 et
2190 1073 2330 1103 quorum
2349 1063 2408 1092 hae
2427 1062 2512 1092 simi-

1511 1106 1677 1144 litudines,
1702 1116 1750 1136 res
1774 1106 1869 1136 etiam
1894 1106 2031 1136 eaedem.

1445 1150 1493 1180 De
1512 1150 1561 1180 his
1580 1150 1685 1191 itaque
1705 1150 1826 1180 dictum
1845 1157 1890 1180 est
1909 1150 1941 1179 in
1961 1150 2024 1188 his,
2042 1160 2123 1191 quae
2143 1151 2223 1181 dicta
2243 1158 2315 1181 sunt
2339 1151 2377 1180 de
2392 1150 2511 1180 anima:

1512 1194 1637 1224 alterius
1661 1201 1707 1224 est
1731 1194 1816 1224 enim
1839 1194 1972 1233 negocii.

1449 1286 1510 1314 sine
1525 1295 1585 1323 quo
1600 1286 1630 1313 in
1644 1286 1729 1314 nobis
1743 1295 1805 1314 non
1819 1293 1862 1313 est
1876 1285 2040 1323 intelligere.
2050 1303 2062 1307 -
2074 1296 2100 1322 7.
2116 1286 2244 1314 Nomina
2263 1293 2290 1314 et
2308 1288 2395 1315 verba
2409 1287 2513 1323 scripta

1448 1326 1614 1354 immediate
1629 1326 1790 1363 significant
1804 1326 1926 1354 nomina
1940 1334 1968 1355 et
1978 1327 2064 1354 verba
2079 1335 2153 1363 quae
2164 1333 2229 1354 sunt
2243 1326 2273 1354 in
2287 1336 2387 1355 voce.-
2399 1328 2425 1355 8.
2438 1327 2513 1362 Quia

1446 1375 1500 1394 nec
1519 1375 1605 1394 voces
1620 1366 1795 1401 articulatae,
1817 1375 1870 1394 nec
1885 1366 1993 1395 litterae
2009 1373 2075 1394 sunt
2090 1367 2209 1394 eaedem
2224 1367 2301 1402 apud
2315 1376 2431 1402 omnes,
2447 1367 2512 1394 ideo

1446 1415 1507 1434 non
1529 1406 1696 1434 naturaliter
1710 1406 1883 1442 significant,
1900 1408 1950 1434 sed
1965 1416 1999 1434 ex
2013 1406 2191 1434 institutione
2206 1407 2363 1434 humana.-
2377 1407 2513 1434 Attamen

1446 1452 1513 1474 sunt
1527 1447 1671 1482 quaedam
1682 1455 1768 1474 voces
1783 1455 1858 1483 quae
1872 1446 2039 1474 naturaliter
2055 1446 2224 1483 significant,
2236 1453 2263 1474 et
2273 1455 2347 1483 quae
2361 1453 2514 1482 propterea

1446 1487 1566 1514 eaedem
1588 1492 1655 1513 sunt
1676 1487 1754 1522 apud
1776 1496 1957 1523 omnes.-9.
1969 1487 2122 1515 Passiones
2150 1496 2201 1514 seu
2227 1486 2407 1523 cognitiones
2430 1493 2513 1514 natu-

1446 1526 1542 1553 raliter
1562 1535 1607 1553 res
1629 1526 1795 1562 designant,
1817 1536 1851 1554 ex
1874 1526 1902 1554 vi
1921 1526 2076 1563 requisitae
2102 1526 2295 1554 similitudinis
2319 1526 2359 1554 rei
2383 1526 2514 1563 cognitae

1446 1565 1476 1593 in
1491 1573 1699 1602 cognoscente3
1720 1571 1747 1593 et
1762 1566 1828 1594 ideo
1844 1567 1963 1594 eaedem
1979 1573 2046 1594 sunt
2060 1567 2137 1603 apud
2152 1576 2264 1595 omnes.
2277 1582 2294 1588 -
2310 1575 2353 1594 10.
2366 1566 2514 1602 Simplices

1445 1605 1606 1633 intellectus
1627 1605 1842 1641 conceptiones,
1858 1606 1963 1643 quibus
1979 1606 2103 1635 essentia
2123 1606 2165 1634 rei
2186 1606 2379 1644 cognoscitur,
2402 1615 2515 1642 semper

1446 1652 1513 1673 sunt
1527 1655 1611 1674 verae
1622 1653 1649 1673 et
1663 1646 1783 1673 eaedem
1794 1647 1872 1683 apud
1887 1656 1990 1674 omnes
2005 1653 2033 1674 et
2048 1656 2096 1674 eas
2111 1646 2206 1683 primo
2218 1656 2303 1675 voces
2318 1646 2486 1683 significant.
2495 1661 2515 1667 —

1451 1695 1494 1712 ιι.
1509 1685 1644 1713 identitas
1660 1685 1859 1722 conceptionis
1874 1687 1987 1714 adserta
2008 1686 2037 1714 in
2060 1686 2197 1715 omnibus
2218 1696 2279 1715 non
2301 1693 2343 1714 est
2364 1695 2415 1723 per
2434 1695 2515 1714 com-

1446 1725 1628 1762 parationem
1650 1726 1686 1753 ad
1701 1735 1795 1761 voces,
1819 1727 1869 1754 sed
1884 1736 1936 1762 per
1950 1726 2200 1763 comparationem
2222 1727 2259 1754 ad
2280 1736 2366 1754 res.-
2384 1734 2427 1754 12.
2442 1726 2514 1753 Tra-

1446 1771 1538 1793 ctatus
1559 1766 1596 1793 de
1618 1765 1783 1802 cognitione
1804 1775 1865 1794 non
1884 1766 2007 1802 pertinet
2027 1767 2064 1794 ad
2086 1767 2233 1803 Logicam.

1441 1853 1636 1902 politicum
1662 1861 1698 1890 et
1724 1854 1873 1900 sociale,
1894 1867 2050 1891 necesse
2079 1855 2146 1891 fuit
2165 1856 2270 1904 quod
2300 1855 2514 1904 conceptio-

1448 1919 1515 1944 nes
1547 1907 1660 1944 unius
1697 1907 1863 1944 hominis
1891 1908 2170 1944 innotescerent
2204 1908 2304 1956 aliis,
2335 1909 2440 1958 quod
2474 1909 2516 1944 fit

1446 1973 1515 2008 per
1533 1973 1692 2008 vocem;
1714 1969 1751 1998 et
1769 1962 1856 1999 ideo
1877 1974 2032 1998 necesse
2053 1961 2121 1998 fuit
2149 1974 2231 1998 esse
2259 1975 2377 1999 voces
2406 1962 2515 2011 signi-

1447 2014 1629 2060 ficativas,
1651 2015 1700 2052 ad
1719 2016 1795 2051 hoc
1814 2015 1919 2064 quod
1938 2015 2114 2051 homines
2134 2015 2182 2052 ad
2202 2015 2367 2052 invicem
2390 2017 2409 2037 *
2429 2029 2517 2053 eon-

1447 2068 1633 2105 viverent.
1661 2069 1772 2106 Unde
1802 2069 1869 2115 illi,
1900 2069 1963 2118 qui
1994 2077 2080 2105 sunt
2109 2069 2346 2105 diversarum
2375 2070 2517 2117 lingua-

1449 2133 1555 2167 rum,
1587 2134 1665 2158 non
1693 2130 1855 2170 possunt
1876 2123 1974 2159 bene
2004 2122 2210 2159 convivere
2240 2123 2288 2159 ad
2307 2122 2471 2159 invicem
2487 2130 2516 2161 “.

1449 2175 1618 2211 Rursum
1647 2175 1677 2211 si
1705 2176 1825 2212 homo
1854 2183 2023 2213 uteretur
2051 2176 2132 2212 sola
2161 2176 2374 2223 cognitione
2403 2177 2518 2213 sensi-

1447 2228 1536 2275 tiva,
1558 2241 1656 2276 quae
1686 2229 1835 2277 respicit
1855 2230 1979 2266 solum
2002 2229 2022 2250 '¹‘
2041 2229 2091 2265 ad
2107 2229 2168 2264 hic
2187 2236 2223 2264 et
2248 2241 2347 2265 nunc
2365 2228 2393 2275 Ρ,
2415 2231 2517 2267 suffi-

1449 2289 1551 2317 ceret
1578 2281 1649 2318 sibi
1669 2281 1718 2318 ad
1739 2281 2027 2319 convivendum
2048 2282 2127 2318 aliis
2155 2294 2232 2318 vox
2258 2282 2516 2330 significativa,

1449 2334 1544 2370 sicut
1572 2342 1608 2370 et
1643 2335 1798 2371 caeteris
1827 2335 2075 2394 animalibus,
2104 2347 2201 2384 quae
2229 2348 2299 2384 per
2332 2337 2517 2385 quasdam

1447 2400 1577 2435 voces,
1594 2400 1682 2424 suas
1703 2388 1972 2437 conceptiones
1987 2388 2153 2425 invicem
2170 2387 2239 2425 sibi
2259 2389 2516 2427 manifestant:

1449 2441 1517 2477 sed
1554 2441 1642 2489 quia
1670 2442 1789 2478 homo
1818 2441 1934 2478 utitur
1967 2441 2081 2478 etiam
2118 2441 2357 2479 intellectuali
2392 2443 2517 2491 cogni-

1448 2494 1563 2541 tione,
1585 2506 1683 2543 quae
1712 2495 1894 2532 abstrahit
1913 2495 1961 2532 ab
1989 2495 2050 2532 hic
2075 2502 2110 2531 et
2137 2507 2258 2540 nunc‚·
2278 2496 2520 2545 consequitur

1448 2547 1575 2596 ipsum
1604 2547 1816 2585 sollicitudo
1838 2561 1916 2585 non
1945 2549 2070 2585 solum
2097 2548 2144 2585 de
2171 2549 2434 2597 praesentibus
2462 2563 2518 2587 se-

1449 2601 1619 2637 cundum
1641 2601 1764 2638 locum
1784 2607 1819 2638 et
1837 2607 1980 2650 tempus
1999 2606 2025 2647 ⁷,
2052 2601 2120 2638 sed
2140 2602 2254 2638 etiam
2276 2602 2322 2639 de
2342 2602 2400 2639 his
2421 2615 2518 2651 quae

1450 2654 1587 2691 distant
1605 2654 1691 2690 loco
1713 2662 1749 2691 et
1769 2655 1893 2691 futura
1908 2662 1995 2691 sunt
2009 2662 2195 2703 tempore.
2213 2656 2323 2692 Unde
2342 2663 2384 2692 ut
2398 2657 2517 2693 homo

1450 2707 1720 2755 conceptiones
1740 2721 1827 2745 suas
1854 2708 1967 2745 etiam
1987 2708 2045 2745 his
2065 2707 2129 2756 qui
2150 2708 2286 2745 distant
2305 2709 2516 2746 secundum

1448 2761 1578 2797 locum
1599 2767 1635 2796 et
1653 2760 1711 2797 his
1741 2761 1805 2810 qui
1830 2761 1980 2798 venturi
2007 2769 2094 2798 sunt
2122 2761 2161 2798 in
2190 2762 2314 2798 futuro
2343 2769 2516 2811 tempore

1449 2814 1681 2861 manifestet,
1702 2815 1939 2852 necessarius
1968 2815 2036 2852 fuit
2062 2827 2154 2852 usus
2181 2816 2389 2863 scripturae
2407 2812 2431 2852 ὃ.

1533 2868 1567 2904 3.
1590 2867 1668 2904 Sed
1697 2868 1785 2916 quia
1805 2868 1948 2916 Logica
1972 2868 2166 2905 ordinatur
2185 2868 2233 2904 ad
2263 2868 2516 2916 cognitionem

1451 2920 1499 2957 de
1527 2921 1642 2958 rebus
1662 2921 1903 2968 sumendam,
1925 2921 2145 2969 significatio
2169 2934 2324 2968 vocum,
2346 2934 2443 2970 quae
2464 2929 2518 2958 est

1449 2973 1672 3011 immediata
1705 2974 1795 3023 ipsis
1831 2975 2141 3023 conceptionibus
2176 2974 2403 3021 intellectus,
2432 2987 2517 3023 per-

1450 3027 1542 3064 tinet
1569 3027 1619 3064 ad
1646 3027 1894 3076 principalem
1929 3027 2271 3064 considerationem
2303 3027 2442 3076 ipsius;
2471 3027 2517 3064 si—

1450 3080 1640 3128 gnificatio
1662 3088 1791 3117 autem
1811 3081 2029 3128 litterarum,
2051 3088 2232 3129 tanquam
2254 3081 2372 3129 magis
2393 3093 2517 3117 remo—

1450 3141 1507 3181 ta,
1535 3146 1614 3170 non
1650 3134 1812 3182 pertinet
1849 3134 1897 3171 ad
1935 3134 2016 3170 eius
2057 3134 2420 3181 considerationem,
2450 3134 2516 3171 sed

1450 3187 1570 3234 magis
1591 3188 1611 3207 ⁴*
1640 3187 1689 3223 ad
1710 3187 2053 3224 considerationem
2082 3187 2327 3235 grammatici.
2358 3188 2407 3223 Et
2430 3187 2516 3224 ideo

1451 3252 1646 3288 exponens
1675 3240 1850 3277 ordinem
1880 3240 2196 3288 significationum
2230 3253 2308 3277 non
2341 3240 2468 3289 incipit
2496 3252 2518 3276 a

1454 3399 1467 3412 ιν
1484 3397 1543 3413 cum
1554 3397 1617 3413 cane
1636 3397 1694 3419 suo,
1706 3397 1785 3421 quam
1802 3397 1861 3413 cum
1877 3389 1982 3415 homine
1998 3390 2081 3414 alieno
2098 3398 2112 3414 x·
2134 3388 2187 3423 (De
2201 3389 2308 3414 civitate
2323 3389 2381 3418 Det,
2397 3389 2439 3413 lib.
2449 3389 2517 3420 XlX,

1453 3432 1507 3457 cap.
1521 3432 1566 3454 vn,
1580 3424 1620 3448 ed.
1634 3423 1736 3457 Maur.).
1746 3439 1766 3443 —
1780 3424 1844 3449 Cod.
1859 3425 1894 3449 B:
1910 3425 1980 3450 unde
1998 3426 2081 3457 aliqui
2100 3424 2140 3458 (in
2160 3431 2241 3457 marg.
2256 3425 2313 3449 add.
2327 3424 2387 3456 qui)
2401 3428 2464 3450 sunt
2477 3425 2517 3450 di-

1453 3467 1618 3484 versarum...
1637 3459 1674 3483 ad
1693 3459 1802 3484 invicem
1817 3460 1963 3485 convivere.

1506 3493 1531 3528 β)
1547 3495 1600 3519 Hic
1619 3499 1644 3518 et
1663 3502 1740 3522 nunc,
1756 3494 1822 3518 idest
1841 3495 1890 3519 loci
1911 3501 1936 3520 et
1960 3495 2086 3527 temporis
2106 3495 2284 3520 determinatio
2304 3493 2353 3528 (Cf.
2371 3495 2514 3520 Posterior.

1452 3530 1581 3562 analytic.
1596 3529 1639 3553 lib.
1654 3530 1672 3559 l,
1692 3530 1748 3554 lect.
1758 3528 1835 3563 xL11).

1505 3566 1532 3599 γ)
1553 3565 1703 3590 Secundum
1723 3565 1821 3593 Iocum,
1841 3566 1912 3597 quod
1931 3565 2080 3590 Scholastici
2100 3565 2175 3589 etiam
2195 3565 2282 3589 dicunt
2300 3565 2443 3590 secundum
2461 3565 2517 3595 hic;

1453 3601 1519 3625 sicut
1536 3600 1679 3624 secundum
1699 3603 1801 3632 tempus
1820 3600 2018 3625 determinatum
2037 3601 2124 3625 dicunt
2141 3600 2283 3625 secundum
2303 3608 2379 3626 nunc.

1506 3634 1531 3669 δ)
1552 3635 1710 3667 Scripturae
1727 3636 1768 3660 vel
1794 3640 1872 3668 prout
1891 3635 2062 3660 communiter
2080 3636 2130 3660 hoc
2148 3636 2276 3660 vocabulo
2295 3635 2456 3668 intelligitur,
2476 3636 2516 3660 vel

2541 804 2547 811 ·
2560 803 2613 831 Seq.
2625 808 2644 824 c.
2655 809 2670 823 ι.

2546 2023 2553 2031 “
2565 2028 2579 2053 t}
2599 2022 2684 2043 omittit
2695 2022 2765 2042 adin·

2546 2054 2628 2070 &lem-

2645 2137 2661 2152 α

2547 2237 2555 2246 ·
2567 2242 2595 2258 ac
2606 2236 2718 2258 omittunt
2730 2242 2765 2258 so-

2546 2263 2599 2285 lum.
2647 2291 2661 2324 β

2548 3199 2554 3207 ·
2563 3204 2576 3219 Α
2588 3197 2757 3225 omitumagis.
