2548 4192
199 277 307 302 CXXIV

859 551 1501 616 DISSERTATIO
1565 553 1725 615 VII.

403 715 468 777 De
497 713 841 777 Commentariis
869 734 916 773 in
945 737 1122 784 septem
1149 734 1384 784 Epistolas
1414 735 1674 775 Canonicas
1703 739 1749 775 et
1777 736 1824 775 in
1852 737 2198 788 Apocalypsim‚

825 813 987 850 sancto
1016 808 1220 850 Thomae
1249 810 1466 860 Aquinati
1495 811 1759 860 suppositis.

601 1269 799 1306 CAPUT
830 1269 856 1305 Ι.

194 1350 377 1376 Commentarii
392 1350 418 1374 in
433 1353 534 1382 septem
545 1348 673 1381 Epistolas
688 1348 839 1378 Canonicas,
850 1348 929 1372 veluti
944 1348 1100 1381 supposititii
1110 1348 1272 1373 reliduntur·

266 1386 376 1412 Elumbe
400 1385 507 1410 aliorum
527 1384 672 1408 criticorum
691 1388 883 1415 argumentum.
903 1383 1005 1408 Solidae
1029 1391 1059 1409 ac
1076 1391 1154 1409 verae
1172 1391 1266 1409 causae

266 1421 458 1456 suppositionis.
478 1420 582 1445 Nicolao
602 1419 719 1444 Gorrano
738 1419 923 1444 adiudicantur.

324 1507 343 1533 ‚-
358 1513 368 1519 —
407 1517 415 1523 .
434 1528 438 1530 ,
456 1507 477 1522 ω
507 1530 511 1534 1
527 1490 629 1521 riticas
648 1490 946 1528 animadversiones,
966 1500 1048 1531 quae
1071 1497 1162 1530 aptae
1181 1489 1265 1519 visae

430 1576 432 1578 ’
477 1588 499 1622 ³.
528 1589 598 1609 mae
613 1578 870 1610 Commentarios
889 1580 922 1609 in
939 1579 1102 1619 Epistulas
1119 1589 1145 1610 s.
1157 1579 1263 1616 Pauli,

414 1629 470 1674 ῃ
529 1634 646 1664 eosque
670 1634 688 1653 a
711 1623 865 1654 severiore
884 1634 920 1654 ac
939 1623 1035 1654 etiam
1056 1623 1166 1665 iniqua
1185 1634 1265 1654 non-

420 1678 446 1695 ;«
470 1686 492 1702 ,ἶ
528 1668 692 1699 nullorum
721 1678 851 1698 censura
881 1668 1099 1706 vindicandos,
1125 1669 1265 1709 comple·-

486 1721 503 1739 ὴ
529 1713 621 1743 ctitur
641 1723 752 1743 omnes
772 1713 916 1752 superior
930 1711 1124 1743 Dissertatio.
1140 1713 1265 1744 Metho-

436 1750 443 1759 “
529 1758 605 1788 dum
626 1763 779 1788 servatam
795 1757 947 1788 hactenus
965 1767 1081 1798 sequor
1097 1765 1173 1797 ego,
1194 1768 1266 1788 cau-

196 1812 307 1843 sasque
318 1802 456 1842 profero,
473 1812 553 1842 quae
564 1812 616 1832 me
626 1802 833 1842 impulerunt,
846 1811 902 1832 cur
913 1802 1059 1842 depulsas
1075 1801 1267 1843 reiectasque

195 1847 291 1877 velim
314 1846 536 1886 Expositiones
567 1847 599 1876 in
631 1851 748 1886 septem
772 1846 935 1886 Epistolas
967 1846 1149 1877 Canonicas
1172 1852 1202 1877 et
1234 1848 1266 1877 in

196 1892 434 1932 Apocabfpsim,
455 1901 537 1931 quae
561 1891 619 1921 sub
642 1891 772 1921 nomine
796 1890 939 1930 Angelici
955 1890 1103 1922 Doctoris
1121 1891 1268 1921 Thomae

197 1936 280 1976 typis
305 1935 406 1966 editae
423 1935 695 1966 circumferuntur.

263 1980 364 2020 Typis
387 1979 533 2010 Parisinis
558 1979 684 2010 Ioannis
707 1979 831 2017 Boulle,
856 1979 962 2010 studio
986 1986 1017 2010 et
1041 1979 1123 2010 curis
1142 1979 1269 2011 Claudii

198 2025 237 2054 de
272 2024 368 2064 Spina
400 2024 481 2054 Galli
510 2024 666 2062 Neustrii,
690 2023 820 2055 Ordinis
848 2024 1105 2055 Praedicatorum
1133 2024 1270 2063 alumni,

198 2068 298 2109 patria
313 2075 342 2099 et
359 2068 554 2108 professione
579 2068 850 2108 rothomagensis,
875 2078 959 2102 anno
990 2069 1070 2107 1543
1091 2068 1271 2110 iterumque

199 2123 283 2143 anno
306 2114 386 2143 1550
401 2113 433 2142 in
446 2113 463 2142 8
481 2113 666 2153 prodierunt
685 2113 923 2143 Commentaria
938 2114 969 2143 in
986 2113 1147 2153 Epistolas
1162 2123 1271 2145 omnes

201 2157 393 2195 Canonicas,
419 2157 549 2187 nomine
573 2157 636 2187 divi
661 2158 807 2187 Thomae
832 2157 999 2198 Aquinatis
1023 2158 1109 2188 velut
1135 2158 1271 2189 auctoris

197 2202 355 2242 inscripta.
388 2201 581 2232 Posteriores
614 2201 689 2232 alias
723 2202 876 2232 editiones
909 2209 1080 2242 praetereo.
1113 2203 1270 2243 Prologus

195 2247 302 2285 operis
325 2245 444 2286 incipit,
462 2247 584 2276 Missae
607 2251 683 2277 sunt
706 2246 858 2286 epistolae
876 2247 977 2288 Regis
996 2248 1124 2277 nomine
1141 2257 1205 2288 per
1221 2258 1270 2278 ve-

198 2292 345 2323 redarios
369 2297 426 2321 etc.
451 2290 614 2331 ipsiusque
638 2290 743 2331 operis
766 2291 893 2321 initium
917 2298 974 2329 est,
998 2291 1135 2323 Iacobus
1155 2292 1218 2323 Dei
1241 2298 1271 2324 et

197 2336 329 2367 Domini
348 2335 450 2365 nostri
468 2335 542 2365 Iesu
565 2335 686 2366 Christi
707 2345 821 2366 servus
845 2342 902 2367 etc.
921 2336 1017 2367 Haec
1039 2337 1172 2377 epistola
1191 2336 1270 2368 divi-

198 2381 286 2411 ditur
304 2379 529 2419 principaliter
553 2381 585 2409 in
610 2380 692 2410 duas
710 2385 834 2420 partes,
861 2381 892 2411 in
917 2381 1143 2412 salutationem
1169 2386 1200 2412 et
1223 2382 1270 2412 in·

199 2425 416 2455 structionem.
442 2423 475 2453 In
501 2434 557 2454 sua
580 2424 619 2453 ad
643 2424 792 2455 lectorem
811 2425 1008 2456 Praefatione
1032 2425 1125 2456 refert
1148 2425 1270 2466 primus

202 2469 302 2499 editor
329 2468 474 2497 laudatus
499 2467 652 2498 Claudius
682 2469 720 2499 de
744 2468 856 2508 Spina,
887 2477 1013 2500 erutum
1042 2470 1103 2501 hoc
1127 2480 1210 2511 opus
1235 2481 1271 2501 ex

196 2513 391 2554 pervetustis
423 2512 682 2552 exemplaribus,
716 2519 792 2543 ante
823 2523 927 2544 annos
959 2516 1138 2556 nonaginta
1171 2525 1270 2546 manu

203 2557 357 2593 exaratis,
383 2566 464 2596 quae
488 2557 519 2586 in
545 2556 728 2587 bibliotheca
762 2563 872 2588 nostra
896 2559 1090 2589 Lovaniensi
1116 2565 1272 2591 vetustate

196 2611 300 2642 prope
315 2601 482 2631 obliterata
499 2601 676 2631 exstabant.
693 2602 856 2632 Momenta
872 2603 1043 2641 rationum,
1059 2613 1140 2644 quae
1156 2604 1271 2635 idonea

202 2645 334 2686 putavit,
359 2651 394 2675 ut
416 2644 495 2675 illud
518 2645 675 2683 Thomae,
707 2652 871 2686 tamquam
893 2657 968 2677 vero
993 2648 1124 2687 parenti,
1149 2648 1270 2679 adiudi-

202 2696 333 2727 caretur,
358 2689 434 2719 haec
458 2696 545 2719 sunt:
577 2700 601 2719 1.
618 2690 706 2730 quod
719 2690 822 2731 fidem
839 2690 974 2731 faciunt
991 2693 1071 2722 satis
1084 2693 1194 2732 prima
1214 2693 1271 2723 illa

203 2734 413 2774 exemplaria,
438 2743 521 2774 quae
543 2739 706 2764 auctorem
730 2735 838 2765 divum
864 2735 1015 2766 Thomam
1036 2737 1068 2766 in
1084 2736 1201 2776 fronte
1219 2736 1271 2777 as-

191 2779 350 2820 firmant:
375 2787 404 2808 2.
429 2777 528 2818 ipsius
557 2778 723 2819 Aquinatis
752 2780 875 2819 ingenii
898 2779 1074 2810 dexteritas
1102 2781 1134 2810 in
1160 2781 1198 2811 iis
1221 2790 1272 2811 re-

201 2822 345 2863 splendet
380 2832 419 2853 ac
447 2823 658 2862 conspicitur:
681 2833 715 2853 ac
745 2833 861 2854 rursus
889 2824 1051 2855 dividendi
1078 2825 1270 2866 artificium,

202 2868 370 2898 locutionis
392 2868 538 2906 puritas,
568 2868 799 2898 sententiarum
825 2868 951 2905 lumen,
983 2869 1118 2899 docendi
1139 2879 1272 2900 succosa

202 2912 357 2942 brevitas:
383 2911 410 2941 3.
432 2916 547 2941 cuncta
570 2912 756 2951 conspirant
780 2912 911 2952 reliquis
939 2913 1077 2943 Thomae
1103 2912 1271 2954 Operibus,

202 2965 284 2996 quae
307 2955 438 2986 assidua
462 2956 595 2986 lectione
617 2956 830 2996 deprehendet
847 2956 1010 2988 studiosus
1033 2958 1144 2988 lector:
1162 2967 1194 2997 4.
1215 2968 1273 2989 nec

202 3006 344 3030 veterum
374 2999 534 3030 silentium
565 3000 689 3030 obstare
720 3000 826 3038 debet,
858 3011 932 3031 cum
961 3011 1060 3032 unum
1089 3002 1148 3033 hoc
1170 3012 1272 3044 argu-

205 3049 343 3074 mentum
368 3044 408 3074 ab
431 3045 622 3075 auctoritate
646 3046 831 3085 negativum
856 3045 933 3075 nihil
957 3046 1079 3086 probet.

272 3088 354 3118 Inter
377 3087 483 3127 Opera
502 3087 565 3118 divi
585 3088 731 3119 Thomae
750 3089 898 3129 genuina,
918 3090 1008 3120 nullo
1027 3090 1142 3121 iniecto
1162 3091 1272 3130 dubio,

206 3132 380 3172 praedictos
401 3132 657 3162 Commentarios
677 3140 822 3164 numerat
841 3134 944 3164 Sixtus
964 3134 1119 3165 Senensis.
1139 3135 1273 3166 Nostrae

206 3176 301 3206 etiam
324 3175 424 3215 gentis
447 3176 503 3206 viri
523 3177 619 3214 docti,
639 3177 811 3215 Castillius,
830 3178 982 3209 Nazarius
1005 3179 1121 3220 aliique
1143 3189 1274 3210 consen-

205 3220 301 3251 tiunt:
318 3230 352 3250 ac
368 3220 472 3251 favent
486 3221 675 3251 Possevinus
691 3228 721 3252 et
734 3222 952 3254 Benarminus.
963 3223 1105 3254 Huiusce
1119 3223 1274 3254 iudicium

205 3264 309 3304 accipe
338 3264 479 3295 eiusdem
507 3265 623 3295 verbis:
652 3279 666 3293 «
685 3265 923 3297 Commentaria
950 3277 1025 3297 vero
1055 3269 1088 3298 in
1112 3268 1275 3308 Epistolas

208 3322 222 3336 ›>
248 3309 429 3339 Canonicas
454 3309 599 3340 videntur
618 3309 695 3340 mihi
716 3310 836 3341 erudita
861 3318 891 3341 et
915 3311 1008 3351 digna
1027 3311 1154 3352 ingenio
1176 3313 1273 3344 sancti

207 3366 221 3380 »
244 3353 402 3391 Thomae,
425 3353 606 3393 praesertim
626 3364 700 3384 cum
719 3354 751 3384 in
771 3354 807 3385 iis
827 3362 971 3386 cernatur
989 3356 1088 3397 stylus
1108 3363 1138 3387 et
1157 3357 1274 3388 modus

207 3410 221 3424 »
244 3397 434 3437 procedendi
463 3408 487 3428 s.
512 3397 668 3429 Thomae.
693 3399 805 3439 Neque
834 3400 938 3430 obstat
967 3401 1056 3441 quod
1079 3400 1111 3431 in
1137 3401 1274 3432 editione

208 3454 222 3468 »
245 3442 389 3471 Romana
405 3439 492 3483 (anni
514 3441 609 3485 1570)
624 3442 685 3473 hoc
702 3453 784 3483 opus
801 3454 866 3474 non
883 3451 1095 3475 recenseatur:
1115 3445 1273 3486 siquidem

209 3498 222 3512 >›
246 3495 284 3515 eo
308 3493 450 3526 ternpore
470 3486 530 3517 hoc
550 3496 632 3527 opus
657 3497 815 3528 nusquam
834 3488 1061 3527 inveniebatur,
1083 3496 1114 3520 et
1132 3489 1273 3530 primum

210 3542 223 3555 »
246 3529 278 3559 in
302 3530 406 3560 lucem
425 3530 541 3570 prodiit
560 3531 751 3572 Antuerpiae
771 3542 855 3562 anno
882 3534 973 3573 1592.
993 3546 1007 3561 »
1031 3533 1185 3564 Vitiosam
1203 3534 1272 3565 Bel-

206 3572 329 3603 larmini
344 3574 647 3605 animadversionem
663 3576 790 3616 castigat
801 3577 979 3607 consodalis
994 3577 1061 3608 eius
1071 3578 1272 3618 Theophilus

207 3616 400 3657 Raynaudus
423 3618 455 3647 in
479 3618 667 3650 Erotematis
691 3620 730 3650 de
753 3621 845 3650 bonis
869 3631 904 3652 ac
928 3621 1019 3652 malis
1046 3621 1146 3652 libris:
1171 3623 1273 3654 Extat

1324 1269 1420 1306 enim,
1436 1268 1594 1309 inquiens,
1610 1268 1705 1299 editio
1718 1269 1912 1299 Parisiensis
1927 1269 2007 1298 anni
2022 1267 2106 1298 ι55ο
2122 1273 2153 1298 et
2166 1267 2397 1308 Lugdunenae's

1323 1314 1403 1343 anni
1426 1311 1514 1343 1556
1542 1322 1624 1353 quae
1647 1313 1829 1344 Romanam
1852 1312 1926 1343 anni
1956 1314 2038 1354 1570
2062 1312 2264 1352 praecedunt.
2290 1312 2396 1343 Immo

1323 1363 1353 1386 et
1376 1357 1436 1387 alia
1459 1355 1557 1399 (addo
1582 1355 1656 1400 ego)
1680 1357 1767 1397 prior
1789 1363 1887 1388 exstat
1917 1356 2014 1388 editio
2036 1356 2219 1387 Parisiensis
2242 1356 2307 1387 iam
2329 1356 2396 1388 lau-

1322 1401 1394 1431 data
1417 1401 1491 1431 anni
1521 1402 1601 1441 1543
1626 1401 1660 1432 in
1684 1401 1714 1432 8.
2261 1417 2265 1421 ·

1389 1446 1425 1476 11.
1451 1446 1584 1476 lacobus
1607 1446 1771 1476 Echardus
1794 1445 1827 1476 in
1850 1445 1955 1486 elogio
1979 1445 2102 1477 Nicolai
2125 1446 2165 1476 de
2184 1445 2320 1484 Gorran,
2339 1445 2397 1476 cri·

1321 1489 1400 1520 ticos
1420 1489 1504 1520 viros
1526 1499 1720 1529 memorans,
1737 1490 1793 1531 qui
1807 1489 2032 1531 difficultatem
2049 1495 2186 1528 movent,
2202 1499 2283 1521 num
2296 1489 2396 1531 Aqui-

1320 1533 1384 1564 nati
1399 1534 1576 1574 praedictae
1591 1534 1888 1566 Commentationes
1901 1535 1995 1566 tribui
2007 1535 2151 1573 debeant,
2159 1535 2397 1566 Bellarminum

1321 1585 1483 1617 numerat,
1513 1579 1718 1619 Theophilum
1741 1579 1982 1620 Raynaudum,
2007 1579 2181 1617 Labbeum,
2197 1579 2397 1610 Richardum

1322 1623 1493 1654 Simonem.
1513 1623 1762 1654 Praetermittere
1780 1618 2010 1658 Bella'rminum
2030 1623 2199 1662 debuisset,
2225 1623 2317 1654 mins
2335 1623 2401 1655 iam

1322 1667 1516 1708 protulimus
1544 1667 1710 1698 iudicium.
1735 1668 1827 1705 Quae
1856 1667 1951 1698 fuerit
1978 1666 2146 1699 difficultas
2174 1678 2193 1698 a
2221 1667 2400 1709 Raynnudo

1323 1718 1422 1750 mota,
1441 1712 1519 1743 haec
1538 1712 1606 1743 eius
1622 1713 1716 1743 verba
1731 1712 1805 1743 loco
1825 1712 1921 1743 citato
1941 1719 2120 1753 exponunt:
2141 1712 2402 1749 Commentarius

1324 1758 1356 1787 in
1380 1757 1544 1797 Epistolas
1577 1757 1759 1788 Canonicas
1782 1757 1965 1798 suppositus
1995 1762 2042 1788 est
2073 1767 2100 1788 s.
2129 1757 2269 1788 Thomae
2282 1764 2294 1788 .·
2322 1766 2401 1790 nam

1324 1807 1439 1832 auctor
1462 1801 1474 1831 Ι
1498 1802 1588 1832 Petri
1610 1800 1693 1843 (cap.
1714 1812 1754 1840 11,
1778 1807 1807 1832 v.
1830 1799 1883 1843 16)
1901 1802 1946 1832 ad
1962 1801 2055 1839 illud,
2076 1801 2177 1839 Quasi
2195 1801 2297 1840 liberi,
2320 1802 2402 1833 citat

1326 1846 1498 1887 Lyranum
1523 1851 1612 1876 tanto
1629 1847 1843 1886 posteriorem
1867 1851 1979 1877 sancto
2008 1846 2138 1877 Thema.
2162 1846 2285 1876 Eadem
2307 1845 2404 1878 habet

1325 1890 1491 1931 Philippus
1521 1890 1628 1921 Labbe
1641 1890 1675 1920 in
1691 1890 1854 1921 Dissertat.
1873 1890 1983 1921 histor.
1999 1891 2039 1921 de
2058 1900 2083 1921 s,
2107 1890 2240 1921 Thoma
2269 1890 2403 1932 eiusque

1325 1935 1470 1975 Scriptis:
1491 1934 1573 1972 Quis
1588 1935 1672 1965 enim
1689 1932 1865 1977 (inquiens)
1875 1934 1972 1975 ferat
1987 1935 2084 1968 citari
2098 1934 2271 1976 Lyranum
2287 1944 2310 1966 a
2327 1934 2402 1967 divo

1331 1980 1450 2010 Tkoma
1474 1980 1507 2010 in
1528 1979 1610 2010 illud
1629 1979 1640 2009 Ι
1660 1979 1749 2010 Petri
1767 1989 1837 2020 cap.
1857 1989 1889 2017 11,
1910 1979 2010 2016 Quasi
2028 1978 2117 2010 liberi
2137 1985 2195 2010 etc.
2215 1979 2402 2021 Eademque

1326 2025 1458 2054 demum
1482 2023 1713 2054 animadversio
1738 2030 1785 2054 est
1807 2023 1943 2055 Simonii
1966 2023 1999 2055 in
2019 2023 2160 2054 Historia
2183 2023 2289 2055 critica
2300 2023 2410 2056 -inter-

1326 2075 1453 2109 pretum
1477 2078 1580 2099 sacrae
1604 2068 1782 2108 Scripturae
1805 2067 1908 2108 capite
1930 2078 2034 2099 xxxm.

1393 2113 1519 2144 Locum
1534 2112 1661 2153 profero
1677 2123 1714 2143 ex
1728 2112 1982 2144 Commentario:
2002 2125 2017 2141 ‹
2038 2111 2142 2150 Quasi
2157 2112 2259 2144 liberi.
2275 2111 2400 2145 Glom:

1328 2170 1343 2186 »
1366 2157 1408 2188 Et
1430 2158 1507 2188 haec
1530 2158 1610 2188 bene
1634 2157 1737 2195 facite,
1760 2157 1851 2198 quasi
1874 2156 1979 2196 liberi,
2003 2156 2120 2188 scilicet
2138 2166 2175 2187 ex
2194 2165 2315 2196 amore,
2332 2166 2402 2195 um

1328 2215 1343 2230 »
1366 2212 1403 2233 ex
1431 2202 1555 2232 timore.
1581 2202 1674 2233 Unde
1703 2202 1799 2242 Lyra:
1828 2201 1931 2239 Quasi
1954 2207 2001 2232 est
2023 2200 2239 2242 expressivum
2261 2200 2402 2241 vii-tutin

1329 2259 1343 2275 ι
1366 2247 1470 2287 quasi,
1487 2246 1578 2283 idest,
1594 2245 1677 2277 sicut
1691 2255 1763 2277 vere
1779 2245 1867 2277 liberi
1884 2245 1967 2277 estis.
1985 2259 2000 2274 ι
2023 2246 2100 2284 Quo
2118 2245 2192 2277 loeo
2209 2245 2403 2287 Seraphim-

1325 2290 1527 2322 Piccinardus
1557 2291 1638 2321 libro
1668 2291 1694 2321 11
1724 2290 1763 2321 de
1792 2291 1936 2331 Approb.
1965 2290 2137 2322 Doctrinae
2167 2289 2232 2321 divi
2254 2290 2409 2323 ‘rhem-e

1325 2346 1380 2377 qu.
1397 2346 1451 2374 vn,
1471 2342 1527 2366 art.
1551 2346 1574 2366 11
1598 2335 1637 2365 ad
1662 2346 1681 2376 9
1711 2334 1922 2374 coniectabat,
1949 2335 2063 2376 Lyra,
2093 2334 2144 2365 vel
2166 2335 2340 2376 Lyranum
2361 2335 2402 2367 ab

1325 2379 1473 2420 imperito
1498 2379 1623 2410 notario
1647 2379 1790 2420 positum
1814 2379 1910 2410 fuisse
1929 2389 1988 2420 pro
2012 2379 2050 2420 ζν
2072 2385 2150 2410 nota
2170 2389 2226 2411 seu
2249 2378 2404 2420 particula

1326 2424 1511 2462 indicativa,
1542 2434 1606 2465 qua
1636 2424 1777 2465 aliquam
1807 2433 1921 2454 vocem
1951 2423 2101 2464 peculiari
2130 2423 2403 2455 animadversione

1327 2469 1455 2509 dignam
1486 2468 1636 2499 denotare
1665 2468 1815 2499 solemus.
1847 2468 1946 2506 Quod
1977 2467 2072 2499 etiam
2103 2468 2247 2508 sphalma
2277 2468 2311 2499 in
2334 2467 2403 2499 aliia

1327 2513 1489 2544 codicibus
1514 2523 1580 2543 non
1609 2512 1791 2554 infrequens
1815 2522 1897 2551 esse,
1928 2512 2075 2553 exemplo
2099 2513 2330 2553 comprobabat
2352 2512 2402 2543 ln-

1327 2557 1465 2588 nocentii
1482 2557 1622 2595 Peucini,
1643 2557 1698 2598 qui
1718 2557 1750 2587 in
1775 2557 1884 2588 codice
1903 2567 1962 2587 ms.
1980 2566 2017 2587 ex
2027 2566 2103 2598 -quo
2123 2556 2403 2588 Commentariun

1327 2603 1359 2632 in
1383 2601 1518 2633 Cantica
1540 2602 1760 2639 Canticorum,
1781 2601 1995 2641 incipientem,
2015 2601 2114 2633 Sonet
2133 2611 2197 2632 vox
2219 2606 2276 2632 tua
2293 2601 2326 2631 in
2343 2610 2401 2632 au-

1327 2646 1417 2676 ribus
1440 2647 1528 2683 meis,
1550 2645 1582 2676 in
1606 2646 1712 2676 lucem
1735 2645 1878 2686 protulit,
1903 2654 2023 2676 nomen
2041 2645 2171 2686 Lyrani
2190 2655 2227 2676 ex
2245 2644 2403 2686 imperitia

1328 2689 1526 2730 exscriptoris
1550 2690 1693 2731 quodam
1716 2690 1789 2720 loco
1814 2688 1998 2729 appositum
2021 2689 2156 2728 invenit,
2181 2688 2236 2720 ubi
2265 2695 2342 2720 nota
2364 2688 2403 2730 {r

1327 2734 1394 2764 sine
1418 2734 1517 2764 dubio
1540 2734 1672 2774 legenda
1695 2740 1769 2764 erat.
1801 2732 1882 2770 Quis
1906 2742 2002 2773 porro
2026 2739 2092 2764 tam
2122 2743 2232 2764 caecus
2256 2739 2311 2764 aut
2337 2739 2402 2764 stu-

1327 2778 1433 2819 pidus,
1458 2778 1513 2819 qui
1532 2777 1694 2818 superiore
1713 2777 1745 2808 in
1769 2783 1855 2808 textu
1875 2787 1899 2807 s.
1920 2777 2067 2808 ‘rhomae
2088 2777 2149 2818 legi
2169 2783 2316 2818 oportere
2334 2787 2402 2808 non

1327 2822 1431 2853 videat
1460 2822 1606 2853 eamdem
1629 2828 1740 2852 notam
1763 2821 1965 2852 indicativam
1987 2821 2050 2852 hoc
2073 2822 2191 2853 modo:
2219 2835 2234 2850 α
2252 2821 2346 2853 Unde
2369 2821 2402 2864 ly

1330 2879 1346 2894 »
1367 2868 1461 2907 quasi
1484 2873 1530 2897 est
1560 2866 1775 2907 expressivum
1803 2865 1942 2904 virtutis;
1972 2867 2076 2907 quasi,
2101 2866 2198 2904 idest,
2227 2866 2308 2897 sicut
2329 2876 2402 2897 vere

1331 2924 1345 2939 ιν
1369 2911 1458 2942 liberi
1482 2911 1564 2942 estis.
1583 2923 1598 2938 x·
1624 2911 1736 2952 Neque
1761 2920 1835 2940 sane
1859 2910 1935 2941 haec
1958 2910 2053 2941 habet
2075 2911 2169 2941 verba
2191 2911 2231 2940 ad
2249 2910 2341 2942 illurn
2353 2910 2402 2942 lo-

1329 2965 1404 2986 cum
1427 2955 1584 2997 Lyranus,
1609 2955 1663 2985 sed
1687 2953 1891 2992 istat'Quasi
1906 2954 2012 2986 liberi:
2041 2955 2216 2986 secundum
2235 2956 2400 2987 veritatem

1328 3009 1411 3041 quae
1434 3005 1481 3031 est
1504 3000 1635 3030 libertas
1658 3009 1678 3030 a
1705 3000 1799 3030 vitiis.
2406 3038 2412 3045 .

1395 3043 1545 3075 Accidere
1569 3044 1654 3074 idern
1673 3043 1778 3084 potuit
1797 3043 1946 3084 Spinaeo,
1969 3043 2024 3084 qui
2049 3044 2192 3075 codicem
2211 3054 2270 3075 ms.
2291 3049 2402 3075 nactus

1329 3087 1423 3119 fuerit
1446 3098 1484 3119 eo
1508 3089 1581 3119 loco
1605 3089 1823 3129 depravatum,
1843 3087 2014 3129 [egeritque
2036 3088 2129 3130 Lyra
2153 3098 2208 3119 seu
2228 3089 2400 3130 Lyranum

1329 3143 1387 3173 pro
1412 3133 1450 3174 ζγ
1467 3132 1587 3172 vulgari
1611 3143 1647 3164 ac
1666 3132 1737 3164 trita
1756 3132 1842 3173 apud
1861 3132 2048 3163 Dialecticos
2073 3140 2160 3171 nota,
2180 3142 2262 3175 quae
2280 3131 2401 3174 apponi

1329 3177 1419 3215 solet,
1444 3183 1480 3208 ut
1498 3177 1596 3208 lector
1615 3177 1655 3207 ad
1673 3177 1739 3207 vim
1757 3177 1914 3215 vocabuli,
1939 3176 1990 3207 cui
2009 3177 2201 3218 adiungitur,
2221 3175 2401 3218 diligentius

1329 3222 1477 3252 attendat.
1508 3222 1611 3252 Immo
1632 3221 1806 3262 Spinaeum
1825 3221 2032 3252 allucinatum
2051 3221 2147 3253 fuisse
2170 3221 2250 3252 nihil
2270 3219 2402 3252 haesitat

1330 3266 1463 3296 Iacobus
1482 3266 1660 3304 Echardus;
1684 3275 1808 3307 proque
1831 3272 1916 3297 certo
1936 3265 2039 3304 habet,
2064 3266 2221 3309 legentem
2242 3265 2350 3307 ipsum
2367 3264 2401 3295 in

1329 3320 1388 3341 suo
1412 3310 1521 3341 codice
1545 3310 1583 3351 ζγ
1604 3320 1728 3348 vocem,
1757 3310 1928 3350 legendum
1951 3310 2110 3350 putavisse
2133 3311 2238 3352 Lyra,
2263 3318 2338 3341 cum
2361 3318 2400 3340 eo

1328 3354 1390 3385 loci
1415 3354 1493 3385 nihil
1517 3354 1623 3385 minus
1647 3361 1757 3395 agatur
1779 3364 1878 3395 quam
1902 3355 1940 3385 de
1960 3355 2096 3396 Lyrano.
2117 3354 2228 3386 Nolim
2251 3362 2310 3395 ego
2333 3353 2400 3384 lau-

1329 3399 1439 3430 datum
1456 3399 1629 3439 Spinaeum
1646 3406 1749 3430 tantae
1765 3399 1946 3430 oscitantiae
1963 3409 1998 3430 ac
2014 3398 2188 3440 imperitiae
2208 3396 2400 3430 insimulare.

1329 3443 1390 3474 Sed
1416 3443 1505 3474 litem
1524 3443 1660 3485 denique
1679 3443 1797 3474 dirimit
1816 3453 1946 3474 omnem
1971 3442 2145 3475 doctissimi
2164 3441 2298 3474 Echardi
2317 3441 2401 3472 testi-

1329 3487 1493 3518 monium:
1522 3501 1537 3516 α
1554 3488 1635 3528 Ego,
1661 3489 1818 3529 inquiens,
1843 3488 1876 3518 in
1905 3487 2055 3519 omnibus
2079 3486 2240 3519 codicibus
2263 3495 2322 3516 ms.
2341 3485 2400 3516 Pa-

1331 3545 1346 3559 »
1369 3531 1550 3563 risiensibus
1574 3542 1669 3573 supra
1692 3532 1836 3570 laudatis,
1861 3530 2011 3575 (nurnero
2034 3528 2191 3573 quinque)
2214 3539 2232 3560 a
2251 3539 2303 3560 me
2326 3529 2400 3560 visis

1331 3589 1345 3603 »
1368 3583 1466 3607 testor
1489 3576 1652 3617 scriptum,
1673 3577 1711 3618 ζγ
1728 3577 1838 3618 quasi:
1860 3577 1950 3617 quod
1969 3582 2000 3606 et
2018 3574 2195 3606 clarissimis
2213 3573 2286 3604 viris
2306 3573 2399 3605 Petro

1330 3633 1344 3648 »
1367 3620 1480 3651 Berthe
1503 3620 1710 3652 bibliothecae
1734 3620 1926 3652 Sorbonicae
1949 3626 2020 3650 tum
2042 3617 2211 3660 praefecte,
2236 3625 2267 3649 et
2284 3618 2399 3650 Abbati
