2788 4204
47 327 56 335 ‘
67 326 103 348 Cf.
114 331 183 353 supra
193 331 215 346 n.
225 331 245 352 7.

46 432 55 440 “
64 437 130 452 Anus.
141 442 151 446 -
163 437 175 452 c
193 434 215 451 et
230 436 259 451 Ρη

46 463 95 478 cum
105 457 194 484 aliquo.

46 698 55 706 '¹
65 702 122 718 Aac:
136 702 206 718 unum
217 703 258 717 em·

46 726 90 744 etc.

291 242 338 277 28

288 319 391 365 dicit,
422 319 695 368 consignificat,
731 318 826 354 sicut
859 329 947 353 cum
983 316 1176 353 dicebatur
1199 315 1219 335 *²
1244 314 1350 363 quod

286 373 450 409 verbum
486 371 743 418 consignificat
775 378 944 418 tempus,
981 369 1048 405 sed
1077 368 1348 416 consignificat,

287 425 383 462 idest
411 437 498 460 cum
528 424 635 460 alio*
663 423 855 470 significat,
874 422 1012 459 scilicet
1040 421 1099 457 alii
1129 420 1349 456 adiunctum

287 477 604 526 compositionem
633 476 826 524 significat,
857 487 954 523 quae
983 486 1061 510 non
1088 480 1214 521 potest
1245 473 1349 510 intel-

286 530 347 578 ligi
379 530 458 566 sine
487 529 661 565 extremis
691 527 986 576 compositionis
1008 547 1032 554 -
1055 527 1131 563 Sed
1160 526 1248 575 quia
1276 527 1351 562 1106

287 594 492 619 commune
522 590 576 618 est
604 581 782 618 omnibus
802 580 1021 617 nominibus
1050 586 1087 616 et
1111 579 1250 626 verbis,
1272 591 1350 615 non

285 636 435 673 videtur
453 636 547 671 haec
567 634 749 682 expositio
767 646 849 670 esse
869 633 1081 670 secundum
1101 632 1350 669 intentionem

286 688 504 733 Aristotelis,
526 687 589 735 qui
610 686 812 735 assumpsit
830 687 956 735 ipsum
981 698 1045 722 ens
1062 686 1083 707 *
1102 686 1209 734 quasi
1230 685 1350 734 quod—

287 742 375 778 dam
405 740 577 788 speciale.

340 805 400 830 20.
431 794 480 828 Et
507 792 593 828 ideo
621 798 663 828 ut
691 792 810 839 magis
839 803 1046 840 sequamur
1069 791 1190 827 verba
1209 790 1350 827 Aristo-

285 846 365 882 telis
395 845 713 882 considerandum
743 852 799 881 est
827 844 932 894 quod
957 846 1038 893 ipse
1072 844 1214 881 dixerat
1246 843 1351 892 quod

284 899 447 936 verbum
476 911 554 934 non
574 897 758 945 significat
785 910 867 934 rem
887 910 964 934 esse
990 898 1053 934 vel
1079 909 1153 934 non
1174 909 1262 942 esse,
1283 896 1351 933 sed

284 964 355 988 nec
383 951 508 999 ipsum
537 963 600 987 ens
629 950 813 998 significat
841 963 922 987 rem
952 963 1034 987 esse
1062 951 1123 987 vel
1153 962 1230 986 non
1255 962 1348 986 esse.

285 1005 334 1040 Et
361 1005 435 1040 hoc
464 1011 519 1040 est
547 1004 652 1052 quod
681 1003 779 1050 dicit,
810 1004 902 1040 nihil
928 1010 990 1050 est,
1021 1003 1116 1040 idest
1143 1015 1221 1039 non
1242 1002 1351 1050 signi—

284 1057 372 1092 ficat
400 1056 540 1105 aliquid
567 1055 660 1093 eSse.
690 1056 843 1093 Etenim
863 1057 937 1093 hoc
965 1056 1131 1093 maxime
1149 1056 1352 1093 videbatur

286 1109 333 1145 de
361 1110 436 1145 1106
464 1109 569 1158 quod
598 1110 682 1146 dico
717 1121 798 1146 ens:
834 1110 922 1158 quia
950 1121 1014 1146 ens
1043 1109 1132 1146 nihil
1162 1116 1218 1145 est
1250 1109 1351 1145 aliud

285 1174 401 1210 quam
430 1163 531 1210 quod
547 1168 609 1199 est.
640 1163 689 1198 Et
717 1162 770 1198 sic
788 1162 940 1199 videtur
968 1170 1004 1199 et
1027 1175 1107 1199 rem
1127 1162 1349 1209 significare,

284 1227 357 1264 per·
381 1215 455 1251 hoc
483 1215 588 1264 quod
618 1215 702 1252 dico
732 1226 832 1257 QUOD
862 1223 898 1252 et
926 1227 1023 1261 esse,
1052 1228 1121 1264 per
1148 1216 1222 1251 1106
1247 1215 1351 1264 quod

286 1267 370 1303 dico
391 1279 467 1305 EST.
490 1269 539 1304 Et
563 1268 592 1305 si
613 1268 768 1316 quidem
788 1268 883 1304 haec
903 1268 1015 1305 dictio
1036 1280 1100 1304 ens
1126 1268 1352 1315 significaret

285 1332 362 1356 esse
389 1321 653 1369 principaliter,
684 1321 778 1357 sicut
806 1321 990 1368 significat
1018 1333 1098 1357 rem
1119 1333 1217 1369 quae
1237 1321 1351 1357 habet

286 1385 379 1420 esse,
407 1375 541 1422 procul
571 1374 686 1411 dubio
722 1374 947 1421 significaret
979 1373 1120 1422 aliquid
1149 1386 1242 1410 esse.
1274 1374 1351 1410 Sed

284 1425 407 1474 ipsam
443 1427 778 1475 compositionem,
815 1439 912 1475 quae
947 1426 1171 1474 importatur
1204 1426 1242 1463 in
1276 1427 1351 1462 hoc

286 1478 390 1527 quod
425 1480 509 1516 dico
538 1491 619 1526 EST,
655 1492 733 1516 non
760 1479 1012 1527 principaliter
1046 1478 1246 1526 significat,
1283 1479 1350 1515 sed

286 1532 545 1580 consignificat
573 1545 658 1568 earn
691 1532 730 1568 in
749 1539 934 1580 quantum
964 1531 1148 1578 significat
1175 1543 1255 1568 rem
1284 1531 1349 1568 ha-

285 1584 439 1622 bentem
461 1597 542 1621 esse
563 1591 588 1621 Ρ.
606 1585 717 1622 Unde
741 1584 822 1621 talis
843 1584 1138 1631 consignificatio
1160 1584 1349 1633 composi-

284 1637 395 1674 tionis
433 1650 511 1674 non
545 1638 683 1674 sufficit
723 1637 773 1674 ad
803 1637 1002 1674 veritatem
1034 1638 1097 1674 vel
1135 1637 1349 1674 falsitatem:

285 1690 372 1738 quia
401 1690 639 1739 compositio,
660 1690 698 1727 in
726 1702 802 1738 qua
830 1690 997 1727 consistit
1022 1690 1161 1727 veritas
1190 1698 1226 1727 et
1253 1690 1350 1727 falsi-

284 1750 351 1790 tas,
373 1755 451 1780 non
478 1750 603 1791 potest
630 1743 792 1791 intelligi,
823 1743 892 1779 nisi
921 1743 1134 1780 secundum
1163 1743 1267 1792 quod
1295 1743 1350 1780 in-

284 1796 398 1832 nectit
426 1803 593 1842 extrema
622 1796 920 1844 compositionis.

366 1861 427 1886 21.
454 1849 493 1885 Si
522 1861 615 1886 vero
646 1849 800 1896 dicatur,
827 1861 894 1886 nec
922 1850 1043 1897 ipsum
1072 1861 1165 1895 esse,
1199 1857 1241 1885 ut
1268 1849 1350 1886 libri

338 2004 363 2039 ρ)
380 2004 434 2029 Sed
451 2004 635 2037 consignificat
648 2010 706 2028 eam
722 2003 748 2028 in
762 2008 891 2036 quantum
909 2004 1044 2037 significat
1062 2012 1117 2029 rem
1137 2004 1273 2030 habentem
1292 2011 1355 2030 esse.

284 2040 378 2072 Liquet
397 2048 427 2064 ex
441 2039 480 2064 his
495 2047 624 2071 magnam,
640 2039 706 2064 iuxta
721 2047 742 2064 s.
757 2039 896 2070 Thomam,
912 2040 1020 2064 existere
1035 2040 1204 2065 differentiam
1223 2040 1288 2064 inter
1303 2041 1354 2064 duo

284 2076 332 2100 ista
341 2076 476 2105 vocabula,
486 2075 638 2108 significare
648 2080 673 2099 et
682 2075 893 2108 consignificare.
909 2075 987 2105 Quod
1002 2075 1072 2108 prius
1083 2075 1188 2107 quidem
1199 2075 1353 2100 Aristoteles

285 2116 310 2136 et
333 2116 393 2143 post
412 2111 498 2142 ipsum
518 2115 543 2134 et
561 2118 621 2134 cum
640 2110 698 2142 ipso
717 2115 935 2135 commentatores
954 2118 1047 2135 omnes
1067 2115 1141 2135 caute
1164 2115 1301 2140 notarunt,
1324 2116 1354 2135 ut

282 2147 371 2171 videre
389 2150 429 2170 est
447 2146 516 2177 apud
535 2145 704 2169 Ammonium
719 2150 744 2169 et
758 2146 904 2174 Boethium,
925 2146 994 2178 Opp.
1010 2146 1060 2175 cin,
1076 2146 1101 2178 ς.
1118 2146 1159 2171 De
1173 2146 1286 2171 verba-
1300 2146 1352 2170 Sed

283 2182 360 2214 quid,
381 2186 487 2213 quaeret
501 2180 626 2211 novitius,
641 2180 760 2205 scientiae
779 2181 885 2205 interest
904 2180 967 2205 haec
986 2180 1143 2206 differentia?
1168 2181 1275 2205 Interest
1297 2189 1351 2205 ma-

283 2224 405 2249 gnopere.
421 2230 430 2234 -
446 2216 547 2241 Nomen
562 2215 631 2240 enim
650 2214 774 2246 significat
787 2216 944 2249 formaliter
957 2216 1019 2242 illud
1034 2217 1103 2248 quod
1117 2216 1267 2249 significan
1281 2217 1351 2249 quod

284 2257 369 2276 autem
388 2251 580 2284 consignificat,
600 2258 651 2275 non
664 2250 828 2284 formaliter,
844 2251 893 2276 hoc
914 2257 953 2276 est
971 2251 1070 2276 ratione
1087 2252 1203 2284 praecise
1222 2259 1284 2276 suae
1303 2252 1352 2276 im-

284 2287 410 2311 mediatae
426 2286 615 2318 significationis
634 2285 767 2318 significat,
784 2287 830 2311 sed
849 2294 879 2311 ex
894 2287 1061 2319 consequenti
1077 2292 1102 2311 et
1116 2286 1189 2319 quasi
1204 2287 1349 2312 materiali—

285 2325 334 2350 ter,
349 2327 470 2354 tanquam
486 2322 613 2346 inclusum
629 2322 653 2346 in
668 2329 715 2345 sua
728 2320 911 2353 significatione
931 2322 1085 2346 immediata.
1101 2322 1256 2354 Exemplum
1271 2322 1350 2347 habe-

282 2362 326 2381 tur
344 2357 369 2380 in
388 2357 437 2381 hoc
455 2357 526 2389 quod
546 2357 578 2381 de
597 2357 701 2381 nomine
721 2364 766 2381 ens
782 2357 874 2381 dicitur
888 2357 913 2381 in
928 2357 977 2382 hoc
997 2364 1106 2382 numero
1121 2364 1163 2382 20.
1178 2357 1203 2381 Si
1218 2364 1264 2382 ens
1277 2365 1349 2390 pure,

284 2391 334 2416 hoc
349 2397 388 2416 est
401 2392 456 2416 sine
471 2391 556 2416 addito
566 2392 670 2421 dicatur,
681 2391 781 2416 nonnisi
793 2399 847 2416 rem
863 2391 998 2423 significan
1013 2398 1038 2417 et
1053 2392 1110 2417 ideo
1125 2399 1167 2417 res
1182 2398 1221 2417 est
1234 2392 1349 2417 formalis

286 2425 435 2458 significatio
449 2427 516 2451 entis
531 2434 594 2459 pure
613 2427 679 2451 dicti.
698 2427 749 2451 Sed
769 2434 810 2451 res
829 2426 968 2459 significata
986 2427 1127 2452 formaliter
1145 2435 1192 2460 per
1209 2434 1255 2452 ens
1274 2427 1351 2452 habet

285 2462 326 2486 vel
340 2466 426 2494 potest
445 2461 539 2486 habere
558 2469 625 2486 esse.
645 2461 711 2491 Quia
730 2469 792 2493 ergo
805 2469 851 2486 ens
870 2470 933 2494 pure
948 2462 1043 2487 dictum
1058 2461 1182 2494 significat
1196 2470 1252 2487 rem
1271 2462 1350 2493 illam,

286 2495 459 2528 consignificat
473 2497 549 2521 etiam
563 2503 618 2521 esse
632 2496 748 2521 eiusdem
763 2496 808 2527 rei;
823 2496 1003 2529 consignificat,
1019 2497 1133 2530 inquam,
1148 2505 1199 2522 non
1213 2505 1244 2522 ex
1253 2498 1350 2523 viauae

1046 239 1165 275 PERI
1195 236 1542 273 HERMENEIAS
1578 238 1672 274 LIB.
1705 239 1718 273 I

1404 315 1521 351 nostri
1540 316 1691 363 habent,
1712 316 1862 364 planior
1881 323 1937 353 est
1955 329 2099 354 sensus.
2122 316 2239 363 Quod
2254 325 2256 327 “
2269 316 2370 353 601111
2390 318 2471 353 0111-

1405 368 1485 404 111111
1522 369 1687 405 verbum
1725 369 1909 417 significat
1936 382 2017 406 rem
2055 382 2133 406 esse
2159 370 2221 406 vel
2260 382 2334 406 non
2372 381 2470 415 esse,

1404 421 1542 468 probat
1567 434 1637 470 per
1655 422 1730 458 hoc
1757 423 1921 459 verbum
1950 434 2031 469 EST,
2052 422 2157 471 quod
2190 423 2401 459 secundum
2431 435 2471 459 se

1406 473 1559 521 dictum,
1582 487 1660 512 non
1689 475 1872 522 significat
1899 475 2042 523 aliquid
2067 487 2162 522 esse,
2183 476 2268 512 licet
2288 475 2472 523 significet

1405 538 1493 564 esse.
1515 528 1565 563 Et
1592 528 1680 576 quia
1707 529 1782 564 hoc
1810 528 1936 576 ipsum
1964 540 2042 564 esse
2064 528 2215 565 videtur
2243 528 2470 577 compositio

1406 580 1609 628 quaedam,
1632 588 1668 617 et
1685 580 1735 617 ita
1755 581 1829 617 hoc
1856 581 2020 617 verbum
2049 592 2126 628 EST,
2152 581 2258 629 quod
2286 581 2471 629 signifieat

1405 644 1494 678 esse,
1505 640 1630 680 potest
1643 633 1765 670 videri
1776 633 1987 681 significare
1999 634 2329 682 compositionem,
2341 634 2380 670 in
2395 646 2471 683 qua

1406 684 1452 721 sit
1478 697 1616 722 verum
1644 686 1707 723 vel
1735 686 1888 732 falsum;
1910 686 1959 723 ad
1983 686 2058 722 hoc
2082 687 2362 724 excludendum
2383 687 2470 723 sub-

1407 737 1460 774 dit
1475 738 1580 786 quod
1595 738 1656 774 illa
1668 738 1938 786 *compositio,
1959 751 2075 787 quam
2096 739 2279 786 significat
2297 740 2372 776 hoc
2386 752 2470 776 ver-

1407 791 1499 826 bum
1520 802 1596 837 EST,
1619 803 1696 827 non
1716 798 1841 839 potest
1859 791 2010 838 intelligi
2030 791 2110 827 sine
2131 792 2469 840 componentibus:

1407 843 1495 892 quia
1515 843 1706 891 dependet
1726 843 1804 880 eius
1824 843 2032 880 intellectus
2052 844 2100 880 ab
2122 844 2309 891 extremis,
2326 857 2423 893 quae
2440 845 2470 882 si

1407 909 1485 933 non
1506 904 1757 945 apponantur,
1774 908 1852 933 non
1869 904 1924 933 est
1937 897 2126 945 perfectus
2141 897 2351 934 intellectus
2366 910 2470 934 com-

1405 949 1616 998 positionis,
1642 957 1684 986 ut
1702 949 1820 998 possit
1839 949 1878 986 in
1897 961 1942 986 ea
1971 961 2053 986 esse
2072 962 2222 996 verum,
2242 950 2304 986 vel
2321 950 2469 987 falsum.

1461 1014 1522 1039 22.
1545 1002 1636 1039 Ideo
1658 1010 1785 1038 autem
1802 1002 1890 1039 dicit
1904 1002 2011 1051 quod
2025 1003 2100 1038 hoc
2113 1003 2278 1039 verbum
2297 1014 2364 1039 EST
2383 1015 2471 1039 con-

1407 1055 1590 1102 significat
1617 1055 1947 1104 compositionem,
1969 1055 2057 1104 quia
2077 1067 2155 1092 non
2175 1067 2261 1091 6310
2285 1055 2471 1104 principa-

1406 1108 1487 1144 liter
1506 1108 1700 1156 significat,
1728 1108 1796 1145 sed
1816 1120 1861 1144 ex
1881 1108 2145 1156 consequenti3
2166 1108 2350 1156 significat
2369 1108 2471 1145 enim

1405 1161 1530 1209 primo
1550 1161 1642 1198 illud
1671 1161 1775 1209 quod
1795 1167 1809 1181 ⁶
1838 1161 1936 1197 cadit
1950 1161 1988 1198 in
2007 1161 2196 1197 intellectu
2215 1173 2284 1209 per
2308 1161 2471 1198 modum

1407 1214 1625 1250 actualitatis
1645 1214 1838 1250 absolute:
1860 1226 1950 1250 nam
1969 1218 2050 1260 EST,
2072 1214 2289 1262 simpliciter
2315 1214 2470 1262 dictum,

1406 1267 1590 1314 significat
1609 1267 1645 1303 in
1666 1273 1751 1303 actu
1771 1279 1849 1303 esse
1867 1268 1907 1310 *;
1933 1274 1969 1303 et
1988 1267 2075 1304 ideo
2096 1266 2280 1314 significat
2296 1279 2367 1316 per
2389 1279 2472 1303 mo—

1407 1320 1500 1356 dum
1514 1320 1634 1356 verbi.
1648 1320 1748 1366 Quia
1762 1332 1856 1357 vero
1873 1319 2076 1367 actualitas,
2089 1332 2205 1368 quam
2220 1320 2474 1370 principaliter

1406 1372 1590 1420 significat
1617 1373 1692 1409 hoc
1705 1373 1869 1414 verbum
1885 1384 1962 1419 EST,
1981 1380 2036 1410 est
2051 1373 2305 1410 communiter
2321 1373 2472 1410 actuali-

1405 1433 1460 1463 tas
1481 1425 1605 1462 omnis
1625 1426 1783 1473 formae,
1804 1426 1865 1462 vel
1885 1433 1990 1462 actus
2009 1426 2260 1463 substantialis
2286 1427 2350 1464 vel
2378 1427 2473 1464 3661-

1407 1478 1564 1515 (161113113
1581 1479 1611 1525 *,
1627 1478 1716 1515 inde
1743 1485 1798 1514 est
1823 1478 1928 1526 quod
1948 1491 2036 1515 cum
2055 1480 2236 1516 volumus
2261 1479 2472 1527 significare

1406 1543 1692 1580 quamcumque
1711 1531 1876 1568 formam
1895 1531 1957 1567 vel
1978 1538 2105 1568 actum
2131 1532 2323 1569 actualiter
2347 1532 2471 1570 inesse

1406 1583 1515 1621 alicui
1550 1583 1740 1631 subiecto,
1776 1583 2033 1631 significamus
2061 1584 2153 1621 illud
2184 1597 2254 1633 per
2281 1586 2356 1621 hoc
2386 1597 2472 1622 ver—

1405 1637 1499 1674 bum
1518 1649 1595 1684 EST,
1615 1637 1677 1674 vel
1691 1636 1907 1685 simpliciter
1923 1638 1985 1673 vel
1999 1637 2203 1674 secundum
2223 1637 2314 1686 quid
2328 1638 2365 1674 *:
2385 1637 2473 1675 sirn-

1404 1690 1548 1739 pliciter
1580 1689 1736 1739 quidem
1766 1689 1978 1726 secundum
2011 1702 2193 1738 praesens
2220 1697 2384 1739 tempus;
2416 1703 2473 1728 se-

1406 1743 1575 1780 cundum
1602 1742 1694 1791 quid
1722 1750 1850 1779 autem
1880 1743 2092 1780 secundum
2118 1743 2190 1780 alia
2217 1750 2403 1793 tempora.
2424 1745 2474 1781 Et

1405 1796 1492 1833 ideo
1527 1808 1573 1832 ex
1610 1795 1855 1844 consequenti
1888 1796 1962 1832 hoc
1994 1796 2159 1833 verbum
2191 1808 2257 1833 EST
2291 1797 2476 1845 significat

1407 1848 1737 1898 compositionem.

1410 2004 1573 2030 immediatae
1591 2004 1794 2036 significationis,
1819 2005 1865 2029 sed
1884 2011 1914 2029 ex
1937 2004 2082 2029 conditione
2099 2004 2136 2030 rei
2160 2003 2322 2036 significatae.
2341 2005 2423 2030 Pon-o
2447 2005 2473 2031 in

1409 2040 1520 2065 scientiis
1540 2040 1588 2064 nisi
1607 2040 1777 2072 distinguatur
1795 2038 1945 2072 significatio
1963 2039 2078 2064 formalia
2096 2047 2111 2064 a
2129 2039 2314 2072 significatione
2335 2040 2473 2072 materiali,

1407 2083 1454 2100 seu
1469 2074 1618 2107 significatio
1628 2083 1642 2100 a
1652 2074 1893 2107 consignificatione,
1909 2075 2070 2107 impossibile
2084 2079 2124 2100 est
2138 2082 2228 2100 cavere
2237 2082 2252 2099 a
2261 2075 2473 2107 sophismatibus.

1460 2119 1476 2135 σ
1507 2110 1650 2143 Significat
1668 2111 1737 2135 enim
1757 2110 1848 2142 primo
1867 2110 1933 2134 illud
1948 2115 1995 2135 etc.
2009 2125 2029 2129 —
2043 2110 2106 2134 Cod.
2121 2110 2158 2134 A:
2182 2110 2318 2143 significat
2334 2111 2427 2142 prim
2445 2111 2474 2136 id

1406 2153 1458 2178 quo
1495 2146 1569 2170 cadit
1582 2151 1630 2170 etc.
1642 2160 1662 2165 -
1675 2146 1740 2170 Cod.
1755 2146 1790 2170 B:
1809 2145 1943 2178 significat
1956 2145 2026 2170 enim
2040 2145 2107 2170 illud
2120 2145 2212 2177 primo
2229 2145 2301 2178 quod
2318 2145 2410 2178 primo
2429 2153 2473 2171 ca·

1407 2181 1447 2206 dit
1466 2186 1542 2206 etc.-
1556 2181 1642 2211 Pinna,
1656 2181 1714 2206 edd.
1729 2181 1795 2205 Ven.
1815 2186 1841 2205 et
1859 2180 1899 2205 alii
1914 2181 1997 2205 codd.:
2016 2180 2151 2214 significat
2164 2180 2233 2205 enim
2249 2180 2316 2205 illud
2328 2181 2400 2213 quod
2413 2181 2473 2213 pri-

1406 2223 1449 2241 mo
1467 2221 1515 2241 etc.
1534 2216 1670 2241 Lectiones
1689 2216 1821 2241 diversum
1840 2215 1959 2240 exhibent
1979 2223 2097 2240 sensum.
2116 2216 2205 2241 Lectio
2223 2214 2313 2246 Pinna,
2333 2217 2391 2241 edd.
2404 2216 2471 2242 νει.

1405 2256 1430 2276 61
1449 2251 1558 2276 aliorum
1578 2252 1652 2276 codd.
1672 2251 1732 2276 dicit
1750 2251 1820 2284 quod
1839 2259 1880 2275 rea
1900 2250 2040 2283 significata
2058 2258 2105 2283 per
2122 2247 2153 2275 τὸ
2173 2257 2228 2276 esse
2245 2250 2271 2275 in
2293 2251 2384 2276 ordine
2397 2251 2472 2277 chro-

1405 2286 1524 2319 nologico
1538 2292 1577 2311 est
1590 2287 1653 2311 illud
1667 2287 1738 2319 quod
1751 2286 1843 2318 primo
1857 2286 1922 2311 cadit
1940 2286 1965 2310 in
1980 2286 2110 2311 intellectu
2129 2286 2227 2317 nostro,
2241 2293 2289 2311 seu
2302 2286 2373 2318 quod
2386 2286 2472 2319 ρήωο

1405 2329 1419 2346 a
1434 2326 1524 2346 nostro
1538 2321 1666 2346 intellectu
1687 2321 1902 2354 apprehenditur;
1922 2322 1997 2346 lectio
2019 2326 2106 2346 autem
2129 2321 2248 2354 adoptata
2262 2321 2382 2346 enunciat
2399 2322 2471 2354 quod

1404 2364 1460 2382 esse
1478 2356 1603 2389 significat
1621 2357 1713 2389 primo
1731 2357 1793 2381 illud
1811 2357 1882 2389 quod
1900 2357 1967 2381 cadit
1990 2357 2016 2381 in
2037 2356 2165 2381 intellectu
2189 2363 2236 2389 pex-
2254 2356 2362 2381 modum
2385 2362 2471 2382 aenn-

1405 2392 1480 2417 litatis
1495 2392 1620 2417 absolute.
1637 2392 1706 2416 Tum
1719 2399 1798 2416 unam
1814 2397 1870 2416 tum
1885 2392 1990 2416 alteram
2004 2392 2141 2416 lectionem
2156 2391 2336 2425 complectitur
2349 2392 2406 2417 cod.
2421 2392 2472 2417 B.—

1405 2428 1519 2460 Uterque
1533 2435 1626 2452 36113113
1641 2432 1681 2452 est
1694 2434 1785 2457 verus;
1804 2428 1851 2452 sed
1870 2427 1972 2460 primus
1991 2432 2078 2452 namen
2096 2434 2111 2451 ι
2125 2433 2146 2451 s·
2161 2427 2264 2452 Thomu
2282 2426 2339 2452 heic
2357 2435 2409 2452 non
2432 2427 2470 2452 in-

1403 2462 1528 2493 tenditur,
1552 2463 1599 2487 sed
1618 2463 1746 2487 secundus
1760 2462 1908 2487 inculcatur.
1927 2463 1960 2487 Et
1978 2462 2037 2487 hinc
2051 2467 2091 2487 est
2104 2462 2175 2494 quod
2188 2462 2289 2489 addiuu·
2305 2469 2362 2488 esse
2378 2464 2471 2488 semit-

1405 2497 1475 2522 dario
1489 2502 1515 2522 et
1529 2505 1559 2522 ex
1574 2497 1742 2531 consequenti
1761 2496 1904 2530 significare
1923 2497 2147 2530 compositionem.

2499 747 2507 756 '
2517 752 2557 768 ac:
2568 746 2624 768 ieta.

2597 1170 2613 1186 σ

2500 1274 2567 1294 '⁴0²
2589 1273 2715 1301 'senfin‘

2500 1306 2554 1321 esse
2560 1301 2636 1321 acm·
2644 1306 2670 1321 a:
2680 1300 2714 1321 el-

2498 1326 2601 1374 fgq'ficat
2611 1327 2666 1348 actu
2675 1332 2714 1348 es-

2500 1488 2509 1496 ·
2518 1492 2547 1509 ac
2561 1493 2668 1510 erronee:
2685 1494 2714 1510 a-

2499 1514 2592 1535 ctualis.

2499 1647 2509 1655 '¹
2516 1650 2545 1667 nc
2556 1644 2667 1667 omittunt
2677 1645 2716 1667 vel
