2788 4204
69 2130 83 2143 ⁸
93 2129 170 2153 codd.
185 2131 223 2152 ent
239 2135 284 2151 au-

71 2158 116 2179 ten·
121 2164 131 2183 ,-
139 2159 163 2178 et
172 2156 283 2178 omittunt

71 2188 173 2232 mugn-
186 2183 284 2231 scilicet.

73 2293 84 2304 “’
93 2298 109 2315 Α
119 2299 124 2314 :
146 2292 286 2322 manifesta-

75 2319 170 2342 mnam

68 2772 82 2783 ·
91 2777 106 2794 ι
121 2772 207 2795 omittit
227 2773 286 2795 tres.

503 343 1238 428 ARISTOTELIS
1300 344 1542 427 PERI
1601 343 2305 427 HERMENEIAS

1190 525 1501 589 LIBER-
1546 526 1589 590 1.

991 848 1404 907 LECTIO
1467 847 1820 903 PRIMA

1224 989 1592 1030 PROOEMIUM

310 1143 446 1187 Πρῶτον
471 1138 525 1174 δεῖ
548 1141 677 1184 θέσθαι,
706 1145 740 1174 τί
767 1142 874 1187 ὄνομα.
897 1143 957 1174 καὶ
982 1144 1016 1175 τί
1041 1142 1152 1186 ῥῆμα,
1180 1141 1322 1183 ἔπειτα,
1350 1143 1383 1173 τί

379 1187 471 1242 ἐτι-’τιν
499 1186 668 1230 ἀπόφασις
696 1189 754 1220 καὶ
779 1187 994 1232 κατάφασις,
1018 1188 1076 1218 καὶ
1110 1185 1300 1231 ἀπόφανσις
1324 1187 1383 1218 καὶ

378 1233 492 1279 λογος.

370 1332 522 1359 synopsis.
538 1346 574 1351 —
595 1340 619 1358 1.
635 1331 747 1367 Duplex
769 1336 811 1358 est
830 1329 961 1366 operatio
983 1329 1158 1364 intellectus,
1181 1328 1309 1366 simplex
1329 1337 1381 1366 ap-

306 1371 466 1410 prehensio
481 1377 509 1399 et
523 1371 672 1399 iudicium:
687 1371 792 1407 quibus
802 1370 918 1399 additur
931 1370 1022 1405 tertia,
1038 1370 1145 1399 scilicet
1159 1369 1383 1397 ratiocinium.-

311 1419 339 1440 2.
361 1411 516 1439 Obiecturn
537 1411 613 1440 circa
633 1412 714 1448 quod
735 1410 843 1448 Logica
863 1417 1005 1445 versatur;
1027 1417 1056 1438 et
1076 1410 1141 1438 libri
1162 1409 1323 1438 Aristotelis
1344 1410 1382 1437 ad

310 1451 450 1489 Logicam
471 1458 673 1488 spectantes.-
684 1452 709 1479 3.
725 1453 769 1479 De
787 1451 871 1479 titulo
886 1451 971 1479 huius
992 1450 1057 1479 libri
1072 1452 1166 1487 deque
1181 1450 1242 1478 eius
1257 1449 1381 1485 obiecto,

310 1492 392 1529 quod
412 1498 456 1520 est
469 1491 564 1520 oratio
579 1491 768 1527 enunciativa,
791 1491 820 1519 in
838 1501 896 1528 qua
909 1501 1009 1519 verum
1024 1491 1068 1519 vel
1083 1491 1186 1519 falsum
1201 1490 1353 1518 invenitur.
1362 1505 1384 1511 -

309 1541 339 1568 4.
354 1532 544 1561 Ptooemium
559 1532 662 1560 libri.—
673 1532 698 1560 5.
715 1532 886 1567 Quaestioni
908 1531 1022 1560 cuidam
1044 1531 1313 1568 respondetur.—In
1328 1530 1384 1558 hoc

310 1572 386 1601 libro
400 1572 473 1600 Peri
482 1573 667 1601 hermeneias
677 1572 771 1609 agitur
785 1573 821 1600 de
837 1573 951 1600 nomine
966 1578 994 1600 et
1008 1572 1044 1599 de
1060 1572 1149 1599 verbo
1163 1580 1225 1599 non
1240 1577 1384 1607 quatenus

310 1613 442 1641 absolute
463 1612 626 1650 significant
646 1612 789 1649 simplices
810 1612 978 1647 intellectus,
1001 1621 1096 1648 neque
1124 1618 1267 1648 quatenus
1288 1620 1322 1639 ex
1343 1610 1384 1638 eis

311 1652 496 1682 constituitur
516 1654 591 1681 ordo
613 1653 819 1690 syllogisticus,
849 1654 900 1681 sed
921 1659 1064 1689 quatenus
1087 1659 1154 1680 sunt
1175 1658 1270 1688 partes
1291 1660 1383 1679 enun-

311 1693 519 1722 dationis-6.
540 1693 672 1723 Alterum
700 1693 823 1721 dubium
850 1693 1106 1722 removetur.-Ex
1133 1692 1197 1720 solo
1220 1691 1335 1719 nomine
1356 1696 1384 1718 et

604 1789 614 1799 ⁵
651 1791 728 1828 icut
765 1791 853 1828 dicit
880 1790 1136 1838 Philosophus
1170 1789 1209 1826 in
1244 1790 1293 1826 111
1322 1790 1383 1825 De

566 1870 575 1882 ,
590 1871 598 1873 ⁴
622 1855 628 1895 ξ
651 1846 797 1891 anima,
825 1845 966 1893 duplex
991 1851 1047 1880 est
1075 1842 1247 1891 operatio
1275 1842 1383 1879 intel-

651 1900 786 1935 lectus:
815 1910 893 1935 una
919 1897 1094 1947 quidem,
1126 1908 1224 1945 quae
1250 1896 1384 1933 dicitur

518 1992 524 1999 ,
604 1990 613 1998 ⁸
651 1951 937 1989 indivisibilium
974 1951 1217 1999 intelligentia
1243 1956 1278 1997 α,
1314 1962 1384 1998 per

542 2030 563 2042 ,ι
651 2018 768 2055 quam
802 2005 943 2043 scilicet
969 2005 1180 2042 intellectus
1202 2002 1220 2032 β
1248 2015 1383 2052 appre-

310 2063 443 2101 hendit
462 2061 667 2098 essentiam
686 2059 986 2108 uniuscuiusque
1007 2059 1060 2096 rei
1080 2059 1119 2095 in
1143 2057 1286 2106 seipsa;
1311 2056 1384 2093 alia

312 2125 369 2154 est
392 2118 412 2137 ⁵
439 2114 610 2164 operatio
636 2114 846 2151 intellectus
881 2112 1020 2150 scilicet
1046 2110 1314 2161 componentis
1348 2118 1384 2147 et

312 2168 528 2208 dividentis.
558 2167 723 2205 Additur
741 2167 900 2204 autem*
921 2173 958 2203 et
976 2166 1084 2202 tertia
1103 2164 1288 2214 operati0,
1314 2163 1383 2200 sci-

311 2223 398 2261 licet
416 2221 676 2269 ratiocinandi,
692 2220 906 2258 secundum
930 2219 1036 2268 quod
1055 2219 1149 2256 ratio
1169 2217 1342 2267 procedit
1361 2230 1383 2254 a

311 2277 411 2314 notis
430 2276 480 2314 ad
498 2275 782 2324 inquisitionem
796 2275 817 2295 *
835 2274 1066 2322 ignotorum.
1089 2273 1237 2309 Harum
1253 2279 1382 2308 autem

313 2330 581 2380 operationum
608 2328 734 2378 prima
762 2327 958 2365 ordinatur
976 2327 1025 2364 ad
1046 2326 1272 2364 secundam:
1294 2324 1383 2373 quia

312 2397 392 2422 non
410 2390 536 2433 potest
555 2395 638 2420 esse
659 2381 886 2431 compositio
907 2388 944 2417 et
970 2380 1118 2427 divisio,
1145 2379 1215 2416 nisi
1240 2377 1381 2426 simpli-

314 2437 415 2475 cium
435 2437 778 2486 apprehensorum.
805 2434 983 2472 Secunda
1002 2446 1096 2470 vero
1118 2432 1314 2469 ordinatur
1333 2431 1382 2467 acl

312 2491 479 2528 tertiam:
501 2490 590 2539 quia
603 2489 780 2527 videlicet
795 2495 946 2537 oportet
960 2486 1065 2535 quod
1081 2498 1127 2523 ex
1142 2485 1269 2533 aliquo
1284 2496 1380 2521 vero

314 2543 482 2592 cognito,
513 2543 573 2580 cui
600 2543 810 2580 intellectus
845 2540 1039 2587 assentiat,
1073 2538 1304 2588 procedatur
1332 2537 1381 2574 ad

314 2597 578 2635 certitudinem
607 2595 869 2645 accipiendam
899 2594 947 2631 de
976 2593 1164 2642 aliquibus
1191 2590 1339 2639 ignotis.

368 2663 403 2688 2.
426 2651 527 2687 Cum
556 2658 685 2687 autern
715 2649 858 2697 Logica
887 2648 1032 2685 dicatur
1050 2645 1241 2683 rationalis
1261 2644 1380 2681 scien-

313 2704 375 2753 tia,
395 2716 553 2742 necesse
582 2711 639 2741 est
666 2702 772 2752 quod
807 2702 887 2739 eius
923 2699 1174 2738 consideratio
1209 2705 1383 2735 versetur

313 2758 412 2795 circa
439 2770 485 2795 ea
513 2770 611 2806 quae
643 2756 832 2806 pertinent
851 2755 900 2792 ad
919 2762 993 2791 tres
1011 2755 1031 2775 *
1053 2752 1265 2802 praedictas
1291 2763 1381 2799 ope—

313 2811 478 2849 rationes
506 2810 673 2848 rationis.
700 2811 761 2847 De
789 2809 847 2846 his
871 2808 981 2857 igitur
1000 2820 1099 2856 quae
1118 2805 1306 2855 pertinent
1334 2803 1383 2841 ad

367 2962 397 2996 a)
417 2962 525 2987 Dicitur
547 2962 748 2987 indivisibilium
776 2961 960 2994 intelligentia.
980 2961 1016 2985 Ita
1035 2967 1095 2985 cum
1116 2959 1228 2984 editione
1246 2958 1325 2982 Piana
1344 2957 1381 2981 le-

314 3002 380 3031 gunt
397 2997 512 3022 Venetae
531 2997 659 3022 editiones
678 2997 709 3022 bc
728 3002 754 3022 et
772 2997 846 3022 codd.
866 2997 969 3026 ABCE3
989 2995 1067 3021 editio
1086 3000 1174 3020 autem
1192 2994 1292 3018 Veneta
1312 2999 1330 3017 a
1356 2996 1382 3016 et

314 3034 396 3058 codex
408 3033 431 3057 D
445 3032 554 3057 habent:
574 3032 675 3058 dicitur
688 3032 888 3057 indivisibilium
903 3032 1070 3057 intellectiva.
1090 3031 1206 3063 Utraque
1221 3029 1298 3054 lectio
1313 3028 1382 3052 bona

314 3073 372 3099 est,
395 3068 528 3093 retinenda
546 3072 634 3092 tamen
654 3075 698 3099 ea,
722 3075 802 3101 quam
821 3068 998 3100 praetulerunt
1022 3066 1133 3092 Romani
1158 3066 1280 3090 editores.
1311 3063 1383 3088 Sicut

314 3104 384 3129 enim
409 3103 475 3128 actio
499 3111 662 3135 componens
687 3107 713 3128 et
741 3103 858 3128 dividens
883 3102 975 3127 dicitur
1001 3110 1055 3127 uno
1082 3101 1212 3126 vocabulo
1239 3099 1381 3127 iudicium,

314 3144 340 3164 et
358 3139 482 3171 operatio,
502 3146 554 3171 qua
571 3138 720 3171 proceditur
737 3146 752 3162 a
770 3138 838 3163 notis
860 3138 892 3162 ad
911 3137 1086 3170 cognitionem
1109 3138 1271 3169 ignotorum,
1291 3134 1383 3159 dicitur

314 3174 485 3199 ratiocinium
490 3181 500 3202 ‚·
517 3174 552 3198 ita
570 3173 686 3206 operatio
703 3173 858 3198 intellectiva
872 3173 1066 3198 indivisibilium
1090 3173 1180 3197 dicitur
1205 3169 1382 3203 intelligentia

315 3208 371 3244 (Cf.
387 3209 452 3234 infra
476 3209 534 3234 lect.
548 3216 590 3240 m,
614 3216 639 3233 n.
657 3207 686 3242 3)
710 3209 752 3233 vel
775 3208 852 3233 etiam
877 3208 1028 3241 simpliciter
1051 3208 1211 3236 intellectus,
1233 3214 1286 3230 non
1305 3209 1383 3237 prout

313 3244 472 3270 vocabulum
490 3244 560 3269 istud
579 3244 698 3276 designat
715 3243 862 3268 facultatem
886 3243 1059 3276 intelligendi,
1080 3244 1126 3268 sed
1146 3247 1231 3267 actum
1249 3241 1291 3265 vel
1310 3240 1382 3265 habi-

313 3285 371 3306 tum
396 3280 466 3310 eius,
493 3287 589 3312 nempe
613 3279 762 3312 intelligere
788 3283 814 3303 et
835 3279 1036 3304 intellectionem
1062 3276 1118 3312 (Cf.
1138 3278 1182 3302 lib.
1202 3277 1212 3301 1
1236 3276 1381 3301 Posterior.

314 3316 444 3349 analytic.
458 3315 516 3340 lect.
539 3322 610 3345 nw,
625 3322 651 3339 n.
668 3313 737 3348 3).—
748 3314 860 3338 Aliunde
879 3314 987 3338 dubium
1005 3321 1085 3338 omne
1102 3313 1207 3346 pellitur
1225 3319 1256 3336 ex
1270 3311 1336 3335 libro
1350 3309 1382 3335 111

314 3352 358 3377 De
379 3351 479 3380 anima,
494 3358 574 3382 quem
593 3349 653 3374 citat
671 3357 693 3374 s.
703 3349 828 3373 Thomas.
848 3349 885 3373 lbi
903 3348 973 3373 enim
993 3356 1048 3381 cap.
1063 3356 1102 3378 vi,
1118 3347 1271 3372 Aristoteles
1290 3346 1380 3370 habet:

311 3385 392 3412 ¹H..
408 3387 458 3411 τῶν
478 3380 627 3418 ἀδιαιρέτων
645 3382 746 3416 νόησις,
761 3383 960 3409 indivisibilium
981 3383 1155 3416 intelligentia
1159 3390 1169 3411 ;
1188 3387 1213 3407 et
1232 3389 1253 3406 s.
1263 3381 1380 3405 Thomas

313 3422 384 3447 hunc
404 3422 491 3446 locum
506 3428 638 3454 exponens
659 3420 716 3444 lect.
730 3427 756 3444 11
777 3419 848 3443 dicit:
864 3428 877 3441 ‹
889 3419 947 3444 Una
965 3419 1144 3451 operationum
1163 3417 1307 3442 intellectus
1327 3421 1381 3446 est,

316 3466 332 3482 ι
347 3458 492 3483 secundum
516 3456 588 3489 quod
609 3455 727 3487 intelligit
750 3454 947 3479 indivisibilia....
971 3454 1005 3478 Et
1026 3454 1090 3478 haec
1113 3452 1279 3484 intelligentia
1299 3461 1312 3474 ›
1333 3456 1380 3475 etc.

314 3493 386 3518 Haec
404 3493 516 3517 notanda
535 3499 595 3516 esse
614 3491 682 3521 duxi,
698 3495 726 3514 ut
746 3489 857 3514 novitius
878 3489 975 3514 ediscat
988 3496 1068 3521 penes
1091 3487 1254 3512 s.Th0mam
1273 3491 1299 3511 et
1317 3486 1381 3510 alios

315 3528 489 3554 Scholasticos
502 3527 610 3552 nomine
627 3526 818 3559 intelligentiae
836 3524 940 3557 proprie
961 3521 1014 3548 non
1035 3523 1163 3555 designari
1181 3522 1328 3555 facultatem
1342 3521 1380 3545 in-

314 3564 478 3594 tellectivam,
494 3564 541 3588 sed
555 3562 683 3587 actionem
698 3561 816 3587 eiusdem
830 3559 966 3591 facultatis,
980 3559 1030 3584 hoc
1045 3563 1098 3589 est,
1114 3558 1287 3590 cognitionem
1303 3555 1347 3590 (P.
1362 3557 1380 3587 1,

315 3607 360 3632 qu.
370 3607 455 3630 Lxxxx,
475 3599 544 3624 artic.
558 3597 599 3633 x).

1439 1142 1457 1162 *
1475 1142 1621 1172 Primum
1644 1148 1772 1182 oportet
1796 1142 1985 1173 constituere
2009 1143 2087 1183 quid
2110 1144 2150 1174 sit
2172 1154 2301 1182 nomen,
2325 1145 2451 1186 etquid
2469 1145 2509 1176 sit

1507 1187 1659 1238 verbum:
1679 1193 1790 1238 ppstea
1809 1187 1887 1228 quid
1907 1187 2032 1227 negatio
2060 1194 2091 1218 et
2115 1188 2292 1227 affirmatio,
2313 1196 2343 1219 et
2362 1190 2507 1221 enuncia-

1508 1238 1554 1262 tio
1579 1238 1609 1262 et
1633 1238 1744 1262 oratio.

1438 1328 1527 1356 verbo
1541 1328 1661 1365 simplex
1676 1328 1770 1357 oratio
1792 1328 1853 1356 fieri
1875 1334 1983 1365 potest3
1999 1334 2027 1356 et
2042 1328 2089 1356 illa
2103 1335 2170 1356 sunt
2183 1328 2353 1366 principales
2368 1329 2508 1358 orationis

1437 1375 1546 1405 partes:
1577 1369 1630 1396 sub
1653 1369 1758 1406 quibus
1781 1369 2068 1405 comprehenduntur
2091 1369 2269 1406 pronomina
2290 1376 2317 1397 et
2341 1370 2507 1408 participia.

1437 1409 1503 1437 Alia
1523 1415 1591 1437 sunt
1611 1409 1703 1446 magis
1731 1409 1930 1446 colligationes
1951 1409 2076 1445 partium
2099 1409 2316 1446 orationis-7.
2338 1410 2459 1447 Negatio
2481 1417 2509 1438 et

1437 1447 1594 1478 affirmatio
1616 1455 1683 1477 sunt
1706 1455 1802 1486 partes
1826 1450 2001 1478 subiectivae
2023 1459 2074 1477 seu
2100 1450 2219 1487 species,
2243 1459 2304 1478 non
2324 1460 2392 1478 vero
2414 1457 2510 1487 partes

1439 1490 1602 1528 integrales
1629 1489 1917 1518 enunciationis.-8.
1941 1490 2090 1518 Dubitatio
2118 1491 2509 1519 removetur:—Enunciatio

1438 1530 1628 1568 hypothetiCa
1656 1539 1690 1558 ex
1710 1530 1841 1567 pluribus
1869 1530 2036 1568 categoricis
2060 1531 2361 1566 componitur.-Non
2382 1531 2511 1559 continet

1438 1571 1598 1598 absolutam
1620 1570 1847 1607 veritatem.-9.
1863 1572 1927 1599 Vox
1949 1578 1992 1599 est
2013 1572 2161 1607 quoddam
2184 1572 2321 1606 naturale,
2337 1578 2365 1599 et
2385 1581 2446 1599 non
2468 1578 2510 1599 est

1438 1611 1555 1647 proprie
1577 1611 1718 1639 orationis
1737 1621 1869 1648 genus-
1883 1621 1926 1640 10.
1942 1611 2030 1639 Dubii
2052 1611 2330 1640 solutioz-Divisio
2351 1612 2442 1649 magis
2462 1621 2510 1640 ac-

1440 1650 1515 1678 cedit
1538 1651 1576 1679 ad
1596 1658 1702 1687 partes;
1724 1652 1892 1690 compositio
1913 1653 1948 1680 ad
1964 1652 2140 1680 toturn-In
2161 1652 2204 1687 iis,
2220 1661 2295 1688 quae
2309 1659 2432 1689 possunt
2448 1661 2510 1680 esse

1439 1697 1467 1718 et
1487 1700 1548 1719 non
1570 1700 1641 1727 esse,
1656 1691 1735 1728 prius
1757 1698 1805 1720 est·
1821 1701 1876 1720 non
1899 1702 1970 1726 esse,
1987 1702 2074 1729 quam
2097 1701 2168 1721 esse.

1438 1789 1605 1838 primam
1626 1789 1891 1838 operationem
1912 1789 2132 1838 intellectus,
2149 1790 2245 1827 idest
2265 1791 2313 1828 de
2332 1791 2508 1840 hisquae

1440 1842 1601 1891 simplici
1624 1842 1815 1879 intellectu
1840 1843 2114 1892 concipiuntur,
2137 1844 2363 1881 determinat
2377 1847 2396 1864 ὕ
2425 1845 2507 1882 Ari-

1440 1897 1592 1933 stoteles
1618 1896 1656 1933 in
1676 1896 1771 1933 libro
1800 1898 2210 1934 Praedicamentorum.
2239 1899 2298 1934 De
2323 1898 2381 1935 his
2400 1911 2507 1946 vero,

1439 1962 1538 1999 quae
1558 1950 1747 1998 pertinent
1765 1950 1815 1987 ad
1839 1950 2050 1987 secundam
2071 1951 2348 1999 operationem,
2369 1951 2510 1988 scilicet

1440 2003 1488 2040 de
1526 2003 1792 2040 enunciatione
1827 2004 2055 2041 affirmativa
2090 2012 2126 2041 et
2160 2005 2355 2052 negativa,
2388 2005 2508 2042 deter-

1439 2056 1558 2093 minat
1592 2057 1849 2105 Philosophus
1883 2058 1921 2094 in
1954 2058 2050 2094 libro
2083 2058 2414 2095 Perihermeneias.
2449 2060 2508 2095 De

1439 2110 1496 2147 his
1524 2123 1619 2147 vero
1650 2123 1748 2159 quae
1775 2110 1966 2159 pertinent
1994 2111 2043 2148 ad
2071 2111 2219 2148 tertiam
2244 2112 2508 2160 operationem

1440 2163 1666 2200 determinat
1702 2163 1741 2200 in
1778 2164 1873 2200 libro
1910 2165 2090 2201 Priorum
2130 2172 2166 2200 et
2198 2164 2237 2201 in
2273 2177 2507 2213 consequen-

1438 2217 1553 2264 tibus,
1581 2217 1619 2253 in
1648 2217 1786 2266 quibus
1815 2217 1935 2265 agitur
1964 2217 2012 2254 de
2041 2217 2260 2266 syllogismo
2293 2218 2509 2266 simpliciter

1439 2277 1475 2306 et
1510 2270 1557 2307 de
1596 2270 1755 2307 diversis
1793 2270 2103 2318 syllogismorum
2142 2278 2179 2307 et
2215 2271 2507 2318 argumentatio-

1438 2335 1532 2359 num
1562 2324 1773 2371 speciebus,
1796 2323 1933 2372 quibus
1948 2324 1968 2344 *
1987 2323 2080 2360 ratio
2098 2324 2145 2361 de
2164 2336 2243 2360 uno
2267 2324 2440 2373 procedit
2459 2324 2508 2361 ad

1438 2376 1551 2413 aliud.
1565 2377 1614 2413 Et
1627 2376 1715 2413 ideo
1727 2377 1940 2414 secundum
1950 2376 2188 2425 praedictum
2204 2378 2379 2414 ordinem
2394 2377 2507 2426 trium

1438 2429 1726 2478 operationum,
1760 2430 1855 2467 liber
1881 2431 2281 2467 Praedicamentorum
2316 2431 2510 2467 ordinatur

1437 2483 1486 2519 ad
1514 2483 1654 2520 librum
1688 2484 2030 2529 Perffiermmeias,
2065 2484 2130 2533 qui
2164 2484 2360 2521 ordinatur
2392 2484 2440 2521 ad
2468 2484 2508 2520 li-

1437 2537 1550 2572 brum
1578 2537 1757 2573 Priorum
1787 2545 1824 2574 et
1852 2545 2054 2586 sequentes
2071 2538 2101 2574 ⁸.

1493 2590 1527 2626 3.
1549 2589 1695 2626 Dicitur
1714 2602 1804 2637 ergo
1828 2590 1924 2627 liber
1947 2590 2027 2638 iste,
2048 2591 2111 2639 qui
2132 2603 2223 2639 prae
2247 2591 2423 2628 manibus
2442 2592 2507 2629 ha-

1438 2643 1559 2689 betur,
1585 2644 1907 2681 Perihermeneias
1923 2644 1954 2690 *,
1983 2644 2089 2692 quasi
2117 2646 2178 2681 De
2196 2645 2506 2692 interpretatione.

1438 2695 1583 2732 Dicitur
1602 2704 1731 2733 autem
1756 2698 2021 2745 interpretatio,
2048 2698 2260 2735 secundum
2286 2698 2506 2746 Boethium,

1436 2761 1516 2786 vox
1542 2750 1812 2800 significativa,
1843 2763 1940 2800 quae
1956 2763 2030 2799 per
2046 2763 2086 2788 se
2105 2751 2248 2799 aliquid
2267 2751 2458 2800 significat
2473 2756 2505 2798 ⁷,

1439 2802 1519 2839 sive
1548 2803 1594 2839 sit
1614 2804 1814 2852 complexa
1838 2804 1919 2841 sive
1938 2804 2188 2853 incomplexa.
2219 2804 2330 2840 Unde
2354 2805 2506 2841 coniun-

1491 2955 1520 2991 β)
1536 2957 1588 2981 Per
1597 2964 1676 2990 quam
1691 2957 1791 2982 scilicet
1805 2957 1952 2982 intellectus
1963 2961 2009 2981 etc.
2020 2956 2047 2980 ln
2059 2955 2170 2980 editione
2180 2955 2258 2979 Piana
2267 2955 2341 2980 deest
2348 2956 2505 2981 vocabulum

1436 2992 1598 3021 intellectus,
1619 2993 1699 3025 quod,
1715 2993 1774 3017 licet
1792 2993 1824 3017 de
1843 2992 1909 3017 facili
1929 2991 2144 3024 subintelligatur,
2166 2990 2299 3015 adiicimus
2319 2996 2406 3016 tamen
2425 2992 2505 3024 expli-

1436 3027 1485 3052 cite
1504 3035 1535 3052 ex
1554 3028 1628 3052 codd.

1489 3062 1516 3097 γ)
1528 3063 1726 3095 Interpretatio,
1741 3062 1884 3088 secundum
1895 3062 2034 3087 Boethium
2049 3066 2096 3086 etc.
2107 3062 2177 3086 Haec
2186 3060 2311 3086 Boethius
2321 3061 2399 3086 habet
2408 3062 2504 3087 Prooe-

1436 3099 1489 3123 mio
1499 3099 1566 3123 Edit.
1581 3099 1656 3131 prim.
1668 3098 1694 3123 in
1711 3099 1754 3123 lib.
1766 3099 1808 3123 De
1818 3098 2037 3130 interpretatione
2051 3095 2263 3130 (Opp.-Basileae
2277 3096 2351 3129 1570,
2361 3105 2419 3130 pag.
2432 3097 2504 3132 215).

1437 3134 1626 3165 Interpretatio
1646 3131 1786 3168 (ἑρμηνεία)
1805 3137 1845 3159 est
1863 3141 1919 3158 vox
1936 3133 2128 3165 significativa,
2147 3139 2200 3164 per
2216 3132 2329 3164 seipsam
2348 3133 2452 3165 aliquid
2468 3134 2504 3158 si-

1435 3170 1574 3202 gnificans.
1594 3170 1627 3193 Et
1645 3170 1706 3202 quia
1725 3177 1778 3194 non
1797 3170 1883 3194 solum
1897 3168 2047 3201 propositio
2067 3166 2146 3201 (quae
2165 3172 2206 3192 est
2218 3175 2268 3192 vox
2284 3167 2437 3202 complexa),
2457 3169 2503 3193 sed

1436 3205 1512 3230 etiam
1536 3212 1630 3229 nomen
1655 3209 1681 3229 et
1699 3205 1805 3229 verbum
1828 3202 1911 3238 (quae
1936 3208 1998 3228 sunt
2019 3211 2098 3228 voces
2122 3202 2312 3237 incomplexae)
2337 3204 2434 3236 aliquid
2457 3211 2504 3236 per

1437 3240 1523 3272 seipsa
1533 3239 1691 3271 significant,
1707 3240 1825 3272 sequitur
1841 3240 1920 3272 quod,
1931 3240 2000 3264 iuxta
2014 3239 2168 3263 sententiam
2183 3238 2292 3269 Boethii,
2303 3239 2334 3262 ab
2349 3239 2441 3263 eodem
2461 3246 2502 3263 ex-

1435 3282 1555 3308 pressam
1574 3275 1657 3306 (ib.),
1678 3283 1772 3300 nomen
1792 3280 1818 3299 et
1843 3275 1950 3299 verbum
1970 3275 2115 3299 subiectum
2141 3274 2198 3298 Peri
2221 3274 2382 3298 hermeneias
2406 3274 2501 3298 consti-

1436 3315 1509 3334 tuant
1533 3317 1587 3334 non
1607 3310 1694 3334 solum
1719 3315 1798 3342 prout
1822 3315 1884 3335 sunt
1906 3315 1992 3342 partes
2016 3309 2209 3335 enunciationis
2233 3317 2279 3333 seu
2303 3309 2501 3341 propositionis,

1436 3346 1482 3370 sed
1501 3345 1579 3370 etiarn
1598 3346 1744 3369 secundum
1758 3353 1787 3370 se
1801 3350 1913 3378 sumpta.
1927 3358 1947 3363 ·—·
1963 3345 2014 3370 Sed
2029 3345 2138 3369 Boethio
2156 3344 2225 3368 haud
2245 3344 2373 3368 consentit
2392 3352 2413 3368 s.
2428 3344 2500 3369 Tho-

1436 3388 1507 3411 mas,
1532 3384 1602 3404 recte
1624 3381 1739 3405 notando
1764 3381 1836 3413 quod
1862 3381 1905 3405 ille
1929 3380 2126 3412 interpretatur,
2152 3379 2256 3412 proprie
2280 3380 2427 3411 loquendo,
2455 3380 2502 3412 qui

1436 3415 1540 3447 exponit
1568 3415 1665 3447 aliquid
1689 3423 1749 3440 esse
1773 3423 1865 3440 verum
1893 3416 1934 3440 vel
1959 3415 2063 3439 falsum.
2086 3415 2156 3446 Ergo
2186 3415 2371 3446 interpretatio
2396 3415 2501 3447 proprie

1436 3459 1489 3475 non
1514 3450 1562 3474 erit
1580 3450 1710 3482 quaelibet
1733 3458 1784 3475 vox
1802 3458 1849 3482 per
1868 3458 1897 3475 se
1916 3449 2078 3482 significans,
2103 3451 2150 3474 sed
2171 3457 2238 3482 quae
2262 3455 2287 3474 et
2304 3457 2351 3482 per
2369 3457 2398 3474 se
2421 3450 2501 3482 signi—

1435 3485 1494 3510 ficat
1514 3490 1539 3510 et
1559 3485 1637 3509 simul
1659 3493 1705 3518 per
1724 3493 1754 3510 se
1773 3485 1886 3510 continet
1900 3485 2072 3518 enunciatque
2086 3493 2178 3510 verum
2195 3486 2237 3509 vel
2256 3485 2360 3510 falsum.
2379 3486 2436 3510 Hoc
2455 3494 2500 3510 au-

1435 3526 1488 3545 tem
1511 3521 1646 3553 proprium
1661 3525 1702 3545 est
1718 3521 1791 3545 vocis
1806 3521 1955 3553 complexae
1970 3528 2016 3545 seu
2037 3521 2173 3550 orationis,
2189 3520 2241 3545 imo
2264 3521 2347 3545 solius
2371 3521 2502 3546 orationis

1435 3556 1632 3584 enunciativae,
1652 3561 1781 3589 quatenus
1800 3555 1863 3580 haec
1882 3556 2046 3588 distinguitur
2064 3556 2095 3580 ab
2114 3555 2231 3580 oratione
2249 3556 2362 3588 optativa
2375 3561 2401 3581 et
2417 3556 2500 3589 impe-

1435 3592 1516 3616 rativa
1535 3596 1560 3616 et
1580 3591 1648 3622 aliis,
1669 3596 1698 3616 ut
1720 3591 1746 3616 in
1769 3591 1819 3616 hoc
1842 3591 1900 3624 ipso
1924 3599 2034 3616 numero
2053 3591 2151 3624 optime
2174 3591 2234 3616 dicit
2255 3592 2405 3624 Angelicus.
2425 3592 2500 3617 Unde

2539 1151 2547 1159 “
2560 1150 2617 1177 Cap.
2633 1156 2650 1171 1.

2537 1850 2546 1859 ·
2558 1849 2632 1871 Codd.
2644 1861 2654 1865 -
2665 1856 2694 1871 xa:
2710 1850 2750 1871 de-

2537 1876 2678 1898 terminavit.
2685 1876 2713 1898 Et
2719 1876 2751 1898 ita

2537 1902 2602 1923 infra.

2537 2335 2545 2343 '¹
2555 2340 2581 2355 A:
2593 2334 2616 2355 in
2627 2334 2718 2362 quibus.

2536 2546 2545 2553 '
2558 2544 2632 2566 Codd.
2642 2552 2647 2566 :
2668 2550 2749 2566 conse-

2536 2573 2641 2598 quentes.

2536 2654 2545 2662 '
2556 2659 2583 2674 A:
2606 2653 2665 2674 liber
2681 2652 2748 2674 Peri-

2537 2679 2696 2705 hermene-ias,
2717 2679 2751 2700 id-

2535 2708 2572 2726 est
2585 2706 2621 2727 De
2636 2709 2678 2726 etc.

2632 2764 2648 2788 Υ
