2548 4192
176 257 305 282 CXXXVI

179 337 193 352 »
215 325 278 354 Dei
293 324 526 354 nominationes
549 323 760 359 dividentem,·
781 334 795 348 »
819 331 894 351 cum
917 327 1022 350 tamen
1042 317 1176 356 Erigena
1199 316 1243 346 sic

174 369 304 399 habeat:
325 374 355 398 et
369 378 492 398 omnem
512 368 559 398 sic
581 367 688 397 dicere
710 375 838 396 sacram
863 364 1083 403 theologorum
1107 362 1243 402 hymno-

174 414 295 453 logiam
320 413 472 449 invenies,
492 411 536 442 ad
558 411 714 452 beneficas
737 409 913 440 divinitatis
930 407 1153 447 processiones
1176 415 1243 435 ma-

175 457 358 498 nifestative
371 462 402 486 et
416 456 579 486 laudative
594 455 827 485 nominationes
840 453 967 482 divinas
975 455 1241 490 praeparantem.

171 501 263 532 Paria
285 506 456 532 occurrunt
479 499 597 539 passim
621 498 772 537 exempla.
794 497 855 527 Sed
879 494 1085 535 frequentius,
1106 501 1242 534 utroque

172 546 339 585 interprete
364 544 505 580 dimisso,
525 541 736 582 Areopagitici
760 547 862 571 textus
884 539 986 570 reddit
1010 549 1140 569 sensum
1171 538 1243 569 niti-

175 590 315 620 dioribus
339 588 473 628 propriis
489 587 607 624 verbis;
623 586 794 626 ipsumque
811 590 932 614 textum
947 593 1096 622 graecum
1120 583 1243 613 videtur

174 634 242 674 ipse
265 633 435 673 aliquando
464 638 518 661 aut
541 630 620 660 alius
644 630 682 659 ab
706 629 820 659 eodem
844 627 1036 665 sciscitatus,
1061 627 1242 666 diligentius

176 677 370 708 consuluisse
390 686 424 706 ac
440 675 535 705 latine
550 674 678 704 reddere
693 672 884 703 accuratiore
898 671 1112 702 translatione.
1128 672 1243 702 Exem-

175 722 266 762 plum
289 720 425 760 profero.
447 719 497 750 Sic
520 719 614 748 habet
643 718 695 748 ille
726 718 766 747 III
787 727 865 757 par„
889 723 1000 757 quaest
1022 726 1084 753 xnt,
1109 715 1194 746 artic.
1220 726 1242 753 1,

175 765 286 795 obiect.
304 771 329 794 1:
349 777 363 791 «
377 763 461 793 Dicit
476 763 562 793 enim
577 762 751 802 Dionysius
766 761 798 791 in
812 771 829 791 2
841 771 909 801 cap.
937 761 976 790 de
992 760 1115 791 Divinis
1130 760 1243 790 Nomi-

177 822 191 835 a>
214 809 323 839 nibus:
339 808 488 838 Discreta
512 812 619 837 autem
644 812 691 837 est
722 806 952 847 benignissima
976 806 1063 836 circa
1095 814 1153 835 nos
1180 805 1244 835 Dei

177 866 191 880 »
214 853 356 893 operatio
374 861 438 891 per
459 852 528 888 hoc,
546 851 631 892 quod
653 850 828 882 secundum
847 859 915 887 nos,
934 859 975 880 ex
999 850 1098 887 nobis,
1116 850 1244 890 integre

177 910 190 924 »
214 906 349 936 vereque
371 896 581 926 humanatum
614 900 661 926 est
690 895 840 932 Verbum,
862 893 948 935 quod
971 900 1018 925 est
1046 904 1147 934 supra
1170 894 1242 924 sub-

176 954 190 968 »
212 942 386 971 stantiam:
401 945 431 970 et
454 941 585 980 operari
607 946 638 971 et
654 941 728 980 pati
750 948 969 980 quaecumque
989 939 1152 969 humanae
1174 939 1244 969 eius

175 998 189 1012 »
211 985 401 1025 divinaeque
424 986 604 1025 operationi
634 990 830 1025 congruunt.
857 997 872 1011 »
899 985 986 1015 Haec
1009 983 1106 1014 textui
1131 993 1242 1023 graeco

172 1029 307 1059 maxime
331 1035 522 1059 consonant:
543 1022 759 1070 διακέκριται
776 1022 814 1060 δὲ
832 1027 894 1065 τῆς
918 1025 1179 1071 ἀγαθοπρεποῧς
1196 1026 1242 1064 εἰς

172 1072 262 1114 ἡμᾶς
287 1069 362 1103 θεου
384 1074 474 1117 γίας,
494 1071 535 1104 τὰ
559 1071 634 1104 καθ’
657 1073 745 1116 ἡμᾶς
765 1071 799 1114 ἐξ
817 1073 910 1116 ἡμῶν
937 1072 1052 1108 ὀλικῶς
1077 1073 1136 1103 καὶ
1164 1071 1244 1108 ἀλη-

173 1115 234 1154 θῶς
260 1083 465 1152 οὐσιωεῆναι
488 1115 547 1148 τὸν
574 1116 771 1162 ύπερούσιον
802 1117 926 1164 λόγον,
951 1118 1011 1148 καὶ
1035 1112 1159 1160 δράσαι
1183 1117 1242 1147 καὶ

174 1159 291 1193 παθεῖν
303 1159 366 1193 ὅσα
377 1162 440 1199 τῆς
458 1159 669 1206 ἀνθρωπικῆς
683 1163 790 1195 &uz-05
806 1161 980 1208 θεουργίοις
992 1161 1086 1194 ἐστὶν
1103 1161 1243 1206 ἔκκριτοι

135 1243 138 1247 ,
171 1207 230 1237 καὶ
255 1205 427 1251 ἐξαίρετα.
453 1208 527 1238 Non
550 1208 594 1239 ita
622 1209 770 1239 convenit
800 1208 959 1239 Sarraceni
983 1208 1160 1239 translatio:
1184 1208 1243 1237 Di-

170 1258 309 1283 scretum
333 1258 440 1283 autem
465 1258 512 1283 est
534 1263 555 1283 a
587 1253 727 1294 benigna
751 1253 795 1283 ad
818 1263 876 1284 nos
898 1253 1008 1284 divina
1037 1253 1242 1293 operatione,

171 1297 347 1327 secundum
372 1307 441 1335 nos,
458 1307 500 1327 ex
524 1297 623 1335 nobis,
641 1298 784 1328 totaliter
806 1303 837 1328 et
860 1307 935 1328 vere
956 1297 1168 1328 substantiam
1183 1296 1244 1337 fa-

173 1346 257 1372 ctum
282 1351 351 1372 esse
373 1342 682 1382 supersubstantiale
711 1342 845 1372 Verbum
852 1350 865 1379 ;
872 1341 993 1382 facere
1009 1347 1039 1372 et
1052 1343 1126 1382 pati
1147 1350 1244 1381 quae-

173 1395 307 1426 cumque
329 1386 492 1416 humanae
515 1387 615 1426 ipsius
636 1387 912 1426 contemplationis
933 1391 1011 1417 sunt
1026 1386 1126 1417 electa
1151 1391 1181 1415 et
1196 1395 1244 1416 se-

172 1435 268 1461 mota.
286 1430 348 1461 Ubi
363 1428 514 1474 θεωρίας,
534 1441 592 1471 pro
616 1427 790 1475 θεουργίας
806 1431 918 1470 legisse
933 1431 1057 1461 videtur
1078 1431 1243 1469 interpres.

171 1475 284 1515 Neque
308 1474 430 1506 felicius
453 1475 530 1505 haec
549 1482 681 1506 verterat
704 1476 818 1506 Scotus
837 1475 971 1515 Erigena
987 1475 1098 1505 verba:
1115 1475 1244 1504 Discer-

173 1520 263 1550 nitur
277 1525 383 1550 autem
399 1520 477 1550 bene
493 1520 610 1550 decora
621 1521 653 1550 in
666 1530 724 1551 nos
737 1520 847 1550 divina
862 1520 1059 1560 operatione,
1068 1518 1244 1550 secundum

173 1573 242 1602 nos,
260 1574 302 1594 ex
317 1564 417 1601 nobis,
436 1565 663 1595 universaliter
679 1570 710 1595 et
733 1574 808 1595 vere
826 1564 1080 1606 substantificari
1099 1573 1245 1604 superes-

171 1609 307 1639 sentiale
322 1609 476 1639 Verbum:
491 1614 521 1639 et
535 1610 666 1649 operari
679 1614 709 1639 et
717 1610 791 1649 pati
803 1619 1022 1650 quaecumque
1036 1609 1246 1639 humanitatis

173 1654 243 1684 eius
256 1653 366 1683 divina
380 1654 505 1683 actione
519 1659 595 1683 sunt
613 1653 752 1684 discreta
776 1659 807 1684 et
820 1663 943 1684 summe
959 1653 1120 1684 miranda.
1138 1650 1246 1690 Quid?

174 1697 263 1738 quod
285 1697 318 1727 in
342 1697 461 1728 eisdem
484 1697 652 1737 postremis
668 1698 770 1728 verbis
795 1698 890 1728 latine
910 1698 1077 1728 reddendis
1099 1697 1247 1728 videntur

172 1741 308 1772 haesisse
324 1741 507 1782 interpretes
522 1742 718 1774 recentiores.
730 1742 919 1773 Ambrosius
935 1742 1188 1773 Camaldulensis
1204 1741 1247 1772 ita

172 1786 277 1816 vertit:
295 1786 411 1827 anue
426 1792 457 1817 et
469 1788 570 1828 gessit
585 1792 616 1817 et
625 1788 773 1827 pertulit,
785 1797 868 1828 quae
881 1793 958 1818 sunt
971 1788 1133 1818 humanae
1147 1788 1248 1827 ipsius

173 1832 400 1871 assumptionis
423 1831 522 1862 electa
545 1837 643 1872 atque
659 1833 850 1872 praecipua.
876 1832 1056 1862 Ioachimus
1074 1831 1246 1862 Peronius:

174 1876 325 1916 Fecitque
341 1881 371 1906 et
383 1885 504 1915 passus
520 1881 566 1907 est
585 1877 704 1914 omnia,
720 1886 804 1916 quae
819 1876 981 1907 humanae
997 1877 1097 1917 ipsius
1112 1877 1248 1906 actionis

168 1921 348 1960 praecipua
367 1926 444 1951 sunt
463 1926 493 1951 et
511 1921 707 1961 singularia.
723 1921 886 1952 Balthasar
905 1921 1077 1952 Corderius
1097 1921 1246 1951 demum:

173 1964 287 2004 anue
311 1966 449 2005 gesserit
475 1965 662 2005 tuleritque‚
692 1975 776 2006 quae
800 1966 963 1996 humanae
988 1967 1088 2006 ipsius
1112 1966 1249 1996 actionis

167 2010 348 2049 praecipua
364 2015 440 2040 sunt
453 2015 484 2040 et
492 2010 688 2050 singularia.
704 2010 801 2041 Vocis
816 2020 932 2050 nempe
946 2010 1042 2048 illius,
1058 2007 1244 2054 θεουργίας,

173 2053 240 2082 vim
264 2053 430 2094 adsequuti
454 2054 585 2084 minime
604 2054 761 2086 videntur.
787 2055 863 2092 Quo
883 2055 922 2085 de
941 2055 1013 2085 loco
1034 2062 1115 2085 recte
1133 2054 1248 2085 inteni-

174 2098 278 2137 gendo
299 2098 389 2138 plura
409 2097 540 2129 dicenda
560 2106 633 2130 sunt
652 2099 685 2129 in
705 2099 844 2130 subiecta
863 2099 1099 2130 Dissertatione.

563 2213 762 2251 CAPUT
791 2214 860 2251 IV.

175 2300 287 2325 Genuini
313 2301 393 2325 sancti
412 2300 531 2326 Thomae
550 2301 635 2326 foetus
654 2301 782 2327 habentur
800 2302 984 2327 Commentarii
1004 2302 1029 2327 in
1049 2301 1149 2328 Boethii
1168 2301 1249 2327 libros

248 2337 280 2361 de
299 2336 513 2362 Hebdomadibus
537 2342 562 2362 et
580 2338 613 2362 de
636 2337 767 2363 Trinitate.
788 2338 868 2363 Tituli
893 2338 1094 2363 Hebdomadum
1114 2337 1248 2371 expositio.

246 2371 286 2396 Ab
306 2372 436 2404 Aquinate
454 2373 638 2398 Commentarii
662 2373 839 2399 abiudicantur
857 2374 883 2399 in
908 2373 1025 2399 eiusdem
1050 2373 1150 2399 Boethii
1169 2373 1249 2398 libros

247 2407 279 2431 de
298 2407 482 2433 Consolatione
500 2408 678 2441 philosophiae
702 2415 727 2434 et
749 2410 781 2435 de
795 2409 958 2435 Scholarium
972 2409 1120 2443 disciplina:
1135 2417 1249 2442 quorum

247 2447 396 2475 postremus
417 2451 502 2476 neque
520 2452 660 2476 germanus
680 2451 720 2470 est
738 2445 837 2470 Boethii
856 2445 949 2470 foetus.

175 2533 197 2564 Ι,
302 2529 323 2559 d
346 2529 512 2570 Opuscula
535 2531 621 2569 duo,
642 2541 723 2572 quae
754 2538 953 2572 postremum
983 2532 1093 2563 locum
1123 2538 1248 2570 tenent,

303 2584 407 2606 sermo
432 2575 590 2615 procedit:
611 2585 752 2615 quorum
776 2576 910 2606 alterum
926 2576 1119 2614 inscribitur,
1139 2577 1249 2617 Expo-

175 2623 248 2653 sitio
273 2623 305 2652 in
330 2620 446 2651 librum
470 2619 596 2650 Boethii
618 2620 658 2651 de
679 2620 960 2651 Hebdomadibus:
984 2621 1130 2658 alterurn,
1150 2621 1249 2651 Prae-

176 2667 286 2697 clarae
305 2665 506 2707 quaestiones
524 2674 623 2704 super
641 2664 758 2695 librum
782 2665 909 2695 Boethii
931 2665 970 2695 de
994 2666 1169 2703 Trinitate,·
1188 2665 1249 2706 pri-

176 2722 268 2742 mum
298 2720 387 2741 num.
422 2710 464 2750 69
497 2709 577 2739 inter
609 2709 776 2749 Opuscula
809 2709 1019 2747 recensitum,
1045 2719 1180 2740 numero
1206 2719 1249 2751 70

177 2756 321 2787 alterum.
340 2755 451 2786 Unum
474 2754 506 2784 in
530 2754 655 2784 Boethii
679 2753 796 2784 librum
819 2754 860 2784 de
895 2755 1052 2784 Trinitate
1075 2753 1249 2784 Commen-

176 2801 292 2831 tarium
325 2805 481 2830 memorat
503 2798 708 2829 Ptolomaeus
739 2798 891 2829 Lucensis
928 2798 1009 2828 libro
1038 2798 1138 2828 XXIII
1167 2797 1249 2829 Hist.

180 2845 301 2883 eccles„
319 2843 419 2884 capite
442 2851 504 2874 x1v:
521 2842 602 2874 Item
626 2840 765 2883 scripsit,
783 2843 941 2884 inquiens,
957 2852 1056 2883 super
1079 2842 1194 2873 librum
1212 2842 1252 2873 de

184 2891 341 2920 Trinitate
358 2888 493 2919 Boethii.
519 2888 615 2918 Error
638 2887 761 2928 irrepsit
788 2887 821 2918 in
845 2887 1115 2918 Mediolanensem
1140 2887 1251 2918 editio-

179 2944 253 2964 nem
277 2941 367 2964 tomo
384 2933 426 2964 XI
451 2932 684 2963 Muratorianae
704 2932 902 2972 Scriptorum
922 2932 1026 2962 Italiae
1043 2931 1250 2969 collectionis,

178 2979 233 3009 ubi
257 2978 384 3018 legitur:
409 2978 514 3018 Super
533 2977 649 3008 librum
669 2977 708 3007 de
727 2977 893 3007 Felicitate
910 2976 1045 3007 Boethii.
1071 2976 1253 3016 Utrumque

179 3030 340 3053 recensent
362 3029 481 3052 veteres
505 3021 566 3052 alii.
593 3021 785 3053 Guillelmus
804 3021 843 3051 de
859 3021 968 3052 Tocco
984 3020 1043 3051 ait:
1067 3021 1118 3051 De
1146 3020 1252 3050 Trini-

179 3073 254 3104 tate,
279 3067 318 3098 de
340 3066 611 3097 Hebdomadibus.
636 3066 770 3096 Ioannes
793 3066 832 3096 de
848 3065 1026 3096 Columna:
1051 3065 1157 3105 Super
1171 3065 1251 3095 Boe-

179 3112 279 3142 thium
303 3111 342 3142 de
358 3111 639 3142 Hebdomadibus:
661 3120 760 3151 super
776 3110 919 3142 eumdem
937 3110 976 3140 de
997 3110 1163 3140 Trinitate.
1178 3109 1251 3140 Ber-

180 3156 297 3186 nardus
321 3155 495 3186 Guidonis:
526 3156 696 3186 Tractatus
720 3156 886 3186 continens
907 3155 1134 3195 expositionem
1153 3164 1252 3194 super

180 3200 296 3230 librum
320 3200 446 3230 Boethii
468 3200 508 3230 de
530 3199 812 3238 Hebdomadibus,
842 3201 898 3241 qui
921 3200 1047 3240 incipit:
1069 3199 1252 3229 Praecurre

173 3245 270 3284 prior
292 3245 325 3274 in
349 3244 477 3274 domum
498 3249 596 3274 tuam.
621 3245 792 3275 Tractatus
810 3254 909 3284 super
928 3244 1043 3274 librum
1063 3243 1189 3274 Boethii
1212 3243 1252 3274 de

184 3289 358 3326 Trinitate,
392 3290 448 3329 qui
477 3289 606 3329 incipit:
637 3289 686 3319 Ab
714 3290 804 3320 initio
833 3290 1010 3319 nativitatis
1041 3287 1250 3329 investigabo.

179 3333 342 3364 Trivetus:
359 3333 530 3364 Librum...
546 3333 671 3364 Boethii
684 3333 724 3364 de
738 3333 1000 3364 Hebdomadibus
1014 3333 1170 3373 exposuit.
1188 3332 1252 3363 Sed

177 3387 276 3417 super
294 3378 410 3408 librum
435 3378 574 3408 eiusdem
592 3378 632 3408 de
652 3378 810 3409 Trinitate
825 3379 1052 3418 expositionem
1069 3378 1250 3408 inchoatam

181 3432 242 3452 non
261 3422 411 3463 perfecit.
438 3422 653 3454 Consentiunt
679 3423 815 3464 denique
838 3423 993 3464 Pignoni,
1022 3421 1250 3461 Valleoletani‚

180 3476 204 3496 s,
222 3466 375 3497 Antonini
399 3466 590 3498 testimonia.

247 3511 439 3541 Notissimus
456 3518 502 3542 est
518 3511 643 3542 Boethii
660 3512 738 3543 liber
753 3512 793 3543 de
813 3513 989 3543 Trinitate:
1012 3512 1139 3553 alioque
1156 3510 1251 3542 etiam

183 3554 274 3584 titulo
298 3555 329 3585 in
355 3555 444 3586 editis
473 3563 503 3587 et
527 3566 601 3587 mss.
627 3556 767 3596 insigniri
792 3557 887 3588 solet:
916 3557 1081 3594 Quomodo
1110 3557 1252 3587 Trinitas

184 3607 268 3629 unus
287 3600 386 3637 Deus,
412 3610 451 3631 ac
470 3611 532 3631 non
550 3605 615 3631 tres
629 3602 687 3631 Dii
693 3609 706 3639 ;
730 3611 765 3632 ac
781 3601 905 3642 incipit:
930 3601 1163 3642 Investigatam
1180 3600 1251 3631 diu-

901 236 1361 278 DISSERTATIONES
1392 236 1640 273 CRITICAE

1299 315 1419 345 tissime
1441 317 1670 356 quaestionem.
1696 317 1736 354 Q.
1761 317 1894 348 Aurelio
1917 317 2074 348 Memmio
2098 317 2298 358 Simmacho,
2323 329 2373 349 so-

1300 368 1371 389 cero
1389 370 1460 397 suo,
1478 370 1561 400 opus
1578 361 1775 401 nuncupavit
1798 368 1925 392 auctor:
1950 363 2039 403 quod
2050 363 2287 405 rcommentario
2302 363 2374 394 illu-

1299 410 1411 434 strasse
1440 404 1555 435 dicitur
1577 405 1763 436 venerabilis
1785 406 1872 436 Beda
1899 406 1950 436 vel
1980 407 2190 438 Eadmundus
2214 408 2375 447 Albanus,

1299 455 1334 478 ut
1349 448 1416 478 aliis
1432 449 1544 488 placet.
1560 449 1672 480 Fertur
1686 449 1782 480 etiarn
1797 450 2037 482 Commentatio
2050 451 2182 482 Gilberti
2197 452 2376 483 Porretani:

1299 493 1510 533 eamdemque
1527 501 1666 534 spartam
1681 494 1805 534 egregie
1820 495 1944 526 ornavit
1959 495 2132 535 Angelicus
2146 497 2278 527 Doctor.

1367 537 1404 567 11.
1435 537 1529 568 Liber
1552 538 1629 568 alter
1656 538 1696 569 de
1717 538 1982 570 Hebdomadibus
2009 541 2231 580 quaestionem
2254 548 2375 572 versat:

1298 581 1349 611 An
1369 591 1463 612 omne
1485 582 1571 622 quod
1595 588 1652 620 est,
1678 582 1795 613 bonum
1818 584 1871 621 sit,
1897 594 1969 614 cum
1991 594 2053 615 non
2070 586 2136 615 sint
2150 585 2377 616 substantialia

1299 625 1392 656 bona.
1417 626 1462 657 lo.
1480 627 1629 657 Albertus
1658 626 1821 658 Fabricius
1850 627 1883 658 in
1906 628 1999 658 Notis
2027 630 2067 659 ad
2096 629 2314 661 Trithemium
2337 630 2377 660 de

1299 669 1511 710 Scriptoribus
1535 671 1750 702 ecclesiasticis
1775 678 1805 702 et
1828 671 1861 702 in
1884 672 2081 704 Bibliotheca
2096 673 2193 704 latina
2212 674 2294 705 hanc
2317 684 2376 704 no-

1298 720 1364 744 tam
1375 714 1533 754 appingit:
1554 728 1568 742 «x
1581 715 1616 745 In
1632 715 1776 755 catalogo
1793 716 2085 757 manuscriptorum
2095 718 2229 758 Angliae
2245 725 2336 749 tomo
2352 719 2376 758 1,

1301 770 1315 784 >›
1339 767 1409 797 pag.
1423 767 1477 798 94,
1501 769 1591 789 num.
1613 769 1707 799 1900,
1723 760 1879 791 Boethius
1893 761 1934 791 de
1950 761 2224 800 Hebdomadibus,
2239 764 2296 804 qui
2311 764 2377 794 alio

1302 814 1316 829 »
1339 802 1432 832 modo
1449 804 1637 834 intitulatur
1651 804 1691 834 de
1706 804 1900 842 Paradoxis,
1918 805 2047 836 videtur
2055 807 2166 846 potius
2182 816 2250 838 esse
2264 808 2375 845 Alani,

1302 858 1316 873 ιι
1338 846 1379 876 de
1402 847 1553 877 maximis
1569 847 1760 888 theologiae.
1774 861 1789 876 ›
1817 848 1846 878 Is
1870 855 1917 879 est
1931 849 2054 880 Alanus
2070 851 2253 889 insulensis,
2278 861 2377 892 quem

1298 890 1458 921 iuniorem
1481 898 1574 925 vocat
1596 891 1790 922 Guillelmus
1814 891 1912 930 Cave,
1936 902 2022 923 anno
2042 894 2162 925 circiter
2183 896 2264 926 1203
2283 896 2377 927 dena-

1299 941 1361 973 tus,
1379 942 1415 966 ut
1430 935 1570 966 calculos
1593 936 1742 967 subducit
1766 935 1942 967 Casimirus
1963 937 2114 968 Oudinus
2137 938 2170 968 in
2186 939 2255 970 eius
2271 940 2378 980 elogio

1299 980 1340 1009 ad
1356 989 1478 1011 annum
1499 990 1509 1010 1
1522 991 1532 1010 1
1542 981 1592 1011 50.
1619 981 1702 1011 Inter
1721 980 1788 1011 eius
1805 990 1902 1021 opera
1917 989 2104 1013 numeratur
2120 983 2200 1014 liber
2215 983 2238 1014 I
2249 984 2290 1014 de
2303 985 2378 1015 Ma·
2423 1011 2425 1013 .

1298 1025 1406 1062 ximis,
1424 1034 1481 1055 seu
1496 1025 1713 1056 axiomatibus
1729 1025 1920 1066 theologiae.
1945 1026 2052 1057 Huius
2075 1026 2205 1058 initium
2228 1034 2275 1059 est
2290 1029 2378 1068 apud

1299 1068 1465 1100 laudatum
1489 1069 1675 1100 Oudinum:
1709 1069 1823 1100 Omnis
1844 1071 1979 1101 scientia
2007 1072 2076 1102 suis
2099 1073 2204 1103 utitur
2231 1073 2376 1113 regulis:

1299 1113 1385 1144 unde
1408 1114 1503 1154 longe
1528 1114 1630 1145 differt
1652 1115 1691 1145 ab
1715 1114 1896 1154 Opusculo,
1920 1125 1987 1156 quo
2003 1116 2043 1146 de
2058 1115 2194 1156 agimus,
2219 1117 2309 1157 quod
2329 1116 2377 1147 in-

1301 1157 1392 1197 cipit:
1417 1159 1567 1189 Postulas
1589 1169 1610 1189 a
1634 1169 1704 1196 me,
1730 1164 1766 1190 ut
1789 1169 1831 1189 ex
1852 1159 2117 1191 Hebdomadibus
2141 1162 2280 1200 nostris,
2307 1162 2378 1193 eius

1299 1204 1495 1243 quaestionis
1510 1203 1734 1234 obscuritatem
1746 1210 1804 1235 etc.
1825 1203 1891 1241 Qui
1906 1204 2102 1235 solutionem
2117 1205 2270 1237 obscurae
2280 1216 2377 1247 quae-

1300 1246 1411 1277 stionis
1435 1248 1660 1288 postulaverat,
1683 1255 1816 1284 vocatur
1838 1258 1858 1279 a
1881 1258 1905 1279 s.
1922 1248 2052 1280 Thoma
2075 1249 2108 1280 in
2133 1249 2377 1281 Commentario

1299 1291 1441 1322 Ioannes
1455 1292 1624 1323 Diaconus
1638 1293 1807 1323 Romanae
1821 1293 2007 1325 Ecclesiae:
2029 1293 2082 1324 ille
2098 1304 2226 1335 nempe,
2249 1295 2299 1326 cui
2316 1295 2379 1326 alia

1300 1345 1318 1366 a
1333 1336 1470 1367 Boethio
1486 1337 1642 1377 opuscula
1657 1336 1806 1377 inscripta
1821 1337 1980 1377 leguntur.
2004 1338 2157 1370 Evincere
2174 1339 2267 1370 allata
2281 1340 2378 1371 verba

1299 1379 1447 1411 videntur
1470 1380 1578 1412 minus
1609 1381 1737 1422 propn‘e
1760 1381 1900 1412 inditum
1923 1381 2022 1423 Operi
2037 1383 2168 1414 titulum
2191 1384 2231 1415 de
2245 1384 2377 1416 Hebdo-

1300 1425 1447 1455 madibus
1453 1432 1467 1462 ;
1489 1435 1565 1456 cum
1581 1425 1689 1466 potius
1709 1433 1892 1467 excerptum
1909 1426 1949 1458 sit
1965 1437 2002 1457 ex
2017 1427 2081 1458 alio
2097 1428 2253 1469 ampliore
2269 1439 2377 1470 opere,

1300 1469 1389 1509 quod
1418 1469 1458 1499 de
1479 1469 1745 1501 Hebdomadibus
1772 1470 1936 1511 scripserat
1963 1471 2134 1511 Boethius;
2162 1473 2253 1514 quod
2281 1474 2379 1505 etiam

1300 1513 1391 1544 novit
1412 1513 1574 1554 Aquinas:
1598 1514 1717 1545 Scribit
1738 1521 1867 1553 autem,
1892 1515 2060 1557 inquiens,
2084 1517 2171 1548 hunc
2194 1518 2311 1550 librum
2335 1518 2379 1550 ad

1300 1557 1456 1588 Ioannem
1473 1558 1656 1590 Diaconum
1673 1559 1839 1590 Ecclesiae
1853 1560 2032 1599 Romanae,
2049 1562 2106 1602 qui
2121 1561 2162 1592 ab
2177 1571 2214 1593 eo
2224 1564 2378 1603 petierat,

1301 1607 1337 1632 ut
1353 1612 1395 1632 ex
1409 1603 1478 1633 suis
1491 1603 1756 1634 Hebdomadibus
1823 1604 1995 1636 dissereret
2018 1610 2049 1636 et
2072 1612 2247 1647 exponeret
2264 1617 2378 1648 quam-

1301 1646 1375 1677 dam
1399 1646 1564 1688 difficilem
1588 1649 1817 1688 quaestionem.
1843 1649 1888 1679 Ita
1903 1659 1979 1680 vero
2002 1649 2081 1680 liber
2103 1650 2156 1681 ille
2177 1650 2317 1691 amplior
2333 1651 2380 1682 vi-

1302 1691 1394 1722 detur
1416 1691 1596 1732 inscriptus,
1622 1693 1769 1733 exemplo
1792 1693 1836 1724 M.
1857 1693 1999 1724 Terentii
2022 1694 2185 1734 Varronis,
2206 1695 2263 1736 qui
2281 1695 2381 1729 libros

1303 1736 1486 1776 composuit
1507 1737 1548 1767 de
1570 1737 1849 1775 Hebdomadibus,
1880 1737 1956 1768 alias
1979 1738 2020 1769 de
2042 1738 2257 1780 Imaginibus.
2286 1740 2382 1773 Putat

1303 1780 1347 1810 Io.
1364 1780 1514 1811 Albertus
1537 1781 1710 1820 Fabricius,
1734 1781 1768 1812 in
1792 1781 1925 1822 singulis
1947 1782 2045 1814 huius
2068 1783 2174 1824 operis
2197 1783 2285 1815 libris
2303 1785 2381 1817 Var-

1301 1834 1414 1855 ronem
1438 1832 1560 1865 septem
1583 1825 1726 1857 virorum
1750 1826 1923 1857 illustrium
1946 1826 2100 1867 imagines
2129 1828 2213 1870 stylo
2242 1839 2303 1860 suo
2328 1829 2382 1861 de·

1302 1868 1451 1908 lineasse,
1480 1870 1625 1911 adeoque
1648 1877 1755 1902 totum
1783 1881 1866 1911 opus
1895 1871 2016 1902 dictum
2042 1872 2084 1903 de
2105 1872 2379 1907 Hebdomadibus.

1302 1914 1377 1944 Non
1401 1914 1490 1945 aliter
1513 1924 1588 1955 ergo
1611 1915 1765 1946 Boethius
1789 1915 1822 1946 in
1847 1915 1980 1956 singulis
2003 1916 2290 1949 Hebdomadarum
2310 1928 2382 1950 sua-

1303 1968 1375 1988 rum
1398 1958 1485 1989 libris
1514 1958 1594 1990 sorte
1623 1966 1746 2000 septem
1774 1959 1904 1991 selectas
1933 1957 2102 1999 versaverit
2137 1962 2382 2005 exposueritque

1303 2002 1445 2034 difficiles
1478 2003 1698 2044 quaestiones,
1729 2013 1868 2045 quarum
1896 2011 2079 2046 excerptum
2107 2015 2211 2037 unum
2239 2007 2384 2040 exhibeat

1303 2047 1520 2087 opusculum,
1535 2048 1574 2079 de
1598 2059 1665 2089 quo
1682 2048 1817 2089 agimus,
1843 2048 1915 2079 Alia
1931 2056 1978 2080 est
1993 2049 2077 2081 tituli
2092 2050 2382 2084 Hebdomadarum

1303 2091 1461 2132 expositio
1476 2115 1485 2131 ,
1515 2103 1615 2134 quam
1643 2093 1792 2124 laudatus
1821 2093 1983 2125 Fabricius
2013 2094 2135 2135 profert
2165 2105 2203 2126 ex
2233 2095 2384 2129 Samuele

1303 2136 1416 2167 Petito.

1371 2181 1482 2221 Longe
1506 2181 1628 2212 diversa
1654 2188 1701 2213 est
1729 2181 1793 2212 divi
1817 2182 1965 2213 Thomae
1996 2182 2232 2224 interpretatio:
2269 2197 2284 2213 «
2301 2185 2383 2217 Boe-

1306 2237 1321 2252 »
1344 2225 1449 2264 thius,
1474 2227 1666 2266 inquientis,
1697 2226 1736 2257 de
1764 2226 1830 2257 suis
1854 2227 2118 2268 conceptionibus
2140 2227 2259 2260 librum
2289 2229 2383 2261 nobis

1307 2282 1321 2296 v
1344 2270 1452 2308 edidit,
1469 2270 1524 2311 qui
1540 2270 1581 2301 de
1594 2271 1859 2303 Hebdomadibus
1875 2271 2000 2311 dicitur,
2015 2271 2097 2304 idest
2111 2273 2152 2304 de
2160 2273 2384 2307 Editionibus:

1307 2326 1321 2341 »
1344 2313 1420 2355 quia
1443 2314 1475 2345 in
1500 2315 1622 2346 Graeco
1638 2315 1836 2347 hebdomada
1860 2315 1946 2347 idem
1968 2323 2015 2348 est
2035 2317 2125 2358 quod
2149 2317 2254 2349 edere.
2268 2331 2283 2346 »
2315 2320 2382 2360 Ap-

1303 2359 1442 2398 positam
1466 2359 1560 2390 habet
1575 2360 1609 2390 in
1626 2360 1711 2391 hunc
1727 2360 1836 2391 locum
1853 2361 2163 2393 animadversionem
2179 2362 2384 2395 doctissimus

1303 2402 1484 2434 Echardus:
1518 2417 1533 2431 ι
1552 2404 1617 2442 Qui
1642 2411 1752 2436 sancto
1775 2405 1927 2444 Doctori,
1952 2406 2120 2447 inquiens,
2145 2406 2321 2447 persuasit,
2342 2407 2385 2439 de

1307 2460 1322 2474 ι»
1343 2448 1608 2480 Hebdomadibus
1631 2449 1716 2480 idem
1741 2458 1808 2480 esse
1827 2460 1863 2480 ac
1885 2450 1926 2481 de
1947 2450 2162 2488 Editionibus,
2187 2451 2221 2482 in
2244 2461 2306 2483 suo
2329 2461 2384 2484 eo·

1307 2505 1321 2519 »
1344 2492 1414 2523 dice
1437 2502 1496 2523 ms.
1523 2492 1629 2524 forsan
1653 2493 1777 2534 legebat
1799 2494 2038 2526 Ecdomadibus
2059 2496 2256 2527 vocabulum
2274 2497 2384 2529 barba·

1307 2549 1322 2563 »
1344 2546 1417 2567 rum
1441 2547 1476 2568 ac
1499 2538 1698 2577 inauditum,
1727 2538 1817 2579 quod
1841 2548 1877 2570 ex
1901 2549 2011 2579 graeca
2033 2549 2113 2574 voce
2138 2533 2299 2584 ἐπιδίδωμι
2323 2551 2384 2582 pu-

1308 2594 1322 2608 »
1345 2581 1422 2612 tavit
1444 2581 1601 2622 originem
1625 2583 1751 2618 ducere,
1776 2583 1862 2614 unde
1887 2576 2017 2620 ἔκδοσις
2042 2584 2154 2616 editio:
2180 2595 2255 2616 cum
2274 2591 2386 2617 contra

1308 2638 1322 2652 »
1345 2626 1385 2656 de
1403 2626 1676 2664 Hebdomadibus,
1695 2621 1874 2670 ἑβδομάσι,
1892 2628 2047 2668 significet
2063 2629 2102 2659 de
2118 2635 2241 2669 septem
2259 2629 2384 2661 dierum

1309 2682 1323 2696 w
1346 2670 1460 2710 spatio,
1477 2681 1532 2701 seu
1553 2671 1755 2711 Septimanis.
1771 2684 1786 2699 a>
1812 2674 1864 2702 An
1881 2682 1956 2713 ergo
1973 2682 2093 2704 naevus
2108 2672 2166 2704 iste
2185 2673 2323 2705 dubium
2334 2673 2383 2705 in-

1306 2720 1412 2753 gerat,
1443 2725 1521 2745 num
1546 2725 1716 2755 germanus
1741 2716 1805 2746 divi
1829 2716 1976 2747 Thomae
2005 2716 2111 2748 foetus
2133 2717 2242 2748 haberi
2271 2718 2384 2750 debeat

1307 2757 1534 2798 opusculum?
1559 2759 1737 2791 Censuram
1760 2759 1889 2801 profero
1915 2760 2035 2791 laudati
2059 2761 2105 2792 Io.
2122 2761 2284 2793 Ambrosii
2307 2758 2382 2794 Bar-

1306 2802 1439 2833 bavara:
1468 2816 1482 2831 ‹
1497 2803 1746 2843 Commentaria,
1771 2805 1954 2845 inquientis,
1979 2805 2023 2836 ad
2044 2805 2276 2838 Hebdomadas
2297 2813 2328 2838 et
2345 2806 2383 2837 li—

1310 2859 1324 2873 »
1347 2847 1441 2877 brum
1465 2847 1505 2878 de
1530 2848 1687 2879 Trinitate
1711 2848 1850 2880 Severini
1876 2848 2000 2880 Boethii
2025 2856 2055 2880 et
2075 2850 2195 2891 stylum
2216 2857 2247 2882 et
2267 2850 2383 2884 doctri-

1311 2904 1324 2918 »
1348 2901 1423 2922 nam
1447 2892 1615 2932 Aquinatis
1643 2892 1718 2923 satis
1747 2892 1944 2934 praeferunt;
1974 2893 2035 2925 nisi
2063 2894 2250 2935 quempiam
2279 2895 2385 2927 turbet

1311 2948 1325 2963 ιι
1349 2935 1504 2976 expositio
1527 2936 1580 2967 illa
1596 2937 1705 2967 rudior
1720 2937 1822 2978 graeci
1844 2937 1995 2976 nominis,
2012 2938 2193 2970 hebdomas.
2216 2939 2383 2978 Boethius,

1311 2992 1325 3007 »
1347 2979 1471 3021 inquit,
1495 2981 1535 3011 de
1557 2982 1626 3012 suis
1650 2982 1907 3022 conceptionibus
1930 2982 2047 3013 librum
2072 2983 2162 3014 nobis
2185 2983 2304 3022 edidit,
2329 2985 2386 3026 qui

1311 3037 1325 3052 »
1348 3024 1388 3055 de
1405 3024 1669 3057 Hebdomadibus
1683 3026 1814 3064 dicitur,
1824 3027 1945 3058 scilicet
1960 3027 2000 3058 de
2015 3027 2239 3060 Editionibus:
2256 3029 2334 3070 quia
2350 3029 2384 3061 ιἰι

1311 3082 1325 3096 »
1346 3078 1468 3110 graeco
1483 3070 1681 3101 hebdomada
1705 3071 1788 3102 idem
1812 3076 1859 3102 est
1881 3071 1968 3112 quod
1990 3071 2095 3103 edere.
2119 3075 2163 3103 At
2180 3073 2385 3113 contendant,

1311 3126 1324 3141 »
1348 3113 1403 3154 qui
1420 3114 1550 3145 volunt:
1575 3124 1635 3155 ego
1651 3124 1726 3146 sane
1749 3115 1845 3146 talem
1869 3125 2008 3146 naevum
2030 3115 2063 3147 in
2086 3116 2135 3147 his
2159 3117 2282 3159 scriptis
2295 3117 2385 3149 malo

1311 3170 1324 3185 2>
1348 3167 1528 3198 agnoscere,
1545 3169 1644 3200 quam
1660 3167 1822 3190 auctorem
1839 3159 1943 3191 debita
1957 3160 2057 3200 gloria
2073 3160 2229 3200 frustrari;
2245 3159 2385 3194 maiime

1310 3215 1324 3230 ιι
1347 3202 1436 3243 quod
1460 3210 1582 3234 constet
1610 3213 1686 3234 eum
1709 3214 1892 3244 graecarum
1923 3204 2100 3236 litterarum
2125 3205 2271 3247 peritiam
2307 3214 2383 3238 nus·

1311 3259 1324 3274 :o
1347 3256 1445 3288 quam
1469 3247 1582 3278 iactare
1605 3248 1746 3279 solitum.
1762 3261 1776 3276 »

1374 3291 1426 3322 111.
1452 3291 1513 3322 Sed
1537 3293 1576 3323 ab
1600 3292 1760 3334 Aquinate
1789 3293 1988 3324 abiudicandi
2018 3294 2153 3325 omnino
2183 3300 2259 3326 sunt
2281 3292 2382 3326 com-

1307 3335 1463 3374 mentarii,
1488 3336 1543 3377 qui
1568 3336 1722 3376 feruntur,
1747 3337 1853 3378 Super
1875 3338 1992 3369 librum
2016 3338 2143 3370 Boethii
2165 3338 2206 3370 de
2225 3337 2380 3370 Consola-

1307 3381 1393 3411 tione
1411 3381 1642 3422 philosophiae,
1667 3381 1809 3423 itemque
1832 3383 1865 3413 in
1895 3383 2049 3414 Dactatu
2072 3383 2199 3415 Boethii
2220 3382 2260 3415 de
2283 3381 2381 3414 Scho-

1307 3425 1426 3456 larium
1459 3426 1638 3467 disciplina.
1674 3426 1787 3468 Incipit
1819 3426 1961 3468 primus:
1999 3427 2222 3468 Philosophiae
2256 3426 2382 3458 servia-5

1307 3474 1449 3510 oportet:
1471 3470 1598 3502 initium
1622 3471 1750 3502 alterius
1773 3478 1830 3510 est,
1855 3471 1966 3502 Solum
1982 3471 2141 3503 hominem
2165 3479 2284 3502 nexum
2298 3469 2382 3512 sore

1307 3514 1370 3544 Dei
1386 3519 1416 3545 et
1435 3515 1556 3546 mundi.
1582 3515 1684 3557 Typis
1707 3523 1840 3557 uterque
1863 3516 1923 3547 sub
1947 3515 2079 3547 nomine
2101 3525 2126 3547 e.
2143 3514 2291 3546 Thomae
2315 3524 2381 3545 sae-

1308 3558 1380 3599 pius
1404 3558 1538 3599 prodiit:
1563 3560 1734 3601 pluresque
1757 3559 1913 3592 editiones
1936 3566 2093 3591 memorat
2118 3557 2291 3590 Echardus.
2316 3557 2380 3589 Co-

1309 3602 1412 3634 dicem
1435 3604 1714 3635 membranaceum
1737 3603 1770 3635 in
1794 3603 1890 3644 folio,
1919 3613 2004 3635 anno
2027 3602 2147 3635 circiter
2167 3612 2250 3642 ¹4⁰0
2266 3612 2381 3634 manu·
