2788 4204
90 3354 102 3365 ⁸
118 3353 212 3375 Codd.-
224 3359 249 3374 r:
265 3353 305 3374 de-

91 3380 271 3402 monstratione.

324 240 400 286 364

908 235 1295 274 POSTERIORUM
1323 235 1757 273 ANALYTICORUM
1786 237 1881 274 LIB.
1913 238 1945 274 11

1042 464 1390 521 LECTIO
1436 455 1800 522 DECIMA

413 595 722 650 QUOMODO
745 594 807 634 IN
830 592 1362 634 DEMONSTRATION
1367 593 1404 632 E
1427 593 1799 636 ACCIPIATUR
1821 595 2102 636 PROPTER
2125 595 2288 648 QUID,
2314 595 2432 638 SEU

324 672 529 714 CAUSA
563 670 733 722 QUAE
767 668 882 709 EST
916 668 1101 709 SIMUL
1137 668 1268 709 CUM
1300 668 1381 708 EO
1418 667 1599 710 CUIUS
1633 669 1749 710 EST
1783 669 1990 711 CAUSA
2013 693 2032 700 -
2055 670 2524 714 PRAENOTAMEN

530 746 616 786 AD
651 743 952 784 ALTERAM
986 742 1433 796 QUAESTIONEM
1465 743 1550 784 DE
1585 744 1792 785 CAUSA
1827 744 1998 796 QUAE
2030 745 2160 786 NON
2195 746 2310 788 EST

1089 817 1274 858 SIMUL
1311 817 1441 859 CUM
1475 818 1758 860 EFFECTU

322 941 367 974 Τό
393 937 420 972 δ’
451 939 540 972 αὐτὸ
567 938 678 971 αἴτιόν
705 939 779 970 ἐστι
805 941 876 992 τοῖς
909 937 1095 984 γινομένοις
1120 939 1178 969 καὶ
1204 941 1275 975 τοῖς
1300 949 1395 983 γεγε·
1419 940 1424 967 l
1450 939 1601 970 *Eadem
1624 946 1733 970 autem
1755 949 1849 970 causa
1865 946 1912 970 est
1933 939 1966 969 in
1988 939 2037 970 his
2061 949 2143 980 quae
2165 939 2248 971 fiunt
2271 947 2301 971 et
2324 941 2413 972 factis
2428 948 2460 973 et
2475 941 2524 973 fu·
2550 954 2563 965 ⁴

388 985 540 1029 νημένοις
565 986 623 1015 καὶ
654 987 725 1020 τοῖς
757 983 926 1027 ἑσομενοις
954 982 1034 1027 ὅπερ
1058 984 1118 1014 καὶ
1144 986 1215 1020 τοῖς
1240 981 1327 1013 οὖσι·
1354 981 1395 1014 τὸ

387 1030 452 1076 γοίρ
478 1028 579 1074 μέσον
605 1030 736 1069 αἴτιον,
764 1027 852 1064 πλην
883 1031 954 1065 τοῖς
979 1027 1038 1072 μὲν
1065 1026 1155 1059 οὖσιν
1183 1026 1231 1067 ὄν,
1259 1030 1331 1064 τοῖς
1357 1022 1396 1058 δὲ

387 1077 573 1120 γινομένοις
599 1072 786 1119 γινόμενον,
814 1076 885 1110 τοῖς
906 1067 944 1104 δὲ
961 1071 1195 1118 γεγενημένοις
1213 1070 1394 1118 γεγενημέ-

388 1130 443 1150 νον
467 1119 526 1150 καὶ
552 1116 721 1162 ἐσομένοις
748 1116 920 1161 ἐσόμενον.
974 1152 976 1154 v

319 1167 395 1198 Οἷον
421 1159 481 1196 διαὶ
505 1165 538 1196 τί
564 1162 702 1210 γέγονεν
728 1161 891 1206 ἕκλειψις;
918 1157 1008 1194 διότι
1035 1161 1067 1193 ὲν
1094 1159 1182 1204 μέσῳ
1208 1160 1345 1206 γέγονεν
1373 1161 1393 1196 ’ἡ

387 1210 447 1253 γῆ·
473 1210 607 1254 γίνεται
633 1203 670 1239 δὲ
695 1202 786 1239 διότι
811 1210 962 1252 γίνεται,
991 1206 1090 1238 ἔσται
1116 1202 1156 1238 δὲ
1179 1201 1269 1237 διότι
1296 1205 1394 1237 ἔσται

391 1256 423 1288 ἑν
442 1255 545 1298 μέσῳ,
561 1254 621 1285 καὶ
647 1251 720 1284 ἔστι
745 1247 782 1282 δὲ
801 1251 856 1283 ὅτι
878 1251 984 1283 ἔστιν.
1012 1252 1050 1282 Τί
1067 1251 1142 1283 ἐστι
1158 1250 1392 1294 κρύσταλλος;

390 1297 535 1345 εἰλήφθω
561 1295 604 1335 δή
631 1295 685 1329 ὅτι
711 1292 797 1338 ὕῗωρ
824 1295 991 1341 πεπηγός.
1010 1291 1120 1339 ''Y-'hup
1146 1296 1194 1337 ἐφ’
1223 1294 1261 1326 οὗ
1282 1296 1317 1335 Γ,
1338 1306 1396 1326 πε-

389 1346 497 1391 πηγὸς
524 1344 573 1387 ἐφ’
603 1341 641 1374 οὗ
666 1344 703 1382 Α,
732 1343 843 1372 αἴτιον
869 1340 911 1372 τὸ
934 1339 1035 1383 μέσον
1062 1340 1109 1382 ἐφ’
1141 1339 1177 1371 οὗ
1195 1340 1232 1379 Β,
1253 1338 1394 1382 ἔκλειψις

390 1389 512 1435 θερμοῦ
538 1385 726 1423 παντελής.
750 1383 918 1429 ’Υποίρχει
942 1381 985 1420 δή
1005 1385 1052 1425 τῷ
1070 1385 1092 1414 Γ
1114 1383 1154 1416 τὶ
1171 1385 1208 1422 Β,
1229 1382 1342 1424 τούτῳ
1359 1379 1396 1415 δὲ

390 1435 431 1467 τᾶ
458 1431 652 1479 πεπηγέναι
677 1430 719 1463 τὸ
745 1429 794 1472 ἐφ’
824 1429 862 1460 οὐ
887 1429 924 1461 A.
956 1430 1092 1460 Γίνεται
1116 1423 1154 1460 δὲ
1184 1427 1396 1470 κρύσταλλος

415 1478 567 1522 ινομένου
592 1476 655 1510 τοῦ
680 1476 722 1515 Β,
748 1473 935 1519 γεγένηται
959 1468 997 1505 δέ
1022 1471 1268 1519 γεγενημένου,
1297 1472 1396 1505 ἔσται

389 1492 420 1558 ξ’
451 1522 622 1567 ἐσομένου.
649 1518 694 1551 Tel
721 1520 779 1563 μὲν
799 1516 856 1550 οὖν
876 1516 982 1556 οὕτως
1007 1520 1117 1550 αἴτιον
1142 1518 1200 1549 καὶ
1223 1517 1260 1549 οὗ
1283 1519 1395 1549 αἴτιον

392 1570 464 1604 ἅμα
488 1571 634 1614 γίνεται,
655 1563 739 1596 ὅταν
765 1566 923 1609 γίνηται,
951 1564 1009 1594 καὶ
1034 1562 1140 1603 ἔστιν,
1165 1561 1251 1595 ὅταν
1278 1560 1313 1606 ᾖ·
1338 1565 1396 1594 καὶ

390 1604 447 1648 eir).
473 1614 535 1646 τοῦ
560 1608 739 1657 γεγονέναι
762 1610 822 1640 καὶ
848 1606 985 1640 ἔσεσθαι
1010 1607 1188 1646 ὡσαύτως.

317 1705 398 1737 Ἐπὶ
422 1698 460 1735 δὲ
486 1702 551 1735 τῶν
577 1698 625 1744 μη
653 1696 725 1740 ἅμα
754 1695 802 1739 αἶρ’
833 1695 925 1728 ἔστιν
951 1696 984 1728 ἑν
1011 1697 1058 1738 τῷ
1083 1700 1216 1742 συνεχεῖ
1238 1696 1359 1742 χρόνῳ,

324 1793 435 1834 ὥσπερ
456 1786 550 1822 δοκεῖ
566 1789 659 1832 ἡμῖν,
681 1786 772 1819 ἄλλοι
792 1785 902 1817 ἄλλων
922 1786 1020 1818 αἴτιαι
1038 1781 1138 1825 εἶναι,
1161 1786 1224 1816 τοῦ
1243 1780 1324 1817 τόδε
1345 1798 1398 1832 γε-

391 1835 507 1868 νέσθαι
526 1833 639 1876 ἕτερον
656 1830 851 1877 γενόμενον,
872 1831 931 1860 καὶ
953 1831 1016 1862 τοῦ
1038 1829 1173 1862 ἔσεσθαι
1191 1829 1312 1872 ἕτερον’
1327 1830 1399 1862 ἐσό-

391 1892 504 1925 μενον,
525 1880 583 1910 καὶ
602 1879 664 1909 τοῦ
686 1874 838 1922 γίνεσθαι
860 1869 912 1915 δέ,
933 1877 1012 1907 εἴτι
1031 1873 1215 1919 ἔμπροσθεν
1238 1874 1395 1920 ἐγένετο;

316 1929 416 1960 Ἔστι
448 1921 491 1962 δή
527 1922 596 1956 ἀπὸ
629 1922 692 1954 τοῦ
721 1919 858 1965 ὕστερον
886 1918 1071 1965 γεγονότος
1109 1921 1124 1951 ὀ
1158 1919 1395 1965 συλλογισμός.

385 1969 493 2015 Ἀρχὴ
518 1964 556 2000 δὲ
580 1968 639 1998 καὶ
665 1965 797 2000 τούτων
823 1966 871 1998 τοὶ
916 1963 1075 2010 εγονότα.
1104 1963 1160 1996 Διὸ
1179 1966 1238 1996 καὶ
1256 1966 1312 1997 ἐπὶ
1332 1966 1397 1998 τῶν

391 2013 574 2062 γινομένων
592 2010 768 2048 ὡσαύτως.
782 2010 870 2043 ’An-<3
914 2010 928 2042 ἐ
946 2010 1009 2042 τοῦ
1028 2008 1194 2054 προτέρου
1213 2010 1273 2042 οὐκ.
1291 2010 1396 2052 ἔστιν,

393 2061 461 2092 οἷον
488 2059 561 2091 ἐπεὶ
591 2052 672 2089 τόδε
701 2056 860 2103 γέγονεν,
889 2057 943 2089 ὅτι
969 2052 1048 2087 τόδ’
1076 2053 1214 2100 ὕστερον
1245 2053 1395 2101 γέγονεν.

391 2106 458 2136 Καὶ
484 2105 539 2136 ἐπὶ
567 2102 629 2134 τοῦ
655 2099 791 2133 ἔσεσθαι
816 2102 994 2136 ὡσαύτως.

324 2151 412 2183 Οὔτε
441 2149 506 2195 γοὶρ
535 2148 693 2192 ἀορίστου
726 2145 793 2178 οὔθ’
830 2146 1020 2190 ὁρισθέντος
1046 2143 1147 2176 ἔσται
1173 2145 1236 2176 τοῦ
1287 2144 1397 2187 ρόνου,

392 2194 472 2227 ὥστ’
504 2194 577 2225 ἐπεὶ
603 2191 698 2225 τοῦτ’
730 2190 851 2229 ἀληθὲς
870 2193 974 2224 εἰπεῖν
1000 2188 1191 2235 γεγονέναι,
1212 2188 1254 2221 τό
1278 2191 1285 2202 ’
1318 2190 1400 2227 ἀλη-

391 2239 444 2276 θὲς
471 2239 576 2271 εἰπεῖν
600 2235 779 2283 γεγονέναι
798 2237 839 2269 τὸ
863 2236 1015 2279 ὕστερον.
1037 2235 1093 2265 Ἐν
1111 2234 1176 2280 γοὶρ
1196 2235 1244 2276 τῷ
1265 2234 1398 2280 μεταξύ

391 2279 510 2328 ψεῦδος
538 2283 637 2314 ἔσται
663 2281 704 2312 τὸ
731 2283 835 2314 εἰπεῖν
862 2283 984 2321 τοῦτο,
1003 2274 1068 2317 ἤδη
1091 2278 1237 2322 θατέρου
1262 2280 1400 2327 γεγονό-

393 2341 464 2366 τος.
488 2329 525 2359 ‘0
549 2322 577 2358 δ’
609 2326 714 2364 αὐτὸς
739 2326 840 2373 λόγος
865 2329 923 2359 καὶ
950 2326 1006 2359 ἐπὶ
1032 2325 1094 2357 τοῦ
1122 2325 1296 2370 ἐσομένου.

324 2369 403 2407 068·
435 2374 508 2406 ἐπεὶ
534 2366 614 2404 τόδε
639 2370 772 2417 γέγονε,
792 2366 866 2405 τόδ’
896 2372 1010 2404 ἔσται.
1037 2369 1082 2401 Τὸ
1107 2369 1172 2416 γοὶρ
1198 2370 1300 2414 μέσον
1322 2369 1403 2414 ὀμό-

392 2429 491 2464 γονον
516 2411 569 2447 δεῖ
592 2413 691 2457 εἶναι,
719 2418 785 2448 τῶν
810 2417 999 2463 γενομένων
1023 2413 1217 2462 γενόμενον,
1238 2417 1304 2449 τῶν
1327 2416 1402 2447 ἐσο-

393 2463 499 2507 μένων
519 2460 691 2505 ἑσόμενον,
712 2463 779 2493 τῶν
796 2461 980 2508 γινομένων
998 2459 1187 2508 γινόμενον,
1207 2462 1274 2494 τῶν
1294 2461 1400 2494 ὄντων

395 2509 444 2540 ὄν·
471 2507 534 2540 τοῦ
560 2502 597 2538 δέ
614 2506 733 2553 γέγονε
750 2509 810 2539 καὶ
831 2508 892 2540 τοῦ
912 2507 1013 2540 ἔσται
1035 2506 1095 2539 οὐκ
1117 2501 1297 2552 ἐνδέχεται
1314 2503 1401 2539 εἶναι

397 2552 574 2598 ὁμόγονον.

320 2597 398 2630 Ἔτι
423 2596 503 2630 οὔτε
532 2595 690 2638 ἀόριστον
716 2590 896 2641 ἐνδέχεται
921 2593 1008 2627 εἶναι
1034 2595 1093 2628 τὸν
1119 2594 1238 2640 χρόνον
1265 2594 1326 2627 τὸν
1346 2607 1403 2639 με-

395 2642 483 2684 ταξύ
511 2640 579 2673 οὗθ’
599 2640 793 2684 ὡρισμένον·
820 2635 939 2684 ψεῦδος
964 2640 1029 2687 γοίρ
1057 2640 1156 2673 ἔσται
1174 2640 1215 2672 τὸ
1241 2641 1346 2672 εἰπεῖν
1369 2639 1402 2672 ἐν

397 2688 444 2728 τῷ
472 2684 620 2731 μεταξύ.

388 2783 538 2811 ὃνΝοΡεῐε.
552 2798 586 2803 —-
604 2791 628 2809 1.
651 2781 760 2808 ‘sextus
788 2786 993 2817 argumentum
1019 2785 1047 2807 et
1069 2778 1252 2807 divisio.-2.
1276 2780 1404 2807 Praeno-

327 2829 426 2851 tamen
447 2823 483 2850 de
505 2831 592 2850 causa
614 2827 749 2849 movente
769 2827 796 2848 et
819 2821 855 2848 de
877 2819 1007 2847 subiecto
1024 2825 1116 2853 mot0,
1133 2820 1227 2855 deque
1243 2819 1403 2847 coexisten-

327 2862 367 2891 tia
387 2862 473 2890 unius
495 2871 561 2890 cum
591 2861 760 2889 altera.-3.
777 2861 1022 2896 Quandocumque
1044 2868 1131 2887 causa
1159 2865 1201 2886 est
1223 2859 1309 2886 simul
1337 2868 1403 2887 cum

327 2912 381 2931 suo
403 2902 516 2937 effectu,
537 2910 623 2930 causa
645 2909 719 2937 quae
741 2900 880 2936 accipitur
894 2900 923 2927 in
946 2898 1199 2927 demonstratione
1221 2906 1252 2926 ut
1274 2898 1402 2926 medium

328 2943 426 2980 quoad
463 2951 525 2970 esse
555 2941 688 2975 effectus,
711 2941 812 2968 eadem
848 2939 988 2976 accipitur
1018 2938 1274 2975 proportionaliter
1304 2939 1402 2975 quoad

320 2983 395 3021 fieri
409 2989 436 3010 et
444 2983 561 3020 sactum
577 2991 639 3009 esse
654 2982 829 3018 etsuturum
846 2989 908 3008 esse
925 2979 1055 3008 eiusdem
1071 2978 1198 3007 effectus.
1212 2996 1231 3000 -
1242 2988 1269 3013 4.
1283 2978 1402 3006 Manife-

328 3029 419 3050 statur
432 3029 573 3050 assertum
590 3031 640 3058 per
655 3020 785 3057 exempla
809 3021 962 3056 desumpta
978 3028 1010 3047 ex
1033 3019 1130 3055 eclipsi
1153 3019 1237 3046 lunae
1254 3025 1280 3046 et
1295 3027 1329 3046 ex
1351 3027 1401 3046 na-

328 3069 392 3090 tura
413 3061 522 3099 glaciei.
541 3079 559 3083 -
579 3062 604 3089 5.
627 3062 735 3089 Textus
757 3059 924 3088 subdivisio.
955 3058 1109 3094 Quaestio:
1132 3059 1235 3087 Utrum
1258 3058 1287 3087 in
1309 3058 1402 3087 causis

329 3111 403 3139 quae
425 3111 486 3130 non
508 3101 593 3129 simul
615 3108 682 3129 sunt
710 3110 776 3128 curn
799 3099 937 3134 causatis,
961 3099 996 3126 sit
1018 3098 1113 3127 dicere
1141 3099 1222 3135 quod
1251 3105 1402 3126 causatum

329 3143 488 3170 secundum
503 3148 618 3178 tempus
633 3140 805 3169 continuum
827 3146 1023 3176 consequatur
1044 3140 1081 3166 ad
1097 3148 1214 3167 causam
1230 3139 1273 3166 vel
1288 3139 1368 3166 non?
1383 3155 1402 3159 -

463 3241 772 3285 ηεῖῃοεῐςυειῐῑι
810 3233 1068 3281 Philosophus
1107 3232 1270 3270 ostendit
1307 3244 1402 3280 quo-

401 3305 407 3313 ‘
456 3286 715 3327 i(⁵2²W-1rnodo
751 3294 914 3335 quatuor
951 3298 1091 3334 genera
1128 3297 1329 3322 causarum
1363 3285 1402 3322 in

597 3339 984 3378 demonstrationibus
1003 3340 1023 3360 '¹‘
1043 3352 1113 3388 pro
1134 3338 1271 3376 mediis
1297 3351 1401 3375 assu-

598 3401 768 3440 muntur,
794 3393 855 3430 hic
875 3393 1039 3430 ostendit
1059 3393 1260 3440 quomodo
1288 3392 1326 3428 in
1347 3392 1400 3429 di-

386 3515 413 3547 α)
434 3515 583 3540 Secundum
603 3515 674 3548 quod
691 3522 772 3540 causa
791 3515 870 3540 simul
888 3518 927 3540 est
951 3522 1010 3540 cum
1030 3515 1122 3548 effectu
1143 3516 1182 3540 vel
1202 3522 1253 3540 non
1277 3515 1365 3540 simul.
1383 3528 1403 3534 —

333 3550 367 3575 Ut
386 3558 452 3582 quae
471 3551 589 3575 dicuntur
607 3551 638 3576 de
662 3551 762 3582 ειωεὶε,
776 3558 842 3582 quae
861 3556 922 3575 sunt
941 3551 1026 3575 media
1045 3550 1273 3575 demonstrationis
1297 3556 1322 3575 et
1341 3558 1402 3583 pro-

333 3590 390 3618 pter
409 3585 471 3618 quid
490 3586 670 3616 conclusionis,
690 3594 753 3610 vero
773 3593 851 3610 sensu
871 3586 1040 3618 accipiuntur,
1060 3586 1171 3618 perutile
1194 3586 1313 3610 ducimus
1337 3585 1402 3610 assi-

1519 985 1609 1023 turis‚
1634 994 1717 1025 quae
1739 994 1812 1015 vere
1828 990 1875 1014 est
1889 984 1938 1014 his
1962 994 2044 1025 quae
2067 991 2151 1015 sunt.
2169 985 2314 1016 Medium
2330 986 2415 1017 enim
2432 997 2526 1018 causa

1518 1036 1565 1060 est
1587 1029 1620 1060 in
1643 1030 1692 1060 his
1715 1039 1799 1070 quae
1821 1035 1907 1067 sunt,
1927 1038 2009 1070 quae
2033 1035 2095 1067 est,
2119 1029 2195 1069 ipsis
2210 1037 2319 1060 autem
2334 1041 2416 1072 quae
2431 1031 2525 1072 fiunt,

1517 1084 1600 1115 quae
1623 1073 1673 1113 fit,
1697 1073 1786 1104 factis
1810 1080 1918 1104 autem
1942 1073 2033 1113 facta,
2057 1080 2088 1104 et
2111 1073 2226 1105 futuris
2249 1075 2365 1106 futura.

1450 1162 1494 1193 Ut
1517 1169 1647 1203 propter
1674 1161 1753 1203 quid
1777 1161 1877 1192 factus
1906 1168 1952 1192 est
1980 1159 2139 1192 defectus?
2166 1169 2297 1203 propter
2319 1163 2353 1194 id
2381 1164 2471 1205 quod
2493 1165 2527 1196 in

1518 1207 1624 1238 medio
1654 1207 1734 1238 facta
1758 1213 1804 1237 est
1832 1213 1926 1236 terra:
1951 1205 1987 1237 fit
2010 1213 2118 1237 autern
2146 1214 2276 1247 propter
2303 1207 2336 1237 id
2363 1209 2453 1250 quod
2475 1209 2526 1249 fit,

1519 1253 1577 1283 erit
1599 1259 1707 1283 autem
1731 1257 1762 1281 et
1784 1258 1914 1291 propter
1931 1250 1964 1281 id
1979 1252 2067 1292 quod
2086 1252 2143 1282 erit
2158 1252 2191 1282 in
2208 1252 2327 1291 medio,
2345 1260 2375 1284 et
2391 1263 2438 1287 est
2453 1265 2527 1296 pro-

2551 980 2607 1009 Seq.
2616 970 2671 1003 tim.
2678 970 2713 1004 ⁵1².

1518 1304 1588 1337 pter
1610 1298 1642 1328 id
1666 1297 1756 1337 quod
1779 1302 1826 1326 est
1849 1296 1999 1327 similiter.
2033 1297 2075 1327 Et
2095 1295 2174 1337 quid
2197 1303 2244 1327 est
2266 1298 2451 1339 crystallus?
2466 1302 2527 1332 Ac·
2554 1303 2557 1306 '

1518 1342 1652 1382 cipiatur
1675 1341 1770 1382 igitur
1793 1340 1948 1381 quoniam
1971 1350 2054 1381 aqua
2070 1344 2199 1374 densata
2214 1349 2269 1373 est.
2286 1345 2381 1384 Aqua
2398 1344 2436 1384 C,
2452 1346 2527 1376 den-

1519 1394 1586 1417 sata
1608 1387 1641 1417 in
1664 1396 1731 1427 quo
1754 1388 1795 1424 A,
1819 1395 1914 1416 causa
1937 1385 2042 1415 media
2057 1388 2090 1418 in
2111 1396 2178 1427 quo
2200 1387 2225 1418 B
2251 1387 2391 1420 defectus
2415 1390 2528 1421 caloris

1520 1431 1657 1471 penitus.
1682 1432 1740 1461 Est
1761 1430 1857 1470 igitur
1879 1429 1913 1459 in
1928 1430 1956 1461 C
1977 1431 2109 1471 quidem
2131 1431 2168 1469 B,
2188 1430 2221 1461 in
2235 1432 2298 1463 hoc
2321 1440 2430 1464 autem
2453 1435 2528 1465 den-

1520 1482 1625 1506 satum
1641 1485 1719 1514 esse,
1734 1475 1824 1515 quod
1840 1481 1886 1504 est
1901 1474 1934 1504 in
1950 1484 2018 1515 quo
2032 1479 2076 1508 A:
2094 1476 2129 1508 fit
2148 1483 2256 1507 autem
2273 1479 2437 1518 crystallus
2453 1489 2528 1510 cum

1519 1519 1574 1550 fiat
1596 1520 1634 1558 B,
1658 1519 1779 1550 factum
1802 1526 1849 1550 est
1868 1526 1975 1549 autem
1992 1519 2075 1552 facto
2091 1521 2129 1560 B,
2154 1522 2210 1553 erit
2233 1529 2341 1553 autern
2365 1523 2473 1555 futuro
2489 1524 2526 1555 B.

1520 1565 1572 1596 Sic
1594 1564 1726 1605 quidem
1749 1573 1843 1594 causa
1866 1570 1897 1594 et
1921 1563 2011 1594 cuius
2035 1575 2129 1596 causa
2152 1573 2208 1605 est,
2230 1567 2326 1598 simul
2349 1567 2431 1599 fiunt
2453 1579 2529 1600 cum

1519 1609 1614 1647 fiant,
1643 1615 1674 1639 et
1697 1614 1771 1638 sunt
1794 1618 1870 1639 cum
1893 1607 1975 1647 sint,
2000 1615 2030 1640 et
2052 1609 2086 1640 in
2110 1620 2149 1641 eo
2173 1612 2263 1652 quod
2286 1612 2406 1644 factum
2429 1621 2476 1646 est
2498 1620 2530 1646 et

1520 1655 1553 1685 in
1577 1654 1687 1685 futuro
1711 1652 1853 1684 similiter
1876 1659 1932 1683 est.
2490 1660 2495 1664 ⁷

1452 1700 1469 1720 *
1486 1700 1520 1731 In
1537 1699 1586 1730 his
1602 1705 1710 1730 autem
1724 1708 1806 1740 quae
1825 1708 1892 1728 non
1911 1697 2008 1729 simul
2027 1705 2114 1739 sunt,
2131 1701 2292 1742 numquid
2311 1708 2386 1738 sunt
2404 1702 2437 1734 in
2453 1713 2529 1735 con-

1519 1743 1611 1775 tinuo
1635 1741 1800 1783 tempore?

1453 1789 1541 1820 Sicut
1563 1788 1688 1819 videtur
1710 1787 1803 1819 nobis
1825 1787 1900 1818 alias
1924 1787 2060 1818 aliorum
2083 1798 2193 1819 causas
2212 1797 2294 1820 esse:
2311 1790 2373 1822 hoc
2392 1799 2439 1823 est
2457 1793 2531 1825 facti

1521 1842 1588 1863 esse
1611 1833 1706 1864 altera
1729 1834 1821 1869 facta,
1839 1839 1870 1862 et
1896 1832 2003 1863 futura
2021 1831 2131 1873 futuri,
2149 1833 2216 1865 eius
2234 1842 2342 1866 autern
2364 1837 2455 1877 quod
2477 1837 2529 1878 fit,

1520 1878 1546 1908 si
1570 1877 1691 1918 aliquid
1714 1885 1806 1909 antea
1829 1876 1948 1908 factum
1972 1884 2028 1908 est.

1453 1923 1511 1954 Est
1533 1923 1629 1963 igitur
1651 1933 1670 1953 a
1692 1922 1850 1963 posterius
1874 1921 1958 1953 facto
1978 1921 2198 1964 syllogismus;
2218 1924 2412 1966 principium
2435 1926 2531 1966 igitur

1521 1974 1552 1998 et
1575 1967 1694 1998 horum
1718 1976 1780 2007 est,
1804 1976 1887 2008 quae
1914 1967 1995 1998 facta
2017 1974 2101 1998 sunt.
2131 1968 2224 1999 Unde
2252 1976 2283 2000 et
2310 1970 2344 2001 in
2371 1970 2420 2000 his
2447 1981 2530 2012 quae

1521 2011 1603 2043 fiunt
1626 2013 1770 2044 similiter
1793 2018 1848 2044 est.
1873 2014 1902 2042 A
1926 2011 2023 2052 priori
2038 2019 2147 2043 autem
2163 2023 2229 2043 non
2246 2021 2303 2052 est,
2323 2021 2359 2046 ut
2374 2017 2530 2056 quoniam

1521 2056 1583 2087 hoc
1607 2057 1726 2088 factum
1751 2065 1812 2098 est,
1837 2066 1934 2098 quare
1957 2057 2020 2088 hoc
2043 2057 2202 2098 posterius
2226 2057 2346 2090 factum
2366 2067 2428 2099 est;
2444 2067 2475 2092 et
2497 2061 2530 2093 in

1521 2101 1630 2132 futuro
1654 2102 1806 2134 similiter.
2202 2127 2205 2130 »

1453 2148 1567 2187 Neque
1590 2146 1676 2177 enim
1700 2148 1898 2179 determinati
1922 2154 1977 2178 aut
1993 2157 2060 2179 non
2077 2148 2276 2180 determinati
2293 2149 2350 2180 erit
2366 2150 2529 2191 temporis.

2554 1719 2566 1731 ⁴*
2579 1718 2649 1741 Text.
2663 1724 2693 1747 ¹³·

1522 2192 1629 2230 Quare
1658 2202 1763 2233 neque
1791 2193 1947 2234 quoniam
1975 2193 2037 2224 hoc
2065 2203 2177 2224 verum
2206 2200 2253 2225 est
2280 2193 2382 2225 dicere
2411 2195 2532 2227 factum
2585 2184 2590 2190 θ

1522 2247 1600 2274 esse,
1625 2236 1687 2267 hoc
1709 2247 1821 2267 verum
1850 2244 1895 2268 est
1919 2238 2020 2268 dicere
2050 2238 2169 2269 facturn
2198 2248 2265 2269 esse
2296 2239 2463 2279 posterius.
2494 2240 2530 2271 ln

1523 2281 1631 2312 medio
1656 2282 1742 2313 enim
1766 2281 1883 2313 falsum
1906 2290 1987 2314 esset
2015 2283 2117 2314 dicere
2140 2282 2202 2314 hoc
2230 2283 2295 2313 iam
2316 2284 2414 2315 altero
2435 2284 2529 2316 facto.

1523 2326 1646 2357 Eadem
1669 2334 1776 2358 autem
1799 2328 1879 2359 ratio
1903 2335 1949 2359 est
1973 2335 2004 2359 et
2026 2328 2059 2358 in
2084 2327 2203 2359 futuro.

1455 2372 1569 2412 Neque
1586 2372 1742 2412 quoniam
1757 2371 1819 2403 hoc
1836 2372 1956 2405 factum
1976 2379 2032 2410 est,
2048 2373 2110 2403 hoc
2127 2373 2193 2404 erit.
2209 2373 2354 2404 Medium
2370 2373 2456 2404 enim
2472 2373 2530 2404 ho-

1524 2425 1719 2456 mogeneum
1743 2425 1870 2458 oportet
1894 2427 1979 2455 esse,
2002 2417 2159 2448 factorum
2183 2418 2320 2456 factum,
2347 2417 2531 2449 futurorum

1523 2471 1599 2493 vero
1624 2461 1781 2500 futurum,
1806 2472 1881 2493 cum
1904 2462 1952 2493 his
1972 2472 2054 2503 quae
2077 2461 2160 2493 fiunt
2177 2461 2255 2500 fieri,
2278 2472 2353 2493 cum
2375 2462 2424 2493 his
2448 2473 2531 2504 quae

1524 2513 1599 2537 sunt
1622 2516 1698 2537 esse.
1726 2507 1788 2537 Sed
1812 2506 1958 2538 futurum
1981 2517 2048 2538 esse
2071 2513 2102 2538 et
2118 2516 2184 2538 esse
2201 2517 2267 2538 non
2293 2507 2448 2547 contingit
2463 2517 2530 2539 esse

1522 2551 1773 2591 homogeneum.
2083 2575 2086 2578 -

1459 2596 1606 2636 Amplius
1622 2595 1707 2625 enim
1727 2606 1832 2637 neque
1851 2596 2130 2627 indeterminatum
2149 2596 2303 2636 contingit
2319 2605 2386 2626 esse
2402 2602 2530 2636 tempus

1523 2639 1678 2678 medium,
1699 2650 1803 2681 neque
1822 2641 2077 2672 determinatum.
2099 2641 2229 2671 Falsum
2248 2640 2334 2670 enim
2354 2639 2410 2670 erit
2429 2639 2532 2671 dicere

1526 2684 1559 2714 in
1583 2684 1701 2715 medio.

1459 2780 1486 2807 6.
1510 2779 1651 2814 Quaestio
1667 2779 1798 2816 procedit
1819 2789 1852 2808 ex
1874 2789 1910 2808 eo
1931 2781 2012 2817 quod
2033 2781 2140 2808 dantur
2153 2789 2257 2808 causae
2272 2789 2346 2817 quae
2368 2779 2455 2808 simul
2469 2789 2530 2808 non

1458 2819 1582 2847 existunt
1604 2829 1670 2847 cum
1699 2819 1864 2854 effectibus,
1887 2826 1914 2847 et
1935 2819 2110 2856 principium
2133 2820 2335 2848 immediatum
2357 2819 2448 2856 accipi
2470 2829 2531 2848 non

1459 2865 1554 2895 potest
1576 2859 1650 2887 inter
1665 2860 1724 2887 duo
1740 2859 1933 2888 discontinua.
1946 2876 1964 2881 -
1981 2869 2007 2897 7.
2024 2861 2245 2888 Praenotamen.
2266 2859 2343 2894 Quia
2357 2866 2385 2888 et
2398 2860 2474 2898 fieri
2488 2866 2531 2888 est

1459 2908 1546 2927 causa
1560 2900 1735 2935 praecedens
1749 2896 1782 2927 τὸ
1792 2901 1909 2937 sactum
1925 2909 1997 2934 esse,
2009 2906 2036 2928 et
2050 2897 2083 2927 τὸ
2094 2901 2210 2938 sactum
2226 2909 2289 2928 esse
2301 2906 2343 2927 est
2358 2909 2445 2928 causa
2459 2899 2530 2928 alte-

1458 2939 1518 2967 rius
1531 2939 1620 2977 fieri,
1643 2946 1738 2976 potest
1753 2948 1770 2967 a
1784 2939 1939 2976 posteriori
1958 2939 2039 2976 argui
2054 2949 2071 2968 a
2086 2939 2161 2968 facto
2176 2949 2238 2968 esse
2259 2940 2296 2968 ad
2312 2939 2438 2976 primum
2453 2939 2530 2975 ᾖσι-ὴ

1458 2988 1519 3007 non
1541 2986 1638 3007 autem
1662 2985 1758 3015 potest
1779 2988 1796 3007 a
1817 2979 1906 3016 priori
1928 2979 2009 3017 argui
2031 2980 2067 3008 ad
2095 2980 2255 3008 secundum
2277 2979 2347 3007 fieri.
2370 2981 2406 3007 Et
2427 2980 2529 3008 eadem

1458 3018 1531 3047 ratio
1546 3025 1589 3047 est
1610 3019 1646 3047 de
1660 3020 1734 3057 sore
1756 3025 1784 3047 et
1793 3020 1933 3057 ficturum
1941 3020 2025 3058 fieri,
2042 3028 2115 3056 quae
2131 3026 2173 3048 est
2188 3020 2224 3047 de
2230 3019 2306 3058 fieri
2320 3026 2347 3047 et
2362 3020 2397 3047 de
2411 3021 2529 3057 sactum

1457 3067 1530 3087 esse.
1542 3075 1562 3080 -
1572 3059 1599 3087 8.
1616 3060 1689 3087 Nam
1711 3058 1808 3095 posito
1830 3059 1919 3096 priori
1935 3069 1996 3087 non
2011 3059 2141 3096 sequitur
2155 3069 2187 3087 ex
2203 3059 2371 3088 necessitate
2386 3058 2530 3096 posterius

1457 3099 1618 3127 secundum
1634 3098 1859 3127 determinatum
1874 3106 1997 3136 tempus.
2009 3116 2027 3121 -
2039 3109 2066 3136 9.
2077 3100 2155 3127 Idem
2171 3099 2327 3127 dicendum
2343 3099 2442 3135 quoad
2456 3105 2530 3128 tem-

1457 3148 1511 3175 pus
1533 3138 1799 3167 indeterminatum.
1816 3156 1832 3160 -
1848 3148 1891 3167 10.
1907 3141 1942 3167 Et
1964 3140 2063 3176 quoad
2084 3146 2198 3176 tempus
2219 3139 2434 3167 intermedium.

1458 3231 1579 3269 versis
1605 3231 1888 3269 demonstratur
1912 3232 2053 3280 aliquid
2080 3245 2149 3282 per
2175 3244 2342 3270 causam.
2370 3233 2439 3269 Est
2463 3243 2528 3269 au-

1458 3293 1536 3322 tem
1563 3284 1662 3322 circa
1687 3286 1760 3322 hoc
1790 3285 1929 3334 duplex
1956 3285 2166 3323 differentia
2194 3285 2472 3323 consideranda
2489 3285 2527 3321 *τ

1457 3338 1582 3387 prima
1610 3338 1766 3387 quidem
1804 3339 2016 3376 secundum
2050 3339 2155 3387 quod
2185 3351 2299 3376 causa
2329 3339 2440 3375 simul
2475 3345 2529 3374 est

1459 3404 1546 3428 curn
1568 3392 1705 3429 effectu
1723 3393 1786 3429 vel
1802 3404 1881 3429 non
1897 3392 2008 3429 simul
2028 3398 2061 3437 “;
2083 3392 2252 3429 secunda
2273 3399 2389 3441 prout
2413 3402 2527 3428 causa

1456 3523 1536 3547 gnare
1559 3515 1643 3540 varias
1663 3514 1871 3546 significationes,
1892 3515 1987 3548 quibus
2006 3522 2133 3547 usurpare
2152 3514 2298 3540 scholastici
2326 3514 2411 3539 solent
2430 3520 2526 3538 nomen

1455 3557 1564 3580 causae,
1591 3555 1617 3575 et
1641 3550 1771 3575 declarare
1795 3550 1820 3575 in
1847 3558 1899 3583 qua
1924 3549 2109 3584 significatione
2134 3550 2302 3575 determinata
2326 3549 2390 3574 illud
2413 3553 2521 3580 usurpet

1455 3585 1496 3610 hic
1515 3593 1536 3610 s.
1547 3585 1664 3610 Thomas
1685 3593 1744 3610 cum
1763 3586 1911 3611 Aristotele.

2555 3299 2565 3308 ·
2570 3297 2768 3326 manigunda.
