2548 4192
191 275 306 301 CCCXL

257 343 328 374 Alia
353 349 449 373 exstat
467 341 643 382 praefatio,
669 340 734 370 sine
759 339 826 369 ullo
851 337 988 368 auctoris
1010 336 1152 372 nomine,
1177 334 1263 374 apud

190 387 401 419 venerabilem
423 387 559 423 Bedam;
593 385 652 414 sub
685 383 815 414 nomine
839 391 914 412 vero
938 382 1041 411 sancti
1063 380 1264 419 Hieronymi

190 433 278 473 apud
301 431 455 473 sequioris
479 429 586 460 aetatis
610 429 809 467 interpretes:
834 426 867 456 in
890 435 954 465 qua
977 424 1107 464 legitur:
1132 423 1201 453 Hic
1217 428 1264 453 est

190 478 330 508 Ioannes
353 475 575 516 Evangelista,
601 482 685 503 unus
708 482 750 501 ex
772 470 936 509 discipulis
958 469 1031 506 Dei,
1052 469 1106 508 qui
1130 469 1223 508 virgo
1242 477 1262 497 a

190 522 261 552 Deo
285 522 403 552 electus
418 524 483 550 est:
505 527 597 558 quem
614 517 654 547 de
670 517 800 555 nuptiis,
817 515 970 545 volentem
993 513 1123 550 nubere,
1140 513 1264 543 vocavit

190 566 291 596 Deus.
316 565 523 595 Voluntatem
541 568 596 591 aut
619 559 788 590 consilium
803 557 944 588 nubendi
960 557 1068 595 habes,
1091 567 1157 587 non
1179 556 1262 596 ipsas

191 610 283 641 initas
307 609 442 648 nuptias.
469 606 569 646 Ipsius
585 604 704 640 Bedae,
723 603 778 643 qui
800 608 915 642 coepto
933 609 1045 632 octavo
1062 601 1190 632 saeculo
1205 600 1262 631 flo-

192 656 289 691 rebat,
313 654 406 683 verba
430 657 503 681 sunt
525 649 658 680 homilia
689 649 720 678 in
745 648 797 678 die
820 647 886 677 divi
912 646 1045 676 Ioannis
1068 646 1212 686 Apostoli
1234 650 1263 675 et

193 698 432 739 Evangelistae,
448 696 528 725 inter
542 693 702 734 hyemales
719 692 757 721 de
774 690 909 722 Sanctis:
932 703 946 718 ‹<
960 691 1055 720 Hunc
1074 688 1261 732 (Ioannem)

196 756 210 770 »
229 752 303 782 prae
320 741 470 771 omnibus
501 738 614 778 diligit:
642 737 698 777 qui
718 737 811 776 virgo
827 735 945 765 electus
970 735 1008 764 ab
1026 735 1108 774 ipso,
1127 734 1214 774 virgo
1230 734 1263 764 in

195 799 209 813 »
229 796 343 817 aevum
367 783 549 824 permansit.
575 782 721 812 Tradunt
740 789 880 820 namque
906 780 1070 817 historiae,
1086 779 1175 820 quod
1190 788 1262 808 eum

194 843 208 858 2
228 831 267 861 de
279 831 409 870 nuptiis,
421 829 577 860 volentem
594 826 725 863 nubere,
745 825 923 856 vocaverit:
939 830 970 854 et
983 831 1150 864 propterea
1165 832 1264 864 quem

194 887 207 902 »
227 885 244 904 a
262 874 375 905 carnali
388 873 554 913 voluptate
573 870 743 908 retraxerit,
761 869 885 910 potiore
901 868 949 899 sui
966 868 1083 898 amoris
1099 867 1264 898 dulcedine

194 931 207 945 »
227 918 365 949 donavit.
380 930 394 944 ν

254 962 447 1004 Antiquiora
469 959 677 992 ecclesiastica
698 965 919 996 monumenta,
935 968 1018 998 quae
1035 967 1104 988 rem
1118 957 1199 987 hanc
1215 966 1264 987 ex-

187 1009 327 1044 hibeant,
350 1006 557 1037 inveniuntur
579 1005 679 1043 nulla,
698 1010 821 1044 praeter
833 1003 1022 1043 apocrypha
1038 1002 1264 1042 Apostolorum

188 1058 261 1084 acta
294 1053 353 1082 sub
382 1051 514 1082 nomine
539 1049 679 1087 Abdiae,
698 1049 800 1089 primi
822 1048 1079 1088 Babyloniorum
1104 1047 1263 1087 Episcopi.

188 1097 290 1138 Typis
314 1096 397 1127 edita
420 1102 541 1126 exstant
564 1094 651 1134 apud
671 1094 716 1124 Io.
733 1093 901 1123 Albertum
916 1091 1097 1122 Fabricium
1111 1092 1143 1121 in
1159 1091 1266 1122 codice

188 1142 374 1182 apocrypho
402 1141 476 1171 novi
504 1139 717 1175 Testamenti,
742 1144 830 1177 parte
855 1137 892 1167 ΙΙ.
925 1136 975 1167 Sic
999 1143 1107 1166 autem
1129 1135 1265 1175 legimus

188 1187 270 1217 libro
286 1187 326 1226 V,
343 1195 432 1216 num.
453 1185 509 1215 23:
537 1197 551 1212 ι
564 1184 618 1214 Tu
642 1182 793 1220 Domine,
809 1181 864 1222 qui
880 1181 1043 1211 servulum
1059 1187 1154 1211 tuum
1173 1190 1265 1210 mun-

192 1244 206 1258 »
227 1231 303 1262 dum
316 1241 336 1261 a
351 1230 574 1261 coniunctione
588 1227 738 1269 feminea
753 1225 949 1266 praestitisti;
974 1233 1004 1256 te
1019 1225 1159 1256 Domine
1174 1234 1264 1264 rogo,

192 1289 207 1303 ⁷>
226 1275 282 1316 qui
297 1275 472 1317 festinanti
496 1273 573 1303 mihi
596 1272 639 1302 ad
663 1272 792 1312 nuptias
811 1272 843 1301 in
860 1272 1024 1301 iuventute
1044 1269 1266 1300 demonstrasti

192 1333 207 1347 ³>
228 1327 278 1358 te,
304 1327 399 1360 atque
423 1318 540 1348 dixisti:
565 1316 644 1347 Mihi
674 1315 866 1346 necessarius
895 1325 927 1345 es
956 1315 1109 1352 Ioannes,
1135 1323 1266 1354 operam

193 1378 208 1392 »
227 1372 316 1395 tuam
340 1373 471 1405 quaero.
496 1362 557 1393 Sed
574 1371 649 1392 cum
668 1359 839 1391 iuventutis
855 1360 966 1389 ardore
982 1359 1068 1389 visus
1083 1368 1185 1389 essem
1200 1368 1266 1388 non

191 1421 207 1436 2·
227 1418 348 1440 servare
372 1414 577 1448 praeceptum
601 1413 631 1436 et
655 1405 776 1435 diffisus
798 1404 887 1445 quod
910 1403 1121 1443 integritatem
1144 1413 1265 1433 servare

193 1466 207 1481 »
225 1454 276 1484 vix
299 1463 447 1494 possem,
472 1453 617 1482 animum
647 1450 689 1480 ad
720 1450 849 1489 nuptias
879 1448 1092 1488 appulissem:
1115 1454 1149 1478 tu
1174 1447 1265 1488 quasi

191 1511 205 1526 »
224 1499 329 1529 bonus
352 1497 524 1534 Dominus,
541 1494 772 1535 aegritudinem
796 1492 874 1523 mihi
891 1491 1034 1531 corporis
1048 1491 1197 1529 inferens,
1215 1502 1265 1522 ca-

192 1555 206 1570 »
226 1543 342 1583 stigans
357 1541 512 1581 castigasti
529 1550 581 1570 me
605 1538 743 1569 Domine
759 1545 790 1568 et
810 1536 905 1567 morti
921 1546 987 1566 non
1003 1535 1168 1566 tradidisti.
1186 1536 1265 1566 Ter-

192 1600 207 1615 :v
227 1588 272 1618 tio
298 1596 429 1628 quoque
456 1585 635 1616 studentem
666 1583 787 1623 nuptiis
814 1581 1046 1621 impedimento
1075 1580 1194 1611 leviore
1217 1590 1265 1611 re-

192 1645 207 1659 »
227 1632 345 1662 vocasti
370 1638 428 1661 etc.
443 1642 456 1656 ν
484 1629 531 1659 Ex
554 1629 616 1658 hoc
640 1627 728 1657 fonte
748 1627 781 1656 id
797 1626 949 1656 haustum
972 1625 1030 1655 viri
1054 1625 1139 1656 docti
1157 1626 1264 1655 obser-

188 1683 275 1714 vant,
300 1676 390 1716 quod
405 1673 531 1705 brevius
555 1683 590 1703 ac
606 1671 783 1712 simplicius
801 1670 921 1701 laudati
936 1670 1104 1710 scriptores
1120 1676 1266 1700 enarrant

190 1721 229 1751 de
252 1721 387 1751 Ioannis
404 1719 569 1750 voluntate
589 1716 739 1754 nubendi,
757 1715 894 1756 ipsoque
915 1725 933 1745 a
949 1714 1071 1755 nuptiis
1087 1724 1144 1755 per
1160 1715 1266 1745 Iesum

190 1772 349 1796 revocato.
374 1764 483 1794 Hocce
502 1761 659 1793 Batonius
683 1761 782 1791 utitur
806 1759 990 1791 testimonio
1014 1759 1183 1790 adversum
1207 1769 1265 1789 nu-

190 1810 283 1850 ptias,
303 1819 386 1850 quae
409 1808 504 1838 initae
520 1817 538 1837 a
555 1807 673 1836 Ioanne
698 1805 864 1835 dicuntur:
893 1804 987 1841 Quod
1009 1805 1038 1834 si
1059 1804 1265 1844 apocryphis,

190 1854 354 1895 inquiens,
380 1852 541 1883 interdum
568 1852 616 1881 uti
639 1851 732 1888 licet;
755 1849 843 1890 apud
867 1849 1002 1880 Abdiam
1023 1849 1160 1879 habetur
1179 1858 1266 1879 eum-

190 1900 262 1930 dem
287 1899 442 1929 Ioannem
477 1896 599 1926 Christi
625 1895 840 1936 persuasione
873 1903 1048 1935 numquam
1078 1894 1265 1934 coniugium

191 1945 370 1984 appetiisse.

258 1988 320 2019 Sed
343 1992 542 2018 contractum
570 1983 757 2015 huiusmodi
789 1983 976 2023 coniugium
1000 1993 1018 2013 a
1042 1982 1177 2021 Ioanne,
1202 1982 1268 2013 ulla

190 2043 256 2064 non
281 2033 423 2073 produnt
438 2030 587 2061 historica
610 2029 736 2059 laudata
753 2034 974 2066 monumenta,
992 2037 1215 2068 quaecumque
1231 2036 1268 2058 ea

190 2079 263 2109 sint.
294 2077 527 2117 Scripturarum
550 2074 734 2114 interpretes
768 2074 963 2104 voluntatem
989 2072 1144 2110 nubendi,
1169 2082 1268 2114 quam

191 2122 303 2154 Ioanni
326 2121 478 2153 tributam
501 2119 657 2159 legebant,
673 2117 852 2148 intellexere
871 2127 1060 2148 consensum
1079 2117 1266 2156 nuptialem,

190 2169 363 2209 ipsumque
396 2165 539 2196 fecerunt
567 2172 719 2203 sponsum
754 2163 786 2192 in
821 2163 941 2203 nuptiis
967 2162 1079 2192 Canae
1104 2161 1266 2198 Galileae,

192 2211 381 2244 coniecturis
398 2216 535 2251 agenteS,
553 2218 619 2239 non
636 2207 701 2238 ulla
716 2207 865 2238 historica
881 2206 952 2237 fide.
979 2207 1061 2237 Rem
1076 2206 1270 2247 patefaciunt

192 2257 253 2298 ipsi
269 2257 462 2296 interpretes.
480 2253 651 2284 Nicolaum
669 2253 833 2293 Lyranum
850 2251 959 2292 selige,
977 2251 1066 2282 cuius
1084 2251 1159 2282 haec
1175 2251 1270 2281 verba

194 2308 269 2333 sunt
292 2301 331 2332 ad
351 2306 446 2340 caput
460 2309 482 2328 11
502 2297 629 2328 Ioannis
652 2303 681 2328 v.
706 2304 735 2327 1:
763 2310 778 2324 ι
792 2296 916 2327 Dicitur
932 2296 1028 2327 etiam
1045 2295 1269 2334 communiter,

197 2359 212 2375 ⁷>
233 2346 322 2387 quod
345 2347 426 2376 istae
454 2344 586 2383 nuptiae
609 2342 660 2384 (in
685 2341 774 2372 Cana
798 2339 958 2384 Galileae)
983 2341 1112 2371 fuerunt
1135 2340 1271 2371 Ioannis

197 2404 211 2419 »
232 2391 484 2431 Evangelistae:
507 2398 525 2418 a
548 2387 665 2428 quibus
689 2396 765 2416 eum
788 2385 934 2417 Christus
957 2386 1082 2417 vocavit
1097 2392 1170 2416 ante
1193 2395 1270 2415 con-

198 2448 212 2463 »
233 2434 482 2466 summationem
502 2431 695 2462 matrimonii
715 2440 771 2471 per
790 2431 940 2471 copulam
960 2430 1104 2462 carnis...
1128 2430 1269 2468 Videtur,

198 2492 212 2507 »
233 2480 322 2521 quod
346 2479 478 2518 nuptiae
493 2477 625 2518 fuerint
647 2485 737 2512 suae,
754 2475 829 2516 quia
848 2474 993 2506 Christus
1018 2485 1083 2505 non
1107 2474 1222 2514 legitur
1236 2474 1269 2504 in

199 2537 213 2552 »
235 2524 302 2555 aliis
336 2522 454 2562 nuptiis
486 2521 591 2551 fuisse.
626 2520 699 2550 Hoc
727 2519 823 2550 etiam
847 2519 973 2550 videtur
995 2529 1051 2560 per
1074 2519 1155 2557 hoc,
1180 2519 1270 2560 quod

198 2582 213 2597 ²
234 2569 334 2600 Mater
357 2567 427 2597 Iesu
452 2572 516 2596 erat
539 2564 593 2603 ibi,
617 2570 783 2604 tamquam
806 2563 839 2594 in
863 2563 981 2603 nuptiis
1006 2563 1131 2604 nepotis
1155 2563 1214 2594 sui.
1228 2576 1242 2591 »

263 2611 469 2653 Antiquiores
502 2609 584 2640 addo
617 2610 748 2640 Petrum
784 2607 998 2639 Comestorem
1032 2615 1063 2639 et
1089 2608 1267 2648 Rupertum

197 2658 347 2690 Abbatem
377 2656 582 2692 Tuitiensem,
606 2653 662 2695 qui
686 2652 861 2690 historiam,
878 2663 960 2694 quae
975 2652 1141 2690 ferebatur,
1165 2653 1204 2682 ab
1220 2652 1268 2682 in'-

196 2708 371 2742 terpretum
386 2698 669 2739 excogitationibus
694 2696 902 2736 distinguunt.
928 2697 982 2727 Ait
1005 2697 1057 2726 ille
1076 2696 1109 2726 in
1129 2696 1269 2727 Historia

197 2745 383 2778 scholastica
411 2750 499 2784 parte
526 2743 552 2773 11
578 2741 749 2784 (Historia
774 2739 984 2782 evangelica)
1010 2741 1111 2781 capite
1134 2747 1267 2771 xxxvm:

202 2805 217 2820 ι
235 2790 376 2828 Quidam
395 2794 563 2819 autumant
577 2787 636 2817 has
660 2786 790 2826 nuptias
804 2785 914 2827 fuisse
937 2785 1071 2816 Ioannis
1094 2785 1268 2826 Evangeli-

200 2848 215 2863 »
234 2840 313 2866 stae.
338 2834 379 2864 Et
401 2833 474 2863 ideo
497 2838 610 2862 vocata
629 2838 675 2861 est
698 2831 807 2869 Maria,
835 2829 911 2871 quia
940 2836 1105 2860 matertera
1130 2829 1212 2860 eius:
1240 2836 1270 2860 et

201 2892 216 2908 x
236 2878 408 2916 Dominus,
424 2877 500 2918 quia
519 2875 729 2907 consobrinus
745 2875 823 2906 eius.
848 2875 890 2905 Et
904 2874 1029 2911 dicunt,
1053 2874 1142 2914 quod
1158 2873 1270 2904 Domi-

202 2937 216 2952 ι
236 2934 297 2954 nus
321 2933 394 2954 eum
417 2922 572 2954 volentem
590 2921 710 2951 nubere
725 2929 761 2950 ex
781 2919 829 2950 his
845 2918 964 2959 nuptiis
980 2918 1157 2949 vocaverit:
1181 2918 1270 2959 quod

202 2982 216 2996 »
237 2975 358 2999 certum
382 2976 449 2998 non
473 2972 529 2997 est.
543 2978 558 2993 >
585 2965 673 2996 Alter
696 2964 738 2994 ait
760 2963 841 2994 libro
858 2964 883 2994 11
907 2962 1222 2994 Commentariorum
1237 2962 1270 2993 in

201 3014 355 3043 loannem
378 3012 458 3042 circa
481 3009 594 3040 finem:
622 3022 636 3037 a:
650 3010 746 3040 Hunc
769 3009 925 3039 Ioannem
948 3008 1205 3048 &angelis-tam,
1225 3017 1271 3037 re-

203 3070 218 3085 »
237 3057 318 3087 lictis
337 3055 472 3095 nuptiis,
492 3054 591 3094 ipsius
615 3054 701 3085 enim
721 3054 800 3084 istas
824 3053 920 3083 fuisse
944 3053 1072 3092 nuptias
1096 3051 1151 3093 (in
1179 3051 1271 3082 Cana

203 3114 219 3129 2»
241 3099 408 3141 Galileae)
424 3100 530 3140 opinio
550 3098 612 3129 fere
628 3098 776 3129 omnium
793 3104 849 3135 est,
862 3097 969 3137 ipsum
984 3096 1163 3127 Dominum
1182 3096 1271 3137 sequi

203 3158 218 3173 ιι
239 3145 379 3185 coepisse
395 3144 592 3174 arbitramur.
610 3143 757 3174 Tradunt
771 3151 910 3183 namque
924 3142 1077 3172 historiae
1092 3141 1181 3182 quod
1196 3151 1272 3172 eum

204 3202 219 3217 2
240 3190 278 3220 de
302 3188 436 3229 nuptiis,
461 3188 616 3219 volentem
644 3187 774 3225 nubere,
798 3186 957 3217 vocaverit
980 3192 1038 3216 etc.
1052 3197 1066 3212 »

270 3234 322 3264 111.
347 3233 434 3264 Haec
457 3232 566 3263 omnia
589 3242 648 3272 pro
673 3242 729 3262 sua
753 3230 862 3272 peritia
885 3237 1015 3261 noverat
1038 3236 1164 3261 sanctus
1182 3229 1271 3260 Tho-

203 3288 282 3315 mas,
307 3285 377 3309 tum
400 3277 490 3319 quod
511 3277 646 3307 historia
665 3276 791 3316 vulgata
811 3276 938 3313 ferebat,
967 3282 1037 3306 tum
1061 3276 1270 3315 interpretum

203 3323 422 3353 additamenta
447 3321 486 3351 ad
510 3321 684 3352 historiam.
711 3321 745 3351 In
762 3319 960 3360 expositione
971 3320 1115 3360 prologi,
1133 3319 1192 3350 sub
1212 3328 1272 3349 no-

205 3367 290 3397 mine
314 3366 515 3407 Hieronymi,
536 3367 567 3396 in
587 3365 804 3406 Evangelium
823 3365 967 3401 Ioannis,
989 3364 1088 3404 ipsius
1108 3363 1272 3402 Evangeli-

205 3417 269 3441 stae
293 3412 488 3442 voluntatem
520 3410 660 3441 nubendi
689 3409 834 3449 intelligit
857 3409 984 3449 nuptias
1012 3408 1104 3439 initas
1128 3408 1161 3438 in
1185 3407 1273 3438 Cana

206 3455 362 3486 Galileae:
393 3454 583 3496 easdemque
607 3454 638 3484 in
666 3454 903 3485 Commentario
927 3453 1167 3484 Sententiarum
1199 3451 1273 3482 satis

206 3498 332 3536 indicat,
356 3499 411 3530 ubi
434 3509 623 3530 consensum
649 3499 823 3539 nuptialem
848 3497 954 3529 iuveni
971 3497 1130 3538 Apostolo
1154 3496 1272 3528 tribuit.

207 3542 356 3573 Cautiore
380 3553 526 3574 sermone
550 3543 648 3574 utitur
666 3543 699 3573 in
715 3543 850 3573 Summa
869 3542 1059 3583 theologica,
1076 3541 1163 3572 iuxta
1177 3540 1274 3571 fidem

206 3586 350 3625 vulgatae
374 3587 520 3618 historiae
540 3587 747 3617 solummodo
764 3587 915 3617 referens:
937 3587 1092 3617 Ioannem
1117 3586 1272 3617 volentem

209 3630 327 3661 nubere
349 3641 369 3661 a
394 3633 512 3671 nuptiis
535 3631 640 3661 Iesum
664 3630 828 3661 Christum
851 3640 1026 3662 revocasse.

918 254 1377 295 DISSERTATIONES
1408 255 1656 307 CRITICAE

1385 334 1455 365 Cur
1475 345 1551 365 vero
1575 341 1744 376 utramque
1768 342 1798 366 et
1821 335 1984 367 historiam
2008 344 2039 369 et
2062 338 2217 369 adiectam
2240 339 2393 379 interpre-

1318 377 1472 409 tationem
1510 389 1576 410 non
1607 379 1802 411 adhibuisset
1835 381 1999 420 Thomas,
2033 389 2070 413 ut
2101 393 2184 423 quae
2213 383 2394 424 theologica

1318 423 1469 463 dogmata
1498 424 1558 454 illis
1587 424 1747 464 permissis
1781 435 1923 456 consona
1955 426 2059 458 forent
2097 426 2298 459 ostenderet?
2327 429 2394 459 lam

1319 468 1404 498 enim
1427 468 1576 508 Apostoli
1601 468 1727 500 Ioannis
1751 469 1847 500 fuisse
1871 470 2009 510 nuptias,
2032 481 2114 512 quae
2137 471 2169 502 in
2194 472 2282 503 Cana
2306 472 2395 504 Gali-

1317 511 1384 543 leae
1408 513 1579 544 celebratae
1603 514 1742 551 fuerunt,
1767 513 1975 554 interpretum
1998 516 2104 556 opinio
2128 522 2209 555 erat,
2234 524 2311 548 teste
2327 519 2394 549 Ru—

1318 564 1409 597 petto
1425 557 1676 600 Tuitiensi‚fere
1692 559 1846 589 omnium.
1864 559 2040 590 Historiam
2057 570 2189 602 quoque
2204 562 2243 592 de
2257 562 2395 594 Ioannis

1319 601 1483 633 voluntate
1517 603 1658 634 nubendi
1689 602 1821 644 eiusque
1849 613 1870 634 a
1894 605 2015 644 nuptiis
2044 607 2232 637 avocatione
2269 607 2393 638 nobiles

1318 646 1485 686 scriptores
1509 647 1645 687 amplexi
1669 647 1802 686 fuerant,
1829 648 1976 679 laudatus
1999 650 2174 689 Rupertus,
2198 651 2314 682 Petrus
2333 651 2392 682 Co-

1319 696 1447 728 mestor,
1473 692 1664 723 venerabilis
1677 692 1779 730 Beda,
1803 697 1919 723 auctor
1936 694 2071 735 Prologi
2086 696 2118 725 in
2135 695 2270 726 Ioannis
2283 696 2394 727 Evan-

1317 735 1450 775 gelium.

1387 779 1440 810 IV.
1466 779 1561 810 Hisce
1584 789 1660 810 vero
1684 780 1839 812 adversari
1862 782 2050 814 videbantur
2075 784 2190 815 eximia
2212 785 2397 825 praeconia,-

1319 823 1436 864 quibus
1460 824 1587 854 loannis
1610 824 1822 864 virginitatem
1854 828 2122 859 commendabant
2145 829 2243 860 sancti
2266 830 2391 860 Patres:

1319 868 1521 909 modumque
1553 868 1653 899 iustae
1693 870 1881 900 concordiae
1920 881 2100 912 proponere
2134 874 2174 903 ad
2203 874 2394 914 theologum

1319 913 1484 942 Thomam
1517 913 1687 952 spectabat.
1720 914 1852 944 Patrum
1875 915 1957 945 dicta
1985 916 2090 956 primo
2113 918 2186 948 loco
2218 915 2393 958 expendere

1320 963 1465 997 praestat.
1486 957 1625 988 Sanctus
1642 957 1870 999 Hierony-mus
1884 959 1966 990 libro
1983 961 1995 990 I
2015 961 2164 992 adversus
2179 962 2393 1002 Iovinianum,

1320 1012 1410 1032 num.
1431 1002 1487 1032 26:
1510 1002 1627 1033 Petrus
1646 1003 1819 1042 Apostolus
1838 1009 1885 1034 est
1903 1002 2035 1047 (inquit)
2055 1011 2086 1036 et
2105 1007 2245 1037 Ioannes
2260 1008 2394 1047 Aposto-

1320 1047 1388 1077 lus:
1411 1048 1548 1077 maritus
1572 1052 1603 1077 et
1626 1048 1729 1088 virge.
1760 1048 1916 1079 Melchior
1939 1049 2048 1080 Canus
2071 1051 2152 1081 libro
2177 1051 2218 1081 111
2242 1051 2291 1082 De
2314 1051 2393 1081 locis

1320 1091 1518 1131 theologicis,
1532 1091 1634 1132 capite
1644 1102 1686 1130 rv,
1697 1099 1870 1134 utrumque
1883 1095 1994 1125 mariti
2009 1100 2039 1125 et
2055 1096 2192 1137 virginis
2207 1095 2395 1127 attributum

1320 1136 1414 1166 tribui
1439 1137 1558 1167 Ioanni
1581 1137 1694 1167 debere
1718 1143 1842 1168 censet:
1867 1139 1956 1179 quod
1991 1140 2059 1170 eius
2083 1140 2239 1171 iudicium
2262 1150 2329 1170 non
2351 1139 2395 1170 ita

1320 1180 1410 1211 facile
1426 1181 1670 1222 adprobaverint
1685 1181 1748 1212 alii.
1765 1182 1914 1223 Sequitur
1924 1184 2142 1226 Hieronymus
2158 1185 2293 1216 ibidem:
2309 1198 2322 1212 e
2334 1184 2394 1215 Ex-

1323 1238 1337 1253 »
1357 1226 1466 1266 posuit
1490 1225 1754 1267 (generationem
1778 1227 1890 1270 Verbi)
1921 1229 2110 1270 virginitas,
2144 1230 2235 1271 quod
2264 1231 2396 1271 nuptiae

1323 1284 1337 1298 ι»
1357 1271 1435 1301 scire
1459 1281 1524 1301 non
1549 1277 1705 1311 poterant.
1729 1271 1771 1302 Et
1794 1278 1830 1302 ut
1852 1273 1938 1303 brevi
1962 1283 2109 1304 sermone
2130 1274 2232 1305 multa
2251 1282 2395 1315 compre-

1322 1327 1336 1343 »
1357 1315 1495 1346 hendam
1518 1315 1715 1357 doceamque
1740 1316 1830 1347 cuius
1854 1317 2008 1358 privilegii
2032 1318 2071 1349 sit
2089 1318 2247 1357 Ioannes,
2274 1319 2342 1349 imo
2362 1320 2394 1349 in

1322 1371 1337 1386 »
1357 1360 1481 1390 Ioanne
1493 1361 1675 1400 virginitas,
1691 1371 1708 1390 a
1721 1361 1863 1392 Domino
1872 1362 1992 1402 virgine
2002 1363 2102 1393 Mater
2115 1363 2205 1404 virgo
2221 1363 2335 1404 virgini
2348 1363 2397 1394 di-

1323 1417 1338 1431 »
1358 1404 1482 1444 scipulo
1497 1405 1770 1436 commendatur.»
1790 1405 1844 1436 Ait
1860 1406 1956 1436 etiam
1971 1407 2004 1437 in
2018 1414 2114 1448 caput
2132 1418 2183 1438 Lvr
2197 1408 2304 1447 isaiae,
2317 1417 2395 1449 v.4:

1325 1449 1434 1478 Talem
1459 1449 1570 1489 fuisse
1591 1449 1802 1488 Eunuchum,
1827 1461 1919 1491 quem
1945 1451 2038 1482 Iesus
2060 1454 2183 1484 amavit
2200 1454 2394 1493 plurimum,

1319 1493 1566 1533 Evangelistam
1591 1494 1758 1532 Ioannem,
1785 1496 2020 1527 ecclesiasticae
2038 1497 2173 1528 tradunt
2186 1498 2350 1529 historiae.

1387 1537 1587 1577 Epiphanius
1605 1537 1726 1568 haeresi
1741 1549 1815 1569 Lvm
1831 1546 1940 1570 contra
1956 1541 2112 1579 Valesios,
2130 1551 2219 1572 num.
2236 1549 2273 1581 4:
2298 1542 2395 1573 Ioan-

1321 1591 1378 1612 nes
1401 1587 1431 1612 et
1454 1582 1601 1619 Iacobus,
1623 1582 1781 1613 Zebedaei
1792 1583 1907 1624 filii....
1925 1586 1957 1615 in
1974 1586 2163 1626 virginitate
2172 1588 2395 1626 persistentes,

1320 1635 1360 1657 ac
1383 1636 1485 1667 neque
1503 1627 1645 1657 membra
1659 1636 1720 1657 sua
1734 1629 1880 1668 propriis
1898 1635 2101 1669 amputantes
2117 1631 2276 1668 manibus,
2294 1640 2397 1672 neque

1321 1671 1462 1711 copulati
1484 1672 1614 1711 nuptiis.
1639 1671 1773 1702 Ioannes
1790 1671 2042 1713 Chrysostomus
2057 1673 2089 1704 in
2104 1674 2186 1705 libro
2202 1675 2251 1706 De
2269 1675 2396 1715 virgini-

1320 1722 1394 1753 tate,
1404 1715 1506 1756 capite
1521 1715 1593 1757 (seu
1607 1714 1656 1757 n.)
1669 1724 1785 1747 Lxxxn:
1801 1717 1942 1748 Ioannes
1956 1723 2022 1748 tum
2033 1718 2191 1759 Baptista,
2204 1725 2270 1750 tum
2285 1720 2396 1751 Evan—

1320 1761 1451 1800 gelista,
1467 1765 1601 1801 uterque
1625 1762 1729 1802 virgo.
1754 1761 1944 1792 Ambrosius
1967 1762 2016 1793 De
2035 1762 2233 1795 institutione
2255 1763 2397 1805 virginis,

1323 1804 1424 1845 capite
1438 1815 1491 1843 vn,
1509 1815 1599 1835 num.
1619 1807 1676 1835 50:
1700 1805 1823 1836 Eadem
1845 1804 1958 1848 (Maria
1977 1806 2126 1850 Deipara)
2144 1814 2260 1848 postea
2278 1808 2399 1840 Ioanni

1321 1850 1553 1890 Evangelistae
1576 1854 1622 1880 est
1646 1850 1786 1888 tradita,
1819 1852 2006 1892 coniugium
2031 1854 2193 1884 nescienti.
2226 1853 2398 1885 Cassianus

1323 1893 1493 1925 collatione
1515 1904 1579 1932 xvi,
1596 1894 1697 1934 capite
1712 1901 1780 1925 xxv:
1801 1895 1994 1936 Largiorem
2012 1906 2094 1938 erga
2112 1897 2199 1928 hunc
2213 1896 2397 1941 (loannem)

1322 1939 1653 1979 superabundantiam
1677 1940 1799 1970 amoris
1826 1941 2002 1980 expressit,
2026 1951 2122 1982 quam
2147 1943 2177 1972 ei
2200 1943 2399 1984 virginitatis

1318 1984 1528 2024 privilegium
1554 1989 1584 2014 et
1607 1985 1717 2015 carnis
1740 1985 1940 2024 incorruptio
1962 1985 2157 2027 conferebat.

1390 2029 1482 2060 Hanc
1505 2028 1637 2059 Patrum
1660 2029 1848 2060 sententiam
1867 2029 2076 2060 nihilominus
2095 2040 2154 2071 pro
2171 2031 2309 2062 evidenti
2331 2041 2398 2063 non

1323 2072 1435 2104 habuit
1457 2072 1672 2113 Augustinus:
1698 2073 1796 2104 veluti
1819 2079 2051 2115 congruentem
2071 2075 2211 2116 adoptat.
2236 2075 2288 2107 Sic
2311 2076 2398 2107 enim

1324 2117 1367 2148 ait
1389 2123 1521 2148 tractatu
1546 2127 1636 2147 cxxxv
1659 2117 1692 2148 in
1716 2118 1927 2158 Evangelium
1951 2119 2090 2157 Ioannis,
2115 2129 2205 2151 num.
2223 2127 2261 2162 7:
2289 2120 2399 2152 «Sunt

1327 2175 1341 2189 »
1361 2162 1417 2203 qui
1441 2161 1595 2192 senserint
1618 2168 1648 2193 et
1670 2162 1703 2192 hi
1723 2162 1854 2203 quidem
1873 2173 1939 2194 non
1960 2164 2214 2204 contemptibiles
2233 2165 2321 2196 sacri
2335 2165 2399 2196 elo-

1327 2219 1342 2234 »
1361 2208 1429 2248 quii
1443 2212 1645 2244 tractatores,
1667 2217 1685 2237 a
1700 2206 1827 2238 Christo
1853 2208 2006 2238 Ioannem
2021 2209 2219 2249 Apostolum
2232 2216 2400 2251 propterea

1328 2264 1341 2279 κ
1362 2251 1434 2292 plus
1458 2258 1612 2289 amatum,
1633 2252 1722 2292 quod
1746 2262 1848 2293 neque
1867 2262 2002 2283 uxorem
2016 2253 2150 2284 duxerit
2166 2261 2196 2285 et
2214 2255 2254 2285 ab
2270 2255 2400 2286 ineunte

1329 2309 1343 2323 »
1357 2297 1502 2337 pueritia
1531 2297 1728 2327 castissimus
1756 2298 1883 2328 vixerit.
1916 2297 1989 2328 Hoc
2012 2297 2145 2338 quidem
2174 2298 2208 2329 in
2232 2298 2400 2340 Scripturis

1329 2355 1343 2369 »
1363 2341 1523 2372 canonicis
1547 2351 1610 2371 non
1631 2341 1794 2372 evidenter
1809 2348 1948 2382 apparet.
1974 2342 2203 2374 Verumtamen
2219 2343 2251 2373 id
2267 2353 2399 2385 quoque

1328 2398 1342 2412 t
1363 2385 1503 2417 multum
1520 2385 1647 2416 adiuvat
1662 2387 1908 2427 congruentiam
1928 2387 2025 2417 huius
2042 2388 2230 2426 sententiae,
2242 2387 2332 2429 quod
2346 2387 2400 2419 illa

1329 2443 1343 2459 »
1362 2430 1427 2462 vita
1450 2440 1507 2471 per
1535 2440 1610 2461 eurn
1648 2429 1820 2471 significata
1853 2437 1900 2461 est
1922 2430 1978 2461 ubi
2002 2441 2065 2462 non
2099 2437 2196 2463 erunt
2225 2433 2396 2473 nuptiae.»

1325 2476 1434 2506 Potuit
1458 2485 1533 2515 ergo
1556 2475 1667 2506 locum
1691 2475 1805 2506 habere
1828 2482 1899 2506 tum
1917 2475 2045 2515 vulgata
2062 2475 2194 2507 historia
2211 2477 2252 2507 de
2265 2477 2401 2510 Ioannis

1326 2521 1491 2552 voluntate
1514 2519 1671 2558 nubendi;
1694 2527 1764 2550 tum
1787 2519 1995 2560 interpretum
2018 2520 2130 2561 opinio
2153 2521 2195 2551 de
2217 2522 2338 2562 nuptiis
2359 2522 2400 2553 ab

1326 2566 1393 2605 ipso
1417 2565 1542 2596 Ioanne
1564 2565 1746 2596 contractis.
1771 2564 1951 2604 virginitati
1970 2565 2097 2595 loannis
2121 2565 2221 2606 magis
2236 2565 2340 2597 favere
2353 2565 2399 2597 vi-

1325 2610 1417 2640 detur
1439 2609 1638 2649 Augustinus
1669 2608 1702 2639 in
1725 2609 1806 2639 libro
1835 2609 1883 2639 De
1904 2609 1992 2639 bono
2012 2609 2182 2649 coniugali,
2207 2610 2308 2650 capite
2330 2619 2397 2648 xxx,

1326 2663 1416 2684 num.
1436 2654 1494 2684 26:
1524 2667 1538 2681 ι
1553 2654 1626 2684 Νοη
1644 2659 1701 2690 est,
1719 2653 1878 2694 inquiens,
1893 2654 1999 2693 impar
2014 2654 2162 2684 meritum
2182 2655 2397 2686 continentiae

1325 2698 1358 2727 in
1382 2697 1518 2735 Ioanne,
1537 2698 1593 2738 qui
1616 2698 1725 2728 nullas
1747 2702 1899 2737 expertus
1914 2702 1960 2728 est
1979 2698 2118 2737 nuptias,
2139 2703 2170 2728 et
2184 2699 2216 2728 in
2231 2698 2395 2729 Abraham

1324 2742 1380 2782 qui
1392 2741 1486 2782 filios
1508 2742 1685 2782 generavit.
1710 2741 1786 2778 Quo
1810 2748 1916 2772 tamen
1932 2741 1965 2771 in
1982 2741 2055 2772 loco
2072 2741 2313 2782 intelligendum
2329 2751 2396 2773 esse

1325 2785 1480 2816 Ioannem
1503 2786 1695 2825 Baptistam,
1721 2785 1847 2816 coniicit
1870 2785 2097 2816 Tillemontius
2120 2793 2196 2817 nota
2211 2796 2222 2816 1
2245 2786 2279 2817 in
2304 2787 2396 2818 Ioan-

1325 2840 1401 2861 nem
1423 2829 1672 2870 Evangelistam:
1697 2840 1763 2870 quo
1787 2829 1883 2860 etiam
1906 2830 1945 2860 de
1961 2830 2078 2860 Ioanne
2101 2830 2242 2871 Baptista
2264 2830 2396 2872 intelligi

1325 2875 1429 2905 solent
1452 2874 1639 2905 Tertulliani
1662 2875 1757 2905 verba
1771 2875 1810 2904 de
1824 2874 2031 2915 monogamia
2047 2875 2149 2915 capite
2165 2885 2238 2914 xm,
2256 2875 2397 2907 Ioannes

1325 2919 1438 2960 aliqui,
1462 2918 1620 2960 inquiens,
1647 2919 1769 2950 Christi
1790 2918 1900 2959 spado.

1393 2964 1480 2994 Haec
1504 2963 1613 2994 omnia
1632 2961 1768 3006 (iterum
1784 2962 2022 3005 animadverto)
2039 2973 2113 2994 cum
2129 2970 2237 2995 nosset
2252 2964 2397 2995 Thomas

1324 3008 1480 3049 Aquinas,
1504 3007 1660 3049 sapienter
1682 3007 1789 3048 potuit
1804 3007 1976 3048 debuitque
2001 3008 2167 3039 historiam
2186 3008 2397 3049 saepedictam

1325 3053 1505 3093 permittere
1535 3063 1570 3083 ac
1601 3052 1789 3093 opinionem
1821 3052 2029 3093 interpretum
2060 3062 2094 3083 ac
2125 3060 2292 3094 utramque
2321 3063 2397 3084 cum

1326 3097 1453 3128 Ioannis
1471 3097 1647 3137 virginitate
1662 3096 1838 3128 conciliare.
1855 3097 1955 3127 Hanc
1971 3107 2176 3138 summopere
2194 3097 2398 3128 commendat

1326 3149 1358 3173 et
1379 3142 1447 3182 ipse
1471 3141 1687 3173 sanctissimus
1702 3141 1823 3172 Doctor
1846 3141 1878 3172 in
1894 3141 2105 3182 Expositione
2112 3142 2247 3183 prologi
2261 3142 2321 3173 sub
2336 3150 2395 3173 no—

1327 3186 1412 3217 mine
1431 3186 1631 3228 Hieronymi.
1656 3185 1710 3217 Ait
1725 3186 1757 3216 in
1774 3185 2017 3217 Commentario
2033 3186 2196 3226 Evangelii
2215 3186 2316 3227 capite
2330 3195 2396 3224 xm,

1326 3231 1460 3262 lectione
1484 3238 1530 3262 rv:
1554 3231 1630 3262 Fuit
1659 3231 1767 3272 magis
1793 3231 1929 3261 dilectus
1951 3240 1972 3261 a
1998 3230 2125 3262 Christo
2151 3236 2289 3271 propter
2310 3230 2397 3261 tria:

1321 3277 1430 3316 primo
1452 3275 1579 3316 quidem
1598 3281 1735 3316 propter
1752 3275 1943 3306 munditiam
1958 3276 2123 3315 puritatis,
2141 3276 2216 3316 quia
2241 3276 2335 3316 uirgo
2350 3278 2398 3305 est

1329 3321 1447 3351 electus
1469 3330 1490 3351 a
1513 3320 1653 3351 Domino
1671 3318 1810 3362 (prologi
1826 3319 1927 3350 verbis
1943 3317 2054 3361 utitur)
2075 3325 2105 3350 et
2124 3321 2218 3360 virgo
2234 3320 2266 3350 in
2281 3327 2395 3350 aerum

1322 3365 1513 3405 permansit.
1533 3364 1574 3395 Et
1589 3364 1689 3404 capite
1703 3374 1764 3403 xxr,
1780 3363 1916 3394 lectione
1931 3370 1965 3394 v:
1982 3363 2068 3394 Eum
2084 3364 2217 3404 speciali
2231 3363 2398 3394 dilectione

1322 3419 1407 3449 prae
1429 3410 1566 3440 caeteris
1593 3409 1707 3440 dilexit
1730 3413 1760 3439 et
1782 3408 1842 3439 hoc
1859 3413 1995 3448 propter
2022 3409 2130 3439 tria....
2155 3407 2300 3438 Secundo
2317 3415 2396 3446 pro-

1323 3459 1398 3495 pter
1413 3454 1590 3484 munditiae
1598 3454 1790 3494 puritatem,
1801 3453 1877 3493 quia
1889 3453 1982 3494 virgo
1986 3451 2069 3493 suit.
2078 3452 2119 3483 Et
2128 3451 2160 3482 iu
2172 3451 2223 3490 111,
2235 3450 2305 3481 dist.
2314 3460 2396 3489 xxxr,

1328 3508 1382 3540 qu.
1400 3509 1433 3536 11,
1450 3505 1506 3529 art.
1523 3508 1568 3536 ιη,
1584 3507 1639 3538 qu.
1654 3504 1706 3528 111:
1727 3497 1867 3528 Ioannes
1890 3498 1996 3538 magis
2018 3496 2224 3537 diligebatur,
2241 3499 2396 3535 quantum

1328 3543 1372 3573 ad
1393 3543 1491 3584 signa
1514 3543 1678 3573 exteriora
1700 3541 1944 3583 familiaritatis
1967 3545 1998 3571 et
2019 3541 2079 3571 hoc
2096 3544 2232 3580 propter
2256 3543 2397 3579 quatuor

1329 3596 1477 3618 causas...
1501 3588 1594 3617 tertio
1603 3592 1740 3627 propter
1755 3586 1941 3616 castitatem.
1967 3585 2007 3615 Et
2021 3583 2053 3614 in
2068 3584 2202 3615 Summa
2217 3582 2397 3623 theologica

1330 3630 1371 3661 111
1388 3640 1466 3671 par„
1485 3641 1540 3672 qu.
1556 3641 1630 3669 xnv,
1656 3637 1712 3662 art.
1727 3640 1760 3660 111
1784 3629 1824 3659 ad
1846 3635 1887 3668 4:
1912 3628 2051 3659 Ioannes
2071 3626 2242 3670 (excellens
2267 3625 2344 3669 fuit)
2365 3628 2397 3657 in
