<?xml version="1.0" encoding="UTF-8"?>
<!DOCTYPE html PUBLIC "-//W3C//DTD XHTML 1.0 Transitional//EN"
    "http://www.w3.org/TR/xhtml1/DTD/xhtml1-transitional.dtd">
<html xmlns="http://www.w3.org/1999/xhtml" xml:lang="en" lang="en">
 <head>
  <title>
</title>
<meta http-equiv="Content-Type" content="text/html;charset=utf-8" />
  <meta name='ocr-system' content='tesseract 3.04.00' />
  <meta name='ocr-capabilities' content='ocr_page ocr_carea ocr_par ocr_line ocrx_word'/>
</head>
<body>
  <div class='ocr_page' id='page_1' title='image "./operaomniaiussui01thom/operaomniaiussui01thom_0180.png"; bbox 0 0 2548 4192; ppageno 0'>
   <div class='ocr_carea' id='block_1_1' title="bbox 180 320 288 348">
    <p class='ocr_par' dir='ltr' id='par_1_1' title="bbox 180 320 288 348">
     <span class='ocr_line' id='line_1_1' title="bbox 180 320 288 348; baseline -0.028 0"><span class='ocrx_word' id='word_1_1' title='bbox 180 320 288 348; x_wconf 80' lang='lat' dir='ltr'>CLVIII</span> 
     </span>
    </p>
   </div>
   <div class='ocr_carea' id='block_1_2' title="bbox 252 378 1253 429">
    <p class='ocr_par' dir='ltr' id='par_1_2' title="bbox 252 378 1253 429">
     <span class='ocr_line' id='line_1_2' title="bbox 252 378 1253 429; baseline -0.014 -8"><span class='ocrx_word' id='word_1_2' title='bbox 252 390 380 420; x_wconf 84' lang='lat' dir='ltr'>Novam</span> <span class='ocrx_word' id='word_1_3' title='bbox 400 398 473 429; x_wconf 92' lang='lat' dir='ltr'>ergo</span> <span class='ocrx_word' id='word_1_4' title='bbox 491 398 527 418; x_wconf 91' lang='lat' dir='ltr'>ex</span> <span class='ocrx_word' id='word_1_5' title='bbox 543 386 759 417; x_wconf 89' lang='lat' dir='ltr'>Incamatione</span> <span class='ocrx_word' id='word_1_6' title='bbox 775 383 846 414; x_wconf 89' lang='lat' dir='ltr'>Filii</span> <span class='ocrx_word' id='word_1_7' title='bbox 862 383 920 413; x_wconf 92' lang='lat' dir='ltr'>Dei</span> <span class='ocrx_word' id='word_1_8' title='bbox 944 380 1163 421; x_wconf 84' lang='lat' dir='ltr'>operationem</span> <span class='ocrx_word' id='word_1_9' title='bbox 1179 378 1253 409; x_wconf 92' lang='lat' dir='ltr'>Dei-</span> 
     </span>
    </p>
   </div>
   <div class='ocr_carea' id='block_1_3' title="bbox 177 423 1258 3691">
    <p class='ocr_par' dir='ltr' id='par_1_3' title="bbox 185 423 1257 1172">
     <span class='ocr_line' id='line_1_3' title="bbox 185 423 1253 474; baseline -0.012 -9"><span class='ocrx_word' id='word_1_10' title='bbox 185 434 309 465; x_wconf 90' lang='lat' dir='ltr'>virilem</span> <span class='ocrx_word' id='word_1_11' title='bbox 332 433 514 474; x_wconf 84' lang='lat' dir='ltr'>apparuisse</span> <span class='ocrx_word' id='word_1_12' title='bbox 537 431 628 461; x_wconf 94' lang='lat' dir='ltr'>docet</span> <span class='ocrx_word' id='word_1_13' title='bbox 651 436 779 460; x_wconf 83' lang='lat' dir='ltr'>auctor:</span> <span class='ocrx_word' id='word_1_14' title='bbox 804 426 914 468; x_wconf 92' lang='lat' dir='ltr'>quidni</span> <span class='ocrx_word' id='word_1_15' title='bbox 937 435 1012 455; x_wconf 88' lang='lat' dir='ltr'>vero</span> <span class='ocrx_word' id='word_1_16' title='bbox 1036 424 1078 454; x_wconf 91' lang='lat' dir='ltr'>ita</span> <span class='ocrx_word' id='word_1_17' title='bbox 1100 423 1253 461; x_wconf 87' lang='lat' dir='ltr'>docuerit,</span> 
     </span>
     <span class='ocr_line' id='line_1_4' title="bbox 187 469 1254 518; baseline -0.011 -9"><span class='ocrx_word' id='word_1_18' title='bbox 187 488 261 509; x_wconf 91' lang='lat' dir='ltr'>cum</span> <span class='ocrx_word' id='word_1_19' title='bbox 286 478 379 518; x_wconf 90' lang='lat' dir='ltr'>plane</span> <span class='ocrx_word' id='word_1_20' title='bbox 402 486 486 507; x_wconf 91' lang='lat' dir='ltr'>nova</span> <span class='ocrx_word' id='word_1_21' title='bbox 509 485 544 505; x_wconf 93' lang='lat' dir='ltr'>ac</span> <span class='ocrx_word' id='word_1_22' title='bbox 567 473 717 505; x_wconf 91' lang='lat' dir='ltr'>mirabilis</span> <span class='ocrx_word' id='word_1_23' title='bbox 740 472 820 502; x_wconf 92' lang='lat' dir='ltr'>facta</span> <span class='ocrx_word' id='word_1_24' title='bbox 853 469 947 500; x_wconf 88' lang='lat' dir='ltr'>fuerit</span> <span class='ocrx_word' id='word_1_25' title='bbox 969 469 1106 498; x_wconf 85' lang='lat' dir='ltr'>duarum</span> <span class='ocrx_word' id='word_1_26' title='bbox 1129 474 1254 498; x_wconf 92' lang='lat' dir='ltr'>natura-</span> 
     </span>
     <span class='ocr_line' id='line_1_5' title="bbox 186 513 1254 560; baseline -0.011 -7"><span class='ocrx_word' id='word_1_27' title='bbox 186 532 259 553; x_wconf 90' lang='lat' dir='ltr'>rum</span> <span class='ocrx_word' id='word_1_28' title='bbox 282 522 314 552; x_wconf 92' lang='lat' dir='ltr'>in</span> <span class='ocrx_word' id='word_1_29' title='bbox 338 531 404 552; x_wconf 94' lang='lat' dir='ltr'>uno</span> <span class='ocrx_word' id='word_1_30' title='bbox 429 519 595 560; x_wconf 89' lang='lat' dir='ltr'>supposito</span> <span class='ocrx_word' id='word_1_31' title='bbox 619 514 743 548; x_wconf 88' lang='lat' dir='ltr'>unitio?</span> <span class='ocrx_word' id='word_1_32' title='bbox 763 516 797 545; x_wconf 91' lang='lat' dir='ltr'>Id</span> <span class='ocrx_word' id='word_1_33' title='bbox 820 523 919 554; x_wconf 87' lang='lat' dir='ltr'>genus</span> <span class='ocrx_word' id='word_1_34' title='bbox 953 513 1177 552; x_wconf 83' lang='lat' dir='ltr'>operationum</span> <span class='ocrx_word' id='word_1_35' title='bbox 1200 522 1254 542; x_wconf 89' lang='lat' dir='ltr'>na-</span> 
     </span>
     <span class='ocr_line' id='line_1_6' title="bbox 187 557 1254 606; baseline -0.011 -9"><span class='ocrx_word' id='word_1_36' title='bbox 187 573 291 597; x_wconf 89' lang='lat' dir='ltr'>turam</span> <span class='ocrx_word' id='word_1_37' title='bbox 315 565 539 606; x_wconf 89' lang='lat' dir='ltr'>propriamque</span> <span class='ocrx_word' id='word_1_38' title='bbox 562 561 720 597; x_wconf 87' lang='lat' dir='ltr'>indolem,</span> <span class='ocrx_word' id='word_1_39' title='bbox 747 568 828 599; x_wconf 91' lang='lat' dir='ltr'>quae</span> <span class='ocrx_word' id='word_1_40' title='bbox 850 557 1024 587; x_wconf 83' lang='lat' dir='ltr'>Deiviriles</span> <span class='ocrx_word' id='word_1_41' title='bbox 1047 567 1103 587; x_wconf 92' lang='lat' dir='ltr'>seu</span> <span class='ocrx_word' id='word_1_42' title='bbox 1132 557 1254 587; x_wconf 87' lang='lat' dir='ltr'>Thean-</span> 
     </span>
     <span class='ocr_line' id='line_1_7' title="bbox 187 601 1256 649; baseline -0.011 -8"><span class='ocrx_word' id='word_1_43' title='bbox 187 611 298 641; x_wconf 86' lang='lat' dir='ltr'>dricae</span> <span class='ocrx_word' id='word_1_44' title='bbox 325 608 540 649; x_wconf 86' lang='lat' dir='ltr'>appellantur,</span> <span class='ocrx_word' id='word_1_45' title='bbox 564 611 685 645; x_wconf 90' lang='lat' dir='ltr'>praeter</span> <span class='ocrx_word' id='word_1_46' title='bbox 718 604 869 633; x_wconf 88' lang='lat' dir='ltr'>Ioannem</span> <span class='ocrx_word' id='word_1_47' title='bbox 898 601 1196 641; x_wconf 84' lang='lat' dir='ltr'>scythopolitanum</span> <span class='ocrx_word' id='word_1_48' title='bbox 1225 606 1256 630; x_wconf 92' lang='lat' dir='ltr'>et</span> 
     </span>
     <span class='ocr_line' id='line_1_8' title="bbox 190 644 1255 687; baseline -0.01 -2"><span class='ocrx_word' id='word_1_49' title='bbox 190 654 365 685; x_wconf 88' lang='lat' dir='ltr'>Maximum</span> <span class='ocrx_word' id='word_1_50' title='bbox 387 652 420 681; x_wconf 92' lang='lat' dir='ltr'>in</span> <span class='ocrx_word' id='word_1_51' title='bbox 443 649 595 687; x_wconf 86' lang='lat' dir='ltr'>Scholiis,</span> <span class='ocrx_word' id='word_1_52' title='bbox 613 648 754 687; x_wconf 90' lang='lat' dir='ltr'>aliosque</span> <span class='ocrx_word' id='word_1_53' title='bbox 777 652 896 676; x_wconf 86' lang='lat' dir='ltr'>veteres</span> <span class='ocrx_word' id='word_1_54' title='bbox 916 644 1121 675; x_wconf 91' lang='lat' dir='ltr'>Orthodoxos</span> <span class='ocrx_word' id='word_1_55' title='bbox 1137 645 1255 683; x_wconf 89' lang='lat' dir='ltr'>Patres,</span> 
     </span>
     <span class='ocr_line' id='line_1_9' title="bbox 191 689 1255 739; baseline -0.009 -11"><span class='ocrx_word' id='word_1_56' title='bbox 191 698 246 739; x_wconf 91' lang='lat' dir='ltr'>qui</span> <span class='ocrx_word' id='word_1_57' title='bbox 270 695 485 737; x_wconf 89' lang='lat' dir='ltr'>Eutychianos</span> <span class='ocrx_word' id='word_1_58' title='bbox 509 699 539 724; x_wconf 90' lang='lat' dir='ltr'>et</span> <span class='ocrx_word' id='word_1_59' title='bbox 561 690 786 722; x_wconf 87' lang='lat' dir='ltr'>Monothelitas</span> <span class='ocrx_word' id='word_1_60' title='bbox 809 689 970 730; x_wconf 86' lang='lat' dir='ltr'>insequuti</span> <span class='ocrx_word' id='word_1_61' title='bbox 994 696 1087 728; x_wconf 89' lang='lat' dir='ltr'>sunt,</span> <span class='ocrx_word' id='word_1_62' title='bbox 1111 695 1177 719; x_wconf 90' lang='lat' dir='ltr'>tam</span> <span class='ocrx_word' id='word_1_63' title='bbox 1206 689 1255 719; x_wconf 94' lang='lat' dir='ltr'>lu-</span> 
     </span>
     <span class='ocr_line' id='line_1_10' title="bbox 190 733 1255 772; baseline -0.009 0"><span class='ocrx_word' id='word_1_64' title='bbox 190 741 314 772; x_wconf 90' lang='lat' dir='ltr'>culenta</span> <span class='ocrx_word' id='word_1_65' title='bbox 350 739 492 769; x_wconf 89' lang='lat' dir='ltr'>oratione</span> <span class='ocrx_word' id='word_1_66' title='bbox 523 742 666 767; x_wconf 88' lang='lat' dir='ltr'>enarrant</span> <span class='ocrx_word' id='word_1_67' title='bbox 693 734 838 765; x_wconf 90' lang='lat' dir='ltr'>Petavius</span> <span class='ocrx_word' id='word_1_68' title='bbox 869 733 950 763; x_wconf 91' lang='lat' dir='ltr'>libro</span> <span class='ocrx_word' id='word_1_69' title='bbox 981 734 1053 764; x_wconf 90' lang='lat' dir='ltr'>VIII</span> <span class='ocrx_word' id='word_1_70' title='bbox 1085 734 1123 764; x_wconf 91' lang='lat' dir='ltr'>de</span> <span class='ocrx_word' id='word_1_71' title='bbox 1153 734 1255 764; x_wconf 91' lang='lat' dir='ltr'>Incar-</span> 
     </span>
     <span class='ocr_line' id='line_1_11' title="bbox 190 777 1254 822; baseline -0.008 -7"><span class='ocrx_word' id='word_1_72' title='bbox 190 784 317 815; x_wconf 87' lang='lat' dir='ltr'>natione</span> <span class='ocrx_word' id='word_1_73' title='bbox 341 793 356 812; x_wconf 86' lang='lat' dir='ltr'>a</span> <span class='ocrx_word' id='word_1_74' title='bbox 377 782 476 822; x_wconf 90' lang='lat' dir='ltr'>capite</span> <span class='ocrx_word' id='word_1_75' title='bbox 499 790 529 819; x_wconf 89' lang='lat' dir='ltr'>x,</span> <span class='ocrx_word' id='word_1_76' title='bbox 547 787 577 810; x_wconf 92' lang='lat' dir='ltr'>et</span> <span class='ocrx_word' id='word_1_77' title='bbox 600 778 818 809; x_wconf 90' lang='lat' dir='ltr'>Thomasinus</span> <span class='ocrx_word' id='word_1_78' title='bbox 842 777 923 808; x_wconf 93' lang='lat' dir='ltr'>libro</span> <span class='ocrx_word' id='word_1_79' title='bbox 947 778 989 808; x_wconf 94' lang='lat' dir='ltr'>VI</span> <span class='ocrx_word' id='word_1_80' title='bbox 1019 788 1037 807; x_wconf 95' lang='lat' dir='ltr'>a</span> <span class='ocrx_word' id='word_1_81' title='bbox 1066 778 1166 819; x_wconf 92' lang='lat' dir='ltr'>capite</span> <span class='ocrx_word' id='word_1_82' title='bbox 1189 787 1254 817; x_wconf 87' lang='lat' dir='ltr'>vm,</span> 
     </span>
     <span class='ocr_line' id='line_1_12' title="bbox 190 822 1255 863; baseline -0.008 -4"><span class='ocrx_word' id='word_1_83' title='bbox 190 835 226 859; x_wconf 92' lang='lat' dir='ltr'>ut</span> <span class='ocrx_word' id='word_1_84' title='bbox 245 827 362 857; x_wconf 90' lang='lat' dir='ltr'>mirum</span> <span class='ocrx_word' id='word_1_85' title='bbox 386 826 426 856; x_wconf 93' lang='lat' dir='ltr'>sit</span> <span class='ocrx_word' id='word_1_86' title='bbox 448 831 609 855; x_wconf 89' lang='lat' dir='ltr'>auctorem</span> <span class='ocrx_word' id='word_1_87' title='bbox 631 822 927 863; x_wconf 88' lang='lat' dir='ltr'>Areopagiticorum</span> <span class='ocrx_word' id='word_1_88' title='bbox 949 829 1079 862; x_wconf 90' lang='lat' dir='ltr'>propter</span> <span class='ocrx_word' id='word_1_89' title='bbox 1095 832 1131 853; x_wconf 92' lang='lat' dir='ltr'>ea</span> <span class='ocrx_word' id='word_1_90' title='bbox 1146 822 1255 860; x_wconf 90' lang='lat' dir='ltr'>verba,</span> 
     </span>
     <span class='ocr_line' id='line_1_13' title="bbox 189 866 1256 913; baseline -0.006 -11"><span class='ocrx_word' id='word_1_91' title='bbox 189 881 270 913; x_wconf 91' lang='lat' dir='ltr'>quae</span> <span class='ocrx_word' id='word_1_92' title='bbox 293 869 501 909; x_wconf 88' lang='lat' dir='ltr'>multiplicem</span> <span class='ocrx_word' id='word_1_93' title='bbox 517 867 649 899; x_wconf 88' lang='lat' dir='ltr'>efferunt</span> <span class='ocrx_word' id='word_1_94' title='bbox 673 866 865 898; x_wconf 90' lang='lat' dir='ltr'>catholicum</span> <span class='ocrx_word' id='word_1_95' title='bbox 888 876 1028 905; x_wconf 90' lang='lat' dir='ltr'>sensum,</span> <span class='ocrx_word' id='word_1_96' title='bbox 1046 867 1086 896; x_wconf 92' lang='lat' dir='ltr'>ad</span> <span class='ocrx_word' id='word_1_97' title='bbox 1104 866 1256 897; x_wconf 90' lang='lat' dir='ltr'>invidiam</span> 
     </span>
     <span class='ocr_line' id='line_1_14' title="bbox 189 910 1256 953; baseline -0.005 -8"><span class='ocrx_word' id='word_1_98' title='bbox 189 915 318 946; x_wconf 90' lang='lat' dir='ltr'>traduci.</span> <span class='ocrx_word' id='word_1_99' title='bbox 336 915 440 944; x_wconf 88' lang='lat' dir='ltr'>Pauca</span> <span class='ocrx_word' id='word_1_100' title='bbox 462 912 572 953; x_wconf 89' lang='lat' dir='ltr'>paucis</span> <span class='ocrx_word' id='word_1_101' title='bbox 602 911 704 942; x_wconf 90' lang='lat' dir='ltr'>verbis</span> <span class='ocrx_word' id='word_1_102' title='bbox 728 910 833 941; x_wconf 90' lang='lat' dir='ltr'>delibo</span> <span class='ocrx_word' id='word_1_103' title='bbox 858 920 928 951; x_wconf 77' lang='lat' dir='ltr'>ego,</span> <span class='ocrx_word' id='word_1_104' title='bbox 945 911 1074 951; x_wconf 86' lang='lat' dir='ltr'>Tn&#39;plex</span> <span class='ocrx_word' id='word_1_105' title='bbox 1098 910 1256 951; x_wconf 89' lang='lat' dir='ltr'>operatio-</span> 
     </span>
     <span class='ocr_line' id='line_1_15' title="bbox 188 955 1256 997; baseline -0.004 -8"><span class='ocrx_word' id='word_1_106' title='bbox 188 969 267 990; x_wconf 92' lang='lat' dir='ltr'>num</span> <span class='ocrx_word' id='word_1_107' title='bbox 291 957 407 989; x_wconf 89' lang='lat' dir='ltr'>Christi</span> <span class='ocrx_word' id='word_1_108' title='bbox 430 967 530 997; x_wconf 89' lang='lat' dir='ltr'>genus</span> <span class='ocrx_word' id='word_1_109' title='bbox 554 956 755 987; x_wconf 85' lang='lat' dir='ltr'>discernitur:</span> <span class='ocrx_word' id='word_1_110' title='bbox 780 965 899 993; x_wconf 91' lang='lat' dir='ltr'>earum,</span> <span class='ocrx_word' id='word_1_111' title='bbox 917 965 998 996; x_wconf 92' lang='lat' dir='ltr'>quae</span> <span class='ocrx_word' id='word_1_112' title='bbox 1021 955 1152 986; x_wconf 87' lang='lat' dir='ltr'>Deitatis</span> <span class='ocrx_word' id='word_1_113' title='bbox 1171 961 1256 993; x_wconf 89' lang='lat' dir='ltr'>sunt,</span> 
     </span>
     <span class='ocr_line' id='line_1_16' title="bbox 187 999 1256 1040; baseline -0.004 -7"><span class='ocrx_word' id='word_1_114' title='bbox 187 1004 267 1034; x_wconf 91' lang='lat' dir='ltr'>sicut</span> <span class='ocrx_word' id='word_1_115' title='bbox 285 1002 444 1032; x_wconf 92' lang='lat' dir='ltr'>mundum</span> <span class='ocrx_word' id='word_1_116' title='bbox 464 1008 584 1032; x_wconf 90' lang='lat' dir='ltr'>creare:</span> <span class='ocrx_word' id='word_1_117' title='bbox 611 1010 720 1031; x_wconf 90' lang='lat' dir='ltr'>earum</span> <span class='ocrx_word' id='word_1_118' title='bbox 743 999 831 1037; x_wconf 83' lang='lat' dir='ltr'>item,</span> <span class='ocrx_word' id='word_1_119' title='bbox 851 1009 932 1040; x_wconf 87' lang='lat' dir='ltr'>quae</span> <span class='ocrx_word' id='word_1_120' title='bbox 956 999 1160 1030; x_wconf 90' lang='lat' dir='ltr'>humanitatis</span> <span class='ocrx_word' id='word_1_121' title='bbox 1184 1009 1256 1040; x_wconf 91' lang='lat' dir='ltr'>pro-</span> 
     </span>
     <span class='ocr_line' id='line_1_17' title="bbox 187 1043 1257 1088; baseline -0.003 -11"><span class='ocrx_word' id='word_1_122' title='bbox 187 1047 272 1088; x_wconf 88' lang='lat' dir='ltr'>priae</span> <span class='ocrx_word' id='word_1_123' title='bbox 296 1053 385 1085; x_wconf 88' lang='lat' dir='ltr'>sunt,</span> <span class='ocrx_word' id='word_1_124' title='bbox 408 1045 495 1076; x_wconf 91' lang='lat' dir='ltr'>velut</span> <span class='ocrx_word' id='word_1_125' title='bbox 519 1045 626 1083; x_wconf 91' lang='lat' dir='ltr'>edere,</span> <span class='ocrx_word' id='word_1_126' title='bbox 649 1044 773 1082; x_wconf 86' lang='lat' dir='ltr'>bibere,</span> <span class='ocrx_word' id='word_1_127' title='bbox 796 1043 897 1084; x_wconf 90' lang='lat' dir='ltr'>loqui,</span> <span class='ocrx_word' id='word_1_128' title='bbox 922 1043 1014 1082; x_wconf 87' lang='lat' dir='ltr'>flere,</span> <span class='ocrx_word' id='word_1_129' title='bbox 1039 1044 1122 1084; x_wconf 89' lang='lat' dir='ltr'>pati:</span> <span class='ocrx_word' id='word_1_130' title='bbox 1148 1054 1257 1074; x_wconf 90' lang='lat' dir='ltr'>earum</span> 
     </span>
     <span class='ocr_line' id='line_1_18' title="bbox 188 1087 1257 1131; baseline -0.003 -10"><span class='ocrx_word' id='word_1_131' title='bbox 188 1090 334 1131; x_wconf 91' lang='lat' dir='ltr'>denique,</span> <span class='ocrx_word' id='word_1_132' title='bbox 359 1100 440 1130; x_wconf 92' lang='lat' dir='ltr'>quae</span> <span class='ocrx_word' id='word_1_133' title='bbox 464 1089 579 1120; x_wconf 86' lang='lat' dir='ltr'>mixtae</span> <span class='ocrx_word' id='word_1_134' title='bbox 598 1095 672 1119; x_wconf 92' lang='lat' dir='ltr'>sunt</span> <span class='ocrx_word' id='word_1_135' title='bbox 690 1087 934 1129; x_wconf 88' lang='lat' dir='ltr'>quodammodo</span> <span class='ocrx_word' id='word_1_136' title='bbox 954 1098 990 1118; x_wconf 84' lang='lat' dir='ltr'>ex</span> <span class='ocrx_word' id='word_1_137' title='bbox 1014 1088 1179 1129; x_wconf 89' lang='lat' dir='ltr'>utriusque</span> <span class='ocrx_word' id='word_1_138' title='bbox 1203 1098 1257 1118; x_wconf 87' lang='lat' dir='ltr'>na-</span> 
     </span>
     <span class='ocr_line' id='line_1_19' title="bbox 188 1132 1148 1172; baseline -0.002 -7"><span class='ocrx_word' id='word_1_139' title='bbox 188 1142 275 1166; x_wconf 86' lang='lat' dir='ltr'>turae</span> <span class='ocrx_word' id='word_1_140' title='bbox 299 1134 460 1172; x_wconf 89' lang='lat' dir='ltr'>confluxu,</span> <span class='ocrx_word' id='word_1_141' title='bbox 480 1140 516 1164; x_wconf 91' lang='lat' dir='ltr'>ut</span> <span class='ocrx_word' id='word_1_142' title='bbox 538 1139 623 1164; x_wconf 87' lang='lat' dir='ltr'>tactu</span> <span class='ocrx_word' id='word_1_143' title='bbox 647 1132 747 1163; x_wconf 91' lang='lat' dir='ltr'>carnis</span> <span class='ocrx_word' id='word_1_144' title='bbox 766 1138 932 1163; x_wconf 90' lang='lat' dir='ltr'>mortuum</span> <span class='ocrx_word' id='word_1_145' title='bbox 951 1133 1148 1163; x_wconf 85' lang='lat' dir='ltr'>exsuscitare.</span> 
     </span>
    </p>

    <p class='ocr_par' dir='ltr' id='par_1_4' title="bbox 188 1176 1258 1440">
     <span class='ocr_line' id='line_1_20' title="bbox 255 1176 1258 1218; baseline -0.002 -9"><span class='ocrx_word' id='word_1_146' title='bbox 255 1179 398 1209; x_wconf 89' lang='lat' dir='ltr'>Fuerunt</span> <span class='ocrx_word' id='word_1_147' title='bbox 419 1184 563 1209; x_wconf 88' lang='lat' dir='ltr'>veterum</span> <span class='ocrx_word' id='word_1_148' title='bbox 578 1176 736 1215; x_wconf 91' lang='lat' dir='ltr'>nonnulli,</span> <span class='ocrx_word' id='word_1_149' title='bbox 747 1177 802 1218; x_wconf 93' lang='lat' dir='ltr'>qui</span> <span class='ocrx_word' id='word_1_150' title='bbox 822 1177 1042 1208; x_wconf 86' lang='lat' dir='ltr'>Theandricas</span> <span class='ocrx_word' id='word_1_151' title='bbox 1059 1177 1258 1217; x_wconf 85' lang='lat' dir='ltr'>operationes</span> 
     </span>
     <span class='ocr_line' id='line_1_21' title="bbox 188 1221 1257 1263; baseline -0.002 -10"><span class='ocrx_word' id='word_1_152' title='bbox 188 1223 398 1263; x_wconf 88' lang='lat' dir='ltr'>intelligerent</span> <span class='ocrx_word' id='word_1_153' title='bbox 412 1222 525 1253; x_wconf 82' lang='lat' dir='ltr'>mixtas</span> <span class='ocrx_word' id='word_1_154' title='bbox 541 1221 609 1252; x_wconf 90' lang='lat' dir='ltr'>illas</span> <span class='ocrx_word' id='word_1_155' title='bbox 625 1227 764 1252; x_wconf 88' lang='lat' dir='ltr'>tantum:</span> <span class='ocrx_word' id='word_1_156' title='bbox 785 1231 848 1261; x_wconf 91' lang='lat' dir='ltr'>qua</span> <span class='ocrx_word' id='word_1_157' title='bbox 865 1221 904 1251; x_wconf 92' lang='lat' dir='ltr'>de</span> <span class='ocrx_word' id='word_1_158' title='bbox 923 1230 955 1251; x_wconf 88' lang='lat' dir='ltr'>re</span> <span class='ocrx_word' id='word_1_159' title='bbox 975 1221 1140 1252; x_wconf 89' lang='lat' dir='ltr'>difficultas</span> <span class='ocrx_word' id='word_1_160' title='bbox 1159 1221 1257 1260; x_wconf 87' lang='lat' dir='ltr'>nulla,</span> 
     </span>
     <span class='ocr_line' id='line_1_22' title="bbox 190 1265 1258 1307; baseline -0.003 -9"><span class='ocrx_word' id='word_1_161' title='bbox 190 1277 264 1298; x_wconf 91' lang='lat' dir='ltr'>cum</span> <span class='ocrx_word' id='word_1_162' title='bbox 294 1274 420 1307; x_wconf 86' lang='lat' dir='ltr'>tangere</span> <span class='ocrx_word' id='word_1_163' title='bbox 443 1277 473 1297; x_wconf 92' lang='lat' dir='ltr'>v.</span> <span class='ocrx_word' id='word_1_164' title='bbox 497 1276 527 1306; x_wconf 88' lang='lat' dir='ltr'>g.</span> <span class='ocrx_word' id='word_1_165' title='bbox 552 1266 592 1296; x_wconf 90' lang='lat' dir='ltr'>sit</span> <span class='ocrx_word' id='word_1_166' title='bbox 613 1265 773 1304; x_wconf 86' lang='lat' dir='ltr'>hominis,</span> <span class='ocrx_word' id='word_1_167' title='bbox 797 1265 856 1295; x_wconf 92' lang='lat' dir='ltr'>Dei</span> <span class='ocrx_word' id='word_1_168' title='bbox 880 1272 986 1296; x_wconf 90' lang='lat' dir='ltr'>autem</span> <span class='ocrx_word' id='word_1_169' title='bbox 1019 1266 1150 1296; x_wconf 88' lang='lat' dir='ltr'>excitare</span> <span class='ocrx_word' id='word_1_170' title='bbox 1173 1276 1258 1296; x_wconf 90' lang='lat' dir='ltr'>mor-</span> 
     </span>
     <span class='ocr_line' id='line_1_23' title="bbox 189 1309 1257 1351; baseline -0.002 -9"><span class='ocrx_word' id='word_1_171' title='bbox 189 1318 293 1342; x_wconf 90' lang='lat' dir='ltr'>tuum.</span> <span class='ocrx_word' id='word_1_172' title='bbox 311 1313 354 1341; x_wconf 94' lang='lat' dir='ltr'>At</span> <span class='ocrx_word' id='word_1_173' title='bbox 370 1310 563 1351; x_wconf 89' lang='lat' dir='ltr'>operationis</span> <span class='ocrx_word' id='word_1_174' title='bbox 584 1309 804 1340; x_wconf 75' lang='lat' dir='ltr'>Tbeandricae</span> <span class='ocrx_word' id='word_1_175' title='bbox 826 1319 939 1339; x_wconf 91' lang='lat' dir='ltr'>vocem</span> <span class='ocrx_word' id='word_1_176' title='bbox 962 1309 1054 1340; x_wconf 89' lang='lat' dir='ltr'>latius</span> <span class='ocrx_word' id='word_1_177' title='bbox 1078 1317 1194 1350; x_wconf 90' lang='lat' dir='ltr'>patere,</span> <span class='ocrx_word' id='word_1_178' title='bbox 1212 1320 1257 1340; x_wconf 93' lang='lat' dir='ltr'>se-</span> 
     </span>
     <span class='ocr_line' id='line_1_24' title="bbox 190 1354 1258 1396; baseline -0.001 -10"><span class='ocrx_word' id='word_1_179' title='bbox 190 1365 287 1396; x_wconf 90' lang='lat' dir='ltr'>seque</span> <span class='ocrx_word' id='word_1_180' title='bbox 310 1355 350 1385; x_wconf 89' lang='lat' dir='ltr'>ad</span> <span class='ocrx_word' id='word_1_181' title='bbox 373 1355 433 1385; x_wconf 89' lang='lat' dir='ltr'>alia</span> <span class='ocrx_word' id='word_1_182' title='bbox 456 1354 679 1395; x_wconf 86' lang='lat' dir='ltr'>operationum</span> <span class='ocrx_word' id='word_1_183' title='bbox 702 1363 816 1394; x_wconf 87' lang='lat' dir='ltr'>genera</span> <span class='ocrx_word' id='word_1_184' title='bbox 846 1354 1052 1393; x_wconf 90' lang='lat' dir='ltr'>protendere,</span> <span class='ocrx_word' id='word_1_185' title='bbox 1077 1354 1198 1394; x_wconf 88' lang='lat' dir='ltr'>egregie</span> <span class='ocrx_word' id='word_1_186' title='bbox 1221 1364 1258 1385; x_wconf 88' lang='lat' dir='ltr'>ac</span> 
     </span>
     <span class='ocr_line' id='line_1_25' title="bbox 189 1397 1255 1440; baseline -0.002 -10"><span class='ocrx_word' id='word_1_187' title='bbox 189 1399 355 1440; x_wconf 89' lang='lat' dir='ltr'>perspicue</span> <span class='ocrx_word' id='word_1_188' title='bbox 369 1399 562 1440; x_wconf 88' lang='lat' dir='ltr'>patefaciunt</span> <span class='ocrx_word' id='word_1_189' title='bbox 575 1398 694 1429; x_wconf 87' lang='lat' dir='ltr'>laudati</span> <span class='ocrx_word' id='word_1_190' title='bbox 717 1397 882 1438; x_wconf 88' lang='lat' dir='ltr'>scriptores</span> <span class='ocrx_word' id='word_1_191' title='bbox 907 1408 943 1428; x_wconf 85' lang='lat' dir='ltr'>ac</span> <span class='ocrx_word' id='word_1_192' title='bbox 967 1397 1108 1438; x_wconf 88' lang='lat' dir='ltr'>theologi</span> <span class='ocrx_word' id='word_1_193' title='bbox 1133 1408 1255 1429; x_wconf 90' lang='lat' dir='ltr'>omnes.</span> 
     </span>
    </p>

    <p class='ocr_par' dir='ltr' id='par_1_5' title="bbox 177 1441 1258 2455">
     <span class='ocr_line' id='line_1_26' title="bbox 258 1441 1258 1484; baseline -0.001 -10"><span class='ocrx_word' id='word_1_194' title='bbox 258 1443 325 1474; x_wconf 93' lang='lat' dir='ltr'>Cur</span> <span class='ocrx_word' id='word_1_195' title='bbox 348 1443 435 1474; x_wconf 90' lang='lat' dir='ltr'>enim</span> <span class='ocrx_word' id='word_1_196' title='bbox 458 1443 598 1474; x_wconf 88' lang='lat' dir='ltr'>humana</span> <span class='ocrx_word' id='word_1_197' title='bbox 627 1452 773 1484; x_wconf 92' lang='lat' dir='ltr'>quaeque</span> <span class='ocrx_word' id='word_1_198' title='bbox 805 1441 948 1481; x_wconf 87' lang='lat' dir='ltr'>operatio</span> <span class='ocrx_word' id='word_1_199' title='bbox 972 1442 1032 1472; x_wconf 90' lang='lat' dir='ltr'>dici</span> <span class='ocrx_word' id='word_1_200' title='bbox 1056 1452 1123 1472; x_wconf 92' lang='lat' dir='ltr'>non</span> <span class='ocrx_word' id='word_1_201' title='bbox 1147 1443 1258 1473; x_wconf 87' lang='lat' dir='ltr'>debeat</span> 
     </span>
     <span class='ocr_line' id='line_1_27' title="bbox 194 1486 1257 1526; baseline -0.001 -8"><span class='ocrx_word' id='word_1_202' title='bbox 194 1488 406 1526; x_wconf 87' lang='lat' dir='ltr'>Theandrica,</span> <span class='ocrx_word' id='word_1_203' title='bbox 432 1497 507 1518; x_wconf 92' lang='lat' dir='ltr'>cum</span> <span class='ocrx_word' id='word_1_204' title='bbox 530 1487 640 1518; x_wconf 91' lang='lat' dir='ltr'>eadem</span> <span class='ocrx_word' id='word_1_205' title='bbox 664 1486 755 1517; x_wconf 89' lang='lat' dir='ltr'>sicuti</span> <span class='ocrx_word' id='word_1_206' title='bbox 778 1496 796 1516; x_wconf 93' lang='lat' dir='ltr'>a</span> <span class='ocrx_word' id='word_1_207' title='bbox 819 1492 930 1516; x_wconf 90' lang='lat' dir='ltr'>natura</span> <span class='ocrx_word' id='word_1_208' title='bbox 953 1486 1104 1524; x_wconf 88' lang='lat' dir='ltr'>humana,</span> <span class='ocrx_word' id='word_1_209' title='bbox 1128 1486 1171 1517; x_wconf 90' lang='lat' dir='ltr'>ita</span> <span class='ocrx_word' id='word_1_210' title='bbox 1190 1493 1221 1517; x_wconf 91' lang='lat' dir='ltr'>et</span> <span class='ocrx_word' id='word_1_211' title='bbox 1239 1497 1257 1516; x_wconf 87' lang='lat' dir='ltr'>a</span> 
     </span>
     <span class='ocr_line' id='line_1_28' title="bbox 188 1528 1257 1572; baseline -0.002 -10"><span class='ocrx_word' id='word_1_212' title='bbox 188 1532 327 1562; x_wconf 88' lang='lat' dir='ltr'>Persona</span> <span class='ocrx_word' id='word_1_213' title='bbox 349 1531 455 1562; x_wconf 89' lang='lat' dir='ltr'>divina</span> <span class='ocrx_word' id='word_1_214' title='bbox 478 1528 745 1572; x_wconf 88' lang='lat' dir='ltr'>proficisceretur?</span> <span class='ocrx_word' id='word_1_215' title='bbox 762 1530 889 1560; x_wconf 92' lang='lat' dir='ltr'>Norunt</span> <span class='ocrx_word' id='word_1_216' title='bbox 912 1529 1107 1570; x_wconf 81' lang='lat' dir='ltr'>philosophi,</span> <span class='ocrx_word' id='word_1_217' title='bbox 1125 1540 1257 1561; x_wconf 90' lang='lat' dir='ltr'>consen-</span> 
     </span>
     <span class='ocr_line' id='line_1_29' title="bbox 189 1574 1258 1616; baseline -0.002 -9"><span class='ocrx_word' id='word_1_218' title='bbox 189 1576 272 1607; x_wconf 92' lang='lat' dir='ltr'>tiunt</span> <span class='ocrx_word' id='word_1_219' title='bbox 304 1575 445 1616; x_wconf 90' lang='lat' dir='ltr'>theologi</span> <span class='ocrx_word' id='word_1_220' title='bbox 477 1575 613 1616; x_wconf 90' lang='lat' dir='ltr'>quique,</span> <span class='ocrx_word' id='word_1_221' title='bbox 637 1575 779 1612; x_wconf 90' lang='lat' dir='ltr'>nullam,</span> <span class='ocrx_word' id='word_1_222' title='bbox 804 1574 863 1604; x_wconf 91' lang='lat' dir='ltr'>nisi</span> <span class='ocrx_word' id='word_1_223' title='bbox 896 1574 1138 1613; x_wconf 85' lang='lat' dir='ltr'>subsistentem,</span> <span class='ocrx_word' id='word_1_224' title='bbox 1167 1585 1258 1615; x_wconf 89' lang='lat' dir='ltr'>agere</span> 
     </span>
     <span class='ocr_line' id='line_1_30' title="bbox 190 1617 1258 1661; baseline -0.001 -10"><span class='ocrx_word' id='word_1_225' title='bbox 190 1627 336 1651; x_wconf 90' lang='lat' dir='ltr'>naturam</span> <span class='ocrx_word' id='word_1_226' title='bbox 368 1619 550 1661; x_wconf 83' lang='lat' dir='ltr'>quidpiam:</span> <span class='ocrx_word' id='word_1_227' title='bbox 575 1629 611 1650; x_wconf 92' lang='lat' dir='ltr'>ac</span> <span class='ocrx_word' id='word_1_228' title='bbox 643 1619 731 1659; x_wconf 90' lang='lat' dir='ltr'>prius</span> <span class='ocrx_word' id='word_1_229' title='bbox 763 1617 885 1648; x_wconf 88' lang='lat' dir='ltr'>definiri</span> <span class='ocrx_word' id='word_1_230' title='bbox 917 1629 952 1649; x_wconf 91' lang='lat' dir='ltr'>ac</span> <span class='ocrx_word' id='word_1_231' title='bbox 982 1619 1142 1649; x_wconf 90' lang='lat' dir='ltr'>terminari</span> <span class='ocrx_word' id='word_1_232' title='bbox 1170 1619 1258 1650; x_wconf 91' lang='lat' dir='ltr'>illam</span> 
     </span>
     <span class='ocr_line' id='line_1_31' title="bbox 190 1663 1256 1705; baseline -0.001 -10"><span class='ocrx_word' id='word_1_233' title='bbox 190 1671 347 1705; x_wconf 87' lang='lat' dir='ltr'>oportere,</span> <span class='ocrx_word' id='word_1_234' title='bbox 367 1670 512 1704; x_wconf 88' lang='lat' dir='ltr'>certaque</span> <span class='ocrx_word' id='word_1_235' title='bbox 537 1663 727 1694; x_wconf 86' lang='lat' dir='ltr'>consistendi</span> <span class='ocrx_word' id='word_1_236' title='bbox 751 1663 941 1703; x_wconf 85' lang='lat' dir='ltr'>proprietate</span> <span class='ocrx_word' id='word_1_237' title='bbox 965 1663 1133 1702; x_wconf 83' lang='lat' dir='ltr'>devinciri,</span> <span class='ocrx_word' id='word_1_238' title='bbox 1157 1674 1256 1704; x_wconf 89' lang='lat' dir='ltr'>quam</span> 
     </span>
     <span class='ocr_line' id='line_1_32' title="bbox 190 1707 1258 1748; baseline -0.001 -9"><span class='ocrx_word' id='word_1_239' title='bbox 190 1708 388 1739; x_wconf 87' lang='lat' dir='ltr'>functionem</span> <span class='ocrx_word' id='word_1_240' title='bbox 411 1708 510 1738; x_wconf 90' lang='lat' dir='ltr'>ullam</span> <span class='ocrx_word' id='word_1_241' title='bbox 533 1714 688 1748; x_wconf 88' lang='lat' dir='ltr'>praestare</span> <span class='ocrx_word' id='word_1_242' title='bbox 714 1707 830 1748; x_wconf 86' lang='lat' dir='ltr'>possit:</span> <span class='ocrx_word' id='word_1_243' title='bbox 852 1717 888 1738; x_wconf 92' lang='lat' dir='ltr'>ac</span> <span class='ocrx_word' id='word_1_244' title='bbox 910 1708 1110 1748; x_wconf 87' lang='lat' dir='ltr'>personalem</span> <span class='ocrx_word' id='word_1_245' title='bbox 1126 1708 1258 1739; x_wconf 90' lang='lat' dir='ltr'>demum</span> 
     </span>
     <span class='ocr_line' id='line_1_33' title="bbox 189 1751 1257 1794; baseline 0 -11"><span class='ocrx_word' id='word_1_246' title='bbox 189 1752 426 1794; x_wconf 89' lang='lat' dir='ltr'>proprietatem,</span> <span class='ocrx_word' id='word_1_247' title='bbox 450 1752 507 1782; x_wconf 90' lang='lat' dir='ltr'>etsi</span> <span class='ocrx_word' id='word_1_248' title='bbox 531 1762 587 1792; x_wconf 91' lang='lat' dir='ltr'>per</span> <span class='ocrx_word' id='word_1_249' title='bbox 609 1762 642 1782; x_wconf 93' lang='lat' dir='ltr'>se</span> <span class='ocrx_word' id='word_1_250' title='bbox 666 1758 697 1782; x_wconf 93' lang='lat' dir='ltr'>et</span> <span class='ocrx_word' id='word_1_251' title='bbox 719 1751 857 1792; x_wconf 88' lang='lat' dir='ltr'>praecise</span> <span class='ocrx_word' id='word_1_252' title='bbox 880 1751 1044 1793; x_wconf 92' lang='lat' dir='ltr'>loquendo</span> <span class='ocrx_word' id='word_1_253' title='bbox 1068 1762 1134 1783; x_wconf 90' lang='lat' dir='ltr'>non</span> <span class='ocrx_word' id='word_1_254' title='bbox 1158 1752 1198 1783; x_wconf 91' lang='lat' dir='ltr'>sit</span> <span class='ocrx_word' id='word_1_255' title='bbox 1213 1753 1257 1783; x_wconf 90' lang='lat' dir='ltr'>ef-</span> 
     </span>
     <span class='ocr_line' id='line_1_34' title="bbox 189 1795 1257 1835; baseline 0.001 -8"><span class='ocrx_word' id='word_1_256' title='bbox 189 1796 268 1827; x_wconf 89' lang='lat' dir='ltr'>ficax</span> <span class='ocrx_word' id='word_1_257' title='bbox 291 1803 322 1827; x_wconf 91' lang='lat' dir='ltr'>et</span> <span class='ocrx_word' id='word_1_258' title='bbox 344 1803 484 1835; x_wconf 86' lang='lat' dir='ltr'>actuosa,</span> <span class='ocrx_word' id='word_1_259' title='bbox 509 1806 579 1826; x_wconf 90' lang='lat' dir='ltr'>eam</span> <span class='ocrx_word' id='word_1_260' title='bbox 602 1803 709 1827; x_wconf 92' lang='lat' dir='ltr'>tamen</span> <span class='ocrx_word' id='word_1_261' title='bbox 732 1796 798 1826; x_wconf 90' lang='lat' dir='ltr'>vim</span> <span class='ocrx_word' id='word_1_262' title='bbox 821 1795 946 1834; x_wconf 88' lang='lat' dir='ltr'>habere,</span> <span class='ocrx_word' id='word_1_263' title='bbox 963 1803 999 1827; x_wconf 92' lang='lat' dir='ltr'>ut</span> <span class='ocrx_word' id='word_1_264' title='bbox 1022 1795 1167 1827; x_wconf 83' lang='lat' dir='ltr'>naturam</span> <span class='ocrx_word' id='word_1_265' title='bbox 1191 1796 1257 1828; x_wconf 89' lang='lat' dir='ltr'>affi-</span> 
     </span>
     <span class='ocr_line' id='line_1_35' title="bbox 190 1840 1258 1881; baseline 0.001 -10"><span class='ocrx_word' id='word_1_266' title='bbox 190 1841 274 1871; x_wconf 91' lang='lat' dir='ltr'>ciens</span> <span class='ocrx_word' id='word_1_267' title='bbox 298 1847 329 1871; x_wconf 92' lang='lat' dir='ltr'>et</span> <span class='ocrx_word' id='word_1_268' title='bbox 352 1840 516 1881; x_wconf 87' lang='lat' dir='ltr'>complens</span> <span class='ocrx_word' id='word_1_269' title='bbox 540 1850 575 1871; x_wconf 91' lang='lat' dir='ltr'>ac</span> <span class='ocrx_word' id='word_1_270' title='bbox 598 1840 781 1878; x_wconf 87' lang='lat' dir='ltr'>terminans,</span> <span class='ocrx_word' id='word_1_271' title='bbox 805 1840 951 1871; x_wconf 91' lang='lat' dir='ltr'>eamdem</span> <span class='ocrx_word' id='word_1_272' title='bbox 970 1841 1010 1871; x_wconf 91' lang='lat' dir='ltr'>ad</span> <span class='ocrx_word' id='word_1_273' title='bbox 1029 1841 1188 1881; x_wconf 85' lang='lat' dir='ltr'>agendum</span> <span class='ocrx_word' id='word_1_274' title='bbox 1210 1841 1258 1872; x_wconf 92' lang='lat' dir='ltr'>in-</span> 
     </span>
     <span class='ocr_line' id='line_1_36' title="bbox 189 1884 1257 1926; baseline 0.001 -10"><span class='ocrx_word' id='word_1_275' title='bbox 189 1891 340 1916; x_wconf 89' lang='lat' dir='ltr'>structam</span> <span class='ocrx_word' id='word_1_276' title='bbox 353 1891 383 1915; x_wconf 92' lang='lat' dir='ltr'>et</span> <span class='ocrx_word' id='word_1_277' title='bbox 397 1885 548 1915; x_wconf 89' lang='lat' dir='ltr'>idoneam</span> <span class='ocrx_word' id='word_1_278' title='bbox 561 1884 678 1915; x_wconf 88' lang='lat' dir='ltr'>reddat.</span> <span class='ocrx_word' id='word_1_279' title='bbox 689 1884 780 1922; x_wconf 85' lang='lat' dir='ltr'>Quae</span> <span class='ocrx_word' id='word_1_280' title='bbox 795 1894 870 1915; x_wconf 89' lang='lat' dir='ltr'>cum</span> <span class='ocrx_word' id='word_1_281' title='bbox 884 1884 927 1915; x_wconf 91' lang='lat' dir='ltr'>ita</span> <span class='ocrx_word' id='word_1_282' title='bbox 941 1895 973 1915; x_wconf 89' lang='lat' dir='ltr'>se</span> <span class='ocrx_word' id='word_1_283' title='bbox 987 1885 1133 1924; x_wconf 83' lang='lat' dir='ltr'>habeant,</span> <span class='ocrx_word' id='word_1_284' title='bbox 1144 1893 1257 1926; x_wconf 91' lang='lat' dir='ltr'>sponte</span> 
     </span>
     <span class='ocr_line' id='line_1_37' title="bbox 188 1927 1258 1969; baseline 0.001 -9"><span class='ocrx_word' id='word_1_285' title='bbox 188 1929 268 1960; x_wconf 92' lang='lat' dir='ltr'>illud</span> <span class='ocrx_word' id='word_1_286' title='bbox 291 1929 401 1967; x_wconf 90' lang='lat' dir='ltr'>oritur,</span> <span class='ocrx_word' id='word_1_287' title='bbox 418 1935 454 1960; x_wconf 93' lang='lat' dir='ltr'>ut</span> <span class='ocrx_word' id='word_1_288' title='bbox 478 1929 636 1969; x_wconf 88' lang='lat' dir='ltr'>quaelibet</span> <span class='ocrx_word' id='word_1_289' title='bbox 661 1928 742 1959; x_wconf 90' lang='lat' dir='ltr'>actio</span> <span class='ocrx_word' id='word_1_290' title='bbox 768 1927 884 1959; x_wconf 89' lang='lat' dir='ltr'>Christi</span> <span class='ocrx_word' id='word_1_291' title='bbox 907 1929 1013 1960; x_wconf 90' lang='lat' dir='ltr'>divina</span> <span class='ocrx_word' id='word_1_292' title='bbox 1028 1930 1078 1968; x_wconf 89' lang='lat' dir='ltr'>sit,</span> <span class='ocrx_word' id='word_1_293' title='bbox 1095 1929 1190 1961; x_wconf 89' lang='lat' dir='ltr'>etiam</span> <span class='ocrx_word' id='word_1_294' title='bbox 1206 1930 1258 1961; x_wconf 89' lang='lat' dir='ltr'>illa</span> 
     </span>
     <span class='ocr_line' id='line_1_38' title="bbox 189 1973 1257 2014; baseline 0.001 -10"><span class='ocrx_word' id='word_1_295' title='bbox 189 1983 271 2014; x_wconf 89' lang='lat' dir='ltr'>quae</span> <span class='ocrx_word' id='word_1_296' title='bbox 285 1983 371 2004; x_wconf 89' lang='lat' dir='ltr'>mere</span> <span class='ocrx_word' id='word_1_297' title='bbox 386 1979 432 2004; x_wconf 87' lang='lat' dir='ltr'>est</span> <span class='ocrx_word' id='word_1_298' title='bbox 446 1973 597 2011; x_wconf 87' lang='lat' dir='ltr'>humana余</span> <span class='ocrx_word' id='word_1_299' title='bbox 611 1979 778 2013; x_wconf 91' lang='lat' dir='ltr'>propterea</span> <span class='ocrx_word' id='word_1_300' title='bbox 789 1973 879 2014; x_wconf 93' lang='lat' dir='ltr'>quod</span> <span class='ocrx_word' id='word_1_301' title='bbox 893 1973 1073 2005; x_wconf 89' lang='lat' dir='ltr'>humanitas</span> <span class='ocrx_word' id='word_1_302' title='bbox 1087 1984 1158 2005; x_wconf 83' lang='lat' dir='ltr'>eam</span> <span class='ocrx_word' id='word_1_303' title='bbox 1172 1985 1257 2006; x_wconf 86' lang='lat' dir='ltr'>exer-</span> 
     </span>
     <span class='ocr_line' id='line_1_39' title="bbox 189 2017 1256 2059; baseline 0.002 -11"><span class='ocrx_word' id='word_1_304' title='bbox 189 2028 258 2048; x_wconf 89' lang='lat' dir='ltr'>cere</span> <span class='ocrx_word' id='word_1_305' title='bbox 277 2018 326 2048; x_wconf 91' lang='lat' dir='ltr'>vel</span> <span class='ocrx_word' id='word_1_306' title='bbox 349 2017 480 2058; x_wconf 87' lang='lat' dir='ltr'>perpeti,</span> <span class='ocrx_word' id='word_1_307' title='bbox 505 2017 564 2047; x_wconf 91' lang='lat' dir='ltr'>nisi</span> <span class='ocrx_word' id='word_1_308' title='bbox 588 2017 694 2047; x_wconf 87' lang='lat' dir='ltr'>divina</span> <span class='ocrx_word' id='word_1_309' title='bbox 711 2017 806 2048; x_wconf 87' lang='lat' dir='ltr'>Verbi</span> <span class='ocrx_word' id='word_1_310' title='bbox 823 2018 981 2058; x_wconf 90' lang='lat' dir='ltr'>personali</span> <span class='ocrx_word' id='word_1_311' title='bbox 998 2018 1188 2059; x_wconf 85' lang='lat' dir='ltr'>proprietate</span> <span class='ocrx_word' id='word_1_312' title='bbox 1211 2019 1256 2050; x_wconf 84' lang='lat' dir='ltr'>af-</span> 
     </span>
     <span class='ocr_line' id='line_1_40' title="bbox 188 2061 1256 2104; baseline 0.001 -11"><span class='ocrx_word' id='word_1_313' title='bbox 188 2062 268 2093; x_wconf 82' lang='lat' dir='ltr'>fecta</span> <span class='ocrx_word' id='word_1_314' title='bbox 292 2068 322 2092; x_wconf 92' lang='lat' dir='ltr'>et</span> <span class='ocrx_word' id='word_1_315' title='bbox 346 2062 504 2102; x_wconf 89' lang='lat' dir='ltr'>completa</span> <span class='ocrx_word' id='word_1_316' title='bbox 531 2071 567 2092; x_wconf 92' lang='lat' dir='ltr'>ac</span> <span class='ocrx_word' id='word_1_317' title='bbox 591 2061 795 2092; x_wconf 89' lang='lat' dir='ltr'>determinata</span> <span class='ocrx_word' id='word_1_318' title='bbox 827 2072 894 2092; x_wconf 92' lang='lat' dir='ltr'>non</span> <span class='ocrx_word' id='word_1_319' title='bbox 922 2069 1036 2103; x_wconf 88' lang='lat' dir='ltr'>potest.</span> <span class='ocrx_word' id='word_1_320' title='bbox 1061 2063 1159 2094; x_wconf 92' lang='lat' dir='ltr'>Adest</span> <span class='ocrx_word' id='word_1_321' title='bbox 1182 2073 1256 2104; x_wconf 84' lang='lat' dir='ltr'>ergo</span> 
     </span>
     <span class='ocr_line' id='line_1_41' title="bbox 187 2105 1256 2147; baseline 0.002 -10"><span class='ocrx_word' id='word_1_322' title='bbox 187 2106 367 2137; x_wconf 91' lang='lat' dir='ltr'>orthodoxo</span> <span class='ocrx_word' id='word_1_323' title='bbox 401 2105 543 2146; x_wconf 86' lang='lat' dir='ltr'>apprime</span> <span class='ocrx_word' id='word_1_324' title='bbox 571 2115 665 2136; x_wconf 91' lang='lat' dir='ltr'>sensu</span> <span class='ocrx_word' id='word_1_325' title='bbox 688 2106 856 2137; x_wconf 83' lang='lat' dir='ltr'>Deivirilis</span> <span class='ocrx_word' id='word_1_326' title='bbox 888 2107 1030 2147; x_wconf 88' lang='lat' dir='ltr'>operatio</span> <span class='ocrx_word' id='word_1_327' title='bbox 1059 2107 1092 2137; x_wconf 90' lang='lat' dir='ltr'>in</span> <span class='ocrx_word' id='word_1_328' title='bbox 1117 2106 1256 2147; x_wconf 88' lang='lat' dir='ltr'>Christo,</span> 
     </span>
     <span class='ocr_line' id='line_1_42' title="bbox 186 2149 1256 2193; baseline 0.003 -13"><span class='ocrx_word' id='word_1_329' title='bbox 186 2161 216 2181; x_wconf 92' lang='lat' dir='ltr'>v.</span> <span class='ocrx_word' id='word_1_330' title='bbox 234 2160 263 2190; x_wconf 87' lang='lat' dir='ltr'>g.</span> <span class='ocrx_word' id='word_1_331' title='bbox 281 2149 422 2180; x_wconf 88' lang='lat' dir='ltr'>locutio:</span> <span class='ocrx_word' id='word_1_332' title='bbox 439 2150 630 2190; x_wconf 91' lang='lat' dir='ltr'>loquebatur</span> <span class='ocrx_word' id='word_1_333' title='bbox 645 2150 730 2180; x_wconf 91' lang='lat' dir='ltr'>enim</span> <span class='ocrx_word' id='word_1_334' title='bbox 746 2150 833 2180; x_wconf 92' lang='lat' dir='ltr'>Deus</span> <span class='ocrx_word' id='word_1_335' title='bbox 849 2150 968 2190; x_wconf 89' lang='lat' dir='ltr'>homo余</span> <span class='ocrx_word' id='word_1_336' title='bbox 985 2151 1160 2192; x_wconf 89' lang='lat' dir='ltr'>eademque</span> <span class='ocrx_word' id='word_1_337' title='bbox 1179 2162 1256 2193; x_wconf 91' lang='lat' dir='ltr'>ope-</span> 
     </span>
     <span class='ocr_line' id='line_1_43' title="bbox 185 2193 1254 2235; baseline 0.003 -11"><span class='ocrx_word' id='word_1_338' title='bbox 185 2194 265 2225; x_wconf 90' lang='lat' dir='ltr'>ratio</span> <span class='ocrx_word' id='word_1_339' title='bbox 285 2193 540 2235; x_wconf 89' lang='lat' dir='ltr'>proficiscebatur</span> <span class='ocrx_word' id='word_1_340' title='bbox 556 2201 587 2224; x_wconf 92' lang='lat' dir='ltr'>et</span> <span class='ocrx_word' id='word_1_341' title='bbox 609 2195 648 2224; x_wconf 90' lang='lat' dir='ltr'>ab</span> <span class='ocrx_word' id='word_1_342' title='bbox 667 2194 865 2225; x_wconf 86' lang='lat' dir='ltr'>humanitate</span> <span class='ocrx_word' id='word_1_343' title='bbox 881 2201 912 2226; x_wconf 92' lang='lat' dir='ltr'>et</span> <span class='ocrx_word' id='word_1_344' title='bbox 934 2205 952 2226; x_wconf 87' lang='lat' dir='ltr'>a</span> <span class='ocrx_word' id='word_1_345' title='bbox 974 2195 1113 2226; x_wconf 90' lang='lat' dir='ltr'>Persona</span> <span class='ocrx_word' id='word_1_346' title='bbox 1132 2196 1254 2235; x_wconf 83' lang='lat' dir='ltr'>divina余</span> 
     </span>
     <span class='ocr_line' id='line_1_44' title="bbox 188 2238 1256 2281; baseline 0.003 -12"><span class='ocrx_word' id='word_1_347' title='bbox 188 2239 226 2269; x_wconf 88' lang='lat' dir='ltr'>ab</span> <span class='ocrx_word' id='word_1_348' title='bbox 250 2238 308 2269; x_wconf 90' lang='lat' dir='ltr'>ista</span> <span class='ocrx_word' id='word_1_349' title='bbox 331 2245 367 2269; x_wconf 92' lang='lat' dir='ltr'>ut</span> <span class='ocrx_word' id='word_1_350' title='bbox 395 2248 412 2268; x_wconf 88' lang='lat' dir='ltr'>a</span> <span class='ocrx_word' id='word_1_351' title='bbox 436 2238 622 2279; x_wconf 87' lang='lat' dir='ltr'>supposito,</span> <span class='ocrx_word' id='word_1_352' title='bbox 646 2239 736 2279; x_wconf 92' lang='lat' dir='ltr'>quod</span> <span class='ocrx_word' id='word_1_353' title='bbox 754 2239 917 2280; x_wconf 88' lang='lat' dir='ltr'>loquitur余</span> <span class='ocrx_word' id='word_1_354' title='bbox 941 2240 980 2270; x_wconf 87' lang='lat' dir='ltr'>ab</span> <span class='ocrx_word' id='word_1_355' title='bbox 1003 2239 1057 2270; x_wconf 88' lang='lat' dir='ltr'>illa</span> <span class='ocrx_word' id='word_1_356' title='bbox 1076 2246 1112 2271; x_wconf 90' lang='lat' dir='ltr'>ut</span> <span class='ocrx_word' id='word_1_357' title='bbox 1131 2251 1148 2271; x_wconf 91' lang='lat' dir='ltr'>a</span> <span class='ocrx_word' id='word_1_358' title='bbox 1172 2241 1256 2281; x_wconf 92' lang='lat' dir='ltr'>prin-</span> 
     </span>
     <span class='ocr_line' id='line_1_45' title="bbox 187 2282 1257 2324; baseline 0.004 -12"><span class='ocrx_word' id='word_1_359' title='bbox 187 2282 282 2323; x_wconf 89' lang='lat' dir='ltr'>cipio,</span> <span class='ocrx_word' id='word_1_360' title='bbox 302 2292 367 2323; x_wconf 94' lang='lat' dir='ltr'>quo</span> <span class='ocrx_word' id='word_1_361' title='bbox 387 2283 525 2313; x_wconf 88' lang='lat' dir='ltr'>Persona</span> <span class='ocrx_word' id='word_1_362' title='bbox 549 2282 654 2313; x_wconf 91' lang='lat' dir='ltr'>divina</span> <span class='ocrx_word' id='word_1_363' title='bbox 669 2283 821 2324; x_wconf 90' lang='lat' dir='ltr'>loquitur.</span> <span class='ocrx_word' id='word_1_364' title='bbox 839 2283 901 2314; x_wconf 92' lang='lat' dir='ltr'>Sed</span> <span class='ocrx_word' id='word_1_365' title='bbox 913 2290 943 2314; x_wconf 90' lang='lat' dir='ltr'>et</span> <span class='ocrx_word' id='word_1_366' title='bbox 959 2284 1010 2314; x_wconf 91' lang='lat' dir='ltr'>alii</span> <span class='ocrx_word' id='word_1_367' title='bbox 1027 2284 1159 2315; x_wconf 90' lang='lat' dir='ltr'>demum</span> <span class='ocrx_word' id='word_1_368' title='bbox 1183 2292 1257 2317; x_wconf 90' lang='lat' dir='ltr'>sunt</span> 
     </span>
     <span class='ocr_line' id='line_1_46' title="bbox 186 2326 1256 2368; baseline 0.004 -12"><span class='ocrx_word' id='word_1_369' title='bbox 186 2327 286 2365; x_wconf 92' lang='lat' dir='ltr'>modi,</span> <span class='ocrx_word' id='word_1_370' title='bbox 298 2326 387 2368; x_wconf 90' lang='lat' dir='ltr'>queis</span> <span class='ocrx_word' id='word_1_371' title='bbox 402 2327 547 2357; x_wconf 86' lang='lat' dir='ltr'>divinitas</span> <span class='ocrx_word' id='word_1_372' title='bbox 562 2336 629 2357; x_wconf 91' lang='lat' dir='ltr'>sese</span> <span class='ocrx_word' id='word_1_373' title='bbox 643 2326 791 2358; x_wconf 89' lang='lat' dir='ltr'>humanis</span> <span class='ocrx_word' id='word_1_374' title='bbox 806 2328 1044 2368; x_wconf 87' lang='lat' dir='ltr'>operationibus</span> <span class='ocrx_word' id='word_1_375' title='bbox 1058 2328 1256 2368; x_wconf 84' lang='lat' dir='ltr'>infundebat,</span> 
     </span>
     <span class='ocr_line' id='line_1_47' title="bbox 187 2371 1256 2412; baseline 0.005 -12"><span class='ocrx_word' id='word_1_376' title='bbox 187 2381 238 2401; x_wconf 89' lang='lat' dir='ltr'>eas</span> <span class='ocrx_word' id='word_1_377' title='bbox 257 2371 394 2411; x_wconf 88' lang='lat' dir='ltr'>regendo</span> <span class='ocrx_word' id='word_1_378' title='bbox 418 2381 453 2401; x_wconf 89' lang='lat' dir='ltr'>ac</span> <span class='ocrx_word' id='word_1_379' title='bbox 472 2371 680 2410; x_wconf 89' lang='lat' dir='ltr'>moderando,</span> <span class='ocrx_word' id='word_1_380' title='bbox 701 2371 809 2412; x_wconf 90' lang='lat' dir='ltr'>eisque</span> <span class='ocrx_word' id='word_1_381' title='bbox 833 2372 1017 2412; x_wconf 88' lang='lat' dir='ltr'>dignitatem</span> <span class='ocrx_word' id='word_1_382' title='bbox 1033 2373 1205 2404; x_wconf 86' lang='lat' dir='ltr'>maximam</span> <span class='ocrx_word' id='word_1_383' title='bbox 1221 2384 1256 2405; x_wconf 90' lang='lat' dir='ltr'>ac</span> 
     </span>
     <span class='ocr_line' id='line_1_48' title="bbox 177 2414 812 2455; baseline 0.002 -9"><span class='ocrx_word' id='word_1_384' title='bbox 177 2414 348 2450; x_wconf 80' lang='lat' dir='ltr'>infinitum</span> <span class='ocrx_word' id='word_1_385' title='bbox 371 2414 508 2455; x_wconf 90' lang='lat' dir='ltr'>pretium</span> <span class='ocrx_word' id='word_1_386' title='bbox 532 2415 812 2447; x_wconf 89' lang='lat' dir='ltr'>communicando.</span> 
     </span>
    </p>

    <p class='ocr_par' dir='ltr' id='par_1_6' title="bbox 185 2459 1256 3337">
     <span class='ocr_line' id='line_1_49' title="bbox 255 2459 1255 2502; baseline 0.003 -13"><span class='ocrx_word' id='word_1_387' title='bbox 255 2459 384 2489; x_wconf 89' lang='lat' dir='ltr'>Divinas</span> <span class='ocrx_word' id='word_1_388' title='bbox 408 2459 502 2499; x_wconf 89' lang='lat' dir='ltr'>ipsas,</span> <span class='ocrx_word' id='word_1_389' title='bbox 522 2469 603 2500; x_wconf 89' lang='lat' dir='ltr'>quae</span> <span class='ocrx_word' id='word_1_390' title='bbox 627 2467 806 2500; x_wconf 87' lang='lat' dir='ltr'>supersunt,</span> <span class='ocrx_word' id='word_1_391' title='bbox 830 2470 866 2491; x_wconf 88' lang='lat' dir='ltr'>ac</span> <span class='ocrx_word' id='word_1_392' title='bbox 890 2467 964 2492; x_wconf 91' lang='lat' dir='ltr'>sunt</span> <span class='ocrx_word' id='word_1_393' title='bbox 981 2461 1040 2492; x_wconf 90' lang='lat' dir='ltr'>Dei</span> <span class='ocrx_word' id='word_1_394' title='bbox 1059 2462 1154 2492; x_wconf 89' lang='lat' dir='ltr'>Verbi</span> <span class='ocrx_word' id='word_1_395' title='bbox 1178 2471 1255 2502; x_wconf 90' lang='lat' dir='ltr'>ope-</span> 
     </span>
     <span class='ocr_line' id='line_1_50' title="bbox 187 2503 1256 2545; baseline 0.003 -11"><span class='ocrx_word' id='word_1_396' title='bbox 187 2503 343 2539; x_wconf 87' lang='lat' dir='ltr'>rationes,</span> <span class='ocrx_word' id='word_1_397' title='bbox 363 2503 568 2533; x_wconf 81' lang='lat' dir='ltr'>multifariam</span> <span class='ocrx_word' id='word_1_398' title='bbox 601 2503 773 2545; x_wconf 87' lang='lat' dir='ltr'>multisque</span> <span class='ocrx_word' id='word_1_399' title='bbox 806 2505 911 2535; x_wconf 88' lang='lat' dir='ltr'>modis</span> <span class='ocrx_word' id='word_1_400' title='bbox 944 2505 1005 2536; x_wconf 92' lang='lat' dir='ltr'>dici</span> <span class='ocrx_word' id='word_1_401' title='bbox 1038 2506 1256 2537; x_wconf 73' lang='lat' dir='ltr'>Yheandricas</span> 
     </span>
     <span class='ocr_line' id='line_1_51' title="bbox 185 2545 1254 2588; baseline 0.003 -10"><span class='ocrx_word' id='word_1_402' title='bbox 185 2545 279 2588; x_wconf 85' lang='lat' dir='ltr'>posse</span> <span class='ocrx_word' id='word_1_403' title='bbox 303 2546 422 2577; x_wconf 91' lang='lat' dir='ltr'>laudati</span> <span class='ocrx_word' id='word_1_404' title='bbox 452 2547 618 2587; x_wconf 89' lang='lat' dir='ltr'>scriptores</span> <span class='ocrx_word' id='word_1_405' title='bbox 648 2548 770 2588; x_wconf 89' lang='lat' dir='ltr'>egregie</span> <span class='ocrx_word' id='word_1_406' title='bbox 802 2548 968 2580; x_wconf 89' lang='lat' dir='ltr'>declarant.</span> <span class='ocrx_word' id='word_1_407' title='bbox 1003 2550 1173 2581; x_wconf 87' lang='lat' dir='ltr'>Rationem</span> <span class='ocrx_word' id='word_1_408' title='bbox 1197 2551 1254 2581; x_wconf 90' lang='lat' dir='ltr'>du-</span> 
     </span>
     <span class='ocr_line' id='line_1_52' title="bbox 185 2591 1254 2633; baseline 0.003 -11"><span class='ocrx_word' id='word_1_409' title='bbox 185 2591 311 2632; x_wconf 89' lang='lat' dir='ltr'>plicem,</span> <span class='ocrx_word' id='word_1_410' title='bbox 329 2601 426 2632; x_wconf 88' lang='lat' dir='ltr'>quam</span> <span class='ocrx_word' id='word_1_411' title='bbox 445 2597 563 2621; x_wconf 89' lang='lat' dir='ltr'>veteres</span> <span class='ocrx_word' id='word_1_412' title='bbox 578 2591 684 2622; x_wconf 90' lang='lat' dir='ltr'>Patres</span> <span class='ocrx_word' id='word_1_413' title='bbox 706 2599 880 2632; x_wconf 86' lang='lat' dir='ltr'>exponunt,</span> <span class='ocrx_word' id='word_1_414' title='bbox 900 2593 1009 2633; x_wconf 85' lang='lat' dir='ltr'>paucis</span> <span class='ocrx_word' id='word_1_415' title='bbox 1025 2594 1148 2625; x_wconf 84' lang='lat' dir='ltr'>exhibet</span> <span class='ocrx_word' id='word_1_416' title='bbox 1165 2595 1254 2625; x_wconf 85' lang='lat' dir='ltr'>Ioan-</span> 
     </span>
     <span class='ocr_line' id='line_1_53' title="bbox 186 2635 1252 2678; baseline 0.004 -13"><span class='ocrx_word' id='word_1_417' title='bbox 186 2645 242 2666; x_wconf 88' lang='lat' dir='ltr'>nes</span> <span class='ocrx_word' id='word_1_418' title='bbox 265 2635 482 2666; x_wconf 88' lang='lat' dir='ltr'>Damascenus</span> <span class='ocrx_word' id='word_1_419' title='bbox 513 2635 593 2666; x_wconf 92' lang='lat' dir='ltr'>libro</span> <span class='ocrx_word' id='word_1_420' title='bbox 617 2636 658 2666; x_wconf 92' lang='lat'>111</span> <span class='ocrx_word' id='word_1_421' title='bbox 683 2636 721 2666; x_wconf 93' lang='lat' dir='ltr'>de</span> <span class='ocrx_word' id='word_1_422' title='bbox 740 2636 817 2667; x_wconf 87' lang='lat' dir='ltr'>Fide</span> <span class='ocrx_word' id='word_1_423' title='bbox 848 2637 1036 2675; x_wconf 88' lang='lat' dir='ltr'>orthodoxa,</span> <span class='ocrx_word' id='word_1_424' title='bbox 1061 2638 1161 2678; x_wconf 89' lang='lat' dir='ltr'>capite</span> <span class='ocrx_word' id='word_1_425' title='bbox 1184 2646 1252 2669; x_wconf 80' lang='lat' dir='ltr'>xxx:</span> 
     </span>
     <span class='ocr_line' id='line_1_54' title="bbox 186 2680 1252 2721; baseline 0.003 -11"><span class='ocrx_word' id='word_1_426' title='bbox 186 2681 334 2720; x_wconf 88' lang='lat' dir='ltr'>Namque</span> <span class='ocrx_word' id='word_1_427' title='bbox 354 2684 384 2710; x_wconf 92' lang='lat' dir='ltr'>et</span> <span class='ocrx_word' id='word_1_428' title='bbox 402 2689 479 2710; x_wconf 87' lang='lat' dir='ltr'>caro</span> <span class='ocrx_word' id='word_1_429' title='bbox 504 2680 652 2718; x_wconf 83' lang='lat' dir='ltr'>vicissim,</span> <span class='ocrx_word' id='word_1_430' title='bbox 678 2680 731 2718; x_wconf 90' lang='lat' dir='ltr'>ait,</span> <span class='ocrx_word' id='word_1_431' title='bbox 755 2690 826 2711; x_wconf 90' lang='lat' dir='ltr'>cum</span> <span class='ocrx_word' id='word_1_432' title='bbox 847 2687 1000 2721; x_wconf 83' lang='lat' dir='ltr'>operante</span> <span class='ocrx_word' id='word_1_433' title='bbox 1024 2682 1116 2712; x_wconf 83' lang='lat' dir='ltr'>Verbi</span> <span class='ocrx_word' id='word_1_434' title='bbox 1137 2683 1252 2713; x_wconf 84' lang='lat' dir='ltr'>divini-</span> 
     </span>
     <span class='ocr_line' id='line_1_55' title="bbox 187 2723 1254 2765; baseline 0.002 -10"><span class='ocrx_word' id='word_1_435' title='bbox 187 2729 252 2755; x_wconf 85' lang='lat' dir='ltr'>tate</span> <span class='ocrx_word' id='word_1_436' title='bbox 270 2723 541 2755; x_wconf 79' lang='lat' dir='ltr'>communicabat:</span> <span class='ocrx_word' id='word_1_437' title='bbox 555 2729 621 2754; x_wconf 90' lang='lat' dir='ltr'>tum</span> <span class='ocrx_word' id='word_1_438' title='bbox 638 2725 714 2764; x_wconf 86' lang='lat' dir='ltr'>quia</span> <span class='ocrx_word' id='word_1_439' title='bbox 732 2734 796 2764; x_wconf 86' lang='lat' dir='ltr'>per</span> <span class='ocrx_word' id='word_1_440' title='bbox 811 2734 938 2765; x_wconf 81' lang='lat' dir='ltr'>corpus,</span> <span class='ocrx_word' id='word_1_441' title='bbox 959 2726 1045 2756; x_wconf 80' lang='lat' dir='ltr'>velut</span> <span class='ocrx_word' id='word_1_442' title='bbox 1061 2727 1254 2757; x_wconf 88' lang='lat' dir='ltr'>instrumen-</span> 
     </span>
     <span class='ocr_line' id='line_1_56' title="bbox 187 2766 1256 2812; baseline 0.003 -14"><span class='ocrx_word' id='word_1_443' title='bbox 187 2774 253 2799; x_wconf 87' lang='lat' dir='ltr'>tum</span> <span class='ocrx_word' id='word_1_444' title='bbox 277 2767 448 2809; x_wconf 83' lang='lat' dir='ltr'>quoddam,</span> <span class='ocrx_word' id='word_1_445' title='bbox 467 2768 594 2799; x_wconf 84' lang='lat' dir='ltr'>divinas</span> <span class='ocrx_word' id='word_1_446' title='bbox 617 2769 758 2799; x_wconf 85' lang='lat' dir='ltr'>actiones</span> <span class='ocrx_word' id='word_1_447' title='bbox 781 2766 873 2810; x_wconf 89' lang='lat' dir='ltr'>(puta</span> <span class='ocrx_word' id='word_1_448' title='bbox 896 2768 1061 2812; x_wconf 89' lang='lat' dir='ltr'>miracula)</span> <span class='ocrx_word' id='word_1_449' title='bbox 1085 2770 1256 2811; x_wconf 73' lang='lat' dir='ltr'>efficiebat:</span> 
     </span>
     <span class='ocr_line' id='line_1_57' title="bbox 187 2812 1255 2853; baseline 0.003 -11"><span class='ocrx_word' id='word_1_450' title='bbox 187 2818 253 2843; x_wconf 90' lang='lat' dir='ltr'>tum</span> <span class='ocrx_word' id='word_1_451' title='bbox 277 2813 352 2853; x_wconf 83' lang='lat' dir='ltr'>quia</span> <span class='ocrx_word' id='word_1_452' title='bbox 377 2821 462 2843; x_wconf 89' lang='lat' dir='ltr'>unus</span> <span class='ocrx_word' id='word_1_453' title='bbox 485 2812 630 2853; x_wconf 84' lang='lat' dir='ltr'>idemque</span> <span class='ocrx_word' id='word_1_454' title='bbox 653 2818 734 2850; x_wconf 87' lang='lat' dir='ltr'>erat,</span> <span class='ocrx_word' id='word_1_455' title='bbox 754 2814 810 2853; x_wconf 84' lang='lat' dir='ltr'>qui</span> <span class='ocrx_word' id='word_1_456' title='bbox 833 2818 863 2844; x_wconf 88' lang='lat' dir='ltr'>et</span> <span class='ocrx_word' id='word_1_457' title='bbox 885 2813 994 2844; x_wconf 77' lang='lat' dir='ltr'>diuino</span> <span class='ocrx_word' id='word_1_458' title='bbox 1020 2815 1118 2845; x_wconf 89' lang='lat' dir='ltr'>simul</span> <span class='ocrx_word' id='word_1_459' title='bbox 1140 2819 1171 2845; x_wconf 85' lang='lat' dir='ltr'>et</span> <span class='ocrx_word' id='word_1_460' title='bbox 1197 2814 1255 2846; x_wconf 85' lang='lat' dir='ltr'>hu-</span> 
     </span>
     <span class='ocr_line' id='line_1_58' title="bbox 187 2856 1255 2898; baseline 0.004 -12"><span class='ocrx_word' id='word_1_461' title='bbox 187 2867 283 2887; x_wconf 91' lang='lat' dir='ltr'>mano</span> <span class='ocrx_word' id='word_1_462' title='bbox 307 2856 400 2887; x_wconf 88' lang='lat' dir='ltr'>modo</span> <span class='ocrx_word' id='word_1_463' title='bbox 427 2856 632 2896; x_wconf 83' lang='lat' dir='ltr'>operabatur.</span> <span class='ocrx_word' id='word_1_464' title='bbox 651 2857 820 2887; x_wconf 87' lang='lat' dir='ltr'>Rationem</span> <span class='ocrx_word' id='word_1_465' title='bbox 843 2857 924 2888; x_wconf 89' lang='lat' dir='ltr'>hanc</span> <span class='ocrx_word' id='word_1_466' title='bbox 948 2858 1156 2898; x_wconf 82' lang='lat' dir='ltr'>posteriorem</span> <span class='ocrx_word' id='word_1_467' title='bbox 1180 2861 1255 2891; x_wconf 90' lang='lat' dir='ltr'>ado-</span> 
     </span>
     <span class='ocr_line' id='line_1_59' title="bbox 187 2900 1255 2943; baseline 0.005 -13"><span class='ocrx_word' id='word_1_468' title='bbox 187 2908 254 2941; x_wconf 88' lang='lat' dir='ltr'>ptat</span> <span class='ocrx_word' id='word_1_469' title='bbox 276 2900 448 2931; x_wconf 86' lang='lat' dir='ltr'>Anselmus</span> <span class='ocrx_word' id='word_1_470' title='bbox 479 2900 560 2930; x_wconf 91' lang='lat' dir='ltr'>libro</span> <span class='ocrx_word' id='word_1_471' title='bbox 584 2900 623 2931; x_wconf 91' lang='lat' dir='ltr'>de</span> <span class='ocrx_word' id='word_1_472' title='bbox 647 2901 849 2932; x_wconf 87' lang='lat' dir='ltr'>Sacramento</span> <span class='ocrx_word' id='word_1_473' title='bbox 869 2902 984 2932; x_wconf 88' lang='lat' dir='ltr'>Altaris</span> <span class='ocrx_word' id='word_1_474' title='bbox 1000 2902 1100 2943; x_wconf 89' lang='lat' dir='ltr'>capite</span> <span class='ocrx_word' id='word_1_475' title='bbox 1116 2910 1169 2934; x_wconf 88' lang='lat' dir='ltr'>m:</span> <span class='ocrx_word' id='word_1_476' title='bbox 1186 2905 1255 2936; x_wconf 91' lang='lat' dir='ltr'>Na-</span> 
     </span>
     <span class='ocr_line' id='line_1_60' title="bbox 188 2944 1253 2988; baseline 0.004 -12"><span class='ocrx_word' id='word_1_477' title='bbox 188 2951 263 2976; x_wconf 87' lang='lat' dir='ltr'>tura</span> <span class='ocrx_word' id='word_1_478' title='bbox 287 2946 407 2982; x_wconf 88' lang='lat' dir='ltr'>carnis,</span> <span class='ocrx_word' id='word_1_479' title='bbox 424 2944 538 2985; x_wconf 90' lang='lat' dir='ltr'>inquit,</span> <span class='ocrx_word' id='word_1_480' title='bbox 555 2954 597 2975; x_wconf 85' lang='lat' dir='ltr'>ex</span> <span class='ocrx_word' id='word_1_481' title='bbox 614 2955 676 2985; x_wconf 81' lang='lat' dir='ltr'>quo</span> <span class='ocrx_word' id='word_1_482' title='bbox 699 2955 844 2976; x_wconf 87' lang='lat' dir='ltr'>summae</span> <span class='ocrx_word' id='word_1_483' title='bbox 860 2946 908 2976; x_wconf 87' lang='lat' dir='ltr'>illi</span> <span class='ocrx_word' id='word_1_484' title='bbox 927 2951 1065 2977; x_wconf 89' lang='lat' dir='ltr'>naturae</span> <span class='ocrx_word' id='word_1_485' title='bbox 1088 2949 1179 2978; x_wconf 86' lang='lat' dir='ltr'>unita</span> <span class='ocrx_word' id='word_1_486' title='bbox 1196 2954 1253 2988; x_wconf 84' lang='lat' dir='ltr'>est,</span> 
     </span>
     <span class='ocr_line' id='line_1_61' title="bbox 189 2989 1252 3031; baseline 0.004 -11"><span class='ocrx_word' id='word_1_487' title='bbox 189 2990 221 3020; x_wconf 89' lang='lat' dir='ltr'>in</span> <span class='ocrx_word' id='word_1_488' title='bbox 246 2994 336 3020; x_wconf 88' lang='lat' dir='ltr'>tanta</span> <span class='ocrx_word' id='word_1_489' title='bbox 361 2990 484 3020; x_wconf 88' lang='lat' dir='ltr'>unitate</span> <span class='ocrx_word' id='word_1_490' title='bbox 497 2989 528 3019; x_wconf 89' lang='lat' dir='ltr'>ei</span> <span class='ocrx_word' id='word_1_491' title='bbox 542 2989 583 3019; x_wconf 90' lang='lat' dir='ltr'>ab</span> <span class='ocrx_word' id='word_1_492' title='bbox 599 2990 667 3029; x_wconf 86' lang='lat' dir='ltr'>ipso</span> <span class='ocrx_word' id='word_1_493' title='bbox 686 2994 838 3030; x_wconf 86' lang='lat' dir='ltr'>conceptu</span> <span class='ocrx_word' id='word_1_494' title='bbox 860 2989 1003 3031; x_wconf 79' lang='lat' dir='ltr'>Virginis</span> <span class='ocrx_word' id='word_1_495' title='bbox 1026 2996 1072 3022; x_wconf 88' lang='lat' dir='ltr'>est</span> <span class='ocrx_word' id='word_1_496' title='bbox 1095 3001 1252 3031; x_wconf 82' lang='lat' dir='ltr'>connexa,</span> 
     </span>
     <span class='ocr_line' id='line_1_62' title="bbox 189 3033 1253 3076; baseline 0.005 -13"><span class='ocrx_word' id='word_1_497' title='bbox 189 3039 224 3064; x_wconf 89' lang='lat' dir='ltr'>ut</span> <span class='ocrx_word' id='word_1_498' title='bbox 248 3043 306 3064; x_wconf 91' lang='lat' dir='ltr'>nec</span> <span class='ocrx_word' id='word_1_499' title='bbox 327 3034 397 3063; x_wconf 87' lang='lat' dir='ltr'>sine</span> <span class='ocrx_word' id='word_1_500' title='bbox 419 3033 547 3064; x_wconf 84' lang='lat' dir='ltr'>homine</span> <span class='ocrx_word' id='word_1_501' title='bbox 573 3033 703 3071; x_wconf 82' lang='lat' dir='ltr'>divina,</span> <span class='ocrx_word' id='word_1_502' title='bbox 729 3043 787 3064; x_wconf 92' lang='lat' dir='ltr'>nec</span> <span class='ocrx_word' id='word_1_503' title='bbox 808 3035 879 3064; x_wconf 87' lang='lat' dir='ltr'>sine</span> <span class='ocrx_word' id='word_1_504' title='bbox 900 3035 970 3065; x_wconf 89' lang='lat' dir='ltr'>Deo</span> <span class='ocrx_word' id='word_1_505' title='bbox 993 3039 1173 3076; x_wconf 83' lang='lat' dir='ltr'>agerentur</span> <span class='ocrx_word' id='word_1_506' title='bbox 1195 3038 1253 3068; x_wconf 81' lang='lat' dir='ltr'>hu-</span> 
     </span>
     <span class='ocr_line' id='line_1_63' title="bbox 187 3077 1255 3117; baseline 0.006 -10"><span class='ocrx_word' id='word_1_507' title='bbox 187 3085 303 3114; x_wconf 87' lang='lat' dir='ltr'>mana余</span> <span class='ocrx_word' id='word_1_508' title='bbox 327 3082 357 3107; x_wconf 91' lang='lat' dir='ltr'>et</span> <span class='ocrx_word' id='word_1_509' title='bbox 374 3086 438 3117; x_wconf 85' lang='lat' dir='ltr'>per</span> <span class='ocrx_word' id='word_1_510' title='bbox 459 3077 543 3108; x_wconf 85' lang='lat' dir='ltr'>hanc</span> <span class='ocrx_word' id='word_1_511' title='bbox 566 3078 720 3108; x_wconf 89' lang='lat' dir='ltr'>unitatem</span> <span class='ocrx_word' id='word_1_512' title='bbox 740 3079 835 3108; x_wconf 91' lang='lat' dir='ltr'>etiam</span> <span class='ocrx_word' id='word_1_513' title='bbox 860 3079 892 3108; x_wconf 82' lang='lat' dir='ltr'>in</span> <span class='ocrx_word' id='word_1_514' title='bbox 911 3078 1021 3110; x_wconf 88' lang='lat' dir='ltr'>diebus</span> <span class='ocrx_word' id='word_1_515' title='bbox 1044 3081 1153 3111; x_wconf 86' lang='lat' dir='ltr'>carnis</span> <span class='ocrx_word' id='word_1_516' title='bbox 1174 3091 1255 3113; x_wconf 87' lang='lat' dir='ltr'>suae</span> 
     </span>
     <span class='ocr_line' id='line_1_64' title="bbox 187 3121 1252 3165; baseline 0.005 -13"><span class='ocrx_word' id='word_1_517' title='bbox 187 3122 279 3152; x_wconf 87' lang='lat' dir='ltr'>homo</span> <span class='ocrx_word' id='word_1_518' title='bbox 305 3121 452 3152; x_wconf 85' lang='lat' dir='ltr'>Christus</span> <span class='ocrx_word' id='word_1_519' title='bbox 464 3122 571 3162; x_wconf 82' lang='lat' dir='ltr'>potuit</span> <span class='ocrx_word' id='word_1_520' title='bbox 593 3121 714 3153; x_wconf 78' lang='lat' dir='ltr'>divina.</span> <span class='ocrx_word' id='word_1_521' title='bbox 733 3121 851 3153; x_wconf 89' lang='lat' dir='ltr'>Christi</span> <span class='ocrx_word' id='word_1_522' title='bbox 874 3132 1013 3164; x_wconf 88' lang='lat' dir='ltr'>namque</span> <span class='ocrx_word' id='word_1_523' title='bbox 1042 3125 1252 3165; x_wconf 84' lang='lat' dir='ltr'>operationes,</span> 
     </span>
     <span class='ocr_line' id='line_1_65' title="bbox 188 3165 1254 3206; baseline 0.006 -11"><span class='ocrx_word' id='word_1_524' title='bbox 188 3175 325 3206; x_wconf 88' lang='lat' dir='ltr'>quarum</span> <span class='ocrx_word' id='word_1_525' title='bbox 349 3165 426 3203; x_wconf 87' lang='lat' dir='ltr'>aliae</span> <span class='ocrx_word' id='word_1_526' title='bbox 450 3172 524 3196; x_wconf 90' lang='lat' dir='ltr'>sunt</span> <span class='ocrx_word' id='word_1_527' title='bbox 547 3165 716 3204; x_wconf 85' lang='lat' dir='ltr'>humanae,</span> <span class='ocrx_word' id='word_1_528' title='bbox 740 3166 818 3196; x_wconf 86' lang='lat' dir='ltr'>aliae</span> <span class='ocrx_word' id='word_1_529' title='bbox 842 3173 916 3198; x_wconf 87' lang='lat' dir='ltr'>sunt</span> <span class='ocrx_word' id='word_1_530' title='bbox 939 3167 1080 3206; x_wconf 90' lang='lat' dir='ltr'>divinae,</span> <span class='ocrx_word' id='word_1_531' title='bbox 1105 3169 1200 3200; x_wconf 89' lang='lat' dir='ltr'>unius</span> <span class='ocrx_word' id='word_1_532' title='bbox 1224 3177 1254 3201; x_wconf 90' lang='lat' dir='ltr'>et</span> 
     </span>
     <span class='ocr_line' id='line_1_66' title="bbox 188 3209 1254 3251; baseline 0.006 -12"><span class='ocrx_word' id='word_1_533' title='bbox 188 3209 331 3240; x_wconf 90' lang='lat' dir='ltr'>eiusdem</span> <span class='ocrx_word' id='word_1_534' title='bbox 361 3215 435 3239; x_wconf 92' lang='lat' dir='ltr'>sunt</span> <span class='ocrx_word' id='word_1_535' title='bbox 465 3209 640 3249; x_wconf 85' lang='lat' dir='ltr'>operantis:</span> <span class='ocrx_word' id='word_1_536' title='bbox 665 3211 720 3251; x_wconf 92' lang='lat' dir='ltr'>qui</span> <span class='ocrx_word' id='word_1_537' title='bbox 748 3211 1024 3251; x_wconf 84' lang='lat' dir='ltr'>quemadmodum</span> <span class='ocrx_word' id='word_1_538' title='bbox 1047 3212 1134 3244; x_wconf 93' lang='lat' dir='ltr'>Deus</span> <span class='ocrx_word' id='word_1_539' title='bbox 1158 3214 1254 3245; x_wconf 91' lang='lat' dir='ltr'>simul</span> 
     </span>
     <span class='ocr_line' id='line_1_67' title="bbox 187 3253 1252 3297; baseline 0.006 -14"><span class='ocrx_word' id='word_1_540' title='bbox 187 3260 218 3284; x_wconf 90' lang='lat' dir='ltr'>et</span> <span class='ocrx_word' id='word_1_541' title='bbox 240 3253 341 3284; x_wconf 89' lang='lat' dir='ltr'>homo</span> <span class='ocrx_word' id='word_1_542' title='bbox 365 3259 422 3291; x_wconf 85' lang='lat' dir='ltr'>est,</span> <span class='ocrx_word' id='word_1_543' title='bbox 445 3253 487 3284; x_wconf 86' lang='lat' dir='ltr'>ita</span> <span class='ocrx_word' id='word_1_544' title='bbox 511 3260 639 3284; x_wconf 84' lang='lat' dir='ltr'>naturae</span> <span class='ocrx_word' id='word_1_545' title='bbox 663 3254 790 3295; x_wconf 87' lang='lat' dir='ltr'>propria</span> <span class='ocrx_word' id='word_1_546' title='bbox 806 3254 970 3296; x_wconf 89' lang='lat' dir='ltr'>utriusque</span> <span class='ocrx_word' id='word_1_547' title='bbox 994 3257 1105 3297; x_wconf 86' lang='lat' dir='ltr'>exequi</span> <span class='ocrx_word' id='word_1_548' title='bbox 1129 3257 1252 3289; x_wconf 88' lang='lat' dir='ltr'>dicitur.</span> 
     </span>
     <span class='ocr_line' id='line_1_68' title="bbox 188 3297 801 3337; baseline 0.003 -9"><span class='ocrx_word' id='word_1_549' title='bbox 188 3297 349 3328; x_wconf 85' lang='lat' dir='ltr'>Latiorem</span> <span class='ocrx_word' id='word_1_550' title='bbox 373 3297 586 3337; x_wconf 87' lang='lat' dir='ltr'>praetermitto</span> <span class='ocrx_word' id='word_1_551' title='bbox 611 3307 801 3330; x_wconf 88' lang='lat' dir='ltr'>sermonem.</span> 
     </span>
    </p>

    <p class='ocr_par' dir='ltr' id='par_1_7' title="bbox 186 3341 1254 3691">
     <span class='ocr_line' id='line_1_69' title="bbox 253 3341 1253 3386; baseline 0.006 -14"><span class='ocrx_word' id='word_1_552' title='bbox 253 3341 580 3372; x_wconf 88' lang='lat' dir='ltr'>Animadvertendum</span> <span class='ocrx_word' id='word_1_553' title='bbox 608 3349 655 3373; x_wconf 82' lang='lat' dir='ltr'>est</span> <span class='ocrx_word' id='word_1_554' title='bbox 677 3343 716 3373; x_wconf 91' lang='lat' dir='ltr'>ad</span> <span class='ocrx_word' id='word_1_555' title='bbox 739 3343 771 3373; x_wconf 89' lang='lat' dir='ltr'>id</span> <span class='ocrx_word' id='word_1_556' title='bbox 795 3353 956 3374; x_wconf 91' lang='lat' dir='ltr'>summam</span> <span class='ocrx_word' id='word_1_557' title='bbox 986 3345 1179 3386; x_wconf 87' lang='lat' dir='ltr'>quaestionis</span> <span class='ocrx_word' id='word_1_558' title='bbox 1207 3356 1253 3378; x_wconf 87' lang='lat' dir='ltr'>re-</span> 
     </span>
     <span class='ocr_line' id='line_1_70' title="bbox 187 3385 1253 3431; baseline 0.007 -16"><span class='ocrx_word' id='word_1_559' title='bbox 187 3385 267 3425; x_wconf 87' lang='lat' dir='ltr'>digi,</span> <span class='ocrx_word' id='word_1_560' title='bbox 293 3392 401 3416; x_wconf 92' lang='lat' dir='ltr'>utrum</span> <span class='ocrx_word' id='word_1_561' title='bbox 423 3386 610 3416; x_wconf 84' lang='lat' dir='ltr'>Deivirilem</span> <span class='ocrx_word' id='word_1_562' title='bbox 635 3387 853 3427; x_wconf 88' lang='lat' dir='ltr'>operationem</span> <span class='ocrx_word' id='word_1_563' title='bbox 877 3389 1136 3431; x_wconf 89' lang='lat' dir='ltr'>Monophysitico</span> <span class='ocrx_word' id='word_1_564' title='bbox 1159 3401 1253 3422; x_wconf 90' lang='lat' dir='ltr'>sensu</span> 
     </span>
     <span class='ocr_line' id='line_1_71' title="bbox 188 3429 1254 3477; baseline 0.007 -18"><span class='ocrx_word' id='word_1_565' title='bbox 188 3429 297 3460; x_wconf 83' lang='lat' dir='ltr'>dixerit</span> <span class='ocrx_word' id='word_1_566' title='bbox 320 3429 616 3470; x_wconf 83' lang='lat' dir='ltr'>Areopagiticorum</span> <span class='ocrx_word' id='word_1_567' title='bbox 639 3438 759 3469; x_wconf 89' lang='lat' dir='ltr'>auctor,</span> <span class='ocrx_word' id='word_1_568' title='bbox 784 3438 820 3463; x_wconf 92' lang='lat' dir='ltr'>ut</span> <span class='ocrx_word' id='word_1_569' title='bbox 842 3433 996 3472; x_wconf 85' lang='lat' dir='ltr'>operatio,</span> <span class='ocrx_word' id='word_1_570' title='bbox 1015 3444 1254 3477; x_wconf 88' lang='lat' dir='ltr'>quamcumque</span> 
     </span>
     <span class='ocr_line' id='line_1_72' title="bbox 188 3472 1253 3517; baseline 0.008 -14"><span class='ocrx_word' id='word_1_571' title='bbox 188 3472 332 3504; x_wconf 90' lang='lat' dir='ltr'>Christus</span> <span class='ocrx_word' id='word_1_572' title='bbox 355 3474 469 3512; x_wconf 88' lang='lat' dir='ltr'>ederet,</span> <span class='ocrx_word' id='word_1_573' title='bbox 494 3484 551 3505; x_wconf 91' lang='lat' dir='ltr'>nec</span> <span class='ocrx_word' id='word_1_574' title='bbox 574 3474 715 3506; x_wconf 82' lang='lat' dir='ltr'>humana</span> <span class='ocrx_word' id='word_1_575' title='bbox 738 3482 829 3515; x_wconf 89' lang='lat' dir='ltr'>esset,</span> <span class='ocrx_word' id='word_1_576' title='bbox 849 3486 906 3508; x_wconf 92' lang='lat' dir='ltr'>nec</span> <span class='ocrx_word' id='word_1_577' title='bbox 930 3477 1047 3517; x_wconf 85' lang='lat' dir='ltr'>divina,</span> <span class='ocrx_word' id='word_1_578' title='bbox 1067 3479 1190 3510; x_wconf 89' lang='lat' dir='ltr'>tametsi</span> <span class='ocrx_word' id='word_1_579' title='bbox 1214 3480 1253 3511; x_wconf 89' lang='lat' dir='ltr'>ab</span> 
     </span>
     <span class='ocr_line' id='line_1_73' title="bbox 189 3516 1253 3565; baseline 0.009 -20"><span class='ocrx_word' id='word_1_580' title='bbox 189 3516 317 3547; x_wconf 87' lang='lat' dir='ltr'>homine</span> <span class='ocrx_word' id='word_1_581' title='bbox 337 3517 406 3548; x_wconf 90' lang='lat' dir='ltr'>Deo</span> <span class='ocrx_word' id='word_1_582' title='bbox 430 3517 646 3558; x_wconf 87' lang='lat' dir='ltr'>proficiscens余</span> <span class='ocrx_word' id='word_1_583' title='bbox 662 3530 773 3551; x_wconf 89' lang='lat' dir='ltr'>verum</span> <span class='ocrx_word' id='word_1_584' title='bbox 789 3520 878 3551; x_wconf 89' lang='lat' dir='ltr'>tertia</span> <span class='ocrx_word' id='word_1_585' title='bbox 893 3522 1051 3562; x_wconf 87' lang='lat' dir='ltr'>quaedam</span> <span class='ocrx_word' id='word_1_586' title='bbox 1067 3533 1103 3553; x_wconf 91' lang='lat' dir='ltr'>ex</span> <span class='ocrx_word' id='word_1_587' title='bbox 1120 3530 1253 3565; x_wconf 82' lang='lat' dir='ltr'>utraque</span> 
     </span>
     <span class='ocr_line' id='line_1_74' title="bbox 188 3563 1253 3607; baseline 0.009 -18"><span class='ocrx_word' id='word_1_588' title='bbox 188 3568 421 3599; x_wconf 87' lang='lat' dir='ltr'>coagmentata,</span> <span class='ocrx_word' id='word_1_589' title='bbox 446 3569 482 3592; x_wconf 95' lang='lat' dir='ltr'>ut</span> <span class='ocrx_word' id='word_1_590' title='bbox 510 3563 738 3594; x_wconf 90' lang='lat' dir='ltr'>Monothelitae</span> <span class='ocrx_word' id='word_1_591' title='bbox 771 3565 917 3596; x_wconf 90' lang='lat' dir='ltr'>nonnulli</span> <span class='ocrx_word' id='word_1_592' title='bbox 947 3566 1174 3607; x_wconf 88' lang='lat' dir='ltr'>loquebantur余</span> <span class='ocrx_word' id='word_1_593' title='bbox 1202 3568 1253 3599; x_wconf 82' lang='lat' dir='ltr'>vel</span> 
     </span>
     <span class='ocr_line' id='line_1_75' title="bbox 188 3603 1253 3652; baseline 0.01 -20"><span class='ocrx_word' id='word_1_594' title='bbox 188 3603 293 3634; x_wconf 91' lang='lat' dir='ltr'>divina</span> <span class='ocrx_word' id='word_1_595' title='bbox 316 3605 465 3644; x_wconf 88' lang='lat' dir='ltr'>quidem,</span> <span class='ocrx_word' id='word_1_596' title='bbox 490 3606 544 3636; x_wconf 86' lang='lat' dir='ltr'>sed</span> <span class='ocrx_word' id='word_1_597' title='bbox 567 3617 623 3646; x_wconf 91' lang='lat' dir='ltr'>per</span> <span class='ocrx_word' id='word_1_598' title='bbox 652 3608 881 3639; x_wconf 88' lang='lat' dir='ltr'>humanitatem</span> <span class='ocrx_word' id='word_1_599' title='bbox 905 3610 1007 3648; x_wconf 90' lang='lat' dir='ltr'>edita,</span> <span class='ocrx_word' id='word_1_600' title='bbox 1031 3621 1066 3641; x_wconf 87' lang='lat' dir='ltr'>ac</span> <span class='ocrx_word' id='word_1_601' title='bbox 1091 3612 1253 3652; x_wconf 86' lang='lat' dir='ltr'>propriam</span> 
     </span>
     <span class='ocr_line' id='line_1_76' title="bbox 186 3648 1252 3691; baseline 0.01 -15"><span class='ocrx_word' id='word_1_602' title='bbox 186 3648 339 3687; x_wconf 82' lang='lat' dir='ltr'>supplens</span> <span class='ocrx_word' id='word_1_603' title='bbox 362 3648 565 3680; x_wconf 83' lang='lat' dir='ltr'>humanitatis</span> <span class='ocrx_word' id='word_1_604' title='bbox 589 3650 829 3691; x_wconf 83' lang='lat' dir='ltr'>operationem?</span> <span class='ocrx_word' id='word_1_605' title='bbox 852 3653 936 3683; x_wconf 85' lang='lat' dir='ltr'>Tam</span> <span class='ocrx_word' id='word_1_606' title='bbox 959 3654 1112 3685; x_wconf 89' lang='lat' dir='ltr'>absurdos</span> <span class='ocrx_word' id='word_1_607' title='bbox 1143 3666 1252 3687; x_wconf 82' lang='lat' dir='ltr'>sensus</span> 
     </span>
    </p>
   </div>
   <div class='ocr_carea' id='block_1_4' title="bbox 911 297 1647 339">
    <p class='ocr_par' dir='ltr' id='par_1_8' title="bbox 911 297 1647 339">
     <span class='ocr_line' id='line_1_77' title="bbox 911 297 1647 339; baseline -0.008 1"><span class='ocrx_word' id='word_1_608' title='bbox 911 297 1369 339; x_wconf 89' lang='lat' dir='ltr'>DISSERTATIONES</span> <span class='ocrx_word' id='word_1_609' title='bbox 1399 297 1647 335; x_wconf 90' lang='lat' dir='ltr'>CRITICAE</span> 
     </span>
    </p>
   </div>
   <div class='ocr_carea' id='block_1_5' title="bbox 1310 377 2386 982">
    <p class='ocr_par' dir='ltr' id='par_1_9' title="bbox 1310 377 2386 982">
     <span class='ocr_line' id='line_1_78' title="bbox 1311 377 2384 423; baseline 0.006 -16"><span class='ocrx_word' id='word_1_610' title='bbox 1311 377 1344 407; x_wconf 91' lang='lat' dir='ltr'>in</span> <span class='ocrx_word' id='word_1_611' title='bbox 1367 377 1596 418; x_wconf 91' lang='lat' dir='ltr'>Areopagiticis</span> <span class='ocrx_word' id='word_1_612' title='bbox 1612 377 1716 408; x_wconf 87' lang='lat' dir='ltr'>verbis</span> <span class='ocrx_word' id='word_1_613' title='bbox 1739 378 1893 410; x_wconf 86' lang='lat' dir='ltr'>invenerit</span> <span class='ocrx_word' id='word_1_614' title='bbox 1916 389 2024 419; x_wconf 91' lang='lat' dir='ltr'>nemo,</span> <span class='ocrx_word' id='word_1_615' title='bbox 2040 380 2100 411; x_wconf 88' lang='lat' dir='ltr'>nisi</span> <span class='ocrx_word' id='word_1_616' title='bbox 2120 381 2175 422; x_wconf 92' lang='lat' dir='ltr'>qui</span> <span class='ocrx_word' id='word_1_617' title='bbox 2198 382 2293 412; x_wconf 90' lang='lat' dir='ltr'>verba</span> <span class='ocrx_word' id='word_1_618' title='bbox 2315 382 2384 423; x_wconf 90' lang='lat' dir='ltr'>ipsa</span> 
     </span>
     <span class='ocr_line' id='line_1_79' title="bbox 1312 421 2385 466; baseline 0.007 -16"><span class='ocrx_word' id='word_1_619' title='bbox 1312 421 1351 451; x_wconf 91' lang='lat' dir='ltr'>ad</span> <span class='ocrx_word' id='word_1_620' title='bbox 1374 421 1408 451; x_wconf 93' lang='lat' dir='ltr'>id</span> <span class='ocrx_word' id='word_1_621' title='bbox 1431 421 1675 461; x_wconf 89' lang='lat' dir='ltr'>significandum</span> <span class='ocrx_word' id='word_1_622' title='bbox 1691 429 1848 463; x_wconf 89' lang='lat' dir='ltr'>torqueat,</span> <span class='ocrx_word' id='word_1_623' title='bbox 1865 424 1954 464; x_wconf 93' lang='lat' dir='ltr'>quod</span> <span class='ocrx_word' id='word_1_624' title='bbox 1977 425 2110 456; x_wconf 89' lang='lat' dir='ltr'>minime</span> <span class='ocrx_word' id='word_1_625' title='bbox 2127 425 2311 466; x_wconf 89' lang='lat' dir='ltr'>significant.</span> <span class='ocrx_word' id='word_1_626' title='bbox 2329 427 2385 458; x_wconf 93' lang='lat' dir='ltr'>Ait</span> 
     </span>
     <span class='ocr_line' id='line_1_80' title="bbox 1311 466 2386 510; baseline 0.007 -15"><span class='ocrx_word' id='word_1_627' title='bbox 1311 475 1386 496; x_wconf 89' lang='lat' dir='ltr'>vero</span> <span class='ocrx_word' id='word_1_628' title='bbox 1411 472 1538 496; x_wconf 85' lang='lat' dir='ltr'>auctor:</span> <span class='ocrx_word' id='word_1_629' title='bbox 1566 466 1737 497; x_wconf 86' lang='lat' dir='ltr'>Caeterum</span> <span class='ocrx_word' id='word_1_630' title='bbox 1768 467 1897 505; x_wconf 85' lang='lat' dir='ltr'>divina,</span> <span class='ocrx_word' id='word_1_631' title='bbox 1923 478 1986 499; x_wconf 89' lang='lat' dir='ltr'>non</span> <span class='ocrx_word' id='word_1_632' title='bbox 2010 479 2074 510; x_wconf 85' lang='lat' dir='ltr'>qua</span> <span class='ocrx_word' id='word_1_633' title='bbox 2097 470 2188 501; x_wconf 86' lang='lat' dir='ltr'>Deus</span> <span class='ocrx_word' id='word_1_634' title='bbox 2209 471 2386 510; x_wconf 85' lang='lat' dir='ltr'>patrabat:</span> 
     </span>
     <span class='ocr_line' id='line_1_81' title="bbox 1312 510 2386 555; baseline 0.007 -16"><span class='ocrx_word' id='word_1_635' title='bbox 1312 519 1414 550; x_wconf 86' lang='lat' dir='ltr'>neque</span> <span class='ocrx_word' id='word_1_636' title='bbox 1436 510 1591 548; x_wconf 89' lang='lat' dir='ltr'>humana,</span> <span class='ocrx_word' id='word_1_637' title='bbox 1606 516 1766 551; x_wconf 86' lang='lat' dir='ltr'>quatenus</span> <span class='ocrx_word' id='word_1_638' title='bbox 1783 512 1876 542; x_wconf 86' lang='lat' dir='ltr'>homo</span> <span class='ocrx_word' id='word_1_639' title='bbox 1898 513 2050 553; x_wconf 83' lang='lat' dir='ltr'>gerebat余</span> <span class='ocrx_word' id='word_1_640' title='bbox 2064 515 2121 544; x_wconf 87' lang='lat' dir='ltr'>sed</span> <span class='ocrx_word' id='word_1_641' title='bbox 2138 520 2297 555; x_wconf 88' lang='lat' dir='ltr'>quatenus</span> <span class='ocrx_word' id='word_1_642' title='bbox 2313 521 2386 546; x_wconf 83' lang='lat' dir='ltr'>erat</span> 
     </span>
     <span class='ocr_line' id='line_1_82' title="bbox 1310 554 2383 600; baseline 0.006 -16"><span class='ocrx_word' id='word_1_643' title='bbox 1310 554 1402 585; x_wconf 90' lang='lat' dir='ltr'>Deus</span> <span class='ocrx_word' id='word_1_644' title='bbox 1425 559 1456 584; x_wconf 90' lang='lat' dir='ltr'>et</span> <span class='ocrx_word' id='word_1_645' title='bbox 1477 554 1581 585; x_wconf 86' lang='lat' dir='ltr'>homo.</span> <span class='ocrx_word' id='word_1_646' title='bbox 1595 555 1695 585; x_wconf 90' lang='lat' dir='ltr'>Porro</span> <span class='ocrx_word' id='word_1_647' title='bbox 1712 556 1931 596; x_wconf 90' lang='lat' dir='ltr'>quaerendum</span> <span class='ocrx_word' id='word_1_648' title='bbox 1946 564 1994 588; x_wconf 88' lang='lat' dir='ltr'>est</span> <span class='ocrx_word' id='word_1_649' title='bbox 2017 567 2097 588; x_wconf 91' lang='lat' dir='ltr'>num</span> <span class='ocrx_word' id='word_1_650' title='bbox 2116 558 2222 589; x_wconf 90' lang='lat' dir='ltr'>divina</span> <span class='ocrx_word' id='word_1_651' title='bbox 2238 569 2312 590; x_wconf 90' lang='lat' dir='ltr'>cum</span> <span class='ocrx_word' id='word_1_652' title='bbox 2329 570 2383 600; x_wconf 87' lang='lat' dir='ltr'>pa-</span> 
     </span>
     <span class='ocr_line' id='line_1_83' title="bbox 1312 598 2383 641; baseline 0.006 -13"><span class='ocrx_word' id='word_1_653' title='bbox 1312 605 1406 629; x_wconf 91' lang='lat' dir='ltr'>traret</span> <span class='ocrx_word' id='word_1_654' title='bbox 1429 598 1591 637; x_wconf 90' lang='lat' dir='ltr'>Christus,</span> <span class='ocrx_word' id='word_1_655' title='bbox 1614 609 1645 630; x_wconf 89' lang='lat' dir='ltr'>v.</span> <span class='ocrx_word' id='word_1_656' title='bbox 1669 609 1698 640; x_wconf 87' lang='lat' dir='ltr'>g.</span> <span class='ocrx_word' id='word_1_657' title='bbox 1721 600 1859 639; x_wconf 86' lang='lat' dir='ltr'>regendo</span> <span class='ocrx_word' id='word_1_658' title='bbox 1883 601 2062 641; x_wconf 90' lang='lat' dir='ltr'>mundum,</span> <span class='ocrx_word' id='word_1_659' title='bbox 2086 602 2163 633; x_wconf 92' lang='lat' dir='ltr'>haec</span> <span class='ocrx_word' id='word_1_660' title='bbox 2187 601 2293 634; x_wconf 81' lang='lat' dir='ltr'>revera</span> <span class='ocrx_word' id='word_1_661' title='bbox 2316 614 2383 634; x_wconf 90' lang='lat' dir='ltr'>non</span> 
     </span>
     <span class='ocr_line' id='line_1_84' title="bbox 1313 643 2384 687; baseline 0.007 -15"><span class='ocrx_word' id='word_1_662' title='bbox 1313 649 1394 673; x_wconf 88' lang='lat' dir='ltr'>esset</span> <span class='ocrx_word' id='word_1_663' title='bbox 1416 643 1559 683; x_wconf 89' lang='lat' dir='ltr'>operatio</span> <span class='ocrx_word' id='word_1_664' title='bbox 1579 643 1695 682; x_wconf 90' lang='lat' dir='ltr'>divina,</span> <span class='ocrx_word' id='word_1_665' title='bbox 1720 644 1776 674; x_wconf 89' lang='lat' dir='ltr'>sed</span> <span class='ocrx_word' id='word_1_666' title='bbox 1798 645 1887 675; x_wconf 85' lang='lat' dir='ltr'>tertia</span> <span class='ocrx_word' id='word_1_667' title='bbox 1910 646 2079 686; x_wconf 86' lang='lat' dir='ltr'>quaedam,</span> <span class='ocrx_word' id='word_1_668' title='bbox 2104 656 2161 678; x_wconf 90' lang='lat' dir='ltr'>nec</span> <span class='ocrx_word' id='word_1_669' title='bbox 2185 647 2302 687; x_wconf 88' lang='lat' dir='ltr'>divina,</span> <span class='ocrx_word' id='word_1_670' title='bbox 2325 658 2384 679; x_wconf 89' lang='lat' dir='ltr'>nec</span> 
     </span>
     <span class='ocr_line' id='line_1_85' title="bbox 1312 685 2384 732; baseline 0.007 -16"><span class='ocrx_word' id='word_1_671' title='bbox 1312 685 1475 717; x_wconf 86' lang='lat' dir='ltr'>humana?</span> <span class='ocrx_word' id='word_1_672' title='bbox 1497 689 1607 727; x_wconf 89' lang='lat' dir='ltr'>Apage</span> <span class='ocrx_word' id='word_1_673' title='bbox 1640 695 1706 718; x_wconf 89' lang='lat' dir='ltr'>tam</span> <span class='ocrx_word' id='word_1_674' title='bbox 1738 698 1872 729; x_wconf 87' lang='lat' dir='ltr'>pravum</span> <span class='ocrx_word' id='word_1_675' title='bbox 1905 699 2052 729; x_wconf 91' lang='lat' dir='ltr'>sensum,</span> <span class='ocrx_word' id='word_1_676' title='bbox 2084 691 2123 721; x_wconf 89' lang='lat' dir='ltr'>ab</span> <span class='ocrx_word' id='word_1_677' title='bbox 2155 692 2384 732; x_wconf 88' lang='lat' dir='ltr'>Areopagiticis</span> 
     </span>
     <span class='ocr_line' id='line_1_86' title="bbox 1313 730 2384 774; baseline 0.007 -14"><span class='ocrx_word' id='word_1_678' title='bbox 1313 730 1515 770; x_wconf 90' lang='lat' dir='ltr'>dogmatibus</span> <span class='ocrx_word' id='word_1_679' title='bbox 1538 731 1634 771; x_wconf 89' lang='lat' dir='ltr'>longe</span> <span class='ocrx_word' id='word_1_680' title='bbox 1657 732 1807 763; x_wconf 90' lang='lat' dir='ltr'>alienum.</span> <span class='ocrx_word' id='word_1_681' title='bbox 1834 733 1904 763; x_wconf 90' lang='lat' dir='ltr'>Pari</span> <span class='ocrx_word' id='word_1_682' title='bbox 1928 743 2002 774; x_wconf 92' lang='lat' dir='ltr'>ergo</span> <span class='ocrx_word' id='word_1_683' title='bbox 2027 735 2159 765; x_wconf 91' lang='lat' dir='ltr'>demum</span> <span class='ocrx_word' id='word_1_684' title='bbox 2182 735 2303 766; x_wconf 89' lang='lat' dir='ltr'>ratione</span> <span class='ocrx_word' id='word_1_685' title='bbox 2327 736 2384 766; x_wconf 94' lang='lat' dir='ltr'>do-</span> 
     </span>
     <span class='ocr_line' id='line_1_87' title="bbox 1313 774 2385 819; baseline 0.007 -15"><span class='ocrx_word' id='word_1_686' title='bbox 1313 774 1412 805; x_wconf 88' lang='lat' dir='ltr'>cuerit</span> <span class='ocrx_word' id='word_1_687' title='bbox 1441 774 1494 805; x_wconf 90' lang='lat' dir='ltr'>ille</span> <span class='ocrx_word' id='word_1_688' title='bbox 1525 785 1724 816; x_wconf 90' lang='lat' dir='ltr'>numquam,</span> <span class='ocrx_word' id='word_1_689' title='bbox 1755 776 1911 807; x_wconf 88' lang='lat' dir='ltr'>humanas</span> <span class='ocrx_word' id='word_1_690' title='bbox 1935 777 2052 809; x_wconf 89' lang='lat' dir='ltr'>Christi</span> <span class='ocrx_word' id='word_1_691' title='bbox 2085 780 2285 819; x_wconf 90' lang='lat' dir='ltr'>operationes</span> <span class='ocrx_word' id='word_1_692' title='bbox 2317 790 2385 810; x_wconf 89' lang='lat' dir='ltr'>non</span> 
     </span>
     <span class='ocr_line' id='line_1_88' title="bbox 1313 819 2384 864; baseline 0.007 -16"><span class='ocrx_word' id='word_1_693' title='bbox 1313 819 1409 849; x_wconf 91' lang='lat' dir='ltr'>fuisse</span> <span class='ocrx_word' id='word_1_694' title='bbox 1431 828 1504 849; x_wconf 90' lang='lat' dir='ltr'>vere</span> <span class='ocrx_word' id='word_1_695' title='bbox 1527 819 1694 858; x_wconf 87' lang='lat' dir='ltr'>humanas,</span> <span class='ocrx_word' id='word_1_696' title='bbox 1712 820 1766 850; x_wconf 90' lang='lat' dir='ltr'>sed</span> <span class='ocrx_word' id='word_1_697' title='bbox 1789 821 1919 851; x_wconf 89' lang='lat' dir='ltr'>tertium</span> <span class='ocrx_word' id='word_1_698' title='bbox 1935 822 2023 863; x_wconf 95' lang='lat' dir='ltr'>quid,</span> <span class='ocrx_word' id='word_1_699' title='bbox 2038 824 2127 863; x_wconf 95' lang='lat' dir='ltr'>quod</span> <span class='ocrx_word' id='word_1_700' title='bbox 2151 833 2190 854; x_wconf 92' lang='lat' dir='ltr'>ne</span> <span class='ocrx_word' id='word_1_701' title='bbox 2215 824 2384 864; x_wconf 86' lang='lat' dir='ltr'>cogitando</span> 
     </span>
     <span class='ocr_line' id='line_1_89' title="bbox 1313 862 2384 908; baseline 0.007 -16"><span class='ocrx_word' id='word_1_702' title='bbox 1313 862 1444 904; x_wconf 91' lang='lat' dir='ltr'>quidem</span> <span class='ocrx_word' id='word_1_703' title='bbox 1468 863 1647 893; x_wconf 87' lang='lat' dir='ltr'>adumbrari</span> <span class='ocrx_word' id='word_1_704' title='bbox 1667 870 1781 904; x_wconf 88' lang='lat' dir='ltr'>potest.</span> <span class='ocrx_word' id='word_1_705' title='bbox 1799 863 1861 894; x_wconf 89' lang='lat' dir='ltr'>Sed</span> <span class='ocrx_word' id='word_1_706' title='bbox 1885 873 1972 897; x_wconf 90' lang='lat' dir='ltr'>erant</span> <span class='ocrx_word' id='word_1_707' title='bbox 1989 873 2096 897; x_wconf 90' lang='lat' dir='ltr'>tamen</span> <span class='ocrx_word' id='word_1_708' title='bbox 2118 867 2293 899; x_wconf 82' lang='lat' dir='ltr'>Deiviriles</span> <span class='ocrx_word' id='word_1_709' title='bbox 2308 878 2384 908; x_wconf 91' lang='lat' dir='ltr'>ope-</span> 
     </span>
     <span class='ocr_line' id='line_1_90' title="bbox 1313 907 2384 982; baseline 0.006 -45"><span class='ocrx_word' id='word_1_710' title='bbox 1313 907 1450 982; x_wconf 68' lang='lat' dir='ltr'>ralitiones</span> <span class='ocrx_word' id='word_1_711' title='bbox 1482 907 1651 948; x_wconf 91' lang='lat' dir='ltr'>multiplici</span> <span class='ocrx_word' id='word_1_712' title='bbox 1684 907 1865 939; x_wconf 88' lang='lat' dir='ltr'>orthodoxo</span> <span class='ocrx_word' id='word_1_713' title='bbox 1889 910 1945 940; x_wconf 91' lang='lat' dir='ltr'>illo</span> <span class='ocrx_word' id='word_1_714' title='bbox 1969 920 2084 950; x_wconf 88' lang='lat' dir='ltr'>sensu,</span> <span class='ocrx_word' id='word_1_715' title='bbox 2108 921 2206 952; x_wconf 90' lang='lat' dir='ltr'>quem</span> <span class='ocrx_word' id='word_1_716' title='bbox 2234 911 2307 943; x_wconf 88' lang='lat' dir='ltr'>satis</span> <span class='ocrx_word' id='word_1_717' title='bbox 2331 912 2384 943; x_wconf 88' lang='lat' dir='ltr'>de-</span> 
     </span>
     <span class='ocr_line' id='line_1_91' title="bbox 1314 961 1511 982; baseline 0 0"><span class='ocrx_word' id='word_1_718' title='bbox 1314 962 1329 982; x_wconf 93' lang='lat' dir='ltr'>c</span> <span class='ocrx_word' id='word_1_719' title='bbox 1343 961 1511 982; x_wconf 72' lang='lat' dir='ltr'>arawmus.</span> 
     </span>
    </p>
   </div>
   <div class='ocr_carea' id='block_1_6' title="bbox 1652 1043 2044 1083">
    <p class='ocr_par' dir='ltr' id='par_1_10' title="bbox 1652 1043 2044 1083">
     <span class='ocr_line' id='line_1_92' title="bbox 1652 1043 2044 1083; baseline 0 -3"><span class='ocrx_word' id='word_1_720' title='bbox 1652 1043 1850 1083; x_wconf 92' lang='lat' dir='ltr'>CAPUT</span> <span class='ocrx_word' id='word_1_721' title='bbox 1885 1044 2044 1081; x_wconf 91' lang='lat' dir='ltr'>XVIII.</span> 
     </span>
    </p>
   </div>
   <div class='ocr_carea' id='block_1_7' title="bbox 1315 1138 2389 1388">
    <p class='ocr_par' dir='ltr' id='par_1_11' title="bbox 1315 1138 2389 1388">
     <span class='ocr_line' id='line_1_93' title="bbox 1315 1138 2388 1172; baseline 0.007 -11"><span class='ocrx_word' id='word_1_722' title='bbox 1315 1138 1467 1162; x_wconf 79' lang='lat' dir='ltr'>Postremus</span> <span class='ocrx_word' id='word_1_723' title='bbox 1492 1138 1564 1163; x_wconf 86' lang='lat' dir='ltr'>locus</span> <span class='ocrx_word' id='word_1_724' title='bbox 1589 1141 1731 1172; x_wconf 86' lang='lat' dir='ltr'>opponitur</span> <span class='ocrx_word' id='word_1_725' title='bbox 1761 1149 1791 1167; x_wconf 87' lang='lat' dir='ltr'>ex</span> <span class='ocrx_word' id='word_1_726' title='bbox 1816 1141 1883 1166; x_wconf 89' lang='lat' dir='ltr'>libro</span> <span class='ocrx_word' id='word_1_727' title='bbox 1908 1141 1940 1166; x_wconf 91' lang='lat' dir='ltr'>de</span> <span class='ocrx_word' id='word_1_728' title='bbox 1969 1140 2068 1166; x_wconf 87' lang='lat' dir='ltr'>Divinis</span> <span class='ocrx_word' id='word_1_729' title='bbox 2093 1141 2258 1167; x_wconf 88' lang='lat' dir='ltr'>Nominibus.</span> <span class='ocrx_word' id='word_1_730' title='bbox 2283 1142 2388 1168; x_wconf 86' lang='lat' dir='ltr'>Mixtam</span> 
     </span>
     <span class='ocr_line' id='line_1_94' title="bbox 1386 1173 2389 1211; baseline 0.005 -13"><span class='ocrx_word' id='word_1_731' title='bbox 1386 1173 1527 1205; x_wconf 87' lang='lat' dir='ltr'>quamdam</span> <span class='ocrx_word' id='word_1_732' title='bbox 1557 1182 1610 1199; x_wconf 90' lang='lat' dir='ltr'>non</span> <span class='ocrx_word' id='word_1_733' title='bbox 1640 1176 1737 1202; x_wconf 87' lang='lat' dir='ltr'>invehit</span> <span class='ocrx_word' id='word_1_734' title='bbox 1762 1176 2003 1210; x_wconf 81' lang='lat' dir='ltr'>Areopagiticorum</span> <span class='ocrx_word' id='word_1_735' title='bbox 2034 1181 2124 1202; x_wconf 90' lang='lat' dir='ltr'>auctor</span> <span class='ocrx_word' id='word_1_736' title='bbox 2156 1178 2335 1211; x_wconf 88' lang='lat' dir='ltr'>operationem</span> <span class='ocrx_word' id='word_1_737' title='bbox 2362 1178 2389 1203; x_wconf 91' lang='lat' dir='ltr'>in</span> 
     </span>
     <span class='ocr_line' id='line_1_95' title="bbox 1386 1208 2388 1246; baseline 0.007 -14"><span class='ocrx_word' id='word_1_738' title='bbox 1386 1208 1503 1240; x_wconf 84' lang='lat' dir='ltr'>Christo,</span> <span class='ocrx_word' id='word_1_739' title='bbox 1523 1217 1590 1242; x_wconf 89' lang='lat' dir='ltr'>quae</span> <span class='ocrx_word' id='word_1_740' title='bbox 1609 1210 1642 1236; x_wconf 86' lang='lat' dir='ltr'>ita</span> <span class='ocrx_word' id='word_1_741' title='bbox 1661 1212 1694 1237; x_wconf 87' lang='lat' dir='ltr'>sit</span> <span class='ocrx_word' id='word_1_742' title='bbox 1712 1212 1806 1238; x_wconf 80' lang='lat' dir='ltr'>Christi</span> <span class='ocrx_word' id='word_1_743' title='bbox 1825 1212 1942 1246; x_wconf 87' lang='lat' dir='ltr'>propria,</span> <span class='ocrx_word' id='word_1_744' title='bbox 1961 1217 1990 1237; x_wconf 92' lang='lat' dir='ltr'>ut</span> <span class='ocrx_word' id='word_1_745' title='bbox 2014 1212 2040 1236; x_wconf 91' lang='lat' dir='ltr'>in</span> <span class='ocrx_word' id='word_1_746' title='bbox 2065 1220 2123 1238; x_wconf 86' lang='lat' dir='ltr'>eam</span> <span class='ocrx_word' id='word_1_747' title='bbox 2149 1213 2311 1238; x_wconf 82' lang='lat' dir='ltr'>sanctissima</span> <span class='ocrx_word' id='word_1_748' title='bbox 2330 1213 2388 1238; x_wconf 83' lang='lat' dir='ltr'>Tri-</span> 
     </span>
     <span class='ocr_line' id='line_1_96' title="bbox 1386 1244 2388 1282; baseline 0.006 -14"><span class='ocrx_word' id='word_1_749' title='bbox 1386 1244 1452 1269; x_wconf 87' lang='lat' dir='ltr'>nitas</span> <span class='ocrx_word' id='word_1_750' title='bbox 1477 1245 1574 1270; x_wconf 82' lang='lat' dir='ltr'>nullam</span> <span class='ocrx_word' id='word_1_751' title='bbox 1600 1253 1716 1273; x_wconf 88' lang='lat' dir='ltr'>exerceat</span> <span class='ocrx_word' id='word_1_752' title='bbox 1741 1247 1917 1274; x_wconf 78' lang='lat' dir='ltr'>efficientiam:</span> <span class='ocrx_word' id='word_1_753' title='bbox 1937 1248 2000 1281; x_wconf 91' lang='lat' dir='ltr'>quid</span> <span class='ocrx_word' id='word_1_754' title='bbox 2018 1247 2044 1272; x_wconf 89' lang='lat' dir='ltr'>in</span> <span class='ocrx_word' id='word_1_755' title='bbox 2070 1248 2169 1273; x_wconf 89' lang='lat' dir='ltr'>eisdem</span> <span class='ocrx_word' id='word_1_756' title='bbox 2194 1248 2388 1282; x_wconf 82' lang='lat' dir='ltr'>operationibus</span> 
     </span>
     <span class='ocr_line' id='line_1_97' title="bbox 1385 1279 2388 1317; baseline 0.005 -13"><span class='ocrx_word' id='word_1_757' title='bbox 1385 1279 1519 1313; x_wconf 87' lang='lat' dir='ltr'>proprium</span> <span class='ocrx_word' id='word_1_758' title='bbox 1539 1281 1632 1307; x_wconf 85' lang='lat' dir='ltr'>Christi</span> <span class='ocrx_word' id='word_1_759' title='bbox 1650 1282 1735 1315; x_wconf 84' lang='lat' dir='ltr'>fuerit,</span> <span class='ocrx_word' id='word_1_760' title='bbox 1754 1284 1817 1317; x_wconf 89' lang='lat' dir='ltr'>quid</span> <span class='ocrx_word' id='word_1_761' title='bbox 1835 1283 1951 1308; x_wconf 87' lang='lat' dir='ltr'>Trinitati</span> <span class='ocrx_word' id='word_1_762' title='bbox 1971 1291 2117 1315; x_wconf 90' lang='lat' dir='ltr'>commune,</span> <span class='ocrx_word' id='word_1_763' title='bbox 2138 1284 2288 1310; x_wconf 86' lang='lat' dir='ltr'>declaratur.</span> <span class='ocrx_word' id='word_1_764' title='bbox 2303 1284 2388 1309; x_wconf 81' lang='lat' dir='ltr'>Sancti</span> 
     </span>
     <span class='ocr_line' id='line_1_98' title="bbox 1386 1315 2388 1353; baseline 0.005 -14"><span class='ocrx_word' id='word_1_765' title='bbox 1386 1315 1505 1340; x_wconf 82' lang='lat' dir='ltr'>Thomae</span> <span class='ocrx_word' id='word_1_766' title='bbox 1529 1319 1750 1344; x_wconf 85' lang='lat' dir='ltr'>commentarius:</span> <span class='ocrx_word' id='word_1_767' title='bbox 1775 1319 1890 1351; x_wconf 82' lang='lat' dir='ltr'>itemque</span> <span class='ocrx_word' id='word_1_768' title='bbox 1918 1318 1994 1343; x_wconf 90' lang='lat' dir='ltr'>latina</span> <span class='ocrx_word' id='word_1_769' title='bbox 2018 1318 2118 1350; x_wconf 86' lang='lat' dir='ltr'>versio,</span> <span class='ocrx_word' id='word_1_770' title='bbox 2142 1320 2247 1352; x_wconf 86' lang='lat' dir='ltr'>qualem</span> <span class='ocrx_word' id='word_1_771' title='bbox 2273 1319 2388 1353; x_wconf 83' lang='lat' dir='ltr'>exposcit</span> 
     </span>
     <span class='ocr_line' id='line_1_99' title="bbox 1385 1351 2386 1388; baseline 0.005 -13"><span class='ocrx_word' id='word_1_772' title='bbox 1385 1351 1534 1384; x_wconf 90' lang='lat' dir='ltr'>Lequienus</span> <span class='ocrx_word' id='word_1_773' title='bbox 1549 1359 1699 1385; x_wconf 86' lang='lat' dir='ltr'>correctam,</span> <span class='ocrx_word' id='word_1_774' title='bbox 1709 1354 1741 1379; x_wconf 88' lang='lat' dir='ltr'>ab</span> <span class='ocrx_word' id='word_1_775' title='bbox 1752 1355 1809 1388; x_wconf 88' lang='lat' dir='ltr'>ipso</span> <span class='ocrx_word' id='word_1_776' title='bbox 1819 1354 1948 1387; x_wconf 75' lang='lat' dir='ltr'>Aquinate</span> <span class='ocrx_word' id='word_1_777' title='bbox 1962 1354 2075 1379; x_wconf 73' lang='lat' dir='ltr'>adhibita</span> <span class='ocrx_word' id='word_1_778' title='bbox 2089 1359 2115 1380; x_wconf 88' lang='lat' dir='ltr'>et</span> <span class='ocrx_word' id='word_1_779' title='bbox 2133 1354 2234 1380; x_wconf 88' lang='lat' dir='ltr'>innoxia</span> <span class='ocrx_word' id='word_1_780' title='bbox 2249 1356 2386 1380; x_wconf 80' lang='lat' dir='ltr'>declarata.</span> 
     </span>
    </p>
   </div>
   <div class='ocr_carea' id='block_1_8' title="bbox 1309 1437 2397 3696">
    <p class='ocr_par' dir='ltr' id='par_1_12' title="bbox 1315 1437 2384 1474">
     <span class='ocr_line' id='line_1_100' title="bbox 1315 1437 2384 1474; baseline 0.005 -6"><span class='ocrx_word' id='word_1_781' title='bbox 1315 1437 1338 1468; x_wconf 92' lang='lat'>1.</span> <span class='ocrx_word' id='word_1_782' title='bbox 1451 1439 1499 1470; x_wconf 90' lang='lat' dir='ltr'>ale</span> <span class='ocrx_word' id='word_1_783' title='bbox 1522 1450 1632 1470; x_wconf 88' lang='lat' dir='ltr'>sanam</span> <span class='ocrx_word' id='word_1_784' title='bbox 1662 1450 1698 1471; x_wconf 90' lang='lat' dir='ltr'>ac</span> <span class='ocrx_word' id='word_1_785' title='bbox 1720 1441 1908 1474; x_wconf 87' lang='lat' dir='ltr'>haereticam</span> <span class='ocrx_word' id='word_1_786' title='bbox 1932 1441 1971 1471; x_wconf 90' lang='lat' dir='ltr'>de</span> <span class='ocrx_word' id='word_1_787' title='bbox 1995 1451 2059 1472; x_wconf 91' lang='lat' dir='ltr'>una</span> <span class='ocrx_word' id='word_1_788' title='bbox 2082 1441 2135 1472; x_wconf 91' lang='lat' dir='ltr'>illa</span> <span class='ocrx_word' id='word_1_789' title='bbox 2156 1441 2288 1472; x_wconf 89' lang='lat' dir='ltr'>Domini</span> <span class='ocrx_word' id='word_1_790' title='bbox 2313 1442 2384 1473; x_wconf 89' lang='lat' dir='ltr'>Iesu</span> 
     </span>
    </p>

    <p class='ocr_par' dir='ltr' id='par_1_13' title="bbox 1312 1484 2397 2669">
     <span class='ocr_line' id='line_1_101' title="bbox 1451 1484 2385 1527; baseline 0.004 -14"><span class='ocrx_word' id='word_1_791' title='bbox 1451 1484 1635 1524; x_wconf 89' lang='lat' dir='ltr'>operatione</span> <span class='ocrx_word' id='word_1_792' title='bbox 1659 1485 1838 1525; x_wconf 83' lang='lat' dir='ltr'>composita</span> <span class='ocrx_word' id='word_1_793' title='bbox 1861 1485 2048 1516; x_wconf 86' lang='lat' dir='ltr'>sententiam</span> <span class='ocrx_word' id='word_1_794' title='bbox 2081 1495 2193 1524; x_wconf 90' lang='lat' dir='ltr'>suam,</span> <span class='ocrx_word' id='word_1_795' title='bbox 2217 1486 2385 1527; x_wconf 87' lang='lat' dir='ltr'>Lequieno</span> 
     </span>
     <span class='ocr_line' id='line_1_102' title="bbox 1314 1527 2385 1571; baseline 0.003 -13"><span class='ocrx_word' id='word_1_796' title='bbox 1314 1527 1339 1557; x_wconf 90' lang='lat' dir='ltr'>si</span> <span class='ocrx_word' id='word_1_797' title='bbox 1363 1528 1531 1567; x_wconf 88' lang='lat' dir='ltr'>credimus,</span> <span class='ocrx_word' id='word_1_798' title='bbox 1550 1528 1682 1559; x_wconf 89' lang='lat' dir='ltr'>vocibus</span> <span class='ocrx_word' id='word_1_799' title='bbox 1706 1529 1774 1560; x_wconf 88' lang='lat' dir='ltr'>aliis</span> <span class='ocrx_word' id='word_1_800' title='bbox 1799 1529 1915 1560; x_wconf 88' lang='lat' dir='ltr'>iterum</span> <span class='ocrx_word' id='word_1_801' title='bbox 1939 1529 2063 1560; x_wconf 86' lang='lat' dir='ltr'>exhibet</span> <span class='ocrx_word' id='word_1_802' title='bbox 2084 1530 2385 1571; x_wconf 88' lang='lat' dir='ltr'>Areopagiticorum</span> 
     </span>
     <span class='ocr_line' id='line_1_103' title="bbox 1313 1572 2384 1615; baseline 0.003 -12"><span class='ocrx_word' id='word_1_803' title='bbox 1313 1579 1434 1611; x_wconf 84' lang='lat' dir='ltr'>auctor,</span> <span class='ocrx_word' id='word_1_804' title='bbox 1453 1582 1536 1614; x_wconf 88' lang='lat' dir='ltr'>quae</span> <span class='ocrx_word' id='word_1_805' title='bbox 1559 1572 1660 1613; x_wconf 84' lang='lat' dir='ltr'>capite</span> <span class='ocrx_word' id='word_1_806' title='bbox 1683 1583 1706 1603; x_wconf 86' lang='lat'>11</span> <span class='ocrx_word' id='word_1_807' title='bbox 1729 1574 1768 1604; x_wconf 91' lang='lat' dir='ltr'>de</span> <span class='ocrx_word' id='word_1_808' title='bbox 1786 1573 1909 1605; x_wconf 90' lang='lat' dir='ltr'>Divinis</span> <span class='ocrx_word' id='word_1_809' title='bbox 1927 1574 2120 1605; x_wconf 87' lang='lat' dir='ltr'>Nominibus</span> <span class='ocrx_word' id='word_1_810' title='bbox 2136 1574 2164 1615; x_wconf 74' lang='lat'>則-</span> <span class='ocrx_word' id='word_1_811' title='bbox 2182 1575 2201 1604; x_wconf 92' lang='lat'><strong>6</strong></span> <span class='ocrx_word' id='word_1_812' title='bbox 2219 1574 2384 1606; x_wconf 90' lang='lat' dir='ltr'>habentur.</span> 
     </span>
     <span class='ocr_line' id='line_1_104' title="bbox 1313 1617 2385 1660; baseline 0.003 -13"><span class='ocrx_word' id='word_1_813' title='bbox 1313 1617 1395 1648; x_wconf 92' lang='lat' dir='ltr'>Sunt</span> <span class='ocrx_word' id='word_1_814' title='bbox 1417 1617 1489 1647; x_wconf 89' lang='lat' dir='ltr'>illae</span> <span class='ocrx_word' id='word_1_815' title='bbox 1512 1624 1606 1647; x_wconf 88' lang='lat' dir='ltr'>vero:</span> <span class='ocrx_word' id='word_1_816' title='bbox 1630 1617 1734 1648; x_wconf 85' lang='lat' dir='ltr'>Porro</span> <span class='ocrx_word' id='word_1_817' title='bbox 1756 1627 1777 1648; x_wconf 93' lang='lat' dir='ltr'>a</span> <span class='ocrx_word' id='word_1_818' title='bbox 1800 1618 2031 1659; x_wconf 80' lang='lat' dir='ltr'>benignissima</span> <span class='ocrx_word' id='word_1_819' title='bbox 2055 1628 2138 1659; x_wconf 86' lang='lat' dir='ltr'>erga</span> <span class='ocrx_word' id='word_1_820' title='bbox 2161 1628 2220 1649; x_wconf 87' lang='lat' dir='ltr'>nos</span> <span class='ocrx_word' id='word_1_821' title='bbox 2243 1618 2385 1660; x_wconf 74' lang='lat' dir='ltr'>efficien-</span> 
     </span>
     <span class='ocr_line' id='line_1_105' title="bbox 1314 1661 2387 1703; baseline 0.002 -11"><span class='ocrx_word' id='word_1_822' title='bbox 1314 1663 1358 1692; x_wconf 87' lang='lat' dir='ltr'>tia</span> <span class='ocrx_word' id='word_1_823' title='bbox 1382 1661 1492 1693; x_wconf 79' lang='lat' dir='ltr'>divina</span> <span class='ocrx_word' id='word_1_824' title='bbox 1510 1663 1706 1700; x_wconf 64' lang='lat' dir='ltr'>secernitur,</span> <span class='ocrx_word' id='word_1_825' title='bbox 1726 1662 1813 1702; x_wconf 78' lang='lat' dir='ltr'>quod</span> <span class='ocrx_word' id='word_1_826' title='bbox 1835 1663 1902 1702; x_wconf 82' lang='lat' dir='ltr'>ipse</span> <span class='ocrx_word' id='word_1_827' title='bbox 1921 1662 2012 1693; x_wconf 89' lang='lat' dir='ltr'>Deus</span> <span class='ocrx_word' id='word_1_828' title='bbox 2041 1662 2187 1700; x_wconf 88' lang='lat' dir='ltr'>Verbum,</span> <span class='ocrx_word' id='word_1_829' title='bbox 2207 1663 2264 1703; x_wconf 85' lang='lat' dir='ltr'>qui</span> <span class='ocrx_word' id='word_1_830' title='bbox 2285 1672 2387 1703; x_wconf 85' lang='lat' dir='ltr'>supra</span> 
     </span>
     <span class='ocr_line' id='line_1_106' title="bbox 1312 1706 2389 1748; baseline 0.002 -12"><span class='ocrx_word' id='word_1_831' title='bbox 1312 1706 1524 1737; x_wconf 80' lang='lat' dir='ltr'>substantiam</span> <span class='ocrx_word' id='word_1_832' title='bbox 1548 1711 1605 1743; x_wconf 87' lang='lat' dir='ltr'>est,</span> <span class='ocrx_word' id='word_1_833' title='bbox 1631 1707 1759 1747; x_wconf 83' lang='lat' dir='ltr'>integre</span> <span class='ocrx_word' id='word_1_834' title='bbox 1781 1716 1821 1738; x_wconf 92' lang='lat' dir='ltr'>ac</span> <span class='ocrx_word' id='word_1_835' title='bbox 1844 1716 1929 1743; x_wconf 80' lang='lat' dir='ltr'>vere,</span> <span class='ocrx_word' id='word_1_836' title='bbox 1951 1707 2043 1737; x_wconf 83' lang='lat' dir='ltr'>iuxta</span> <span class='ocrx_word' id='word_1_837' title='bbox 2061 1716 2102 1737; x_wconf 91' lang='lat' dir='ltr'>ac</span> <span class='ocrx_word' id='word_1_838' title='bbox 2124 1715 2200 1745; x_wconf 89' lang='lat' dir='ltr'>nos,</span> <span class='ocrx_word' id='word_1_839' title='bbox 2225 1712 2322 1748; x_wconf 83' lang='lat' dir='ltr'>atque</span> <span class='ocrx_word' id='word_1_840' title='bbox 2344 1716 2389 1738; x_wconf 78' lang='lat' dir='ltr'>ex</span> 
     </span>
     <span class='ocr_line' id='line_1_107' title="bbox 1314 1750 2388 1792; baseline 0.001 -11"><span class='ocrx_word' id='word_1_841' title='bbox 1314 1750 1404 1782; x_wconf 85' lang='lat' dir='ltr'>nobis</span> <span class='ocrx_word' id='word_1_842' title='bbox 1425 1751 1658 1782; x_wconf 85' lang='lat' dir='ltr'>substantiatus</span> <span class='ocrx_word' id='word_1_843' title='bbox 1666 1750 1796 1791; x_wconf 72' lang='lat' dir='ltr'>suerit:</span> <span class='ocrx_word' id='word_1_844' title='bbox 1814 1752 1980 1792; x_wconf 84' lang='lat' dir='ltr'>egeritque</span> <span class='ocrx_word' id='word_1_845' title='bbox 1999 1756 2030 1782; x_wconf 87' lang='lat' dir='ltr'>et</span> <span class='ocrx_word' id='word_1_846' title='bbox 2041 1760 2217 1791; x_wconf 75' lang='lat' dir='ltr'>perpessus</span> <span class='ocrx_word' id='word_1_847' title='bbox 2234 1752 2286 1789; x_wconf 85' lang='lat' dir='ltr'>sit,</span> <span class='ocrx_word' id='word_1_848' title='bbox 2302 1760 2388 1792; x_wconf 82' lang='lat' dir='ltr'>quae</span> 
     </span>
     <span class='ocr_line' id='line_1_108' title="bbox 1314 1791 2386 1839; baseline 0.001 -13"><span class='ocrx_word' id='word_1_849' title='bbox 1314 1793 1377 1832; x_wconf 73' lang='grc' dir='ltr'>畤</span> <span class='ocrx_word' id='word_1_850' title='bbox 1404 1792 1615 1839; x_wconf 76' lang='grc' dir='ltr'>畆僚慮旅虜畤</span> <span class='ocrx_word' id='word_1_851' title='bbox 1642 1793 1749 1827; x_wconf 55' lang='lat' dir='ltr'>&amp;ux-03</span> <span class='ocrx_word' id='word_1_852' title='bbox 1773 1792 1967 1839; x_wconf 72' lang='grc' dir='ltr'>慮竜凌粒畚稽穎,</span> <span class='ocrx_word' id='word_1_853' title='bbox 1999 1791 2287 1826; x_wconf 78' lang='lat' dir='ltr'>humanodivinae</span> <span class='ocrx_word' id='word_1_854' title='bbox 2313 1805 2386 1836; x_wconf 83' lang='lat' dir='ltr'>ope-</span> 
     </span>
     <span class='ocr_line' id='line_1_109' title="bbox 1314 1839 2387 1881; baseline 0 -11"><span class='ocrx_word' id='word_1_855' title='bbox 1314 1841 1451 1871; x_wconf 82' lang='lat' dir='ltr'>rationis</span> <span class='ocrx_word' id='word_1_856' title='bbox 1473 1841 1574 1880; x_wconf 87' lang='lat' dir='ltr'>ipsius</span> <span class='ocrx_word' id='word_1_857' title='bbox 1596 1841 1777 1881; x_wconf 84' lang='lat' dir='ltr'>praecipua</span> <span class='ocrx_word' id='word_1_858' title='bbox 1795 1845 1872 1871; x_wconf 82' lang='lat' dir='ltr'>sunt</span> <span class='ocrx_word' id='word_1_859' title='bbox 1897 1845 1927 1870; x_wconf 87' lang='lat' dir='ltr'>et</span> <span class='ocrx_word' id='word_1_860' title='bbox 1947 1839 2143 1880; x_wconf 79' lang='lat' dir='ltr'>singularia.</span> <span class='ocrx_word' id='word_1_861' title='bbox 2168 1839 2208 1870; x_wconf 87' lang='lat' dir='ltr'>In</span> <span class='ocrx_word' id='word_1_862' title='bbox 2232 1840 2282 1871; x_wconf 86' lang='lat' dir='ltr'>his</span> <span class='ocrx_word' id='word_1_863' title='bbox 2305 1840 2387 1871; x_wconf 82' lang='lat' dir='ltr'>nihil</span> 
     </span>
     <span class='ocr_line' id='line_1_110' title="bbox 1313 1884 2397 1925; baseline 0 -10"><span class='ocrx_word' id='word_1_864' title='bbox 1313 1894 1480 1915; x_wconf 88' lang='lat' dir='ltr'>commune</span> <span class='ocrx_word' id='word_1_865' title='bbox 1508 1884 1619 1915; x_wconf 83' lang='lat' dir='ltr'>habuit</span> <span class='ocrx_word' id='word_1_866' title='bbox 1632 1885 1730 1915; x_wconf 90' lang='lat' dir='ltr'>Pater</span> <span class='ocrx_word' id='word_1_867' title='bbox 1747 1894 1788 1916; x_wconf 87' lang='lat' dir='ltr'>ac</span> <span class='ocrx_word' id='word_1_868' title='bbox 1805 1884 1946 1924; x_wconf 84' lang='lat' dir='ltr'>Spiritus</span> <span class='ocrx_word' id='word_1_869' title='bbox 1962 1888 2115 1922; x_wconf 86' lang='lat' dir='ltr'>sanctus余</span> <span class='ocrx_word' id='word_1_870' title='bbox 2134 1885 2197 1915; x_wconf 88' lang='lat' dir='ltr'>nisi</span> <span class='ocrx_word' id='word_1_871' title='bbox 2209 1885 2282 1925; x_wconf 82' lang='lat' dir='ltr'>quis</span> <span class='ocrx_word' id='word_1_872' title='bbox 2299 1884 2397 1915; x_wconf 73' lang='lat' dir='ltr'>dicat</span> 
     </span>
     <span class='ocr_line' id='line_1_111' title="bbox 1312 1928 2386 1970; baseline 0 -11"><span class='ocrx_word' id='word_1_873' title='bbox 1312 1928 1487 1959; x_wconf 81' lang='lat' dir='ltr'>secundum</span> <span class='ocrx_word' id='word_1_874' title='bbox 1502 1929 1763 1970; x_wconf 78' lang='lat' dir='ltr'>benignissimam</span> <span class='ocrx_word' id='word_1_875' title='bbox 1775 1929 1982 1960; x_wconf 78' lang='lat' dir='ltr'>voluntatem.</span> <span class='ocrx_word' id='word_1_876' title='bbox 1994 1928 2213 1959; x_wconf 82' lang='lat' dir='ltr'>inviolabilem</span> <span class='ocrx_word' id='word_1_877' title='bbox 2226 1928 2386 1959; x_wconf 87' lang='lat' dir='ltr'>Ecclesiae</span> 
     </span>
     <span class='ocr_line' id='line_1_112' title="bbox 1314 1972 2386 2014; baseline 0 -11"><span class='ocrx_word' id='word_1_878' title='bbox 1314 1972 1490 2004; x_wconf 80' lang='lat' dir='ltr'>doctrinam</span> <span class='ocrx_word' id='word_1_879' title='bbox 1514 1983 1581 2004; x_wconf 88' lang='lat' dir='ltr'>esse</span> <span class='ocrx_word' id='word_1_880' title='bbox 1604 1973 1735 2004; x_wconf 89' lang='lat' dir='ltr'>adnotat</span> <span class='ocrx_word' id='word_1_881' title='bbox 1757 1973 1950 2014; x_wconf 85' lang='lat' dir='ltr'>Lequienus,</span> <span class='ocrx_word' id='word_1_882' title='bbox 1967 1979 2093 2003; x_wconf 89' lang='lat' dir='ltr'>externa</span> <span class='ocrx_word' id='word_1_883' title='bbox 2108 1972 2238 2014; x_wconf 89' lang='lat' dir='ltr'>quaevis</span> <span class='ocrx_word' id='word_1_884' title='bbox 2253 1972 2386 2004; x_wconf 81' lang='lat' dir='ltr'>Deitatis</span> 
     </span>
     <span class='ocr_line' id='line_1_113' title="bbox 1313 2016 2386 2059; baseline -0.001 -11"><span class='ocrx_word' id='word_1_885' title='bbox 1313 2027 1410 2058; x_wconf 89' lang='lat' dir='ltr'>opera</span> <span class='ocrx_word' id='word_1_886' title='bbox 1433 2017 1533 2048; x_wconf 88' lang='lat' dir='ltr'>tribus</span> <span class='ocrx_word' id='word_1_887' title='bbox 1551 2017 1698 2048; x_wconf 88' lang='lat' dir='ltr'>Personis</span> <span class='ocrx_word' id='word_1_888' title='bbox 1714 2017 1844 2059; x_wconf 90' lang='lat' dir='ltr'>perinde</span> <span class='ocrx_word' id='word_1_889' title='bbox 1860 2016 2046 2048; x_wconf 88' lang='lat' dir='ltr'>communia</span> <span class='ocrx_word' id='word_1_890' title='bbox 2062 2026 2145 2056; x_wconf 87' lang='lat' dir='ltr'>esse,</span> <span class='ocrx_word' id='word_1_891' title='bbox 2161 2023 2199 2048; x_wconf 90' lang='lat' dir='ltr'>ut</span> <span class='ocrx_word' id='word_1_892' title='bbox 2213 2026 2386 2058; x_wconf 88' lang='lat' dir='ltr'>quaecum-</span> 
     </span>
     <span class='ocr_line' id='line_1_114' title="bbox 1313 2061 2387 2103; baseline 0 -11"><span class='ocrx_word' id='word_1_893' title='bbox 1313 2071 1376 2103; x_wconf 91' lang='lat' dir='ltr'>que</span> <span class='ocrx_word' id='word_1_894' title='bbox 1399 2061 1551 2093; x_wconf 90' lang='lat' dir='ltr'>miracula</span> <span class='ocrx_word' id='word_1_895' title='bbox 1575 2061 1731 2101; x_wconf 89' lang='lat' dir='ltr'>Christus,</span> <span class='ocrx_word' id='word_1_896' title='bbox 1755 2061 1851 2093; x_wconf 89' lang='lat' dir='ltr'>etiam</span> <span class='ocrx_word' id='word_1_897' title='bbox 1879 2061 2018 2092; x_wconf 90' lang='lat' dir='ltr'>adhibita</span> <span class='ocrx_word' id='word_1_898' title='bbox 2041 2070 2144 2100; x_wconf 88' lang='lat' dir='ltr'>carne,</span> <span class='ocrx_word' id='word_1_899' title='bbox 2168 2061 2310 2100; x_wconf 89' lang='lat' dir='ltr'>ediderit,</span> <span class='ocrx_word' id='word_1_900' title='bbox 2335 2071 2387 2092; x_wconf 88' lang='lat' dir='ltr'>ea-</span> 
     </span>
     <span class='ocr_line' id='line_1_115' title="bbox 1313 2105 2387 2147; baseline 0 -11"><span class='ocrx_word' id='word_1_901' title='bbox 1313 2107 1387 2137; x_wconf 90' lang='lat' dir='ltr'>dem</span> <span class='ocrx_word' id='word_1_902' title='bbox 1409 2106 1501 2137; x_wconf 88' lang='lat' dir='ltr'>Pater</span> <span class='ocrx_word' id='word_1_903' title='bbox 1529 2113 1560 2137; x_wconf 91' lang='lat' dir='ltr'>et</span> <span class='ocrx_word' id='word_1_904' title='bbox 1589 2106 1723 2147; x_wconf 82' lang='lat' dir='ltr'>Spiritus</span> <span class='ocrx_word' id='word_1_905' title='bbox 1747 2105 1880 2138; x_wconf 85' lang='lat' dir='ltr'>Sanctus</span> <span class='ocrx_word' id='word_1_906' title='bbox 1914 2105 2010 2136; x_wconf 91' lang='lat' dir='ltr'>simul</span> <span class='ocrx_word' id='word_1_907' title='bbox 2033 2112 2064 2137; x_wconf 91' lang='lat' dir='ltr'>et</span> <span class='ocrx_word' id='word_1_908' title='bbox 2096 2115 2133 2136; x_wconf 88' lang='lat' dir='ltr'>ex</span> <span class='ocrx_word' id='word_1_909' title='bbox 2157 2115 2262 2146; x_wconf 89' lang='lat' dir='ltr'>aequo</span> <span class='ocrx_word' id='word_1_910' title='bbox 2285 2105 2387 2146; x_wconf 85' lang='lat' dir='ltr'>perfe-</span> 
     </span>
     <span class='ocr_line' id='line_1_116' title="bbox 1313 2148 2385 2191; baseline -0.002 -9"><span class='ocrx_word' id='word_1_911' title='bbox 1313 2151 1419 2182; x_wconf 87' lang='lat' dir='ltr'>cerint:</span> <span class='ocrx_word' id='word_1_912' title='bbox 1439 2163 1454 2179; x_wconf 73' lang='grc' dir='ltr'><strong><em>旅</em></strong></span> <span class='ocrx_word' id='word_1_913' title='bbox 1475 2150 1574 2188; x_wconf 92' lang='lat' dir='ltr'>Quod</span> <span class='ocrx_word' id='word_1_914' title='bbox 1597 2150 1623 2181; x_wconf 91' lang='lat' dir='ltr'>si</span> <span class='ocrx_word' id='word_1_915' title='bbox 1647 2150 1792 2182; x_wconf 80' lang='lat' dir='ltr'>Christus</span> <span class='ocrx_word' id='word_1_916' title='bbox 1821 2159 1876 2181; x_wconf 91' lang='lat' dir='ltr'>seu</span> <span class='ocrx_word' id='word_1_917' title='bbox 1900 2150 2043 2181; x_wconf 85' lang='lat' dir='ltr'>Verbum</span> <span class='ocrx_word' id='word_1_918' title='bbox 2071 2149 2270 2181; x_wconf 87' lang='lat' dir='ltr'>incarnatum</span> <span class='ocrx_word' id='word_1_919' title='bbox 2293 2148 2385 2191; x_wconf 84' lang='lat' dir='ltr'>(sub-</span> 
     </span>
     <span class='ocr_line' id='line_1_117' title="bbox 1315 2193 2387 2237; baseline 0 -13"><span class='ocrx_word' id='word_1_920' title='bbox 1315 2208 1330 2223; x_wconf 80' lang='lat'><strong>損</strong></span> <span class='ocrx_word' id='word_1_921' title='bbox 1351 2196 1449 2226; x_wconf 86' lang='lat' dir='ltr'>sumit</span> <span class='ocrx_word' id='word_1_922' title='bbox 1465 2194 1541 2237; x_wconf 85' lang='lat' dir='ltr'>ille)</span> <span class='ocrx_word' id='word_1_923' title='bbox 1559 2201 1680 2236; x_wconf 88' lang='lat' dir='ltr'>praeter</span> <span class='ocrx_word' id='word_1_924' title='bbox 1699 2193 1899 2226; x_wconf 82' lang='lat' dir='ltr'>efficientiam</span> <span class='ocrx_word' id='word_1_925' title='bbox 1915 2204 2007 2225; x_wconf 87' lang='lat' dir='ltr'>suam</span> <span class='ocrx_word' id='word_1_926' title='bbox 2023 2203 2109 2224; x_wconf 89' lang='lat' dir='ltr'>mere</span> <span class='ocrx_word' id='word_1_927' title='bbox 2125 2193 2276 2233; x_wconf 85' lang='lat' dir='ltr'>divinam,</span> <span class='ocrx_word' id='word_1_928' title='bbox 2287 2203 2387 2235; x_wconf 86' lang='lat' dir='ltr'>quam</span> 
     </span>
     <span class='ocr_line' id='line_1_118' title="bbox 1314 2237 2387 2280; baseline 0 -11"><span class='ocrx_word' id='word_1_929' title='bbox 1314 2252 1330 2268; x_wconf 60' lang='grc' dir='ltr'><strong><em>旅</em></strong></span> <span class='ocrx_word' id='word_1_930' title='bbox 1353 2249 1427 2270; x_wconf 91' lang='lat' dir='ltr'>cum</span> <span class='ocrx_word' id='word_1_931' title='bbox 1450 2240 1540 2270; x_wconf 89' lang='lat' dir='ltr'>Patre</span> <span class='ocrx_word' id='word_1_932' title='bbox 1571 2246 1602 2270; x_wconf 94' lang='lat' dir='ltr'>et</span> <span class='ocrx_word' id='word_1_933' title='bbox 1625 2239 1743 2280; x_wconf 92' lang='lat' dir='ltr'>Spiritu</span> <span class='ocrx_word' id='word_1_934' title='bbox 1777 2245 1886 2270; x_wconf 90' lang='lat' dir='ltr'>sancto</span> <span class='ocrx_word' id='word_1_935' title='bbox 1919 2248 2127 2270; x_wconf 88' lang='lat' dir='ltr'>communem</span> <span class='ocrx_word' id='word_1_936' title='bbox 2156 2237 2266 2277; x_wconf 89' lang='lat' dir='ltr'>habet,</span> <span class='ocrx_word' id='word_1_937' title='bbox 2290 2239 2387 2270; x_wconf 82' lang='lat' dir='ltr'>altera</span> 
     </span>
     <span class='ocr_line' id='line_1_119' title="bbox 1314 2282 2386 2324; baseline 0 -11"><span class='ocrx_word' id='word_1_938' title='bbox 1314 2297 1329 2312; x_wconf 84' lang='lat'></span> <span class='ocrx_word' id='word_1_939' title='bbox 1351 2283 1481 2324; x_wconf 90' lang='lat' dir='ltr'>insuper</span> <span class='ocrx_word' id='word_1_940' title='bbox 1496 2284 1774 2321; x_wconf 83' lang='lat' dir='ltr'>divino-humana,</span> <span class='ocrx_word' id='word_1_941' title='bbox 1786 2292 1868 2324; x_wconf 88' lang='lat' dir='ltr'>quae</span> <span class='ocrx_word' id='word_1_942' title='bbox 1883 2293 1940 2314; x_wconf 91' lang='lat' dir='ltr'>nec</span> <span class='ocrx_word' id='word_1_943' title='bbox 1956 2283 2038 2314; x_wconf 86' lang='lat' dir='ltr'>Patri</span> <span class='ocrx_word' id='word_1_944' title='bbox 2053 2292 2111 2314; x_wconf 88' lang='lat' dir='ltr'>nec</span> <span class='ocrx_word' id='word_1_945' title='bbox 2125 2282 2255 2324; x_wconf 89' lang='lat' dir='ltr'>Spiritui</span> <span class='ocrx_word' id='word_1_946' title='bbox 2275 2288 2386 2314; x_wconf 88' lang='lat' dir='ltr'>sancto</span> 
     </span>
     <span class='ocr_line' id='line_1_120' title="bbox 1315 2327 2386 2368; baseline 0.003 -12"><span class='ocrx_word' id='word_1_947' title='bbox 1315 2341 1329 2356; x_wconf 62' lang='lat'>2</span> <span class='ocrx_word' id='word_1_948' title='bbox 1352 2328 1534 2359; x_wconf 90' lang='lat' dir='ltr'>communis</span> <span class='ocrx_word' id='word_1_949' title='bbox 1558 2335 1622 2366; x_wconf 89' lang='lat' dir='ltr'>est,</span> <span class='ocrx_word' id='word_1_950' title='bbox 1647 2328 1761 2359; x_wconf 88' lang='lat' dir='ltr'>eximia</span> <span class='ocrx_word' id='word_1_951' title='bbox 1784 2337 1881 2368; x_wconf 91' lang='lat' dir='ltr'>opera</span> <span class='ocrx_word' id='word_1_952' title='bbox 1905 2337 1960 2358; x_wconf 90' lang='lat' dir='ltr'>seu</span> <span class='ocrx_word' id='word_1_953' title='bbox 1992 2327 2145 2358; x_wconf 87' lang='lat' dir='ltr'>miracula</span> <span class='ocrx_word' id='word_1_954' title='bbox 2168 2327 2282 2365; x_wconf 87' lang='lat' dir='ltr'>edidit余</span> <span class='ocrx_word' id='word_1_955' title='bbox 2306 2327 2386 2368; x_wconf 90' lang='lat' dir='ltr'>quid</span> 
     </span>
     <span class='ocr_line' id='line_1_121' title="bbox 1314 2371 2386 2415; baseline 0 -13"><span class='ocrx_word' id='word_1_956' title='bbox 1314 2385 1329 2401; x_wconf 66' lang='lat'>2</span> <span class='ocrx_word' id='word_1_957' title='bbox 1352 2372 1439 2403; x_wconf 91' lang='lat' dir='ltr'>aliud</span> <span class='ocrx_word' id='word_1_958' title='bbox 1471 2372 1544 2404; x_wconf 90' lang='lat' dir='ltr'>hinc</span> <span class='ocrx_word' id='word_1_959' title='bbox 1577 2372 1802 2415; x_wconf 86' lang='lat' dir='ltr'>consequitur,</span> <span class='ocrx_word' id='word_1_960' title='bbox 1827 2372 1887 2402; x_wconf 91' lang='lat' dir='ltr'>nisi</span> <span class='ocrx_word' id='word_1_961' title='bbox 1911 2372 2074 2403; x_wconf 87' lang='lat' dir='ltr'>auctorem</span> <span class='ocrx_word' id='word_1_962' title='bbox 2106 2371 2204 2402; x_wconf 90' lang='lat' dir='ltr'>istum</span> <span class='ocrx_word' id='word_1_963' title='bbox 2228 2371 2283 2412; x_wconf 93' lang='lat' dir='ltr'>qui</span> <span class='ocrx_word' id='word_1_964' title='bbox 2307 2371 2386 2403; x_wconf 88' lang='lat' dir='ltr'>haec</span> 
     </span>
     <span class='ocr_line' id='line_1_122' title="bbox 1314 2416 2383 2456; baseline 0.001 -11"><span class='ocrx_word' id='word_1_965' title='bbox 1314 2429 1329 2445; x_wconf 63' lang='grc' dir='ltr'><strong>旅</strong></span> <span class='ocrx_word' id='word_1_966' title='bbox 1351 2416 1474 2456; x_wconf 83' lang='lat' dir='ltr'>effutiit,</span> <span class='ocrx_word' id='word_1_967' title='bbox 1498 2427 1537 2447; x_wconf 88' lang='lat' dir='ltr'>eo</span> <span class='ocrx_word' id='word_1_968' title='bbox 1560 2417 1593 2447; x_wconf 92' lang='lat' dir='ltr'>in</span> <span class='ocrx_word' id='word_1_969' title='bbox 1618 2426 1720 2448; x_wconf 90' lang='lat' dir='ltr'>errore</span> <span class='ocrx_word' id='word_1_970' title='bbox 1743 2423 1903 2447; x_wconf 90' lang='lat' dir='ltr'>versatum</span> <span class='ocrx_word' id='word_1_971' title='bbox 1926 2426 2013 2455; x_wconf 88' lang='lat' dir='ltr'>esse,</span> <span class='ocrx_word' id='word_1_972' title='bbox 2037 2416 2143 2447; x_wconf 90' lang='lat' dir='ltr'>Deum</span> <span class='ocrx_word' id='word_1_973' title='bbox 2162 2416 2316 2455; x_wconf 88' lang='lat' dir='ltr'>Verbum,</span> <span class='ocrx_word' id='word_1_974' title='bbox 2335 2425 2383 2446; x_wconf 80' lang='lat' dir='ltr'>as-</span> 
     </span>
     <span class='ocr_line' id='line_1_123' title="bbox 1314 2460 2382 2502; baseline 0 -11"><span class='ocrx_word' id='word_1_975' title='bbox 1314 2474 1328 2489; x_wconf 80' lang='lat'><strong>損</strong></span> <span class='ocrx_word' id='word_1_976' title='bbox 1351 2468 1479 2502; x_wconf 87' lang='lat' dir='ltr'>sumpta</span> <span class='ocrx_word' id='word_1_977' title='bbox 1498 2460 1711 2499; x_wconf 84' lang='lat' dir='ltr'>humanitate,</span> <span class='ocrx_word' id='word_1_978' title='bbox 1728 2461 1863 2491; x_wconf 87' lang='lat' dir='ltr'>mixtum</span> <span class='ocrx_word' id='word_1_979' title='bbox 1882 2460 2047 2502; x_wconf 88' lang='lat' dir='ltr'>quoddam</span> <span class='ocrx_word' id='word_1_980' title='bbox 2066 2466 2196 2491; x_wconf 85' lang='lat' dir='ltr'>naturae</span> <span class='ocrx_word' id='word_1_981' title='bbox 2211 2469 2311 2500; x_wconf 88' lang='lat' dir='ltr'>genus</span> <span class='ocrx_word' id='word_1_982' title='bbox 2327 2469 2382 2491; x_wconf 88' lang='lat' dir='ltr'>na-</span> 
     </span>
     <span class='ocr_line' id='line_1_124' title="bbox 1313 2503 2382 2546; baseline 0.001 -12"><span class='ocrx_word' id='word_1_983' title='bbox 1313 2519 1328 2534; x_wconf 77' lang='lat'><strong>損</strong></span> <span class='ocrx_word' id='word_1_984' title='bbox 1351 2512 1439 2537; x_wconf 90' lang='lat' dir='ltr'>ctum</span> <span class='ocrx_word' id='word_1_985' title='bbox 1463 2515 1530 2536; x_wconf 90' lang='lat' dir='ltr'>esse</span> <span class='ocrx_word' id='word_1_986' title='bbox 1563 2515 1619 2536; x_wconf 87' lang='lat' dir='ltr'>seu</span> <span class='ocrx_word' id='word_1_987' title='bbox 1648 2512 1795 2537; x_wconf 87' lang='lat' dir='ltr'>naturam</span> <span class='ocrx_word' id='word_1_988' title='bbox 1824 2504 2057 2545; x_wconf 89' lang='lat' dir='ltr'>compositam,</span> <span class='ocrx_word' id='word_1_989' title='bbox 2081 2514 2163 2546; x_wconf 89' lang='lat' dir='ltr'>quae</span> <span class='ocrx_word' id='word_1_990' title='bbox 2190 2504 2285 2535; x_wconf 88' lang='lat' dir='ltr'>huius</span> <span class='ocrx_word' id='word_1_991' title='bbox 2316 2503 2382 2535; x_wconf 86' lang='lat' dir='ltr'>effi-</span> 
     </span>
     <span class='ocr_line' id='line_1_125' title="bbox 1313 2548 2382 2590; baseline 0.001 -12"><span class='ocrx_word' id='word_1_992' title='bbox 1313 2563 1328 2578; x_wconf 75' lang='lat'><strong>損</strong></span> <span class='ocrx_word' id='word_1_993' title='bbox 1351 2550 1481 2581; x_wconf 89' lang='lat' dir='ltr'>cientiae</span> <span class='ocrx_word' id='word_1_994' title='bbox 1504 2550 1602 2581; x_wconf 90' lang='lat' dir='ltr'>veluti</span> <span class='ocrx_word' id='word_1_995' title='bbox 1626 2549 1778 2589; x_wconf 81' lang='lat' dir='ltr'>formale,</span> <span class='ocrx_word' id='word_1_996' title='bbox 1802 2556 1839 2580; x_wconf 90' lang='lat' dir='ltr'>ut</span> <span class='ocrx_word' id='word_1_997' title='bbox 1866 2549 2051 2580; x_wconf 86' lang='lat' dir='ltr'>Scholastici</span> <span class='ocrx_word' id='word_1_998' title='bbox 2078 2549 2266 2590; x_wconf 92' lang='lat' dir='ltr'>loquuntur,</span> <span class='ocrx_word' id='word_1_999' title='bbox 2295 2548 2382 2590; x_wconf 85' lang='lat' dir='ltr'>prin</span> 
     </span>
     <span class='ocr_line' id='line_1_126' title="bbox 1313 2592 2381 2636; baseline 0.001 -13"><span class='ocrx_word' id='word_1_1000' title='bbox 1313 2607 1328 2622; x_wconf 78' lang='lat'><strong>損</strong></span> <span class='ocrx_word' id='word_1_1001' title='bbox 1351 2594 1472 2635; x_wconf 88' lang='lat' dir='ltr'>cipium</span> <span class='ocrx_word' id='word_1_1002' title='bbox 1504 2601 1602 2634; x_wconf 89' lang='lat' dir='ltr'>esset余</span> <span class='ocrx_word' id='word_1_1003' title='bbox 1631 2603 1777 2636; x_wconf 89' lang='lat' dir='ltr'>quaeque</span> <span class='ocrx_word' id='word_1_1004' title='bbox 1809 2603 1868 2625; x_wconf 88' lang='lat' dir='ltr'>nec</span> <span class='ocrx_word' id='word_1_1005' title='bbox 1890 2593 2010 2632; x_wconf 87' lang='lat' dir='ltr'>Patris,</span> <span class='ocrx_word' id='word_1_1006' title='bbox 2034 2603 2092 2624; x_wconf 90' lang='lat' dir='ltr'>nec</span> <span class='ocrx_word' id='word_1_1007' title='bbox 2115 2593 2250 2634; x_wconf 91' lang='lat' dir='ltr'>Spiritus</span> <span class='ocrx_word' id='word_1_1008' title='bbox 2282 2592 2381 2624; x_wconf 87' lang='lat' dir='ltr'>sancti</span> 
     </span>
     <span class='ocr_line' id='line_1_127' title="bbox 1313 2639 1537 2669; baseline -0.004 -2"><span class='ocrx_word' id='word_1_1009' title='bbox 1313 2651 1328 2666; x_wconf 84' lang='lat'><strong>損</strong></span> <span class='ocrx_word' id='word_1_1010' title='bbox 1351 2639 1502 2669; x_wconf 87' lang='lat' dir='ltr'>existeret.</span> <span class='ocrx_word' id='word_1_1011' title='bbox 1522 2651 1537 2666; x_wconf 83' lang='lat'></span> 
     </span>
    </p>

    <p class='ocr_par' dir='ltr' id='par_1_14' title="bbox 1309 2680 2383 3696">
     <span class='ocr_line' id='line_1_128' title="bbox 1378 2680 2382 2721; baseline -0.001 -9"><span class='ocrx_word' id='word_1_1012' title='bbox 1378 2683 1415 2713; x_wconf 89' lang='lat'>11.</span> <span class='ocrx_word' id='word_1_1013' title='bbox 1433 2683 1514 2713; x_wconf 88' lang='lat' dir='ltr'>Mira</span> <span class='ocrx_word' id='word_1_1014' title='bbox 1536 2682 1628 2714; x_wconf 88' lang='lat' dir='ltr'>nobis</span> <span class='ocrx_word' id='word_1_1015' title='bbox 1651 2681 1728 2712; x_wconf 88' lang='lat' dir='ltr'>haec</span> <span class='ocrx_word' id='word_1_1016' title='bbox 1751 2681 1907 2712; x_wconf 90' lang='lat' dir='ltr'>videntur.</span> <span class='ocrx_word' id='word_1_1017' title='bbox 1925 2681 2012 2712; x_wconf 85' lang='lat' dir='ltr'>Haec</span> <span class='ocrx_word' id='word_1_1018' title='bbox 2036 2681 2147 2712; x_wconf 89' lang='lat' dir='ltr'>eadem</span> <span class='ocrx_word' id='word_1_1019' title='bbox 2161 2680 2382 2721; x_wconf 79' lang='lat' dir='ltr'>Areopagitica</span> 
     </span>
     <span class='ocr_line' id='line_1_129' title="bbox 1310 2724 2382 2767; baseline -0.001 -11"><span class='ocrx_word' id='word_1_1020' title='bbox 1310 2726 1405 2757; x_wconf 86' lang='lat' dir='ltr'>verba</span> <span class='ocrx_word' id='word_1_1021' title='bbox 1427 2726 1460 2757; x_wconf 91' lang='lat' dir='ltr'>in</span> <span class='ocrx_word' id='word_1_1022' title='bbox 1484 2726 1616 2767; x_wconf 89' lang='lat' dir='ltr'>Synodo</span> <span class='ocrx_word' id='word_1_1023' title='bbox 1641 2726 1865 2764; x_wconf 90' lang='lat' dir='ltr'>Lateranensi,</span> <span class='ocrx_word' id='word_1_1024' title='bbox 1890 2725 2135 2756; x_wconf 86' lang='lat' dir='ltr'>consultatione</span> <span class='ocrx_word' id='word_1_1025' title='bbox 2158 2735 2214 2755; x_wconf 87' lang='lat' dir='ltr'>seu</span> <span class='ocrx_word' id='word_1_1026' title='bbox 2244 2724 2382 2755; x_wconf 87' lang='lat' dir='ltr'>Secreta-</span> 
     </span>
     <span class='ocr_line' id='line_1_130' title="bbox 1310 2768 2383 2811; baseline -0.002 -10"><span class='ocrx_word' id='word_1_1027' title='bbox 1310 2770 1358 2801; x_wconf 91' lang='lat' dir='ltr'>rio</span> <span class='ocrx_word' id='word_1_1028' title='bbox 1382 2770 1411 2801; x_wconf 92' lang='lat' dir='ltr'>V</span> <span class='ocrx_word' id='word_1_1029' title='bbox 1434 2770 1610 2811; x_wconf 85' lang='lat' dir='ltr'>allegantur</span> <span class='ocrx_word' id='word_1_1030' title='bbox 1642 2770 1768 2808; x_wconf 91' lang='lat' dir='ltr'>omnia,</span> <span class='ocrx_word' id='word_1_1031' title='bbox 1797 2776 1832 2800; x_wconf 93' lang='lat' dir='ltr'>ut</span> <span class='ocrx_word' id='word_1_1032' title='bbox 1856 2769 1972 2810; x_wconf 86' lang='lat' dir='ltr'>duplex</span> <span class='ocrx_word' id='word_1_1033' title='bbox 2004 2769 2036 2799; x_wconf 92' lang='lat' dir='ltr'>in</span> <span class='ocrx_word' id='word_1_1034' title='bbox 2061 2768 2189 2800; x_wconf 89' lang='lat' dir='ltr'>Christo</span> <span class='ocrx_word' id='word_1_1035' title='bbox 2221 2769 2383 2800; x_wconf 85' lang='lat' dir='ltr'>evincatur</span> 
     </span>
     <span class='ocr_line' id='line_1_131' title="bbox 1311 2813 2382 2856; baseline -0.002 -11"><span class='ocrx_word' id='word_1_1036' title='bbox 1311 2814 1470 2855; x_wconf 86' lang='lat' dir='ltr'>operatio,</span> <span class='ocrx_word' id='word_1_1037' title='bbox 1494 2814 1770 2856; x_wconf 88' lang='lat' dir='ltr'>quemadmodum</span> <span class='ocrx_word' id='word_1_1038' title='bbox 1801 2813 1916 2854; x_wconf 85' lang='lat' dir='ltr'>duplex</span> <span class='ocrx_word' id='word_1_1039' title='bbox 1939 2813 1972 2844; x_wconf 90' lang='lat' dir='ltr'>in</span> <span class='ocrx_word' id='word_1_1040' title='bbox 1996 2823 2035 2844; x_wconf 90' lang='lat' dir='ltr'>eo</span> <span class='ocrx_word' id='word_1_1041' title='bbox 2059 2819 2170 2844; x_wconf 86' lang='lat' dir='ltr'>natura</span> <span class='ocrx_word' id='word_1_1042' title='bbox 2197 2819 2253 2844; x_wconf 89' lang='lat' dir='ltr'>est.</span> <span class='ocrx_word' id='word_1_1043' title='bbox 2278 2815 2382 2853; x_wconf 87' lang='lat' dir='ltr'>Argu</span> 
     </span>
     <span class='ocr_line' id='line_1_132' title="bbox 1311 2857 2383 2900; baseline -0.002 -11"><span class='ocrx_word' id='word_1_1044' title='bbox 1311 2859 1410 2889; x_wconf 88' lang='lat' dir='ltr'>menti</span> <span class='ocrx_word' id='word_1_1045' title='bbox 1433 2858 1499 2889; x_wconf 90' lang='lat' dir='ltr'>vim</span> <span class='ocrx_word' id='word_1_1046' title='bbox 1517 2868 1655 2900; x_wconf 86' lang='lat' dir='ltr'>expono.</span> <span class='ocrx_word' id='word_1_1047' title='bbox 1671 2858 1796 2898; x_wconf 90' lang='lat' dir='ltr'>Nempe</span> <span class='ocrx_word' id='word_1_1048' title='bbox 1817 2858 1922 2899; x_wconf 81' lang='lat' dir='ltr'>aliqua</span> <span class='ocrx_word' id='word_1_1049' title='bbox 1945 2857 2120 2888; x_wconf 89' lang='lat' dir='ltr'>necessario</span> <span class='ocrx_word' id='word_1_1050' title='bbox 2136 2857 2319 2888; x_wconf 91' lang='lat' dir='ltr'>stabilienda</span> <span class='ocrx_word' id='word_1_1051' title='bbox 2335 2863 2383 2888; x_wconf 87' lang='lat' dir='ltr'>est</span> 
     </span>
     <span class='ocr_line' id='line_1_133' title="bbox 1312 2901 2380 2944; baseline -0.002 -10"><span class='ocrx_word' id='word_1_1052' title='bbox 1312 2902 1429 2934; x_wconf 87' lang='lat' dir='ltr'>Christi</span> <span class='ocrx_word' id='word_1_1053' title='bbox 1459 2902 1602 2944; x_wconf 80' lang='lat' dir='ltr'>operatio</span> <span class='ocrx_word' id='word_1_1054' title='bbox 1634 2912 1735 2943; x_wconf 89' lang='lat' dir='ltr'>usque</span> <span class='ocrx_word' id='word_1_1055' title='bbox 1767 2902 1846 2933; x_wconf 92' lang='lat' dir='ltr'>adeo</span> <span class='ocrx_word' id='word_1_1056' title='bbox 1876 2902 2004 2943; x_wconf 87' lang='lat' dir='ltr'>propria</span> <span class='ocrx_word' id='word_1_1057' title='bbox 2027 2908 2058 2933; x_wconf 92' lang='lat' dir='ltr'>et</span> <span class='ocrx_word' id='word_1_1058' title='bbox 2081 2901 2263 2942; x_wconf 88' lang='lat' dir='ltr'>peculiaris,</span> <span class='ocrx_word' id='word_1_1059' title='bbox 2288 2907 2325 2933; x_wconf 91' lang='lat' dir='ltr'>ut</span> <span class='ocrx_word' id='word_1_1060' title='bbox 2346 2901 2380 2932; x_wconf 89' lang='lat' dir='ltr'>in</span> 
     </span>
     <span class='ocr_line' id='line_1_134' title="bbox 1311 2946 2380 2987; baseline -0.002 -9"><span class='ocrx_word' id='word_1_1061' title='bbox 1311 2947 1379 2978; x_wconf 91' lang='lat' dir='ltr'>eius</span> <span class='ocrx_word' id='word_1_1062' title='bbox 1403 2947 1667 2979; x_wconf 90' lang='lat' dir='ltr'>communionem</span> <span class='ocrx_word' id='word_1_1063' title='bbox 1690 2956 1748 2977; x_wconf 90' lang='lat' dir='ltr'>nec</span> <span class='ocrx_word' id='word_1_1064' title='bbox 1770 2947 1872 2985; x_wconf 85' lang='lat' dir='ltr'>Pater,</span> <span class='ocrx_word' id='word_1_1065' title='bbox 1896 2956 1954 2977; x_wconf 91' lang='lat' dir='ltr'>nec</span> <span class='ocrx_word' id='word_1_1066' title='bbox 1979 2946 2114 2987; x_wconf 89' lang='lat' dir='ltr'>Spiritus</span> <span class='ocrx_word' id='word_1_1067' title='bbox 2138 2952 2263 2977; x_wconf 88' lang='lat' dir='ltr'>sanctus</span> <span class='ocrx_word' id='word_1_1068' title='bbox 2287 2955 2380 2977; x_wconf 90' lang='lat' dir='ltr'>voce-</span> 
     </span>
     <span class='ocr_line' id='line_1_135' title="bbox 1311 2989 2382 3032; baseline -0.001 -10"><span class='ocrx_word' id='word_1_1069' title='bbox 1311 2998 1371 3022; x_wconf 92' lang='lat' dir='ltr'>tur.</span> <span class='ocrx_word' id='word_1_1070' title='bbox 1389 2993 1432 3022; x_wconf 88' lang='lat' dir='ltr'>At</span> <span class='ocrx_word' id='word_1_1071' title='bbox 1454 2991 1530 3023; x_wconf 87' lang='lat' dir='ltr'>haec</span> <span class='ocrx_word' id='word_1_1072' title='bbox 1554 3001 1619 3022; x_wconf 92' lang='lat' dir='ltr'>non</span> <span class='ocrx_word' id='word_1_1073' title='bbox 1644 2991 1703 3021; x_wconf 90' lang='lat' dir='ltr'>alia</span> <span class='ocrx_word' id='word_1_1074' title='bbox 1725 3001 1823 3032; x_wconf 86' lang='lat' dir='ltr'>quam</span> <span class='ocrx_word' id='word_1_1075' title='bbox 1842 2990 1982 3022; x_wconf 90' lang='lat' dir='ltr'>humana</span> <span class='ocrx_word' id='word_1_1076' title='bbox 2005 2990 2148 3031; x_wconf 89' lang='lat' dir='ltr'>operatio</span> <span class='ocrx_word' id='word_1_1077' title='bbox 2167 2997 2273 3031; x_wconf 89' lang='lat' dir='ltr'>potest</span> <span class='ocrx_word' id='word_1_1078' title='bbox 2288 2989 2382 3021; x_wconf 53' lang='lat' dir='ltr'>excoss</span> 
     </span>
     <span class='ocr_line' id='line_1_136' title="bbox 1311 3034 2380 3077; baseline -0.001 -11"><span class='ocrx_word' id='word_1_1079' title='bbox 1311 3035 1412 3076; x_wconf 89' lang='lat' dir='ltr'>gitari,</span> <span class='ocrx_word' id='word_1_1080' title='bbox 1429 3046 1510 3077; x_wconf 86' lang='lat' dir='ltr'>quae</span> <span class='ocrx_word' id='word_1_1081' title='bbox 1534 3035 1577 3066; x_wconf 92' lang='lat' dir='ltr'>ita</span> <span class='ocrx_word' id='word_1_1082' title='bbox 1600 3035 1639 3066; x_wconf 87' lang='lat' dir='ltr'>sit</span> <span class='ocrx_word' id='word_1_1083' title='bbox 1662 3035 1757 3067; x_wconf 89' lang='lat' dir='ltr'>Verbi</span> <span class='ocrx_word' id='word_1_1084' title='bbox 1781 3035 1918 3076; x_wconf 90' lang='lat' dir='ltr'>propria,</span> <span class='ocrx_word' id='word_1_1085' title='bbox 1935 3042 1971 3066; x_wconf 91' lang='lat' dir='ltr'>ut</span> <span class='ocrx_word' id='word_1_1086' title='bbox 1987 3045 2053 3066; x_wconf 88' lang='lat' dir='ltr'>non</span> <span class='ocrx_word' id='word_1_1087' title='bbox 2073 3035 2111 3066; x_wconf 88' lang='lat' dir='ltr'>sit</span> <span class='ocrx_word' id='word_1_1088' title='bbox 2134 3034 2232 3066; x_wconf 86' lang='lat' dir='ltr'>Patris</span> <span class='ocrx_word' id='word_1_1089' title='bbox 2256 3041 2287 3066; x_wconf 89' lang='lat' dir='ltr'>et</span> <span class='ocrx_word' id='word_1_1090' title='bbox 2309 3034 2380 3075; x_wconf 90' lang='lat' dir='ltr'>Spi-</span> 
     </span>
     <span class='ocr_line' id='line_1_137' title="bbox 1311 3078 2379 3121; baseline 0 -11"><span class='ocrx_word' id='word_1_1091' title='bbox 1311 3080 1389 3111; x_wconf 87' lang='lat' dir='ltr'>ritus</span> <span class='ocrx_word' id='word_1_1092' title='bbox 1413 3080 1522 3118; x_wconf 88' lang='lat' dir='ltr'>sancti,</span> <span class='ocrx_word' id='word_1_1093' title='bbox 1546 3080 1586 3110; x_wconf 92' lang='lat' dir='ltr'>ad</span> <span class='ocrx_word' id='word_1_1094' title='bbox 1609 3090 1685 3111; x_wconf 92' lang='lat' dir='ltr'>eum</span> <span class='ocrx_word' id='word_1_1095' title='bbox 1708 3080 1844 3110; x_wconf 90' lang='lat' dir='ltr'>modum</span> <span class='ocrx_word' id='word_1_1096' title='bbox 1867 3089 1933 3121; x_wconf 94' lang='lat' dir='ltr'>quo</span> <span class='ocrx_word' id='word_1_1097' title='bbox 1957 3086 2003 3110; x_wconf 92' lang='lat' dir='ltr'>est</span> <span class='ocrx_word' id='word_1_1098' title='bbox 2026 3079 2138 3117; x_wconf 90' lang='lat' dir='ltr'>Verbi余</span> <span class='ocrx_word' id='word_1_1099' title='bbox 2163 3079 2244 3110; x_wconf 89' lang='lat' dir='ltr'>sicut</span> <span class='ocrx_word' id='word_1_1100' title='bbox 2267 3085 2298 3110; x_wconf 88' lang='lat' dir='ltr'>et</span> <span class='ocrx_word' id='word_1_1101' title='bbox 2320 3078 2379 3110; x_wconf 84' lang='lat' dir='ltr'>hu-</span> 
     </span>
     <span class='ocr_line' id='line_1_138' title="bbox 1312 3123 2379 3165; baseline -0.001 -10"><span class='ocrx_word' id='word_1_1102' title='bbox 1312 3124 1445 3155; x_wconf 79' lang='lat' dir='ltr'>manitas</span> <span class='ocrx_word' id='word_1_1103' title='bbox 1468 3124 1636 3165; x_wconf 87' lang='lat' dir='ltr'>adsumpta</span> <span class='ocrx_word' id='word_1_1104' title='bbox 1654 3124 1697 3155; x_wconf 89' lang='lat' dir='ltr'>ita</span> <span class='ocrx_word' id='word_1_1105' title='bbox 1721 3130 1767 3155; x_wconf 86' lang='lat' dir='ltr'>est</span> <span class='ocrx_word' id='word_1_1106' title='bbox 1789 3124 1884 3155; x_wconf 91' lang='lat' dir='ltr'>Verbi</span> <span class='ocrx_word' id='word_1_1107' title='bbox 1908 3123 2090 3164; x_wconf 89' lang='lat' dir='ltr'>peculiaris,</span> <span class='ocrx_word' id='word_1_1108' title='bbox 2114 3130 2150 3154; x_wconf 89' lang='lat' dir='ltr'>ut</span> <span class='ocrx_word' id='word_1_1109' title='bbox 2173 3123 2284 3154; x_wconf 89' lang='lat' dir='ltr'>eadem</span> <span class='ocrx_word' id='word_1_1110' title='bbox 2307 3123 2379 3164; x_wconf 88' lang='lat' dir='ltr'>ipso</span> 
     </span>
     <span class='ocr_line' id='line_1_139' title="bbox 1310 3167 2380 3209; baseline -0.001 -10"><span class='ocrx_word' id='word_1_1111' title='bbox 1310 3169 1378 3199; x_wconf 91' lang='lat' dir='ltr'>iure</span> <span class='ocrx_word' id='word_1_1112' title='bbox 1401 3178 1458 3200; x_wconf 88' lang='lat' dir='ltr'>nec</span> <span class='ocrx_word' id='word_1_1113' title='bbox 1481 3168 1580 3199; x_wconf 89' lang='lat' dir='ltr'>Patris</span> <span class='ocrx_word' id='word_1_1114' title='bbox 1603 3168 1652 3207; x_wconf 86' lang='lat' dir='ltr'>sit,</span> <span class='ocrx_word' id='word_1_1115' title='bbox 1670 3178 1727 3199; x_wconf 89' lang='lat' dir='ltr'>nec</span> <span class='ocrx_word' id='word_1_1116' title='bbox 1743 3168 1876 3209; x_wconf 89' lang='lat' dir='ltr'>Spiritus</span> <span class='ocrx_word' id='word_1_1117' title='bbox 1900 3168 2008 3199; x_wconf 85' lang='lat' dir='ltr'>sancti.</span> <span class='ocrx_word' id='word_1_1118' title='bbox 2025 3168 2110 3206; x_wconf 90' lang='lat' dir='ltr'>Quia</span> <span class='ocrx_word' id='word_1_1119' title='bbox 2133 3167 2218 3198; x_wconf 90' lang='lat' dir='ltr'>enim</span> <span class='ocrx_word' id='word_1_1120' title='bbox 2242 3167 2330 3198; x_wconf 82' lang='lat' dir='ltr'>solus</span> <span class='ocrx_word' id='word_1_1121' title='bbox 2346 3177 2380 3198; x_wconf 81' lang='lat' dir='ltr'>se</span> 
     </span>
     <span class='ocr_line' id='line_1_140' title="bbox 1311 3210 2379 3253; baseline -0.001 -10"><span class='ocrx_word' id='word_1_1122' title='bbox 1311 3213 1395 3244; x_wconf 89' lang='lat' dir='ltr'>carni</span> <span class='ocrx_word' id='word_1_1123' title='bbox 1418 3212 1575 3253; x_wconf 86' lang='lat' dir='ltr'>implicuit</span> <span class='ocrx_word' id='word_1_1124' title='bbox 1596 3213 1738 3244; x_wconf 91' lang='lat' dir='ltr'>Verbum</span> <span class='ocrx_word' id='word_1_1125' title='bbox 1761 3213 1859 3251; x_wconf 87' lang='lat' dir='ltr'>Deus,</span> <span class='ocrx_word' id='word_1_1126' title='bbox 1883 3212 2113 3244; x_wconf 88' lang='lat' dir='ltr'>humanitatem</span> <span class='ocrx_word' id='word_1_1127' title='bbox 2141 3222 2198 3243; x_wconf 88' lang='lat' dir='ltr'>sua</span> <span class='ocrx_word' id='word_1_1128' title='bbox 2220 3210 2379 3252; x_wconf 83' lang='lat' dir='ltr'>personali</span> 
     </span>
     <span class='ocr_line' id='line_1_141' title="bbox 1311 3254 2379 3298; baseline -0.003 -10"><span class='ocrx_word' id='word_1_1129' title='bbox 1311 3257 1415 3288; x_wconf 83' lang='lat' dir='ltr'>divina</span> <span class='ocrx_word' id='word_1_1130' title='bbox 1438 3257 1629 3298; x_wconf 89' lang='lat' dir='ltr'>proprietate</span> <span class='ocrx_word' id='word_1_1131' title='bbox 1652 3257 1855 3298; x_wconf 91' lang='lat' dir='ltr'>complendo,</span> <span class='ocrx_word' id='word_1_1132' title='bbox 1880 3256 2078 3295; x_wconf 87' lang='lat' dir='ltr'>definiendo,</span> <span class='ocrx_word' id='word_1_1133' title='bbox 2102 3255 2322 3294; x_wconf 84' lang='lat' dir='ltr'>terminando余</span> <span class='ocrx_word' id='word_1_1134' title='bbox 2345 3254 2379 3285; x_wconf 85' lang='lat' dir='ltr'>in</span> 
     </span>
     <span class='ocr_line' id='line_1_142' title="bbox 1311 3299 2377 3342; baseline -0.002 -10"><span class='ocrx_word' id='word_1_1135' title='bbox 1311 3301 1378 3332; x_wconf 86' lang='lat' dir='ltr'>eius</span> <span class='ocrx_word' id='word_1_1136' title='bbox 1401 3301 1496 3332; x_wconf 87' lang='lat' dir='ltr'>etiam</span> <span class='ocrx_word' id='word_1_1137' title='bbox 1513 3301 1607 3332; x_wconf 88' lang='lat' dir='ltr'>unius</span> <span class='ocrx_word' id='word_1_1138' title='bbox 1630 3302 1680 3332; x_wconf 87' lang='lat' dir='ltr'>ius</span> <span class='ocrx_word' id='word_1_1139' title='bbox 1703 3302 1868 3342; x_wconf 90' lang='lat' dir='ltr'>personale</span> <span class='ocrx_word' id='word_1_1140' title='bbox 1888 3308 1918 3332; x_wconf 92' lang='lat' dir='ltr'>et</span> <span class='ocrx_word' id='word_1_1141' title='bbox 1936 3301 2103 3342; x_wconf 91' lang='lat' dir='ltr'>proprium</span> <span class='ocrx_word' id='word_1_1142' title='bbox 2120 3299 2377 3332; x_wconf 73' lang='lat' dir='ltr'>censumeadem</span> 
     </span>
     <span class='ocr_line' id='line_1_143' title="bbox 1311 3342 2378 3387; baseline -0.004 -10"><span class='ocrx_word' id='word_1_1143' title='bbox 1311 3346 1491 3377; x_wconf 87' lang='lat' dir='ltr'>humanitas</span> <span class='ocrx_word' id='word_1_1144' title='bbox 1507 3346 1662 3387; x_wconf 85' lang='lat' dir='ltr'>adscripta</span> <span class='ocrx_word' id='word_1_1145' title='bbox 1685 3353 1740 3377; x_wconf 88' lang='lat' dir='ltr'>est.</span> <span class='ocrx_word' id='word_1_1146' title='bbox 1758 3346 1804 3377; x_wconf 86' lang='lat' dir='ltr'>Ex</span> <span class='ocrx_word' id='word_1_1147' title='bbox 1821 3356 1887 3387; x_wconf 90' lang='lat' dir='ltr'>quo</span> <span class='ocrx_word' id='word_1_1148' title='bbox 1903 3346 1935 3376; x_wconf 91' lang='lat' dir='ltr'>id</span> <span class='ocrx_word' id='word_1_1149' title='bbox 1952 3346 2047 3377; x_wconf 89' lang='lat' dir='ltr'>etiam</span> <span class='ocrx_word' id='word_1_1150' title='bbox 2063 3345 2205 3383; x_wconf 85' lang='lat' dir='ltr'>efficitur,</span> <span class='ocrx_word' id='word_1_1151' title='bbox 2221 3350 2257 3375; x_wconf 90' lang='lat' dir='ltr'>ut</span> <span class='ocrx_word' id='word_1_1152' title='bbox 2271 3342 2378 3374; x_wconf 83' lang='lat' dir='ltr'>omnis</span> 
     </span>
     <span class='ocr_line' id='line_1_144' title="bbox 1311 3387 2376 3431; baseline -0.004 -10"><span class='ocrx_word' id='word_1_1153' title='bbox 1311 3390 1454 3431; x_wconf 89' lang='lat' dir='ltr'>operatio</span> <span class='ocrx_word' id='word_1_1154' title='bbox 1478 3391 1692 3430; x_wconf 84' lang='lat' dir='ltr'>humanitatis,</span> <span class='ocrx_word' id='word_1_1155' title='bbox 1717 3390 1813 3421; x_wconf 89' lang='lat' dir='ltr'>veluti</span> <span class='ocrx_word' id='word_1_1156' title='bbox 1837 3390 1999 3431; x_wconf 89' lang='lat' dir='ltr'>peculium</span> <span class='ocrx_word' id='word_1_1157' title='bbox 2022 3390 2062 3421; x_wconf 87' lang='lat' dir='ltr'>sit</span> <span class='ocrx_word' id='word_1_1158' title='bbox 2084 3389 2179 3421; x_wconf 90' lang='lat' dir='ltr'>Verbi</span> <span class='ocrx_word' id='word_1_1159' title='bbox 2199 3387 2376 3429; x_wconf 85' lang='lat' dir='ltr'>proprium,</span> 
     </span>
     <span class='ocr_line' id='line_1_145' title="bbox 1311 3430 2377 3476; baseline -0.004 -11"><span class='ocrx_word' id='word_1_1160' title='bbox 1311 3442 1475 3476; x_wconf 88' lang='lat' dir='ltr'>tamquam</span> <span class='ocrx_word' id='word_1_1161' title='bbox 1499 3445 1536 3466; x_wconf 87' lang='lat' dir='ltr'>ex</span> <span class='ocrx_word' id='word_1_1162' title='bbox 1559 3435 1690 3476; x_wconf 91' lang='lat' dir='ltr'>proprio</span> <span class='ocrx_word' id='word_1_1163' title='bbox 1714 3435 1781 3466; x_wconf 87' lang='lat' dir='ltr'>eius</span> <span class='ocrx_word' id='word_1_1164' title='bbox 1814 3445 1889 3475; x_wconf 88' lang='lat' dir='ltr'>agro</span> <span class='ocrx_word' id='word_1_1165' title='bbox 1914 3433 2242 3471; x_wconf 63' lang='lat' dir='ltr'>succrescensmbor,</span> <span class='ocrx_word' id='word_1_1166' title='bbox 2265 3431 2316 3462; x_wconf 85' lang='lat' dir='ltr'>vel</span> <span class='ocrx_word' id='word_1_1167' title='bbox 2343 3430 2377 3461; x_wconf 89' lang='lat' dir='ltr'>in</span> 
     </span>
     <span class='ocr_line' id='line_1_146' title="bbox 1310 3474 2376 3520; baseline -0.004 -11"><span class='ocrx_word' id='word_1_1168' title='bbox 1310 3479 1438 3520; x_wconf 87' lang='lat' dir='ltr'>propria</span> <span class='ocrx_word' id='word_1_1169' title='bbox 1461 3480 1571 3510; x_wconf 89' lang='lat' dir='ltr'>arbore</span> <span class='ocrx_word' id='word_1_1170' title='bbox 1595 3479 1714 3511; x_wconf 89' lang='lat' dir='ltr'>fructus</span> <span class='ocrx_word' id='word_1_1171' title='bbox 1738 3486 1858 3510; x_wconf 85' lang='lat' dir='ltr'>enatus.</span> <span class='ocrx_word' id='word_1_1172' title='bbox 1883 3479 1940 3520; x_wconf 84' lang='lat' dir='ltr'>Est</span> <span class='ocrx_word' id='word_1_1173' title='bbox 1965 3485 2072 3510; x_wconf 84' lang='lat' dir='ltr'>autem</span> <span class='ocrx_word' id='word_1_1174' title='bbox 2101 3483 2259 3519; x_wconf 87' lang='lat' dir='ltr'>praeterea</span> <span class='ocrx_word' id='word_1_1175' title='bbox 2281 3474 2376 3506; x_wconf 85' lang='lat' dir='ltr'>Verbi</span> 
     </span>
     <span class='ocr_line' id='line_1_147' title="bbox 1309 3518 2376 3564; baseline -0.005 -10"><span class='ocrx_word' id='word_1_1176' title='bbox 1309 3523 1452 3564; x_wconf 87' lang='lat' dir='ltr'>operatio</span> <span class='ocrx_word' id='word_1_1177' title='bbox 1467 3523 1583 3563; x_wconf 90' lang='lat' dir='ltr'>divina,</span> <span class='ocrx_word' id='word_1_1178' title='bbox 1599 3530 1635 3555; x_wconf 91' lang='lat' dir='ltr'>ut</span> <span class='ocrx_word' id='word_1_1179' title='bbox 1648 3533 1761 3563; x_wconf 89' lang='lat' dir='ltr'>creare,</span> <span class='ocrx_word' id='word_1_1180' title='bbox 1772 3533 1966 3562; x_wconf 86' lang='lat' dir='ltr'>conservare,</span> <span class='ocrx_word' id='word_1_1181' title='bbox 1977 3531 2082 3563; x_wconf 88' lang='lat' dir='ltr'>regere</span> <span class='ocrx_word' id='word_1_1182' title='bbox 2098 3520 2267 3558; x_wconf 87' lang='lat' dir='ltr'>mundum,</span> <span class='ocrx_word' id='word_1_1183' title='bbox 2284 3518 2376 3550; x_wconf 87' lang='lat' dir='ltr'>mira-</span> 
     </span>
     <span class='ocr_line' id='line_1_148' title="bbox 1310 3564 2377 3609; baseline -0.005 -11"><span class='ocrx_word' id='word_1_1184' title='bbox 1310 3568 1380 3598; x_wconf 87' lang='lat' dir='ltr'>cula</span> <span class='ocrx_word' id='word_1_1185' title='bbox 1401 3574 1522 3608; x_wconf 87' lang='lat' dir='ltr'>patrare</span> <span class='ocrx_word' id='word_1_1186' title='bbox 1552 3576 1587 3599; x_wconf 80' lang='lat' dir='ltr'>ac</span> <span class='ocrx_word' id='word_1_1187' title='bbox 1616 3578 1652 3599; x_wconf 89' lang='lat' dir='ltr'>ea</span> <span class='ocrx_word' id='word_1_1188' title='bbox 1680 3568 1802 3609; x_wconf 89' lang='lat' dir='ltr'>operari</span> <span class='ocrx_word' id='word_1_1189' title='bbox 1825 3576 2062 3609; x_wconf 89' lang='lat' dir='ltr'>quaecumque,</span> <span class='ocrx_word' id='word_1_1190' title='bbox 2085 3574 2166 3606; x_wconf 90' lang='lat' dir='ltr'>quae</span> <span class='ocrx_word' id='word_1_1191' title='bbox 2189 3564 2276 3595; x_wconf 88' lang='lat' dir='ltr'>Deus</span> <span class='ocrx_word' id='word_1_1192' title='bbox 2300 3573 2377 3604; x_wconf 89' lang='lat' dir='ltr'>ope-</span> 
     </span>
     <span class='ocr_line' id='line_1_149' title="bbox 1309 3607 2375 3652; baseline -0.005 -10"><span class='ocrx_word' id='word_1_1193' title='bbox 1309 3618 1404 3650; x_wconf 89' lang='lat' dir='ltr'>ratur,</span> <span class='ocrx_word' id='word_1_1194' title='bbox 1430 3622 1504 3643; x_wconf 91' lang='lat' dir='ltr'>cum</span> <span class='ocrx_word' id='word_1_1195' title='bbox 1526 3612 1616 3643; x_wconf 88' lang='lat' dir='ltr'>Patre</span> <span class='ocrx_word' id='word_1_1196' title='bbox 1639 3618 1670 3643; x_wconf 90' lang='lat' dir='ltr'>et</span> <span class='ocrx_word' id='word_1_1197' title='bbox 1697 3612 1814 3652; x_wconf 89' lang='lat' dir='ltr'>Spiritu</span> <span class='ocrx_word' id='word_1_1198' title='bbox 1840 3618 1948 3642; x_wconf 88' lang='lat' dir='ltr'>sancto</span> <span class='ocrx_word' id='word_1_1199' title='bbox 1972 3611 2038 3641; x_wconf 88' lang='lat' dir='ltr'>sine</span> <span class='ocrx_word' id='word_1_1200' title='bbox 2061 3609 2160 3640; x_wconf 89' lang='lat' dir='ltr'>dubio</span> <span class='ocrx_word' id='word_1_1201' title='bbox 2184 3607 2375 3639; x_wconf 91' lang='lat' dir='ltr'>communis.</span> 
     </span>
     <span class='ocr_line' id='line_1_150' title="bbox 1309 3655 1919 3696; baseline 0 -10"><span class='ocrx_word' id='word_1_1202' title='bbox 1309 3656 1393 3695; x_wconf 84' lang='lat' dir='ltr'>Ergo</span> <span class='ocrx_word' id='word_1_1203' title='bbox 1417 3656 1534 3696; x_wconf 90' lang='lat' dir='ltr'>duplex</span> <span class='ocrx_word' id='word_1_1204' title='bbox 1558 3662 1604 3686; x_wconf 88' lang='lat' dir='ltr'>est</span> <span class='ocrx_word' id='word_1_1205' title='bbox 1626 3655 1742 3686; x_wconf 88' lang='lat' dir='ltr'>Christi</span> <span class='ocrx_word' id='word_1_1206' title='bbox 1767 3655 1919 3696; x_wconf 77' lang='lat' dir='ltr'>operatio.</span> 
     </span>
    </p>
   </div>
  </div>
 </body>
</html>
