2548 4192
187 300 315 326 CCXClV

194 381 208 395 »
231 369 282 399 vel
305 369 396 399 alicui
420 368 571 406 inferiori,
596 369 651 410 qui
675 378 741 398 non
764 368 858 397 habet
874 366 1021 407 perficere
1045 365 1172 404 Corpus
1195 365 1262 394 Do-

195 426 209 440 »
233 413 311 443 mini
334 423 466 451 verum,
493 413 574 443 sicut
596 423 653 443 nec
686 412 846 442 absolvere
869 411 902 440 in
931 410 1001 439 foro
1034 408 1262 448 poenitentiali.

193 469 207 483 ιν
231 458 306 488 Νοιι
330 465 437 488 autem
456 463 561 497 potest
584 457 718 497 simplici
739 455 891 486 sacerdoti
915 453 1112 484 committere
1132 462 1264 492 promo-

194 513 208 527 »
231 511 303 532 vere
323 502 361 531 ad
386 501 623 541 perfectionem,
640 510 720 541 quae
745 499 871 539 respicit
893 498 1001 538 aliquo
1019 497 1118 527 modo
1137 497 1264 537 Corpus

195 557 209 571 »
233 546 366 576 Domini
390 552 517 575 verum:
548 552 578 575 et
600 545 672 574 ideo
696 544 834 583 simplex
864 542 1016 573 sacerdos
1039 551 1081 571 ex
1111 541 1264 572 mandato

195 601 209 615 »
234 591 342 630 Papae
366 599 428 619 non
448 594 554 628 potest
569 588 719 629 conferre
739 588 892 618 Ordinem
908 586 1090 622 sacerdotii,
1109 585 1185 626 quia
1204 586 1264 616 Or-

197 645 211 659 »
236 634 323 664 dines
347 633 423 663 sacri
447 633 564 663 habent
586 640 693 662 actum
717 642 811 671 supra
835 630 963 670 Corpus
991 630 1123 660 Domini
1153 640 1265 660 verum

195 689 208 702 ›
231 678 281 708 vel
305 687 398 716 supra
422 677 585 707 materiam
605 677 682 706 eius.
700 677 808 706 Potest
827 681 934 705 autem
951 672 1072 716 (Papa)
1093 674 1265 704 concedere

196 733 210 747 »
233 721 367 761 simplici
392 720 555 758 sacerdoti,
571 721 668 761 quod·
683 720 832 761 conserat
855 720 995 749 minores
1022 718 1172 755 Ordines,
1190 718 1266 759 quia

195 776 209 791 »
231 766 281 796 isti
306 765 432 794 nullum
451 771 558 795 actum
581 765 699 795 habent
722 774 816 804 supra
841 763 968 803 Corpus
992 762 1124 793 Domini
1152 772 1265 793 verum

195 820 209 835 »
231 809 280 839 vel
300 808 462 838 materiam
483 809 568 846 eius;
588 819 645 839 nec
662 809 757 839 etiam
773 818 868 848 supra
888 817 1003 847 corpus
1023 806 1178 849 (Christi)
1196 817 1264 848 my-

193 864 206 878 »
231 854 345 883 sticum
368 851 515 895 (habent)
540 860 658 890 actum,
675 863 731 893 per
750 863 848 894 quem
866 852 964 892 gratia
987 851 1185 890 conferatur;
1210 852 1265 881 sed

193 907 206 921 ³·
231 897 348 927 habent
371 907 408 926 ex
432 898 538 928 officio
563 898 721 938 quosdam
745 905 832 928 actus
855 896 1056 927 secundarios
1081 903 1111 926 et
1134 906 1264 936 praepa-

194 952 207 967 »
230 941 373 971 ratorios.
395 941 437 972 Et
459 942 602 972 similiter
634 949 739 982 potest
763 942 934 972 concedere
965 940 1058 970 alicui
1090 940 1263 979 sacerdoti,

194 996 206 1010 »
231 985 316 1026 quod
339 985 524 1026 confirmet:
542 987 617 1027 quia
634 986 845 1017 Confirmatio
862 985 983 1026 perficit
998 985 1030 1014 in
1054 992 1125 1015 actu
1150 995 1263 1025 corpo-

193 1039 206 1054 »
231 1030 272 1059 ris
296 1029 432 1070 mystici,
449 1041 516 1061 non
533 1038 641 1061 autem
660 1031 754 1061 habet
770 1031 911 1072 aliquam
926 1029 1112 1060 relationem
1128 1029 1168 1059 ad
1183 1029 1263 1060 Cor-

193 1084 206 1098 2·
230 1084 291 1114 pus
314 1073 446 1105 Domini
469 1086 591 1106 verum.
612 1088 626 1103 »

258 1118 347 1148 Paria
371 1127 455 1158 sunt,
472 1130 554 1160 quae
578 1120 702 1150 disserit
725 1120 795 1150 dist.
822 1130 893 1157 xxv,
911 1130 965 1160 qu.
982 1130 1004 1157 1,
1022 1126 1077 1149 art.
1095 1129 1105 1148 1
1122 1119 1162 1148 ad
1187 1120 1216 1156 3,
1234 1125 1264 1149 et

192 1162 232 1192 ad
258 1163 285 1192 5.
312 1163 401 1193 Loco
425 1164 529 1204 priore
553 1164 596 1194 sic
620 1164 721 1197 ain-t«
751 1164 932 1194 Dicendum
965 1164 1055 1204 quod
1078 1164 1183 1203 Papa,
1208 1163 1263 1204 qui

194 1219 207 1233 >v
231 1207 325 1237 habet
348 1207 581 1246 plenitudinem
597 1209 759 1249 potestatis
775 1208 979 1246 Pontificalis,
997 1214 1102 1248 potest
1118 1208 1264 1238 commit-

194 1263 208 1278 »
231 1257 295 1281 tere
319 1261 385 1281 non
418 1253 580 1293 Episcopo
605 1263 641 1283 ea
664 1263 745 1293 quae
770 1253 810 1283 ad
832 1253 1056 1293 Episcopalem
1080 1252 1264 1291 dignitatem

194 1308 208 1322 ›
231 1295 399 1335 pertinent,
417 1297 597 1327 dummodo
622 1298 674 1327 illa
698 1307 764 1327 non
788 1297 924 1327 habeant
946 1297 1164 1327 immediatam
1187 1297 1264 1327 rela-

193 1352 207 1366 »
231 1340 352 1370 tionem
377 1341 416 1371 ad
432 1352 544 1372 verum
569 1341 696 1382 Corpus
721 1341 854 1372 Christi:
875 1348 905 1372 et
928 1341 1000 1371 ideo
1025 1351 1062 1371 ex
1086 1341 1153 1371 eius
1177 1351 1264 1371 com-

193 1396 207 1411 >
231 1384 383 1415 missione
407 1386 520 1426 aliquis
547 1387 692 1416 sacerdos
717 1386 850 1425 simplex
866 1392 971 1425 potest
994 1385 1135 1415 conferre
1159 1385 1263 1415 mino-

193 1440 207 1455 »
231 1438 279 1458 res
303 1428 438 1470 Ordines
454 1437 484 1460 et
501 1430 697 1468 confirmare,
714 1437 750 1460 ut
765 1440 860 1469 supra
884 1427 969 1471 (dist.
985 1427 1041 1471 vn)
1067 1429 1187 1460 dictum
1207 1436 1262 1460 est.

194 1485 208 1499 1>
231 1473 306 1503 Non
330 1481 437 1504 autem
464 1474 577 1515 aliquis
601 1485 667 1505 non
700 1475 855 1504 sacerdos.
882 1474 947 1504 Nec
977 1474 1093 1504 iterum
1118 1474 1263 1504 sacerdos

193 1529 207 1544 2»
231 1517 366 1548 maiores
390 1519 537 1557 Ordines,
555 1519 610 1559 qui
634 1519 751 1549 habent
773 1518 991 1548 immediatam
1014 1517 1201 1548 relationem
1224 1519 1264 1548 ad

195 1573 209 1589 2
233 1561 360 1601 Corpus
385 1562 512 1600 Christi,
530 1573 624 1603 supra
644 1563 733 1604 quod
749 1562 1000 1593 consecrandum
1019 1562 1104 1602 Papa
1128 1572 1194 1592 non
1209 1562 1263 1592 ha-

193 1618 207 1632 »
231 1606 283 1636 bet
306 1607 460 1637 maiorem
479 1614 678 1647 potestatem,
694 1617 792 1648 quam
814 1606 949 1647 simplex
972 1607 1128 1637 sacerdos.
1147 1618 1162 1633 >
1182 1608 1264 1637 Rem

192 1650 329 1691 denique
353 1651 426 1681 loco
451 1652 548 1682 altero
573 1652 673 1691 magis
689 1652 840 1682 illustrat:
862 1665 876 1679 α
895 1651 1086 1688 Dicendum,
1103 1652 1262 1691 inquiens,

194 1706 208 1721 »
231 1695 319 1735 quod
344 1696 383 1725 ad
407 1696 714 1727 communicandum
737 1696 824 1727 alteri
848 1696 937 1736 quod
965 1695 1037 1736 quis
1060 1695 1172 1733 habet,
1197 1707 1264 1727 non

193 1750 207 1765 w
231 1739 363 1778 exigitur
379 1740 485 1770 solum
502 1741 734 1781 propinquitas,
755 1741 809 1771 sed
826 1740 992 1780 completio
1006 1741 1184 1780 potestatis.
1203 1741 1265 1772 Sed

193 1795 208 1810 ι
231 1783 304 1823 quia
329 1785 474 1814 sacerdos
498 1795 564 1815 non
595 1785 690 1816 habet
713 1786 907 1826 completam
930 1791 1120 1824 potestatem
1143 1785 1175 1815 in
1199 1786 1264 1816 hie-

194 1840 207 1854 »
231 1828 375 1858 rarchicis
393 1828 514 1866 officiis,
533 1829 613 1860 sicut
627 1830 806 1871 Episcopus
819 1853 827 1867 ,
848 1829 919 1859 ideo
935 1838 1001 1859 non
1018 1828 1160 1869 sequitur
1175 1831 1264 1871 quod

191 1884 206 1899 w
230 1872 330 1912 possit
362 1873 513 1903 diaconos
538 1873 657 1913 facere,
682 1874 828 1916 quamvis
850 1874 903 1904 ille
927 1873 1017 1904 Ordo
1041 1872 1081 1904 sit
1109 1873 1166 1905 sibi
1190 1885 1263 1915 pro-

191 1928 206 1942 »
230 1916 380 1957 pinquus.
401 1930 415 1944 >›
435 1918 577 1949 Potestas
593 1919 656 1955 illa,
674 1930 755 1960 quae
779 1926 969 1960 potestatem
993 1917 1114 1957 perficit
1130 1926 1159 1949 et
1176 1929 1262 1950 com-

190 1961 254 2000 plet
277 1961 308 1990 in
334 1961 530 1992 hierarchicis
562 1963 674 1994 officiis
698 1974 771 2004 erga
794 1974 910 2004 corpus
934 1962 1050 1993 Christi
1079 1964 1262 2004 mysticum,

190 2015 227 2035 ex
251 2005 459 2036 Ordinatione
476 2007 659 2048 Episcopali
675 2009 742 2039 iure
767 2009 875 2039 divino
892 2006 1116 2048 proficiscitur:
1138 2008 1262 2038 eadem-

190 2059 253 2089 que
276 2051 400 2080 tametsi
417 2061 472 2091 per
496 2051 735 2083 Sacramentum
751 2053 882 2094 aliquod
899 2062 964 2082 non
989 2052 1179 2090 conferatur,
1196 2063 1262 2083 non

190 2100 236 2124 est
259 2100 397 2124 attamen
421 2095 519 2126 solius
543 2096 768 2128 iurisdictionis
792 2104 949 2138 potestas,
973 2104 1008 2127 ut
1031 2097 1074 2128 ait
1097 2097 1262 2135 Thomas,

190 2148 302 2168 verum
326 2139 421 2169 etiam
445 2146 584 2179 potestas
608 2141 737 2172 Ordinis
763 2143 938 2183 eademque
961 2141 1028 2172 iure
1048 2141 1155 2172 divino
1175 2141 1262 2172 inde-

189 2182 300 2212 lebilis.

259 2227 349 2258 Hanc
373 2228 521 2259 Doctoris
555 2229 654 2260 nostri
687 2231 894 2268 sententiam,
919 2231 1070 2261 hactenus
1099 2240 1158 2271 pro
1181 2230 1262 2261 virili

191 2272 377 2311 expositam,
403 2274 549 2304 eamdem
572 2274 714 2316 plerique
738 2275 966 2314 theologorum
990 2275 1168 2306 existimant
1188 2285 1262 2306 curn

189 2315 252 2351 illa,
276 2326 374 2356 quam
398 2317 529 2357 Hugoni
555 2319 592 2348 de
617 2330 641 2349 s.
658 2320 796 2357 Victore,
820 2320 951 2350 Alberto
975 2320 1032 2357 M.‚
1056 2330 1079 2350 s.
1097 2320 1262 2350 Bonaven-

189 2367 293 2397 turae,
317 2361 481 2392 Paludano
506 2363 638 2403 aliisque
662 2374 727 2394 non
752 2364 878 2404 paucis,
903 2364 970 2394 imo
997 2371 1028 2395 et
1050 2364 1181 2394 Patrum
1205 2365 1262 2395 do-

190 2404 329 2441 ctissimo
354 2415 378 2435 s.
406 2406 605 2448 Hieronymo
639 2409 747 2439 tribuit
771 2409 904 2439 loannes
928 2408 1073 2439 Morinus
1098 2409 1145 2439 De
1169 2409 1262 2439 sacris

190 2448 453 2480 Ordinationibus
470 2459 556 2490 parte
573 2452 625 2489 ΙΙΙ,
645 2453 766 2483 exercit.
784 2463 833 2488 111,
852 2463 877 2483 c.
890 2463 901 2483 1
919 2460 948 2483 et
962 2463 997 2483 11.
1013 2453 1142 2483 Aientes
1158 2453 1262 2493 perhi-

190 2493 309 2523 bentur·
327 2493 383 2529 illi,
401 2504 456 2533 per
473 2505 634 2526 accessum
658 2497 901 2527 consecrationis
925 2497 1122 2537 Episcopalis
1140 2508 1262 2528 novum

191 2547 257 2567 non
282 2537 421 2576 imprimi
446 2539 675 2578 characterem,
700 2551 802 2581 neque
828 2542 894 2571 ullo
928 2549 1021 2581 pacto
1052 2542 1262 2572 characterem

191 2581 417 2612 sacerdotalem
442 2584 564 2614 extendi
594 2592 647 2615 aut
670 2586 914 2625 quodammodo
939 2584 994 2627 (ut
1017 2584 1126 2628 aiunt)
1151 2586 1262 2617 entita-

191 2626 254 2656 tive
277 2626 400 2665 augeri:
426 2628 458 2657 id
482 2639 584 2658 unum
608 2629 688 2659 effici
711 2640 798 2666 vero,
816 2629 921 2659 divina
945 2630 1075 2670 quidem
1093 2640 1129 2660 ex
1147 2631 1262 2661 volun-

192 2677 254 2701 tate
278 2681 333 2701 seu
357 2671 574 2710 institutione,
599 2681 635 2704 ut
667 2674 733 2713 ipse
757 2674 914 2704 character
946 2674 1144 2704 sacerdotalis
1169 2685 1261 2714 expe-

190 2715 274 2745 ditus
305 2715 358 2745 fiat
391 2717 431 2746 ad
461 2717 581 2757 aliquas
614 2719 798 2748 exserendas
831 2717 1010 2748 functiones
1040 2718 1262 2756 hierarchicas,

190 2759 391 2800 maximeque
420 2761 458 2791 ad
492 2761 686 2792 ordinandos
718 2763 935 2802 presbyteros,
960 2772 1039 2802 quas
1072 2769 1163 2792 antea
1195 2773 1261 2792 non

190 2810 324 2843 poterat.
353 2805 438 2836 Hinc
462 2806 673 2846 Episcopatus
702 2814 748 2837 est
772 2806 861 2837 Ordo
891 2806 1100 2836 hierarchicus
1124 2806 1191 2837 iure
1215 2807 1261 2837 di-

190 2848 265 2878 vino
289 2848 462 2885 institutus,
482 2860 548 2880 non
572 2858 619 2881 est
642 2851 881 2881 Sacramentum
902 2861 920 2881 a
942 2850 1113 2891 presbyteri
1137 2851 1262 2881 ordina-

190 2892 277 2922 tione
306 2892 500 2924 distinctum.
527 2895 559 2925 Si
583 2895 655 2936 quis
679 2905 746 2925 rem
770 2895 811 2925 ita
835 2905 902 2926 esse
926 2895 1106 2932 contendat,
1131 2905 1187 2935 per
1210 2905 1261 2925 me

190 2936 271 2974 licet,
296 2946 399 2979 neque
423 2939 601 2978 longiorem
622 2939 834 2970 contentionis
859 2939 969 2970 funem
993 2939 1118 2970 ducam.

258 2981 310 3011 IV.
337 2983 386 3012 Ab
410 2982 478 3022 ipsa
502 2991 623 3014 remota
647 2991 745 3015 aetate
770 2984 801 3014 in
826 2984 883 3014 hac
908 2983 1053 3022 agitanda
1076 2983 1262 3024 quaestione

189 3024 221 3054 in
246 3032 348 3064 partes
371 3027 473 3057 abiere
497 3028 638 3067 theologi
663 3036 693 3059 et
716 3028 859 3059 canonici
879 3028 955 3059 iuris
975 3028 1081 3068 periti:
1102 3028 1261 3069 hodieque

191 3079 256 3098 non
281 3069 346 3101 sine
378 3081 503 3110 magna,
525 3074 580 3103 sed
610 3073 738 3103 innoxia
759 3073 941 3103 animorum
968 3072 1171 3103 contentione
1195 3082 1261 3103 ver-

190 3113 247 3142 sari
273 3113 304 3143 in
331 3115 446 3145 scholis
476 3117 586 3147 eadem
619 3117 709 3148 solet.
738 3118 819 3148 Inter
853 3116 1041 3148 Canonistas
1074 3116 1261 3147 recentiores

190 3157 324 3197 Prosper
348 3160 515 3198 Fagnanus
538 3162 592 3192 lib.
611 3162 620 3191 Ι
638 3162 807 3197 Decretal.‚
830 3169 908 3201 part.
926 3162 963 3198 ΙΙ,
981 3171 1049 3201 cap.
1074 3161 1261 3202 Requisivit,

190 3201 343 3233 latissimo
369 3204 425 3233 hac
450 3205 488 3234 de
513 3216 544 3235 re
568 3207 690 3236 calamo
715 3206 787 3245 agit.
810 3206 989 3236 Doctorum
1012 3205 1112 3235 varias
1136 3205 1261 3245 opinio-

190 3255 244 3275 nes
260 3245 362 3283 refert,
380 3248 507 3279 discutit
523 3257 686 3280 momenta
701 3249 910 3290 quaestionis,
927 3257 1172 3290 propugnatque
1187 3250 1261 3280 totis

189 3290 310 3321 lacertis
348 3292 574 3333 Episcopatum
608 3304 676 3325 esse
715 3294 868 3325 Ordinem
903 3300 933 3324 et
962 3294 1207 3325 Sacramentum
1232 3300 1262 3325 et

190 3335 408 3366 characterem
434 3338 637 3377 imprimere,
667 3339 707 3368 ab
734 3338 856 3369 Ordine
879 3339 1126 3379 presbyteratus
1149 3339 1260 3369 distin-

190 3383 285 3409 ctum.
313 3380 432 3411 Contra
466 3382 653 3420 Fagnanum
682 3383 825 3424 aliosque
851 3393 992 3422 pugnam
1020 3382 1154 3413 instituit
1178 3383 1260 3424 Ray-

189 3425 330 3454 mundus
354 3425 548 3465 Capisuccus
573 3428 650 3458 Ord.
669 3428 777 3458 Praed.
795 3427 826 3458 S.
850 3428 887 3458 R.
911 3428 947 3458 E.
969 3427 1160 3466 Cardinalis,
1184 3437 1260 3458 con-

190 3469 339 3499 troversia
350 3480 442 3499 xxvur
459 3471 538 3501 inter
554 3471 688 3502 Selectas
707 3473 828 3502 Romae
845 3471 928 3512 typis
945 3472 1042 3502 editas
1059 3482 1144 3501 anno
1167 3472 1260 3513 1670,

191 3512 332 3553 nihilque
354 3524 411 3553 pro
429 3516 542 3554 egregii
563 3516 703 3554 theologi
724 3526 854 3546 munere
874 3516 1027 3546 intactum
1050 3515 1208 3555 relinquit,
1226 3523 1261 3546 ut

190 3557 372 3595 oppositam
405 3560 591 3589 sententiam
625 3567 749 3590 tueatur
773 3571 807 3590 ac
834 3560 994 3590 doctrinae
1022 3560 1084 3589 divi
1113 3560 1260 3590 Thomae

189 3599 340 3630 vindicias
364 3609 442 3640 agat.
470 3603 674 3642 Septuaginta
698 3611 727 3634 et
751 3605 867 3643 plures,
887 3614 966 3644 quos
989 3602 1120 3646 (inquit)
1137 3605 1168 3634 in
1192 3606 1260 3635 suis

184 3642 268 3674 -locis
292 3645 448 3682 vidimus,
474 3657 532 3685 pro
557 3655 689 3686 negante
723 3648 895 3687 opinione,
919 3655 1037 3678 veteres
1069 3654 1098 3678 et
1122 3656 1259 3679 recentes

923 284 1383 323 DISSERTATIONES
1414 285 1662 322 CRITICAE

1320 372 1475 402 numerat,
1491 366 1660 406 theologos
1684 373 1715 397 et
1735 367 1812 397 iuris
1836 367 1979 398 canonici
1995 366 2124 407 peritos,
2144 366 2303 397 variarum
2317 376 2393 407 gen-

1319 408 1401 439 tium
1426 416 1456 440 et
1479 409 1672 440 familiarum
1695 411 1922 452 variorumque
1945 412 2106 442 ordinum.

1387 453 1500 484 Sancta
1524 454 1673 495 Synodus
1697 455 1884 486 Tridentina
1907 456 2005 486 hocce
2026 456 2066 486 de
2090 461 2278 495 argumento
2302 454 2395 495 plura

1320 497 1412 528 docet
1435 498 1575 529 sessione
1591 509 1663 529 xxm
1687 509 1723 530 ac
1747 500 1902 537 decernit,
1923 510 2005 540 quae
2029 500 2183 530 credenda
2207 509 2242 529 ac
2259 499 2395 530 tenenda

1320 549 1412 572 sunt:
1438 542 1541 583 deque
1564 543 1777 584 Episcopatus
1808 544 2018 581 ordinatione,
2042 554 2123 574 num
2154 544 2219 574 veri
2250 543 2392 574 nominis

1321 586 1381 616 dici
1405 587 1517 617 debeat
1532 587 1772 618 Sacramentum
1795 599 1814 618 a
1836 589 2051 629 presbyteratu
2072 588 2266 626 distinctum,
2283 595 2394 618 notam

1319 630 1400 660 inter
1423 631 1569 661 doctores
1593 642 1628 662 ac
1651 632 1835 663 ventilatam
1864 633 2086 673 quaestionem
2109 632 2247 672 integrae
2270 632 2394 662 videtur
2408 662 2415 670 ,

1314 674 1524 714 ⁴opinantium
1546 676 1680 707 libertati
1704 677 1877 717 reliquisse.
1901 677 1935 707 Id
1958 687 2033 707 vero
2058 683 2200 707 accurate
2225 677 2393 707 ostenden-

1321 719 1399 748 dum
1423 726 1478 749 est.
1496 720 1621 750 Docent
1644 721 1823 751 Tridentini
1842 716 1948 752 Patres
1967 721 2068 761 capite
2083 731 2106 758 r,
2126 721 2166 751 In
2184 730 2265 751 novo
2286 721 2393 751 Testa-

1320 768 1425 793 mento
1448 764 1643 804 sacrificium
1660 766 1781 796 visibile
1803 771 1936 796 sanctae
1951 766 2178 796 Eucharistiae
2201 774 2244 795 ex
2261 765 2395 795 Domini

1321 808 1518 838 institutione
1547 808 1585 838 ab
1614 809 1754 839 Ecclesia
1783 816 1948 849 acceptum
1979 817 2064 839 esse:
2094 809 2240 850 adeoque
2270 808 2394 839 admitti

1320 858 1466 891 oportere
1491 862 1629 890 novum,
1662 853 1801 891 visibile,
1831 859 2001 884 externum
2033 854 2248 884 sacerdotium
2277 863 2298 883 a
2322 853 2393 883 Sal-

1320 900 1430 925 vatore
1459 901 1568 926 nostro
1597 898 1797 934 institutum,
1832 897 2044 938 traditamque
2071 897 2235 937 Apostolis
2265 907 2393 928 eorum-

1318 949 1381 980 que
1406 940 1641 971 successoribus
1668 942 1700 971 in
1730 942 1911 972 sacerdotio
1940 946 2131 982 potestatem
2163 941 2392 979 consecrandi,

1319 983 1478 1024 offerendi
1501 990 1531 1015 et
1554 986 1761 1016 ministrandi
1786 986 1914 1026 Corpus
1936 991 1967 1016 et
1989 985 2191 1026 Sanguinem
2217 986 2296 1022 eius,
2321 995 2393 1016 nec-

1319 1038 1382 1058 non
1400 1034 1431 1059 et
1440 1034 1576 1069 peccata
1600 1029 1780 1061 dimittendi
1794 1036 1825 1061 et
1845 1030 2014 1061 retinendi.
2031 1030 2091 1060 His
2114 1036 2270 1060 consonat
2290 1039 2394 1060 canon

1319 1073 1452 1112 primus,
1469 1084 1536 1114 quo
1559 1074 1728 1105 anathema
1751 1074 1929 1105 decernitur
1951 1074 1984 1104 in
2001 1084 2067 1112 eos,
2083 1074 2139 1114 qui
2159 1073 2303 1111 dixerint,
2319 1074 2394 1104 Non

1319 1127 1387 1148 esse
1418 1119 1450 1148 in
1482 1128 1564 1149 novo
1599 1119 1801 1150 Testamenta
1829 1119 2045 1150 sacerdotium
2075 1118 2196 1149 visibile
2229 1123 2259 1149 et
2288 1123 2395 1148 exter-

1320 1172 1408 1199 num,
1427 1163 1478 1192 vel
1493 1173 1556 1193 non
1572 1173 1640 1194 esse
1650 1169 1842 1204 potestatem
1861 1164 2004 1204 aliquam
2029 1163 2240 1194 consecrandi
2263 1168 2294 1193 et
2315 1162 2395 1203 offe-

1319 1206 1413 1236 rendi
1435 1214 1492 1237 etc.

1385 1251 1474 1281 Tum
1497 1251 1597 1292 ipsius
1621 1252 1832 1283 ministerium
1857 1251 2042 1290 sacerdotii,
2067 1258 2138 1282 turn
2162 1251 2222 1282 alia
2243 1250 2393 1282 inferiora

1319 1295 1491 1326 ministeria
1510 1297 1686 1327 sacerdotio
1701 1296 1902 1327 inservientia
1918 1296 1978 1327 dici
2001 1303 2033 1327 et
2057 1306 2123 1327 esse
2143 1295 2279 1327 Ordines
2295 1305 2392 1336 quos-

1319 1339 1404 1378 dam,
1429 1340 1663 1371 ordinatissima
1687 1341 1895 1381 dispositione
1918 1341 1952 1371 in
1969 1340 2109 1371 Ecclesia
2128 1340 2282 1371 catholica
2305 1339 2393 1370 insti-

1318 1390 1416 1421 tutos,
1434 1384 1578 1415 doctrina
1601 1392 1648 1416 est
1670 1395 1753 1426 quae
1770 1385 1870 1426 capite
1894 1395 1919 1416 11
1942 1385 2075 1416 traditur
2097 1385 2146 1415 his
2169 1384 2289 1415 verbis:
2309 1384 2392 1415 Cum

1318 1433 1425 1458 autem
1442 1429 1552 1459 divina
1568 1439 1622 1460 res
1636 1431 1679 1461 sit
1693 1435 1758 1461 tam
1773 1431 1879 1461 sancti
1894 1430 2067 1461 sacerdotii
2082 1430 2307 1466 ministerium,
2319 1438 2393 1459 con-

1317 1477 1506 1502 sentaneum
1527 1473 1619 1514 suit.
1633 1497 1661 1504 ..
1691 1480 1726 1504 ut
1749 1476 1782 1504 in
1807 1475 1972 1505 Ecclesiae
1994 1474 2235 1504 ordinatissima
2258 1473 2392 1514 disposi—

1319 1517 1404 1546 tione
1428 1517 1544 1557 plures
1567 1523 1598 1548 et
1620 1518 1740 1549 diversi
1767 1524 1872 1549 essent
1894 1520 2116 1549 ministrorum
2153 1517 2312 1555 Ordines,
2336 1518 2394 1558 qui

1318 1561 1498 1592 sacerdotio
1522 1571 1564 1591 ex
1586 1562 1694 1603 officio
1717 1563 1917 1594 deservirent
1924 1571 1937 1600 ;
1960 1563 2102 1604 itemque
2120 1571 2242 1592 canone
2265 1572 2298 1599 11,
2319 1571 2392 1592 ana-

1319 1605 1457 1636 themate
1480 1605 1513 1636 in
1536 1615 1592 1636 eos
1615 1606 1681 1637 lato
1701 1607 1757 1647 qui
1781 1607 1924 1644 dixerint,
1941 1607 2077 1638 Praeter
2091 1606 2306 1638 sacerdotium
2327 1615 2391 1637 non

1319 1658 1419 1680 esse...
1431 1651 1514 1681 alios
1531 1649 1681 1688 Ordines,
1699 1656 1730 1682 et
1746 1652 1886 1682 maiores
1901 1657 1932 1682 et
1948 1652 2104 1688 minores,
2120 1660 2184 1691 per
2198 1659 2279 1691 quos
2295 1650 2395 1680 veluti

1313 1703 1377 1734 per
1398 1694 1526 1735 gradus
1548 1695 1702 1735 quosdam
1733 1697 1765 1726 in
1793 1696 2008 1726 sacerdotium
2041 1695 2203 1726 tendatur.
2232 1694 2284 1724 Ad
2311 1693 2395 1725 hanc

1319 1737 1481 1769 Ordinum
1497 1739 1609 1769 seriem
1625 1750 1692 1770 non
1708 1747 1828 1780 spectat
1842 1740 2067 1780 Episcopatus,
2085 1749 2144 1770 nec
2163 1738 2248 1769 enim
2267 1738 2324 1769 illo
2339 1747 2393 1769 ve-

1318 1782 1377 1813 luti
1410 1783 1552 1824 quodam
1585 1785 1684 1824 gradu
1708 1784 1741 1814 in
1772 1785 1985 1815 sacerdotium
2017 1783 2176 1822 tenditur,
2200 1792 2305 1824 neque
2337 1792 2394 1824 per

1319 1837 1386 1857 sese
1405 1835 1562 1868 spectatus
1579 1829 1791 1860 sacerdotium
1808 1836 1863 1860 est.
1884 1829 1980 1860 Hunc
2003 1838 2079 1859 vero
2103 1827 2259 1859 Ordinem
2274 1827 2326 1858 vel
2344 1837 2393 1858 sa-

1319 1881 1405 1902 cram
1424 1872 1669 1911 ordinationem,
1694 1883 1777 1914 quae
1799 1873 1901 1904 verbis
1925 1880 1956 1904 et
1979 1873 2075 1912 signis
2099 1871 2304 1903 exterioribus
2323 1881 2394 1913 per-

1319 1915 1442 1954 ficitur,
1473 1917 1628 1957 colligunt
1651 1917 1752 1958 capite
1775 1927 1813 1948 111
1837 1917 2016 1948 Tridentini
2040 1917 2146 1947 Patres
2169 1925 2238 1947 esse
2266 1925 2341 1947 vere
2363 1921 2396 1947 et

1313 1961 1449 2000 proprie
1473 1971 1572 1992 unum
1597 1971 1640 1992 ex
1667 1967 1786 2002 septem
1817 1967 1950 1993 sanctae
1971 1962 2138 1993 Ecclesiae
2159 1960 2392 1998 Sacramenfis,

1319 2004 1421 2035 aiente
1439 2006 1600 2046 Apostolo
1621 2006 1661 2036 ad
1679 2006 1892 2037 Timotheum
1908 2006 2052 2046 Epistola
2069 2005 2112 2043 ΙΙ,
2137 2015 2205 2046 cap.
2222 2012 2250 2035 1:
2275 2004 2395 2036 Admo-

1320 2059 1379 2079 neo
1403 2055 1444 2087 te,
1470 2055 1506 2080 ut
1524 2052 1695 2082 resuscites
1716 2052 1860 2092 gratiam
1879 2051 1954 2088 Dei,
1978 2060 2062 2091 quae
2085 2055 2132 2080 est
2150 2050 2183 2080 in
2203 2054 2234 2080 te
2255 2058 2316 2090 per
2333 2050 2394 2079 im-

1313 2095 1505 2133 positionem
1530 2105 1685 2126 manuum
1710 2105 1855 2126 mearum
1876 2102 1934 2126 etc.
1950 2094 2035 2125 Hinc
2058 2093 2227 2125 anathema
2245 2092 2343 2125 fertur
2360 2092 2394 2125 in
2436 2095 2445 2101 “

1320 2148 1374 2168 eos
1399 2148 1520 2169 canone
1550 2149 1588 2169 ιιι
1614 2139 1669 2180 qui
1687 2139 1835 2178 dixerint,
1863 2139 2017 2170 Ordinem
2033 2139 2101 2170 sive
2116 2147 2245 2169 sacram
2261 2137 2394 2169 ordina-

1319 2183 1435 2213 tionem
1461 2193 1524 2213 non
1550 2193 1618 2214 esse
1642 2194 1716 2214 vere
1739 2190 1770 2215 et
1789 2185 1925 2224 proprie
1947 2183 2194 2214 Sacramentum
2218 2192 2238 2212 a
2265 2181 2395 2212 Christo

1317 2227 1457 2258 Domino
1481 2229 1674 2259 institutum:
1697 2235 1727 2259 et
1751 2238 1873 2259 canone
1898 2239 1929 2259 tv
1945 2228 1978 2258 in
2002 2238 2068 2266 eos,
2089 2226 2145 2268 qui
2165 2225 2308 2265 dixerint,
2330 2226 2396 2257 Per

1318 2280 1446 2302 sacram
1462 2272 1696 2303 ordinationem
1714 2283 1777 2303 non
1797 2273 1872 2303 dari
1886 2273 2042 2313 Spiritum
2057 2277 2242 2310 sanctuni...
2259 2275 2318 2302 aut
2329 2279 2395 2312 per

1319 2325 1388 2346 eam
1406 2326 1470 2346 non
1487 2318 1628 2357 imprimi
1643 2318 1874 2348 characterem.
1886 2317 2020 2348 Certum
2035 2316 2160 2347 videtur
2175 2321 2394 2356 compertum-

1319 2370 1382 2400 que
1405 2360 1467 2391 hoc
1498 2361 1571 2392 loco
1596 2362 1635 2392 de
1659 2372 1744 2392 sacra
1765 2362 1966 2392 ordinatione
1990 2360 2051 2401 agi,
2075 2370 2156 2402 quae
2180 2359 2318 2391 Ordines
2341 2369 2394 2390 su-

1318 2404 1424 2444 perius
1448 2405 1609 2445 expositos
1633 2406 1870 2447 complectitur,
1894 2406 2002 2447 ipsum
2026 2414 2142 2446 nempe
2168 2403 2325 2435 Ordinem
2345 2412 2394 2437 sa.-

1318 2449 1448 2479 cerdotii
1472 2457 1503 2480 et
1532 2450 1612 2480 alios
1644 2451 1741 2481 veluti
1774 2451 1890 2491 gradus
1922 2450 2082 2491 quosdam
2113 2449 2147 2480 in
2179 2447 2394 2479 sacerdotium

1318 2494 1501 2532 tendentes,
1526 2494 1707 2525 cuiusmodi
1732 2505 1798 2526 non
1822 2502 1869 2526 est
1892 2495 2123 2535 Episcopatus:
2151 2493 2236 2524 unde
2259 2491 2393 2534 permis·

1318 2548 1391 2568 sum
1414 2538 1573 2578 colligitur
1596 2550 1614 2569 a
1637 2539 1770 2580 Synodo
1794 2539 1991 2577 Tridentina,
2016 2546 2052 2570 ut
2067 2539 2181 2570 eodem
2203 2537 2242 2568 de
2261 2536 2394 2578 Episco-

1318 2589 1394 2621 patu
1419 2583 1509 2623 quod
1531 2583 1606 2614 libet
1629 2584 1781 2625 iubetque
1797 2584 1934 2615 sentiant
1951 2593 2010 2624 pro
2034 2583 2196 2614 rationum
2219 2581 2394 2613 momentis

1317 2626 1460 2666 theologi
1483 2636 1518 2657 ac
1542 2627 1618 2658 iuris
1643 2628 1786 2659 canonici
1810 2628 1912 2668 periti.

1385 2671 1436 2700 Ad
1460 2671 1701 2703 ecclesiasticam
1725 2672 1943 2702 Hierarchiatn
1967 2671 2189 2712 exponendam
2210 2676 2315 2701 sancta
2333 2668 2392 2710 Sy-

1318 2714 1422 2744 nodus
1447 2715 1590 2754 procedit
1613 2717 1713 2756 capite
1736 2727 1769 2747 ιν
1788 2717 1961 2757 docetque:
1978 2716 2114 2746 Praeter
2131 2720 2275 2745 caeteros
2294 2713 2392 2745 eccle·-

1316 2759 1462 2789 siasticos
1483 2759 1611 2799 gradus
1630 2759 1826 2802 (sacerdotes
1847 2770 1963 2800 nempe
1987 2766 2018 2790 et
2041 2759 2202 2790 ministros
2230 2758 2295 2788 iam
2323 2767 2390 2788 me-

1318 2800 1484 2843 moratos),
1495 2803 1680 2845 Episcopus,
1691 2806 1747 2845 qui
1756 2806 1788 2835 in
1799 2805 2024 2845 Apostolorum
2036 2804 2140 2834 locum
2155 2807 2390 2841 successerunt,

1317 2846 1357 2876 ad
1387 2847 1629 2879 ecclesiasticam
1658 2849 1875 2880 Hierarchiam
1907 2855 1938 2879 et
1967 2849 2010 2880 ad
2041 2849 2128 2878 hunc
2154 2847 2390 2879 hierarchicum

1321 2890 1473 2921 Ordinem
1488 2894 1666 2933 praecipue
1682 2895 1869 2934 pertinere:
1891 2894 2076 2934 superiores
2091 2901 2160 2923 esse
2175 2891 2390 2933 presbyteris,

1316 2945 1351 2965 ac
1375 2942 1564 2975 potestatem
1587 2938 1701 2969 habere
1724 2938 1949 2980 confirmandi,
1974 2938 2138 2968 ministros
2156 2937 2322 2968 Ecclesiae
2337 2945 2391 2977 or-

1316 2982 1452 3013 dinandi
1475 2988 1505 3014 et
1528 2983 1595 3014 alia
1621 2984 1782 3024 pleraque
1811 2983 1951 3024 agendi:
1974 2992 2009 3013 ac
2034 2982 2166 3013 demum
2195 2982 2228 3011 in
2257 2980 2390 3012 ordina-

1317 3027 1402 3057 tione
1424 3028 1655 3068 Episcoporum
1666 3051 1676 3066 ,
1701 3028 1904 3059 sacerdotum
1929 3033 1959 3058 et
1982 3032 2183 3058 caeterorum
2211 3024 2389 3063 Ordinum,

1318 3081 1376 3102 nec
1385 3072 1510 3112 populi,
1523 3083 1582 3104 nec
1595 3074 1736 3104 cuiusvis
1750 3073 1930 3103 saecularis
1942 3073 2112 3113 potestatis
2127 3076 2158 3102 et
2176 3070 2391 3111 magistratus

1317 3125 1517 3154 consensum,
1534 3118 1601 3148 sive
1625 3119 1820 3148 vocationem
1844 3118 1912 3148 sive
1934 3117 2158 3147 auctoritatem
2180 3116 2224 3145 ita
2249 3114 2389 3156 requiri,

1317 3165 1352 3190 ut
1373 3162 1444 3191 sine
1467 3171 1505 3192 ea
1529 3163 1624 3192 irrita
1647 3163 1690 3192 sit
1717 3162 1888 3192 ordinatio.
1917 3162 2008 3199 Quae
2039 3159 2182 3191 doctrina
2213 3167 2334 3190 canone
2357 3167 2390 3188 νι

1317 3211 1347 3234 et
1371 3215 1492 3236 canone
1522 3217 1564 3236 vu
1588 3206 1746 3243 firmatur,
1771 3206 1969 3236 anathemate
1997 3205 2063 3236 lato
2086 3204 2119 3235 in
2144 3213 2199 3234 eos
2223 3202 2279 3244 qui
2303 3201 2388 3233 dixe-

1316 3248 1388 3286 rint,
1412 3249 1452 3279 In
1475 3250 1621 3281 Ecclesia
1646 3251 1802 3282 catholica
1829 3260 1892 3281 non
1925 3259 1993 3281 esse
2022 3249 2254 3280 Hierarchiam
2277 3247 2389 3278 divina

1316 3294 1520 3326 ordinatione
1543 3296 1732 3332 institutam,
1751 3305 1834 3336 quae
1853 3299 1978 3325 constat
1997 3303 2038 3324 ex
2055 3293 2233 3334 Episcopis,
2250 3290 2388 3332 presby·

1316 3339 1394 3369 teris
1417 3344 1447 3369 et
1469 3341 1625 3371 ministris
1632 3348 1645 3377 ;
1668 3347 1699 3371 et
1715 3340 1889 3380 Episcopos
1913 3349 1975 3370 non
1993 3347 2061 3369 esse
2079 3337 2281 3378 presbyteris
2295 3343 2387 3375 supe-

1316 3384 1420 3414 riores
1453 3385 1503 3415 vel
1535 3395 1598 3415 non
1627 3385 1744 3416 habere
1770 3389 1961 3425 potestatem
1997 3381 2212 3424 confirmandi
2243 3385 2274 3411 et
2301 3378 2386 3409 ordi-

1317 3428 1417 3458 nandi
1433 3436 1490 3460 etc.
1502 3429 1642 3460 Nomina
1657 3429 1787 3471 quidem
1802 3428 1936 3458 Ordinis
1950 3432 1979 3459 et
1994 3426 2217 3457 Ordinationis
2233 3428 2388 3463 usurpant

1315 3472 1420 3503 Patres
1444 3474 1524 3504 hanc
1549 3474 1740 3504 declarantes
1760 3471 2000 3503 ecclesiasticam
2014 3468 2248 3502 Hierarchiam:
2274 3476 2386 3497 verum

1316 3516 1394 3547 nihil
1418 3525 1463 3548 est
1487 3519 1575 3559 quod
1600 3526 1702 3558 cogat,
1728 3525 1763 3548 ut
1786 3517 1922 3548 Ordines
1946 3523 2001 3546 aut
2024 3513 2249 3546 Ordinationes
2272 3520 2387 3561 omnes

1315 3561 1354 3590 ad
1378 3563 1523 3593 eamdem
1548 3562 1764 3593 Hierarchiam
1789 3561 1979 3601 pertinentes
2003 3558 2216 3597 intelligamus
2238 3565 2303 3586 vert
2327 3565 2385 3605 no-

1315 3605 1410 3635 minis
1434 3607 1651 3645 Sacramenta;
1677 3617 1751 3637 cum
1775 3606 1807 3635 id
1831 3615 1934 3635 unum
1967 3604 2078 3634 eadem
2102 3607 2269 3642 exposcat,
2294 3606 2329 3644 ut
2352 3609 2385 3629 m

1315 3650 1454 3680 Ecclesia
1478 3651 1631 3681 catholica
1655 3660 1692 3681 ex
1715 3650 1822 3680 divina
1845 3647 2043 3679 institutione
2066 3645 2158 3687 plura
2181 3645 2295 3675 dentur
2316 3643 2386 3674 offi-
