2548 4192
228 287 233 292 ·
241 281 345 306 CCXVI

244 362 259 377 2>
283 349 391 380 sertim
401 349 595 389 corrigenda,
610 349 848 379 Commentaria
862 347 1006 377 Conradi
1016 346 1155 376 multum
1165 344 1244 374 lucis
1255 352 1312 372 no-

244 406 258 421 >
282 394 329 424 bis
346 394 485 424 attulisse
503 400 634 424 constat.
653 394 687 422 In
711 392 821 422 eadem
838 398 1006 431 praeterea,
1025 390 1139 430 pariter
1156 395 1186 419 et
1202 388 1243 417 11³
1258 387 1312 416 IIae

243 450 258 464 ³»
282 438 490 478 repurganda,
508 438 547 468 ad
563 438 733 477 Speculum
752 437 880 467 Morale
902 435 1055 465 Vincentii
1074 431 1313 463 Bellovacensis

243 495 258 509 »
282 483 562 522 confugiebamus:
591 492 627 511 ex
657 491 723 521 quo
756 479 990 520 apertissimum
1021 484 1066 508 est
1098 488 1121 507 s.
1148 477 1313 507 Thomam

242 539 257 553 ιν
281 534 442 557 mutuasse
467 526 564 556 ferme
589 525 707 562 omnia,
725 534 806 564 quae
823 524 855 553 in
879 523 927 552 his
944 523 1070 552 duobus
1095 520 1257 551 codicibus
1273 519 1313 549 de

243 584 257 598 »
282 571 451 602 virtutibus
467 576 497 600 et
521 571 605 600 vitiis
629 569 743 608 scripta
766 567 900 607 reliquit.
922 579 935 593 >⁹

308 615 436 646 Garciae
461 614 610 649 studium¹
626 622 721 643 nemo
741 611 916 651 impensius
932 620 999 640 non
1017 609 1229 640 commendet:
1245 616 1311 647 quo

241 670 314 690 sane
340 659 458 688 factum
482 664 518 688 ut
546 657 694 687 codicum
727 654 1015 685 Tarraconensium
1045 653 1107 683 fide
1139 652 1311 682 editorum-

241 714 303 744 que
327 702 468 742 plurium
493 700 720 741 exemplarium
744 699 924 736 collatione,
950 698 1110 728 doctrinae
1134 695 1310 726 Thomisti-

241 758 293 778 cae
318 746 427 786 peritia
450 755 485 776 ac
509 745 631 785 optima
655 744 740 781 crisi,
765 743 942 783 plurimum
965 751 1131 782 germanae
1155 739 1310 780 puritatiS,

240 801 321 832 quae
345 791 383 820 ab
407 790 478 829 ipso
502 789 619 829 prodiit
642 795 781 825 auctore,
799 788 951 818 Summae
972 787 1184 826 Theologicae
1202 784 1311 814 redde—

213 841 216 846 ·
238 842 331 865 retur.
356 836 399 864 At
422 834 488 874 ipse
516 843 602 871 vero,
628 840 664 863 ut
686 833 719 862 in
743 832 803 862 alia
831 830 1089 862 luculentissimis
1118 827 1311 869 argumentis

239 886 403 909 ostensum
427 885 472 908 est
496 877 733 915 Dissertatione,
757 876 939 916 gravissime
962 875 1206 915 turpissimeque
1231 872 1310 902 allu-

239 924 359 954 cinatus
384 929 446 959 est,
471 932 527 952 seu
552 932 626 952 curn
649 922 820 962 Speculum
854 921 983 951 Morale
1007 930 1025 950 a
1048 917 1216 950 Vincentio
1240 916 1310 947 Bel-

237 966 396 998 lovacensi
426 966 634 997 fabrefactum
663 965 800 996 censuit:
831 975 886 995 seu
911 975 985 995 cum
1014 964 1121 1004 ipsum
1152 961 1309 992 ornatissi-

239 1022 331 1042 mum
354 1011 459 1041 virum
482 1011 545 1041 vita
569 1011 695 1041 mortali
719 1020 804 1040 anno
834 1019 915 1049 1240
940 1009 1087 1039 functum
1106 1006 1239 1047 putavit,
1255 1005 1310 1046 qui

239 1062 310 1086 ante
334 1065 456 1086 annum
485 1056 568 1094 1264
591 1056 631 1085 ad
654 1055 759 1095 plures
784 1064 849 1084 non
874 1053 963 1083 abiit:
990 1062 1044 1083 seu
1062 1062 1136 1082 cum
1151 1061 1188 1081 ex
1203 1061 1241 1080 eo
1259 1050 1310 1079 de-

238 1110 331 1130 mum
359 1106 505 1130 sanctum
533 1099 697 1130 Thomam
719 1099 861 1129 Primam
886 1097 1054 1128 Secundae
1077 1103 1107 1126 et
1130 1094 1310 1126 Secundam

239 1144 417 1181 Secundae,
444 1143 654 1174 nobilissimas
678 1143 894 1182 Theologicae
918 1152 993 1172 suae
1017 1141 1168 1171 Summae
1192 1145 1310 1179 partes,

240 1195 408 1229 utramque
431 1188 495 1218 fere
518 1188 690 1228 integram,
716 1187 883 1217 deflorasse
911 1193 966 1216 aut
996 1192 1158 1215 mutuasse
1190 1183 1311 1223 primus

240 1240 271 1264 et
293 1233 478 1273 imprudens
502 1232 641 1272 proferre
665 1242 761 1262 ausus
785 1238 840 1261 est.
866 1231 902 1262 In
926 1241 964 1260 eo
982 1239 1109 1260 rursum
1128 1228 1254 1259 Garcias
1268 1227 1311 1257 la·

239 1277 334 1315 bitur,
360 1287 434 1307 cum
458 1276 516 1307 ait:
541 1276 652 1307 Sancti
679 1277 817 1307 Thomae
833 1275 998 1305 Summam
1023 1274 1061 1303 ad
1079 1271 1312 1312 manuscriptos

240 1321 369 1362 Speculi
391 1322 531 1352 Moralis
569 1321 692 1352 codices
723 1319 870 1361 typisque
910 1319 992 1349 edita
1025 1317 1168 1357 exempla
1199 1316 1312 1355 corrigi

240 1372 397 1406 oportere.
423 1366 492 1395 Imo
516 1375 564 1395 res
589 1375 655 1395 esse
679 1371 788 1395 contra
818 1363 952 1394 omnino
976 1363 1069 1392 debet
1091 1368 1128 1392 ut
1150 1360 1311 1390 verissime

239 1410 403 1441 Echardus
418 1409 645 1440 animadvertit:
661 1409 723 1439 Ille
738 1418 875 1448 namque
878 1407 1047 1448 falsarius
1061 1411 1220 1442 auctores,
1232 1414 1312 1445 quos

239 1455 446 1495 depeculatus
470 1459 526 1491 est,
553 1454 721 1484 identidem
746 1452 918 1492 interpolat
942 1457 972 1482 et
994 1460 1054 1481 sua
1077 1449 1236 1490 quaedam
1253 1449 1309 1478 im-

239 1501 369 1530 miscet:
384 1499 468 1529 unde
487 1498 620 1528 Summa
640 1498 831 1538 Ilieologica
845 1495 1044 1537 foedaretur
1062 1499 1093 1524 et
1107 1493 1243 1524 maculis
1257 1503 1309 1532 op-

232 1544 384 1584 pleretur
400 1544 522 1583 potius,
547 1553 643 1583 quam
669 1546 912 1582 expurgaretur
925 1541 954 1570 si
969 1539 1012 1570 ad
1027 1538 1156 1578 Speculi
1170 1537 1310 1568 Moralis

238 1589 402 1618 lectionem
428 1588 625 1627 exigeretur.

306 1632 396 1670 Quae
420 1638 546 1669 tamen,
578 1630 700 1661 tametsi
724 1629 968 1670 reprehensione
999 1627 1094 1668 digna
1117 1626 1198 1665 sint,
1227 1626 1310 1656 iusta

239 1677 370 1706 demum
394 1686 429 1706 ac
453 1676 556 1706 debita
581 1675 726 1706 Garciam
750 1674 843 1705 laude
867 1672 1010 1703 fraudare
1035 1682 1101 1702 non
1125 1671 1256 1702 debent:
1273 1670 1308 1700 il-

236 1721 357 1761 ludque
380 1720 450 1750 luce
475 1720 586 1750 clarius
611 1726 743 1757 constat,
768 1717 940 1759 propositis
964 1717 1002 1748 ab
1022 1727 1061 1748 eo
1080 1715 1309 1746 emendationi-

237 1765 296 1795 bus
307 1774 490 1804 germanam
509 1763 754 1805 quamplurimis
767 1763 801 1794 in
816 1762 894 1793 locis
909 1761 1029 1794 restitui
1039 1761 1191 1792 Summae
1211 1759 1308 1790 Theo-

236 1810 362 1850 logicae
384 1808 570 1847 lectionem,
595 1818 676 1849 quae
700 1808 733 1838 in
764 1807 902 1838 editione
926 1807 1072 1837 Romana
1101 1804 1232 1845 aliisque
1255 1813 1308 1834 ve-

235 1853 326 1884 tustis
350 1853 487 1884 scatebat
510 1853 644 1883 mendis.
669 1852 891 1893 Sphalmatum
915 1850 1058 1890 exempla
1074 1848 1230 1880 nonnulla
1244 1848 1309 1878 iam

236 1897 410 1936 attulimus,
422 1908 503 1938 quae
519 1897 552 1927 in
567 1896 674 1927 libello
690 1896 819 1927 Garciae
836 1895 1021 1936 corrigenda
1036 1895 1193 1925 iubentur.
1205 1893 1309 1923 Pauca

236 1941 368 1973 subiicio
394 1952 430 1972 ex
453 1942 579 1972 laudata
611 1942 732 1972 Veneta
766 1940 904 1971 editione
939 1939 1053 1980 pariter
1084 1945 1114 1969 et
1144 1938 1307 1975 Romana,

238 1996 319 2027 quae
352 1986 385 2016 in
425 1987 539 2016 eodem
578 1985 684 2016 libello
713 1992 864 2016 notantur
897 1990 927 2015 et
957 1983 1175 2014 emendantur.
1204 1981 1309 2012 Prima

235 2041 314 2071 pan,
339 2041 369 2071 q.
394 2041 423 2069 1,
448 2037 503 2061 art.
527 2041 566 2070 x,
591 2040 654 2070 arg.
682 2040 699 2060 2
717 2029 868 2070 legimus:
892 2029 1080 2069 Scriptura,
1098 2036 1181 2068 quae
1201 2027 1309 2057 Testa-

235 2081 376 2105 mentum
401 2080 491 2106 vetus
515 2080 659 2112 vocatur,
684 2073 924 2115 quadrifariam
949 2072 1101 2110 traditur,
1126 2071 1246 2102 scilicet
1260 2080 1308 2101 se-

235 2119 375 2150 cundum
392 2120 570 2157 historiam,
587 2118 762 2149 secundum
780 2118 1021 2160 etymologiam,
1037 2115 1212 2148 secundum
1229 2125 1308 2146 ana-

235 2164 374 2204 logiam,
399 2164 574 2194 secundum
599 2163 803 2204 allegoriam.
829 2162 961 2202 Corrige
989 2171 1102 2192 vocem
1126 2159 1255 2190 alteram
1279 2166 1309 2191 et

234 2208 303 2248 Iege
326 2207 500 2238 secundum
525 2208 742 2249 aetiologiam.
767 2207 807 2244 Q.
824 2217 895 2245 v111,
921 2206 1005 2237 artic.
1030 2215 1068 2236 111
1097 2205 1129 2235 in
1153 2214 1217 2244 arg.
1242 2203 1307 2235 Sed

235 2257 366 2283 contra:
392 2252 466 2282 Gre.
487 2262 542 2282 seu
569 2251 687 2293 Grego.
713 2251 790 2282 dicit
812 2261 910 2292 super
935 2250 1070 2281 Cantica
1088 2249 1307 2280 canticorum.

236 2296 378 2336 Corrige,
405 2296 519 2327 Glossa
543 2303 601 2327 etc.
626 2297 756 2334 Quaest.
778 2306 827 2333 Lx,
844 2295 930 2326 artic.
950 2305 970 2325 v
993 2294 1032 2324 ad
1047 2301 1078 2334 4:
1096 2293 1134 2324 In
1149 2298 1305 2334 quantum

236 2351 312 2372 vero
336 2346 382 2371 est
405 2341 533 2378 bonum,
559 2341 745 2382 beatificans
769 2340 964 2371 naturaliter
987 2348 1097 2370 omnes
1114 2343 1307 2378 supernatu-

237 2386 301 2415 rali
316 2385 520 2416 beatitudine.
532 2385 673 2425 Corrige:
684 2385 881 2425 Beatificans
892 2383 1120 2415 uniuersaliter
1129 2392 1239 2413 omnes
1249 2388 1307 2414 etc.

235 2429 341 2460 Prima
361 2429 426 2468 11³0,
443 2440 473 2470 q.
490 2440 522 2467 ιι,
547 2436 603 2460 art.
619 2439 675 2468 vu,
692 2429 725 2459 in
748 2428 810 2459 fine
828 2439 913 2469 corp.
932 2428 976 2459 sic
999 2427 1094 2458 habet
1109 2427 1230 2458 Veneta
1244 2426 1308 2457 edi-

235 2474 297 2505 tio:
326 2473 417 2503 Unde
439 2474 607 2504 dicendum
639 2474 724 2514 quod
747 2473 907 2504 beatitudo
929 2477 975 2503 est
989 2471 1113 2513 aliquid
1127 2476 1222 2502 extra
1236 2472 1308 2502 ani-

236 2528 332 2548 mam.
357 2517 602 2548 Tarraconensis
626 2518 725 2548 codex
755 2517 1048 2558 emendatioresque
1078 2516 1233 2547 editiones
1263 2516 1307 2547 le-

236 2562 377 2603 gendum
401 2562 569 2602 praebent:
597 2562 689 2592 Unde
711 2561 880 2592 dicendum
905 2566 951 2591 est
976 2561 1061 2602 quod
1083 2560 1244 2592 beatitudo
1261 2566 1307 2592 est

237 2607 361 2647 aliquid
383 2608 528 2637 animae:
551 2606 607 2636 sed
630 2606 663 2636 id
693 2607 725 2636 in
750 2616 812 2646 quo
836 2606 978 2636 consistit
1001 2604 1161 2635 beatitudo
1184 2610 1231 2635 est
1245 2605 1306 2636 ali-

236 2651 314 2692 quid
337 2656 430 2681 extra
454 2651 607 2681 animam.
627 2652 695 2681 Art.
711 2659 780 2688 v111‚
804 2649 837 2679 in
861 2656 994 2690 utraque
1010 2649 1162 2680 editione:
1181 2649 1246 2686 Qui
1261 2655 1307 2680 est

238 2696 422 2726 universale
445 2695 619 2726 subiectum
650 2694 855 2725 beatitudinis
885 2694 1026 2724 omnium
1051 2694 1228 2730 bonorum;
1252 2693 1306 2724 ubi

238 2750 296 2781 pro
319 2740 458 2771 subiecto
482 2739 594 2779 reponi
625 2745 772 2779 oportere
796 2748 892 2768 nemo
917 2747 982 2768 non
1006 2737 1106 2775 videt,
1131 2737 1307 2768 obiectum:

236 2794 414 2826 vocemque
437 2784 592 2815 bonorum
616 2783 750 2814 retinent
773 2782 832 2813 alia
847 2782 1001 2822 exempla,
1017 2781 1133 2812 habent
1148 2780 1218 2818 alia,
1235 2781 1307 2812 bea-

237 2835 353 2860 torum.
378 2830 465 2859 Haec
488 2838 563 2858 vero
587 2827 671 2858 satis.

305 2874 357 2904 111.
383 2872 512 2904 Garciae
535 2872 658 2902 labores
681 2871 958 2902 commendatione
973 2869 1111 2911 plurima
1125 2869 1238 2910 dignos
1253 2875 1308 2900 aut

237 2917 394 2958 ignoravit
424 2924 479 2948 aut
502 2916 636 2957 neglexit
659 2916 848 2947 Dominicus
871 2915 1037 2946 Nicolinus
1060 2914 1094 2944 in
1114 2923 1172 2944 sua
1187 2913 1307 2944 Veneta

238 2962 383 3003 Operum
399 2961 463 2991 divi
477 2961 624 2992 Thomae
639 2960 778 2991 editione
794 2960 868 2990 anni
890 2960 1088 3000 1593-1594,
1105 2968 1187 3000 quae
1203 2957 1306 2988 omni-

236 3007 296 3038 bus
319 3006 483 3047 inquinata
506 3005 630 3036 mendis
653 3011 709 3043 est,
734 3005 851 3046 quibus
870 3003 966 3035 editio
982 3004 1127 3034 Romana
1143 3008 1248 3033 scatet.
1264 3004 1307 3033 At

236 3051 293 3081 viri
317 3049 545 3091 diligentissimi
570 3049 780 3080 correctiones
803 3047 929 3079 admisit
951 3047 1201 3088 adprobavitque
1226 3045 1306 3078 Cos-

236 3105 304 3125 mas
328 3095 491 3132 Morenes,
523 3093 578 3135 qui
611 3093 710 3134 patria
734 3093 893 3124 catalanus
917 3099 948 3123 et
978 3092 1128 3123 alumnus
1160 3091 1307 3122 coenobii

237 3150 262 3169 s.
287 3138 438 3169 Honufrii
462 3148 562 3178 prope
585 3138 764 3169 Valentiam
787 3137 965 3178 Aragoniae
979 3135 1163 3167 Provinciae
1177 3134 1306 3167 Ordinis

235 3183 508 3221 Praedicatorum,
532 3193 651 3212 novam
666 3182 812 3222 Operum
835 3193 859 3212 s.
883 3181 1032 3212 Thomae
1055 3180 1228 3211 editionem
1252 3189 1306 3211 cu-

238 3227 318 3258 ravit
342 3227 546 3267 Antmerpiae
569 3225 633 3269 (vel
647 3227 754 3267 potius
771 3224 941 3268 Coloniae)
958 3225 1041 3267 typis
1057 3225 1191 3256 Ioannis
1205 3224 1306 3255 Keer·

238 3272 342 3313 bergii
365 3281 452 3302 anno
483 3269 575 3309 1612,
601 3270 698 3302 tomis
725 3271 826 3302 XVIII
858 3270 891 3301 in
920 3269 975 3301 fol.
1001 3270 1088 3300 Haec
1111 3268 1233 3300 disserit
1254 3268 1306 3299 ille

238 3316 271 3346 in
294 3315 506 3346 Praefatione:
535 3328 549 3343 a<
571 3315 622 3346 Ad
641 3315 863 3355 corrigendum
877 3324 952 3345 vero
968 3314 1120 3345 Summae
1141 3313 1306 3354 Theologi-

241 3373 255 3388 »
278 3370 335 3391 cae
357 3361 428 3390 loca
460 3359 616 3400 plurima,
646 3359 789 3390 excitavit
812 3369 864 3390 me
897 3358 1123 3390 correctorium
1155 3357 1307 3388 industrie

240 3418 255 3433 ι
279 3405 475 3435 elaboratum
505 3410 599 3445 atque
629 3403 750 3434 editum
773 3414 791 3434 a
814 3403 966 3444 perdocto
989 3403 1058 3434 viro
1082 3402 1119 3433 fr.
1139 3401 1306 3433 Francisco

240 3461 256 3477 ι
278 3449 400 3487 Garcia,
425 3448 590 3489 quondam
614 3448 699 3489 apud
714 3448 966 3479 Tarraconenses
982 3447 1111 3488 publico
1126 3445 1306 3486 theologiae

241 3506 256 3521 ι
279 3493 456 3533 professore
484 3499 514 3523 et
538 3499 647 3533 postea
670 3492 832 3523 Valentiae
847 3492 1012 3534 Gymnasii
1026 3490 1246 3522 Praedicatorii
1261 3499 1306 3521 re—

242 3549 256 3565 »
279 3544 381 3576 gente.
406 3537 508 3568 Cuius
527 3537 583 3567 viri
608 3536 846 3575 correctionem,
870 3537 927 3568 etsi
951 3546 1018 3567 non
1040 3536 1074 3567 in
1093 3534 1244 3566 omnibus
1259 3534 1306 3565 Io-

242 3592 257 3606 »
280 3581 323 3611 cis
347 3582 384 3610 ab
408 3581 479 3621 ipso
503 3581 681 3621 designatis,
706 3591 764 3621 pro
788 3581 901 3611 maiori
925 3587 1031 3611 tamen
1055 3586 1142 3620 parte
1164 3579 1198 3610 in
1222 3578 1306 3620 prin·

243 3636 258 3651 ›
281 3624 492 3664 cipalioribus,
517 3635 591 3655 cum
614 3624 835 3665 manuscriptis
858 3631 964 3655 tamen
983 3624 1142 3665 plerisque
1157 3623 1306 3655 vetustio-

967 261 1428 304 DISSERTATIONES
1459 265 1707 303 CRITICAE

1371 354 1385 369 ³>
1408 343 1494 374 ribus
1519 346 1749 386 exemplaribus
1773 357 1949 377 consonam
1974 347 2175 388 deprehendi.
2196 360 2210 375 »
2238 347 2322 378 Hinc
2346 353 2442 388 patet,

1368 385 1497 419 Garciae
1521 390 1727 428 lectionibus,
1752 401 1831 432 quas
1854 391 1922 431 ipse
1946 402 1982 422 ex
2005 392 2235 423 Tarraconensi
2259 392 2442 432 praesertim

1368 432 1475 462 codice
1499 435 1653 474 sumpsit,
1686 445 1804 475 quasve
1828 435 1860 465 in
1890 436 1954 466 suis
1978 446 2052 467 mss.
2083 437 2307 467 vetustioribus
2336 446 2442 466 exem-

1361 476 1511 515 plaribus
1535 479 1661 520 legebat
1685 480 1850 517 MoreHes,
1876 479 1973 510 fidem
1996 481 2169 520 plurimam
2194 481 2364 511 conciliari.

1750 585 1960 622 CAPUT
2005 587 2057 622 II.

1366 677 1439 703 Nova
1459 679 1558 704 Rornae
1578 688 1592 704 a
1611 680 1739 712 Gregorio
1758 681 1859 706 Donato
1879 687 1965 706 curata
1984 682 2069 707 editio.
2084 683 2286 708 Lovaniensium
2305 684 2440 708 doctorum

1438 719 1463 738 et
1476 714 1651 739 Duacensium
1671 716 1866 741 emendationes
1886 722 1911 741 et
1929 723 2020 742 notae:
2040 725 2150 750 quarum
2169 718 2270 751 aliquae
2285 719 2318 744 ad
2333 727 2440 744 examen

1437 754 1551 774 vocatae.
1571 749 1722 775 parisiensis
1742 751 1844 776 loannis
1863 752 1959 776 Nicolai
1980 753 2120 777 accuratior
2134 753 2225 778 editio:
2241 754 2302 786 quid
2318 754 2342 778 in
2358 763 2387 779 ea
2402 754 2439 779 vi-

1437 784 1490 808 deri
1505 784 1588 816 possit
1602 785 1687 810 minus
1702 786 1777 810 laude
1797 787 1904 819 dignum
1924 787 2056 813 indicatur.
2072 788 2205 821 RegInaldi
2219 789 2336 814 Lucarini
2351 797 2440 815 emen-

1438 819 1553 844 dationes
1572 820 1673 852 aliquae
1692 828 1820 854 expensae
1839 827 1865 846 et
1883 827 2019 848 correctae.

1367 917 1389 947 Ι.
1474 924 1596 957 partam
1620 919 1701 949 hanc
1724 919 1816 950 novis
1840 920 1922 950 curis
1946 920 2050 950 ornari
2066 931 2160 961 posse
2181 922 2368 954 existimavit
2390 934 2440 954 ex-

1474 962 1661 1003 ornavitque
1694 963 1867 1003 Gregorius
1899 964 2045 995 Donatus
2076 975 2246 1005 romanus,
2275 967 2440 999 Romanae

1366 1005 1495 1036 Ordinis
1524 1007 1780 1038 Praedicatorum
1812 1008 1995 1038 Provinciae
2029 1009 2178 1039 alumnus
2207 1017 2238 1040 et
2267 1011 2440 1051 Hyacinthi

1366 1050 1504 1081 Petronii
1529 1061 1552 1082 s.
1578 1052 1757 1091 Apostolici
1781 1052 1890 1083 Palatii
1909 1052 2050 1092 Magistri
2065 1053 2180 1092 socius,
2196 1064 2281 1084 nova
2294 1055 2441 1086 Romana

1367 1095 1505 1125 editione
1537 1096 1715 1136 sumptibus
1747 1097 1899 1127 Andreae
1930 1097 2116 1138 Brugiotti,
2149 1098 2238 1138 apud
2267 1099 2440 1131 Bartholo-

1367 1149 1492 1169 maeum
1524 1141 1722 1171 Zannettum
1746 1151 1833 1171 anno
1858 1140 1933 1182 1619
1959 1149 2118 1180 accurata,
2135 1142 2168 1172 in
2192 1149 2299 1173 tomos
2319 1144 2376 1174 XII
2393 1142 2440 1186 (in

1372 1182 1423 1225 12)
1445 1183 1618 1215 distributa.
1637 1185 1672 1215 In
1688 1185 1833 1225 Epistola
1857 1186 1897 1215 ad
1926 1186 2075 1216 sincerae
2098 1188 2244 1218 veritatis
2266 1188 2439 1219 candidum

1366 1233 1555 1266 amatorem,
1581 1239 1662 1269 quae
1685 1230 1807 1260 Romae
1831 1230 1902 1260 data
1925 1229 2039 1269 legitur
2061 1231 2113 1261 die
2136 1231 2176 1261 15
2203 1232 2355 1270 octobris,
2380 1242 2440 1263 an-

1367 1282 1408 1302 no
1438 1271 1533 1311 1618,
1564 1273 1641 1304 haec
1674 1274 1844 1304 habentur:
1883 1288 1896 1302 ‹
1916 1274 2094 1314 Ipsissimae
2125 1275 2269 1316 Angelici
2292 1277 2442 1308 Auctoris

1369 1329 1383 1343 »
1406 1317 1505 1347 menti
1527 1323 1664 1358 tuaeque
1692 1317 1818 1349 utilitati
1842 1318 2076 1349 consulendum
2100 1319 2190 1350 duxi:
2206 1320 2296 1361 quod
2319 1320 2441 1352 factum

1369 1373 1384 1388 »
1406 1367 1453 1391 est
1476 1361 1712 1402 castigatissima
1735 1363 1968 1393 emendatione.
1992 1363 2109 1394 Nullus
2125 1364 2245 1404 quippe
2265 1365 2364 1395 codex
2385 1372 2442 1397 aut

1368 1417 1383 1432 »
1405 1411 1558 1436 vetustate
1582 1406 1716 1437 eximius
1739 1414 1795 1437 aut
1817 1406 1879 1437 fide
1902 1407 2034 1447 insignis
2056 1408 2089 1438 in
2115 1408 2213 1447 Italia,
2237 1408 2350 1448 Gallia,
2367 1409 2440 1440 His-

1368 1461 1382 1475 »
1406 1449 1500 1489 pania
1530 1450 1763 1492 Germaniaque
1795 1451 1855 1482 fuit
1889 1451 2049 1490 universa,
2074 1452 2129 1493 qui
2153 1453 2335 1483 Romanam
2357 1453 2439 1485 hanc

1368 1505 1382 1519 ι
1405 1493 1529 1524 tertiam
1559 1494 1742 1534 plenissime
1770 1505 1837 1526 non
1868 1496 2022 1527 adiuverit
2051 1496 2234 1528 editionem.
2258 1498 2365 1528 Habes
2388 1498 2441 1529 hic

1367 1549 1382 1563 »
1405 1547 1520 1577 puram
1543 1538 1691 1570 Thomae
1714 1546 1866 1578 mentem,
1887 1540 1938 1571 cui
1957 1540 2036 1571 nihil
2052 1539 2235 1572 extraneum
2250 1542 2440 1581 admixtum,

1368 1594 1382 1608 ⁵>
1405 1581 1484 1612 nihil
1508 1582 1682 1614 detractum
1707 1587 1888 1624 actumque.
1913 1584 2105 1625 Subreptitia
2123 1586 2279 1617 nonnulla
2295 1586 2439 1618 elimina-

1367 1638 1382 1653 »
1404 1625 1525 1657 vimus:
1550 1627 1576 1657 si
1600 1637 1664 1668 qua
1688 1627 1815 1658 deerant
1838 1627 2021 1660 adiecimus.
2043 1641 2058 1656 »
2290 1623 2294 1631 ¹

1432 1671 1520 1702 Haec
1555 1671 1667 1702 eadem
1697 1681 1806 1703 recusa
1837 1679 1958 1713 prostat
1988 1673 2085 1704 editio
2115 1674 2348 1704 Amstelodatni
2379 1675 2441 1706 tub

1365 1715 1522 1746 ementitis
1547 1715 1703 1747 Coloniae
1727 1716 1922 1757 Agrippinae
1953 1717 2037 1758 typis
2061 1717 2203 1749 Cornelii
2226 1718 2265 1748 ab
2289 1718 2441 1759 Egmond

1370 1759 1464 1800 1639,
1488 1760 1563 1791 voll.
1588 1761 1646 1792 XII
1670 1760 1703 1791 in
1725 1768 1781 1799 123
1798 1767 1829 1792 et
1851 1761 1970 1792 ibidem
1999 1762 2092 1802 1640,
2112 1768 2192 1793 tom.
2208 1762 2248 1793 V.
2264 1762 2297 1793 in
2311 1771 2344 1803 4,
2360 1773 2441 1805 quas

1365 1810 1455 1835 notat
1477 1804 1655 1836 Echardus:
1676 1812 1707 1836 et
1734 1805 1885 1846 Lugduni
1909 1806 2090 1847 sumptibus
2114 1807 2159 1838 Io.
2183 1806 2342 1847 Baptistae
2364 1807 2441 1840 Bat-

1364 1847 1431 1878 bier
1453 1848 1546 1888 1688,
1562 1849 1638 1880 voll.
1656 1849 1685 1880 X
1701 1849 1734 1880 in
1756 1859 1804 1880 12.
1824 1850 1933 1880 Errata
1957 1851 2064 1891 plura,
2088 1861 2171 1892 quae
2194 1861 2261 1882 non
2284 1851 2364 1883 vidit
2385 1859 2442 1884 aut

1365 1902 1432 1923 non
1456 1893 1630 1925 adverterat
1653 1893 1780 1925 Garcias
1804 1901 1835 1925 et
1850 1894 1883 1924 in
1900 1894 2038 1925 editione
2054 1902 2199 1935 prostant
2214 1895 2354 1927 Cosmae
2367 1897 2440 1932 Moe

1365 1937 1466 1976 renes,
1491 1944 1629 1969 correcta
1651 1938 1684 1969 in
1708 1938 1767 1969 hac
1790 1939 1937 1969 Romana
1961 1939 2099 1970 editione
2122 1946 2242 1971 suntet
2256 1947 2437 1982 expurgata.

1365 1981 1519 2022 Exempla
1542 1982 1671 2023 profero
1695 1983 1860 2014 nonnulla.
1885 1983 1991 2014 Prima
2014 1994 2058 2024 p.,
2083 1993 2138 2025 qu.
2161 1994 2193 2022 v,
2218 1990 2275 2016 art.
2298 1995 2333 2015 111
2349 1985 2390 2016 ad
2404 1995 2438 2026 4,

1365 2025 1441 2056 haec
1464 2026 1620 2058 habentur
1649 2027 1760 2058 verba:
1785 2027 1869 2058 Sunt
1897 2033 2005 2059 autem
2036 2028 2261 2060 mathematica
2284 2035 2439 2070 separata

1363 2070 1539 2102 secundum
1563 2072 1720 2102 rationem
1746 2077 1889 2109 tantum,
1907 2077 2010 2113 prout
2031 2072 2224 2104 abstrahunt
2247 2078 2283 2104 ut
2305 2083 2327 2104 a
2349 2079 2438 2106 motu

1364 2120 1395 2145 et
1417 2125 1438 2145 a
1461 2117 1618 2147 materia:
1640 2126 1722 2157 quae
1746 2116 1912 2147 emendata
1935 2116 2084 2157 leguntur
2106 2116 2140 2148 in
2155 2117 2294 2148 editione
2307 2117 2437 2158 Donati,

1357 2165 1460 2200 prout
1482 2159 1717 2192 abstrahuntur
1739 2171 1760 2191 a
1783 2166 1870 2191 motu
1895 2166 1926 2191 et
1947 2171 1968 2191 a
1992 2162 2140 2192 materia.
2164 2161 2206 2199 Q.
2226 2172 2292 2200 vm,
2316 2167 2373 2194 art.
2395 2172 2440 2202 tv,

1363 2203 1396 2234 in
1421 2214 1446 2235 c.
1472 2204 1547 2244 legit
1570 2204 1727 2244 Donatus,
1751 2206 1835 2236 sicut
1857 2206 1886 2235 si
1908 2205 2002 2236 homo
2025 2210 2072 2236 est
2094 2205 2187 2236 albus
2202 2206 2314 2237 dente:
2327 2205 2440 2247 legunt

1363 2247 1427 2287 alii,
1450 2249 1625 2280 secundum
1649 2249 1774 2280 dentem
1800 2255 1830 2280 et
1853 2249 1885 2280 in
1905 2249 2045 2281 editione
2061 2248 2199 2281 Cosmae
2215 2249 2374 2290 Moreues,
2389 2251 2438 2283 al-

1363 2293 1422 2324 bus
1438 2293 1575 2324 dentem.
1592 2293 1698 2324 Prima
1715 2294 1782 2333 11⁸0,
1800 2303 1831 2334 q.
1848 2304 1870 2332 1,
1886 2300 1943 2325 art.
1958 2303 2004 2324 vn
2018 2293 2052 2324 in
2067 2303 2094 2325 c.
2109 2294 2153 2325 sic
2167 2293 2262 2326 habet
2276 2301 2439 2336 postrema

1363 2337 1490 2368 laudata
1513 2338 1621 2376 editio,
1644 2338 1764 2369 habens
1787 2337 1935 2379 effectum
1954 2338 2033 2369 bene
2046 2338 2251 2380 dispositum:
2263 2345 2347 2371 recte
2361 2349 2438 2372 vero

1363 2381 1521 2421 Donatus,
1545 2382 1665 2414 habens
1687 2382 1841 2423 affectum
1865 2383 1944 2414 bene
1965 2383 2163 2424 dispositum.
2182 2383 2216 2414 Id
2230 2393 2332 2424 genus
2344 2383 2440 2425 plura

1363 2426 1569 2458 innotescunt
1591 2427 1746 2458 editiones
1770 2427 1952 2467 diligentius
1971 2426 2108 2458 invicem
2124 2427 2322 2468 comparanti
2340 2434 2373 2460 et
2384 2438 2438 2460 ex-

1362 2471 1523 2512 pendenti.

1430 2515 1468 2546 11.
1493 2515 1634 2556 Operam
1658 2527 1750 2547 suam
1781 2517 1988 2558 studiumque
2017 2526 2073 2558 per
2095 2516 2172 2548 haec
2195 2522 2341 2557 tempora
2359 2526 2438 2549 con·

1362 2559 1461 2590 tulere
1485 2559 1630 2591 doctores
1654 2561 1869 2592 Lovanienses
1901 2568 1933 2592 et
1955 2561 2148 2599 Duacenses,
2165 2567 2201 2592 ut
2216 2560 2368 2592 omnibus
2383 2571 2436 2593 ex-

1362 2610 1494 2644 purgata
1523 2605 1648 2643 naevis,
1679 2615 1820 2646 quorum
1849 2615 1950 2646 genus
1973 2611 2004 2636 et
2034 2604 2253 2637 conditionem
2283 2605 2437 2647 exemplis

1361 2647 1512 2678 hactenus
1531 2648 1748 2689 patefecimus,
1759 2650 1892 2680 Summa
1914 2649 2106 2690 Theologica
2121 2648 2185 2679 divi
2199 2649 2348 2680 Thomae
2360 2659 2437 2691 pro·

1362 2691 1450 2722 diret.
1475 2692 1619 2723 Thomas
1642 2693 1808 2724 Madalena
1831 2693 1864 2724 in
1888 2703 1946 2724 sua
1971 2693 2058 2724 Crisi
2085 2693 2287 2731 Thomistica,
2307 2693 2347 2724 de
2369 2703 2436 2735 qua

1361 2734 1491 2766 inferius
1515 2736 1686 2776 agendum,
1701 2737 1952 2778 Lugdunensem
1969 2737 2050 2767 anni
2062 2735 2150 2767 1663
2171 2736 2344 2768 editionem
2365 2737 2434 2768 lau-

1362 2779 1432 2818 dat,
1457 2779 1490 2810 in
1519 2790 1583 2821 qua
1613 2781 1850 2812 observationes
1878 2781 2099 2822 theologorum
2129 2780 2379 2812 Louaniensium
2403 2787 2436 2813 et

1361 2823 1581 2855 Duacensium
1606 2825 1693 2855 circa
1717 2825 1857 2856 litteram
1881 2825 1948 2856 divi
1975 2825 2114 2856 Thomae
2131 2824 2215 2866 typis
2231 2825 2332 2856 editae
2348 2825 2434 2857 exhi-

1362 2868 1490 2899 bentur:
1515 2878 1652 2909 quarum
1675 2869 1754 2900 aliae
1784 2869 1893 2900 codice
1916 2868 2146 2900 Tarraconensi
2169 2879 2187 2899 a
2211 2868 2323 2900 Garcia
2345 2869 2434 2901 adhi-

1362 2910 1428 2943 bito
1452 2919 1483 2943 et
1506 2913 1615 2944 codice
1639 2912 1859 2944 Cameracensi
1883 2914 1922 2945 ab
1946 2913 2066 2944 eisdem
2081 2913 2239 2953 theologis
2255 2913 2372 2945 collato
2385 2913 2435 2947 in-

1362 2956 1520 2987 nituntur:
1545 2957 1584 2987 ab
1607 2957 1675 2998 ipsa
1699 2957 1926 2998 theologorum
1948 2957 2128 2989 coniectum
2143 2964 2174 2989 et
2189 2957 2259 2988 crisi
2274 2953 2435 2998 prodeunt

1361 3000 1448 3032 aliae.
1473 3001 1612 3032 Parisina
1636 3001 1714 3032 mihi
1730 3009 1855 3043 praesto
1871 3009 1918 3034 est
1933 3001 2043 3040 editio,
2059 3012 2141 3044 quae
2157 3001 2338 3043 sumptibus
2353 3001 2433 3034 Dio-

1361 3045 1442 3086 nysii
1462 3045 1592 3076 Moreau
1610 3046 1738 3087 prodiit,
1755 3046 1870 3087 partim
1885 3056 1970 3077 anno
1991 3046 2084 3086 1648,
2101 3046 2218 3087 partim
2231 3055 2316 3078 anno
2336 3046 2432 3087 1652,

1359 3089 1572 3130 quorumdam
1596 3091 1818 3132 theologorum
1843 3091 2090 3122 Lovaniensium
2114 3100 2212 3132 opera
2236 3090 2360 3129 mendis
2381 3099 2433 3123 re—

1354 3139 1514 3175 purgata,
1539 3144 1717 3176 eorumque
1740 3135 1854 3166 criticis
1877 3135 2150 3167 observationibus
2173 3134 2205 3166 in
2221 3134 2306 3166 calce
2321 3133 2432 3167 unius·

1361 3178 1516 3220 cuiusque
1539 3179 1712 3210 voluminis
1736 3179 1868 3211 munita.
1886 3179 2109 3220 Lugdunensis
2125 3179 2221 3210 etiam
2236 3185 2362 3220 praesto
2373 3184 2432 3213 *at

1360 3223 1440 3254 anni
1463 3221 1542 3263 1677
1565 3223 1672 3263 editio,
1695 3223 1728 3254 in
1752 3234 1816 3265 qua
1839 3224 1882 3255 sic
1905 3224 1992 3264 lego:
2020 3237 2035 3252 ι
2057 3224 2191 3255 Summa
2214 3221 2430 3255 sancti·Tho-

1364 3279 1379 3296 »
1401 3277 1473 3298 mae
1504 3268 1689 3310 Aquinatis,
1723 3268 1847 3300 divinae
1878 3268 2051 3300 voluntatis
2083 3267 2276 3309 interpretis,
2300 3265 2431 3300 Ordinis

1364 3324 1378 3339 ι
1401 3312 1667 3344 Praedicatorurn.
1680 3335 1708 3344 ..
1721 3335 1729 3344 .
1754 3313 1787 3344 in
1811 3320 1872 3344 tres
1895 3320 1999 3354 partes
2021 3313 2060 3344 ab
2083 3314 2223 3344 Auctore
2246 3320 2306 3342 suo
2329 3308 2430 3342 distri·

1364 3369 1379 3384 »
1401 3357 1488 3388 buta.
1505 3357 1581 3388 Post
1599 3357 1848 3388 Lovaniensium
1864 3364 1960 3399 atque
1973 3356 2190 3389 Duacensium
2203 3355 2431 3395 theologorum

1364 3414 1379 3430 »
1401 3401 1558 3442 insignem
1581 3411 1727 3443 operam,
1751 3402 1844 3433 novis
1867 3402 1971 3433 adhuc
1994 3401 2118 3433 mendis
2141 3399 2288 3440 castigata
2309 3405 2368 3430 etc.
2388 3410 2404 3426 ι

1428 3446 1476 3477 De
1499 3446 1583 3478 notis
1606 3446 1808 3486 huiusmodi,
1832 3457 1912 3488 quas
1933 3445 2053 3477 laudati
2075 3443 2216 3485 theologi
2239 3451 2428 3484 apposuere,

1361 3490 1472 3522 latiore
1494 3498 1593 3532 agunt
1622 3491 1744 3522 calamo
1769 3491 1903 3522 Ioannes
1930 3490 2094 3522 Nicolaius
2116 3489 2150 3520 in
2172 3497 2248 3519 suae
2269 3486 2429 3518 parisinae

1362 3535 1507 3567 editionis
1535 3535 1732 3567 Praefatione
1762 3542 1792 3567 et
1815 3535 1960 3566 Thomas
1989 3533 2155 3566 Madalena
2175 3531 2210 3563 in
2233 3529 2314 3562 crisi
2337 3530 2427 3562 Tho-

1361 3579 1494 3612 mistica.
1517 3580 1672 3611 Plurimas
1696 3590 1811 3620 nempe
1840 3579 1990 3610 laudant:
2013 3577 2158 3610 reiiciunt
2183 3574 2258 3606 alins
2288 3574 2429 3616 aliasque

1361 3624 1459 3656 veluti
1469 3624 1644 3665 superfluas
1657 3623 1787 3665 insuper
1800 3623 1926 3655 habent.
1936 3622 2041 3654 Prima
2050 3632 2096 3663 p.,
2106 3630 2138 3662 q.
2143 3629 2180 3660 u,
2185 3625 2241 3651 art.
2250 3628 2287 3650 m
2295 3619 2328 3650 in
2338 3629 2429 3660 corp.
