2788 4204
17 698 19 702 ⁴
50 699 67 711 θ
79 697 155 721 Codd.
168 708 178 713 -
194 703 221 718 r:
243 698 268 718 in

54 724 270 751 ffl.tc1'11‘cet...qui-
298 737 306 744 .

30 783 31 786 ,
53 750 206 804 aare·

53 856 70 869 ⁸
76 860 130 879 nl:
151 854 270 877 tenemu-

45 881 145 986 a:

44 1005 270 1042 “unnandoeet

141 911 256 931 mentum.

123 940 172 957 eu
185 934 268 961 codd.‚

1130 285 1242 321 CAP.
1272 284 1361 332 XV,
1392 284 1543 321 LECT.
1573 284 1645 320 XX

292 363 500 410 memoria,
521 362 616 401 sicut
645 364 683 400 in
711 363 952 410 hominibus;
973 364 1012 401 in
1040 364 1271 413 quibusdam
1301 376 1366 401 au-

293 425 372 454 tem
402 429 492 464 non,
514 418 610 454 sicut
638 418 676 454 in
705 416 836 454 brutis.

355 483 411 507 ιι.
434 471 584 508 Deinde
618 483 707 508 curn
746 470 854 508 dicit:
879 472 944 507 Ex
970 482 1081 507 sensu
1115 471 1263 519 quidem
1297 471 1368 520 igi-

295 530 357 560 tur
384 531 469 571 etc.,
499 524 665 562 ostendit
698 523 912 561 secundum
940 524 1135 573 praedicta
1167 525 1367 573 quomodo

296 577 334 614 in
363 578 474 615 nobis
502 578 570 615 fiat
589 577 754 625 cognitio
782 577 998 626 primorum
1018 577 1312 627 principiorum;
1333 585 1369 615 et

297 631 489 669 concludit
527 643 572 668 ex
601 631 821 680 praemissis
858 632 965 680 quod
995 644 1040 668 ex
1069 643 1185 668 sensu
1218 631 1261 668 fit
1289 643 1369 668 me-

297 684 420 721 moria
457 684 495 721 in
530 684 599 721 illis
626 684 876 731 animalibus,
912 685 949 721 in
983 685 1123 734 quibus
1143 686 1163 706 *
1198 692 1371 721 remanet

298 737 498 786 impressio
534 738 737 784 sensibilis,
768 738 864 775 sicut
883 750 998 787 supra
1017 738 1038 758 *
1059 738 1201 775 dictum
1223 746 1290 775 est.
1312 739 1370 774 Ex

298 790 487 828 memoria
521 799 649 828 autern
689 791 882 828 multoties
919 792 1016 828 sacta
1054 791 1152 828 circa
1190 791 1369 828 eamdem

298 856 392 890 rem,
405 844 443 881 in
455 844 614 882 diversis
628 852 757 881 tamen
773 845 1023 893 singularibus
1033 846 1066 892 ³²,
1075 846 1118 882 fit
1132 845 1370 894 experimen-

297 904 397 942 tum3
420 898 509 947 quia
529 897 835 947 experimentum
856 898 947 935 nihil
967 899 1070 936 aliud
1086 911 1168 935 esse
1185 900 1205 920 *²
1219 899 1371 936 videtur

298 963 415 1000 quam
445 951 617 1000 accipere
642 952 783 1001 aliquid
813 965 858 989 ex
878 952 1005 989 multis
1034 952 1071 989 in
1100 953 1290 989 memoria
1314 964 1371 989 re-

298 1004 419 1041 tentis.
453 1005 531 1042 Sed
559 1013 689 1042 tamen
711 1005 1015 1055 experimentum
1045 1006 1187 1054 indiget
1206 1007 1227 1028 *
1246 1006 1372 1055 aliqua

299 1057 585 1095 ratiocinatione
607 1059 706 1096 circa
725 1059 976 1108 particularia,
997 1071 1066 1108 per
1085 1072 1203 1109 quam
1225 1060 1371 1097 confer·

297 1119 359 1148 tur
386 1124 507 1149 unum
538 1113 587 1149 ad
615 1113 730 1158 aliud,
752 1113 860 1162 quod
888 1121 945 1150 est
971 1113 1173 1161 proprium
1203 1113 1370 1150 rationis.

263 1187 269 1194 -
298 1165 396 1202 Puta
424 1178 512 1202 cum
542 1166 677 1215 aliquis
704 1167 724 1187 *
755 1167 978 1204 recordatur
1007 1167 1112 1215 quod
1140 1166 1224 1203 talis
1252 1167 1372 1203 herba

298 1218 491 1255 multoties
526 1220 675 1256 sanavit
703 1221 845 1257 multos
868 1220 888 1241 ²⁸
918 1232 940 1257 a
968 1220 1094 1264 febre,
1124 1219 1260 1256 dieitur
1288 1232 1371 1256 esse

263 1301 269 1307 .
297 1272 603 1320 experimentum
643 1274 749 1322 quod
786 1273 869 1310 talis
895 1273 915 1293 ⁸
953 1273 999 1309 sit
1036 1272 1208 1309 sanativa
1246 1272 1369 1309 febris.

298 1325 411 1362 Ratio
441 1333 570 1366 autem
594 1338 672 1363 non
702 1326 795 1363 sistit
822 1326 861 1363 in
881 1325 1144 1385 experimento
1170 1325 1371 1374 particula-

295 1378 411 1426 rium,
432 1379 501 1417 sed
530 1392 575 1417 ex
605 1380 733 1417 multis
761 1379 1052 1429 particularibus
1080 1379 1119 1415 in
1147 1379 1286 1428 quibus
1307 1392 1373 1417 ex-

298 1408 428 1481 pertu's
456 1440 523 1479 est,
554 1433 690 1482 accipit
716 1445 839 1470 unum
869 1445 1090 1479 commune,
1111 1432 1217 1481 quod
1243 1433 1371 1470 firma-

296 1491 358 1522 tur
375 1484 415 1522 in
434 1486 576 1532 anima,
597 1493 634 1523 et
653 1486 870 1523 considerat
888 1486 979 1523 illud
994 1483 1008 1509 ε
1027 1486 1173 1536 absque
1198 1487 1371 1524 conside-

298 1538 444 1576 ratione
473 1539 631 1576 alicuius
659 1539 928 1600 singularium;
959 1546 996 1576 et
1022 1541 1098 1576 hoc
1126 1541 1372 1577 commune*

297 1591 434 1640 accipit
474 1600 516 1629 ut
556 1593 786 1642 principium
829 1593 918 1630 artis
960 1599 997 1629 et
1037 1593 1227 1630 scientiae.
1275 1595 1372 1631 Puta

298 1645 484 1696 quamdiu
498 1651 512 1667 ⁶
536 1646 710 1684 medicus
739 1645 996 1683 consideravit
1014 1647 1114 1684 hanc
1132 1647 1293 1684 herbam
1314 1659 1372 1684 sa-

237 1726 271 1754 .-
299 1710 410 1736 nasse
431 1699 451 1721 '⁸‘
481 1700 680 1737 Socratem
710 1700 935 1737 febrientem
951 1700 1008 1746 **,
1035 1707 1072 1737 et
1095 1701 1308 1747 Platonem,
1336 1708 1374 1738 et

299 1752 441 1789 multos
469 1752 564 1790 alios
593 1753 802 1802 singulares
830 1753 1023 1800 homines,
1054 1761 1111 1790 est
1135 1754 1373 1802 experimen-

298 1813 399 1851 tum;
430 1818 520 1844 cum
540 1814 670 1844 autern
690 1819 759 1844 sua
785 1806 1040 1844 consideratio
1068 1806 1118 1844 ad
1145 1808 1222 1844 hoc
1240 1819 1371 1845 ascen-

300 1858 354 1896 dit
376 1861 483 1908 quod
510 1860 592 1898 talis
625 1860 772 1910 species
801 1861 944 1898 herbae
972 1867 1081 1897 sanat
1095 1860 1116 1882 *
1145 1859 1371 1898 febrientem

299 1912 529 1962 simpliciter,
549 1914 626 1951 hoc
654 1913 837 1963 accipitur
855 1921 897 1950 ut
919 1913 1111 1962 quaedam
1133 1914 1264 1962 regula
1283 1914 1372 1951 artis

298 1965 525 2004 medicinae.
556 1967 642 2004 Hoc
663 1975 719 2004 est
738 1979 829 2015 ergo
846 1968 866 1988 ¹*
886 1967 992 2016 quod
1021 1967 1121 2013 dicit,
1142 1967 1250 2016 quod
1277 1967 1374 2005 sicut

299 2030 346 2056 ex
373 2020 564 2057 memoria
591 2020 636 2058 fit
663 2021 982 2070 experimentum,
1012 2021 1062 2058 ita
1091 2020 1206 2058 etiam
1235 2033 1282 2058 ex
1310 2033 1372 2058 ex-

297 2071 512 2122 perimento
529 2079 559 2118 ⁷³,
580 2082 646 2111 aut
664 2074 779 2112 etiam
798 2074 955 2112 ulterius
973 2086 1025 2111 ex
1043 2074 1251 2112 universali
1272 2075 1373 2123 quie-

296 2132 421 2163 scente
448 2127 485 2164 in
514 2127 645 2165 anima
674 2129 801 2177 (quod
838 2127 980 2166 scilicet
1007 2127 1190 2177 accipitur
1216 2140 1262 2165 ac
1287 2129 1307 2150 ²⁸²
1342 2128 1372 2165 si

298 2179 337 2216 in
366 2179 546 2218 omnibus
583 2181 634 2218 ita
669 2182 736 2228 sit,
772 2182 868 2219 sicut
905 2189 962 2219 est
1000 2182 1304 2231 experimentum
1334 2181 1371 2218 in

201 2248 217 2273 «ι
235 2242 240 2247 “
258 2253 270 2260 -
297 2232 570 2282 quibusdam-
579 2235 699 2282 Quod
717 2235 876 2285 quidem
895 2235 1113 2273 universale
1134 2235 1269 2273 dicitur
1288 2248 1370 2272 esse

297 2286 498 2336 quiescens
517 2287 556 2325 in
579 2288 725 2334 anima;
754 2289 794 2326 in
813 2296 1001 2339 quantum
1029 2288 1171 2326 scilicet
1198 2288 1371 2326 conside-

296 2347 400 2378 ratur
430 2349 582 2390 praeter
620 2341 843 2391 singularia,
882 2342 921 2380 in
957 2342 1098 2392 quibus
1136 2349 1192 2379 est
1228 2350 1368 2379 motus.

237 2417 242 2423 ·
297 2393 416 2441 Quod
446 2394 560 2432 etiam
581 2395 671 2432 dicit
690 2407 773 2433 esse
794 2408 911 2433 unum
928 2396 1120 2444 *praeter
1138 2395 1268 2441 multa,
1290 2407 1370 2433 non

351 2543 376 2578 ξ)
398 2544 434 2569 Et
451 2543 605 2570 considerat
624 2544 691 2569 illud
709 2549 758 2569 etc.
771 2543 842 2569 -—:G
857 2546 884 2569 et
897 2551 950 2569 non
965 2544 1151 2570 consideretur
1164 2544 1245 2573 illud,·
1258 2543 1295 2574 Q:
1309 2551 1372 2569 con-

296 2579 724 2610 sideraneer,om.et;ADEF1L
743 2584 798 2612 etp
799 2587 858 2604 .ιιι.
868 2579 951 2605 CKN:
965 2582 993 2605 et
1005 2579 1160 2605 considerat
1173 2586 1226 2604 non
1246 2579 1314 2605 illud
1335 2577 1372 2613 (F

296 2623 351 2641 om.
366 2613 460 2649 mad),-
479 2615 518 2640 M:
537 2618 564 2641 et
581 2614 735 2640 considerat
749 2615 829 2656 illud.
835 2622 889 2640 non
901 2615 1008 2648 absque.
1021 2615 1082 2640 130:
1094 2618 1122 2640 et
1133 2615 1288 2641 considerat
1299 2615 1373 2640 ratio

296 2650 365 2677 iilud
381 2651 495 2683 absque‚·
514 2651 553 2676 H:
572 2653 600 2676 et
617 2650 772 2676 considerat
794 2648 858 2676 no'm
882 2650 950 2676 illud
966 2650 1074 2683 absque.
1090 2664 1110 2669 -
1127 2650 1232 2676 Additio
1250 2652 1299 2676 τοῦ·
1317 2658 1370 2676 non

297 2691 338 2712 est
351 2693 436 2716 ειτοι,
453 2690 543 2711 contra
562 2691 677 2711 mentem
703 2694 726 2711 s.
744 2685 866 2711 'rhomae
884 2691 910 2711 et
922 2686 1042 2711 ordinem
1060 2686 1301 2718 argumentationis.
1319 2686 1373 2711 Do-

297 2722 407 2748 minicus
426 2729 441 2746 a
459 2721 579 2746 Flandria
598 2722 625 2746 in
650 2722 670 2746 ll
690 2722 802 2752 Foster„
821 2729 867 2755 qu.
884 2729 928 2752 xx,
954 2721 1025 2747 artic.
1043 2730 1067 2753 1,
1092 2722 1166 2755 legit,
1191 2721 1259 2747 sicut
1282 2729 1373 2747 revera

297 2757 438 2791 tegendum
457 2762 505 2787 est,
525 2765 585 2783 cum
605 2757 635 2782 Ρ.

351 2792 379 2828 ο)
398 2793 469 2819 Puta
487 2793 624 2826 quamdiu.
637 2807 657 2812 -
670 2793 715 2817 Fl:
738 2793 774 2818 (R
786 2795 858 2826 puta
879 2800 940 2818 curn
958 2800 1012 2818 om.
1032 2793 1093 2823 diu;
1111 2793 1150 2818 G:
1168 2793 1239 2818 Puta
1262 2793 1372 2826 quidam

298 2829 377 2858 meda
394 2829 433 2854 H:
452 2829 522 2854 Puta
535 2828 607 2861 quod
626 2827 759 2861 (corrupte
777 2836 826 2862 pro
844 2827 936 2863 quam)
950 2828 996 2854 diu
1002 2835 1013 2858 ‚·
1026 2829 1066 2853 M:
1081 2829 1154 2854 Puta
1171 2828 1280 2862 quando
1294 2828 1372 2858 med.,·

298 2864 375 2890 ceteri
395 2864 483 2890 codd.:
508 2864 578 2889 Puta
600 2864 729 2896 quamdiu
749 2862 792 2898 (et
809 2864 843 2889 ita
867 2864 946 2889 Dom.
963 2871 979 2889 a
1001 2863 1140 2899 Flandria)
1158 2864 1227 2890 med.
1246 2865 1278 2889 P:
1301 2865 1373 2889 Puta

298 2900 345 2925 diu
365 2900 434 2926 med.
451 2900 555 2925 -elnfra
575 2907 606 2925 ex
625 2900 700 2925 codd.
718 2899 785 2924 BST
802 2904 828 2925 et
846 2907 868 2924 s.
887 2907 924 2924 m.
938 2899 960 2924 C
973 2899 1107 2929 addimus.
1126 2903 1167 2925 est
1181 2900 1228 2932 (Β,
1243 2903 1308 2925 tunc
1322 2900 1372 2932 est)

297 2936 528 2968 &per-intentum:
552 2943 621 2968 quae
646 2935 727 2960 verba
749 2935 919 2968 requiruntur
936 2942 967 2960 ex
985 2940 1041 2960 toto
1059 2943 1186 2968 processu
1209 2940 1374 2968 argumenta-

298 2971 360 3003 tivo,
374 2976 400 2996 et
419 2971 555 2996 manifeste
575 2976 759 3003 supponuntur
777 2978 900 3003 expressa
914 2978 945 2995 ex
964 2970 1112 2996 immediate
1125 2978 1202 3004 seqq.
1221 2971 1259 2996 Ea
1278 2971 1374 3003 legisse

287 3007 324 3032 'in
343 3014 393 3032 suo
411 3007 500 3032 codice
517 3006 685 3031 Dominicum
699 3014 714 3031 a
726 3006 848 3031 Flandria
865 3011 954 3039 aperte
973 3011 1082 3037 constat,
1097 3014 1158 3031 cum
1171 3007 1218 3032 ait:
1230 3007 1329 3039 accipit
1341 3006 1374 3032 de

299 3049 330 3068 ω
348 3042 588 3112 ΐᾶγῖαὶτιεῗαηιωηὲκ
601 3076 788 3109 experimento
800 3081 877 3102 etc.-
889 3077 960 3101 Haec
974 3076 1051 3102 lectio
1063 3077 1083 3101 P
1098 3081 1124 3102 ει
1135 3077 1220 3102 Venn.
1235 3078 1295 3102 edd.
1309 3085 1373 3102 con-

299 3113 390 3138 cordat
407 3120 468 3138 cum
491 3113 601 3138 lectione
624 3112 713 3142 codd,
733 3117 840 3144 excepto
859 3112 890 3142 S,
914 3111 959 3144 qui
978 3112 1052 3145 legit:
1076 3119 1114 3137 ex
1138 3113 1324 3145 experimento
1335 3113 1374 3146 fit

299 3149 451 3174 universale
469 3148 581 3173 ulterius
600 3147 735 3180 quiescens
754 3147 781 3172 in
799 3147 900 3172 anima.
922 3148 1023 3172 Verum
1047 3147 1112 3173 haec
1136 3148 1226 3179 lectio,
1252 3148 1373 3180 quamvis

299 3183 383 3216 prima
396 3183 482 3208 fronte
500 3183 599 3208 facilior
616 3183 742 3214 videatur,
752 3183 878 3216 acceptari
897 3183 995 3216 nequit,
1009 3188 1065 3208 tum
1078 3183 1148 3223 quia
1152 3183 1304 3208 contradicit
1317 3183 1373 3208 aliis

300 3219 385 3249 codd„
399 3224 456 3244 tum
474 3219 535 3252 quia
553 3218 695 3251 opponitur
712 3219 791 3243 textui
810 3218 971 3249 Aristotelis,
989 3215 1006 3251 ἢ
1024 3215 1052 3243 ἐκ
1071 3215 1168 3247 παντὸς
1186 3223 1236 3243 etc.

354 3253 380 3288 p)
402 3254 449 3279 Ex·
461 3254 510 3279 hoc
529 3254 614 3287 igitur
629 3253 815 3286 experimento
827 3258 876 3278 etc.
888 3237 989 3279 -Utiie
1003 3254 1051 3279 erit
1064 3261 1214 3295 comparare
1228 3261 1288 3278 cum
1302 3258 1372 3279 textu

346 3297 394 3315 eco
408 3297 476 3322 quae
490 3289 627 3322 hucusque
639 3289 780 3322 Angelicus
795 3289 954 3314 disseruit-
966 3289 1065 3314 Dicitur
1078 3297 1140 3321 ergo
1158 3289 1287 3322 imprimis
1293 3289 1373 3332 quod

299 3333 326 3350 m
346 3324 422 3350 nobis
441 3332 472 3350 ex
494 3324 621 3350 memoria
644 3325 778 3349 multoties
802 3324 868 3349 facta
891 3324 1014 3357 accipitur
1035 3325 1255 3357 experimentum:
1277 3322 1303 3348 αἱ
1322 3322 1372 3358 γὰρ

300 3358 400 3386 πολλαὶ
420 3361 516 3394 μνῆμαι
541 3361 579 3394 τῷ
598 3354 696 3394 ἀριθμῷ
714 3357 832 3394 ἐμπειρία
857 3357 904 3394 μία
922 3357 1000 3385 ἐστίν.
1018 3361 1076 3385 Ηοε
1100 3364 1188 3384 autem
1211 3359 1372 3392 experimen-

300 3401 357 3421 tum
379 3403 432 3420 non
455 3401 496 3421 est
518 3385 629 3429 simplex
654 3395 772 3420 collectio
796 3402 884 3420 rerum
906 3400 1123 3426 memoratarum,
1148 3395 1195 3420 sed
1218 3395 1318 3428 exurgit
1342 3402 1374 3420 ex

300 3431 386 3464 aliqua
404 3431 470 3456 circa
488 3431 650 3464 particularia
668 3431 874 3462 ratiocinatione,
892 3438 941 3463 per
958 3438 1038 3463 quam
1057 3438 1140 3455 unum
1163 3430 1315 3463 particulare
1332 3438 1373 3456 re-

300 3467 381 3492 fertur
399 3467 431 3491 ad
450 3466 528 3498 aliud,
546 3471 576 3492 ut
594 3466 631 3491 sic
649 3474 680 3491 ex
694 3466 784 3491 multis
798 3466 995 3499 particularibus
1009 3466 1042 3491 ad
1055 3466 1166 3491 invicem
1179 3466 1279 3491 collatis
1290 3474 1373 3491 unum

300 3502 423 3528 omnibus
449 3510 588 3527 commune
613 3501 761 3534 accipiatur.
780 3501 819 3526 Ex
843 3501 893 3526 hoc
918 3506 1006 3526 autem
1031 3501 1216 3535 experimento,
1235 3506 1261 3526 et
1279 3509 1310 3526 εκ
1328 3502 1372 3526 tali

300 3538 439 3564 universali
458 3546 506 3579 per
523 3538 728 3571 experimentum
747 3541 862 3570 accepto.
877 3541 917 3562 est
934 3537 961 3561 in
979 3536 1064 3561 anima
1084 3537 1111 3561 id
1129 3537 1203 3570 quod
1220 3542 1261 3562 est
1278 3537 1371 3570 princi-

301 3574 374 3608 pium
386 3574 448 3599 artis
460 3574 487 3598 in
499 3573 577 3598 rebus
588 3573 750 3602 factibilibus,
761 3577 787 3597 et
798 3572 824 3597 id
837 3573 916 3615 quod
922 3577 964 3597 est
993 3572 1129 3605 rincipium
1139 3572 1260 3597 scientiae
1273 3572 1299 3597 in
1299 3580 1372 3615 sp-e

302 3609 471 3663 culabilibusgz
484 3607 512 3634 ἐκ
530 3608 555 3634 δ’
555 3605 703 3651 ἐμπειρίας
711 3605 752 3640 ἢ’
741 3616 769 3633 εκ
793 3604 891 3637 παντὸς
903 3604 969 3642 ἧρεμ
986 3615 1080 3637 σαντες
1098 3608 1147 3632 τοῦ
1158 3605 1274 3632 καθόλου
1295 3604 1322 3633 ἔν
1341 3609 1374 3642 τῇ

410 3663 415 3669 .
439 3644 466 3669 τέ
455 3653 529 3680 ..χνης
548 3640 615 3679 ἀρχὴ
630 3641 672 3668 καὶ
692 3641 842 3677 ἐπιστήμης.
860 3643 912 3668 Sed
931 3648 1038 3668 eatenus
1055 3643 1203 3668 universale
1221 3648 1262 3668 est
1278 3643 1372 3676 princi-

445 3696 514 3729 Opp.
534 3696 565 3721 D.
579 3696 695 3721 Tuom
713 3695 745 3720 T.
761 3695 778 3720 1.

302 3644 400 3681 ψυχῇΠ

2411 298 2483 333 401

1423 362 1580 412 quidem
1610 364 1824 400 secundum
1855 376 1950 411 esse,
1980 364 2048 401 sed
2077 365 2290 402 secundum
2320 365 2490 403 conside-

1423 416 1611 454 rationem
1645 417 1872 464 intellectus,
1897 417 1963 466 qui
1983 418 2197 455 considerat
2224 426 2399 456 naturam
2428 419 2491 456 ali·

1424 482 1553 518 quam,
1573 478 1666 519 puta
1693 470 1878 517 hominis,
1904 483 1983 507 non
2013 471 2250 520 respiciendo
2280 473 2328 509 ad
2358 473 2492 509 Socra-

1423 530 1502 560 tem
1531 531 1568 560 et
1588 525 1800 561 Platonem.
1823 524 1941 571 Quod
1957 525 1977 546 ‘³
1994 524 2061 561 etsi
2081 525 2294 562 secundum
2321 525 2491 563 conside-

1425 577 1612 614 rationem
1641 578 1849 615 intellectus
1877 578 1924 614 sit
1950 590 2072 615 unum
2100 587 2251 627 praeter
2279 580 2408 625 multa,
2438 586 2491 616 ta—

1425 642 1516 667 men
1536 631 1749 668 secundum
1775 644 1858 668 esse
1883 639 1939 668 est
1967 631 2005 668 in
2034 632 2213 669 omnibus
2243 632 2492 680 singularibus

1425 696 1546 720 unum
1577 692 1614 720 et
1641 684 1762 730 idem,
1793 697 1871 721 non
1909 684 2067 734 quidem
2096 698 2281 732 numero,
2312 685 2419 734 quasi
2448 686 2493 722 sit

1426 738 1562 774 eadem
1596 737 1813 774 humanitas
1846 750 2008 775 numero
2026 739 2045 759 *
2072 739 2247 776 omnium
2276 739 2530 786 hominum,

1426 790 1495 827 sed
1522 791 1735 828 secundum
1766 791 1952 828 rationem
1982 792 2131 840 speciei.
2155 792 2260 829 Sicut
2288 793 2389 829 enim
2418 793 2493 829 hoc

1426 845 1557 880 album
1583 852 1639 880 est
1667 843 1787 881 simile
1816 843 1865 880 illi
1885 845 1972 881 albo
2002 844 2040 881 in
2068 846 2256 892 albedine,
2286 858 2365 882 non
2386 845 2493 895 quasi

1426 909 1503 933 una
1537 909 1700 934 numero
1736 897 1911 934 albedine
1945 898 2125 935 existente
2159 900 2197 936 in
2229 907 2413 948 utroque,
2444 898 2494 936 ita

1427 950 1541 987 etiarn
1571 951 1747 987 Socrates
1776 958 1832 987 est
1860 951 1992 988 similis
2011 952 2158 989 Platoni
2183 953 2221 989 in
2245 952 2492 999 humanitate,

1427 1016 1506 1040 non
1541 1004 1648 1052 quasi
1676 1015 1754 1040 una
1788 1004 2023 1041 humanitate
2057 1018 2218 1042 numero
2256 1006 2295 1043 in
2331 1013 2493 1055 utroque

1427 1056 1636 1103 existente.)
1648 1078 1672 1084 -
1684 1066 1730 1093 ex
1749 1057 1824 1093 hoc
1843 1057 1952 1105 igitur
1975 1059 2234 1107 experimento
2254 1066 2280 1106 Ρ,
2303 1066 2339 1096 ει
2358 1072 2403 1096 ex
2431 1059 2493 1096 tali

1426 1110 1631 1147 universali
1659 1122 1729 1158 per
1757 1110 2061 1159 experimentum
2091 1120 2260 1161 acceptO,
2282 1121 2338 1150 est
2356 1113 2394 1149 in
2414 1112 2492 1149 ani-

1427 1175 1492 1199 ma
1520 1163 1558 1200 id
1591 1163 1697 1212 quod
1727 1171 1783 1200 est
1809 1164 2038 1213 principium
2068 1166 2154 1202 artis
2175 1173 2211 1202 et
2230 1166 2418 1202 scientiae.
2445 1166 2494 1202 Et

1427 1216 1620 1264 distinguit
1647 1216 1744 1253 inter
1771 1224 1891 1254 artem
1923 1225 1959 1254 et
1987 1218 2194 1266 scientiam,
2216 1219 2311 1256 sicut
2339 1219 2452 1256 etiarn
2474 1220 2493 1240 *

1427 1269 1465 1306 in
1498 1270 1549 1306 VI
1578 1270 1698 1306 Ethic.
1722 1271 1760 1313 ²⁸¹,
1790 1270 1855 1306 ubi
1890 1270 2024 1307 dicitur
2060 1272 2165 1320 quod
2199 1285 2258 1309 ars
2301 1280 2357 1309 est
2394 1279 2531 1309 recta·

1427 1323 1522 1359 ratio
1551 1323 1784 1360 factibilium.
1806 1324 1854 1360 Et
1873 1324 1959 1360 ideo
1980 1325 2039 1361 hic
2061 1325 2148 1361 dicit
2168 1327 2187 1345 ὓ
2216 1326 2321 1374 quod
2340 1326 2370 1362 si
2391 1338 2436 1362 ex
2452 1326 2495 1347 ²¹²*

1427 1377 1689 1425 experimento
1729 1377 1935 1426 accipiatur
1973 1378 2127 1427 aliquod
2155 1379 2368 1416 universale
2398 1379 2494 1416 circa

1425 1430 1730 1480 generationem,
1767 1430 1863 1467 idest
1901 1431 2000 1468 circa
2020 1432 2040 1452 *
2068 1444 2319 1481 quaecunque
2353 1432 2494 1469 factibi-

1427 1484 1487 1530 lia,
1513 1491 1605 1532 puta
1634 1484 1732 1520 circa
1760 1485 1998 1521 sanationem
2023 1486 2085 1521 vel
2115 1485 2392 1533 agriculturam,
2422 1487 2495 1523 hoc

1425 1537 1588 1586 pertinet
1624 1537 1674 1574 ad
1711 1544 1843 1575 artem.
1884 1538 2048 1575 Scientia
2080 1551 2196 1585 vero,
2234 1547 2276 1576 ut
2312 1538 2455 1577 ibidem
2476 1541 2496 1562 ²¹³

1428 1591 1573 1638 dicitur,
1594 1599 1651 1627 est
1671 1590 1771 1628 circa
1790 1591 2019 1637 necessaria;
2046 1599 2082 1628 et
2105 1592 2193 1629 ideo
2222 1593 2252 1629 si
2280 1593 2495 1631 universale

1428 1644 1690 1682 consideretur
1709 1644 1807 1681 circa
1835 1657 1880 1681 ea
1913 1657 2013 1694 quae
2033 1658 2186 1694 semper
2206 1646 2345 1683 eodem
2374 1648 2494 1685 modo

1427 1706 1515 1735 sunt
1535 1699 1567 1745 *,
1587 1697 1750 1747 pertinet
1773 1698 1823 1735 ad
1843 1699 2050 1745 scientiam,
2070 1707 2162 1748 puta
2191 1700 2289 1736 circa
2315 1712 2496 1738 numeros

1426 1752 1489 1788 vel
1518 1752 1671 1799 figuras.
1694 1752 1743 1788 Et
1766 1751 1834 1788 iste
1855 1753 1996 1790 modus
2015 1751 2079 1800 qui
2109 1752 2230 1790 dictus
2251 1762 2318 1800 est,
2340 1766 2494 1803 compe—

1427 1805 1468 1842 tit
1496 1804 1534 1842 in
1563 1804 1756 1854 principiis
1793 1805 1969 1842 omnium
2007 1805 2250 1844 scientiarum
2281 1815 2317 1844 et
2344 1808 2493 1845 artium.

1427 1859 1538 1896 Unde
1559 1858 1753 1895 concludit
1780 1860 1885 1907 quod
1910 1872 2035 1908 neque
2054 1860 2309 1908 praeexistunt
2327 1861 2365 1898 in
2384 1861 2495 1898 nobis

1426 1912 1576 1949 habitus
1603 1911 1899 1961 principiorum,
1928 1913 2036 1962 quasi
2064 1914 2301 1951 determinati
2327 1922 2363 1951 et
2391 1927 2495 1952 com-

1426 1966 1532 2015 pleti;
1563 1978 1688 2015 neque
1718 1965 1832 2003 etiam
1861 1966 1958 2003 fiunt
1987 1966 2034 2004 de
2063 1979 2167 2004 novo
2187 1968 2207 1989 *
2231 1968 2279 2004 ab
2308 1968 2495 2017 aliquibus

1427 2019 1640 2057 notioribus
1669 2019 1859 2056 habitibus
1888 2020 2227 2068 praeexistentibus
2250 2022 2282 2069 ³³,
2312 2021 2407 2058 sicut
2434 2034 2531 2082 ge-

1427 2080 1581 2110 neratur
1608 2072 1646 2110 in
1674 2072 1786 2110 nobis
1814 2073 1966 2110 habitus
1994 2074 2171 2111 scientiae
2201 2087 2247 2112 ex
2275 2075 2495 2124 praecogni—

1426 2127 1529 2163 tione
1573 2125 1874 2175 principiorum;
1920 2127 1987 2164 sed
2029 2127 2179 2165 habitus
2222 2128 2495 2178 principiorum

1427 2181 1524 2217 fiunt
1545 2180 1565 2201 *
1593 2180 1630 2216 in
1659 2180 1771 2217 nobis
1799 2192 1821 2216 a
1849 2193 1964 2218 sensu
1993 2182 2278 2229 praeexistente.
2314 2184 2363 2219 Et
2389 2183 2497 2232 ponit

1427 2234 1647 2281 exemplum
1687 2233 1725 2270 in
1762 2234 1899 2282 pugnis
1936 2247 2034 2283 quae
2072 2236 2169 2272 fiunt
2204 2248 2274 2284 per
2311 2237 2494 2274 reversio-

1427 2299 1518 2324 nem
1539 2288 1560 2308 *
1588 2287 1773 2324 exercitus
1802 2287 1940 2324 devicti
1969 2296 2005 2324 et
2029 2289 2071 2310 *⁶
2100 2289 2225 2336 fugati.
2263 2290 2363 2327 Cum
2393 2290 2495 2327 enim
2522 2298 2530 2306 '

1426 2352 1526 2377 unus
1546 2352 1682 2378 eorum
1710 2341 1910 2389 perfecerit
1942 2348 2099 2388 statum,
2129 2342 2226 2380 idest
2253 2343 2497 2381 immobiliter
2522 2350 2545 2361 ⁴·

1427 2394 1567 2442 ceperit
1594 2401 1693 2430 stare
1712 2400 1726 2414 ⁰
1747 2402 1784 2431 et
1802 2406 1880 2431 non
1910 2395 2056 2443 fugere,
2078 2397 2170 2433 alter
2193 2404 2264 2433 stat
2287 2396 2496 2445 adiungens

1426 2544 1500 2577 pium
1518 2544 1640 2569 scientiae
1659 2549 1787 2578 quatenus
1806 2544 1832 2569 in
1850 2544 1935 2569 anima
1953 2544 2078 2578 quiescit,
2101 2544 2151 2570 hoc
2170 2550 2211 2570 est
2233 2550 2362 2578 quatenus
2381 2547 2498 2573 conside-

1426 2585 1499 2605 ratur
1521 2585 1624 2613 praeter
1649 2580 1802 2612 singularia:
1828 2579 1892 2605 haec
1917 2580 1987 2605 enim
2005 2580 2139 2606 mutabilia
2163 2585 2237 2612 sunt,
2262 2581 2393 2606 obiectum
2412 2588 2498 2608 autem

1427 2615 1549 2641 scientiae
1566 2615 1728 2641 immutabile
1746 2620 1772 2640 et
1790 2615 1968 2640 necessarium
1993 2623 2053 2641 oese
2072 2616 2157 2641 debet.
2176 2617 2227 2641 Sed
2251 2621 2378 2650 quatenus
2397 2618 2498 2643 univer-

1427 2651 1483 2676 sale
1501 2651 1679 2676 consideratur
1697 2656 1800 2684 praeter
1817 2651 1966 2684 singularia,
1985 2656 2026 2676 est
2043 2652 2107 2684 quid
2126 2659 2207 2677 unum
2222 2657 2324 2685 praeter
2337 2653 2432 2679 multa:
2445 2662 2498 2679 non

1427 2687 1501 2720 quasi
1520 2686 1570 2712 hoc
1587 2694 1670 2712 unum
1687 2687 1780 2712 existat
1797 2694 1845 2720 per
1863 2694 1893 2712 se
1910 2692 1981 2712 extra
1999 2687 2146 2720 singularia
2165 2688 2212 2712 sed
2231 2688 2292 2720 quia
2306 2696 2321 2713 a
2335 2694 2422 2714 mente
2435 2697 2497 2714 con-

1427 2723 1555 2748 sideratur
1572 2730 1625 2747 non
1643 2722 1811 2747 consideratis
1830 2722 1968 2748 individuis
1988 2723 2013 2747 in
2027 2723 2123 2755 quibus
2141 2723 2244 2748 realiter
2256 2723 2340 2748 existit
2358 2722 2403 2765 (cf.
2418 2724 2462 2750 lib.
2475 2725 2495 2756 1,

1427 2759 1486 2783 lect.
1493 2765 1543 2789 xvi,
1553 2763 1607 2783 not.
1617 2757 1663 2801 x):
1672 2759 1721 2783 του
1735 2754 1790 2788 ἐνὸς
1801 2757 1958 2800 (universale
1972 2763 2051 2791 prout
2062 2764 2103 2783 est
2116 2759 2142 2783 in
2155 2757 2251 2800 anima)
2265 2757 2335 2793 παρὰ
2350 2757 2382 2784 τὰ
2397 2757 2495 2791 πολλά,

1428 2788 1472 2819 8*
1457 2802 1488 2819 αν
1502 2790 1528 2819 ἐν
1541 2791 1637 2819 ἅπασιν
1651 2790 1677 2818 ἓν
1689 2790 1733 2834 ε’νῆ
1746 2791 1849 2823 ἐκείνοις
1863 2790 1893 2818 τὸ
1908 2790 1982 2818 αὗτό.
1996 2793 2063 2824 Quia
2072 2802 2135 2835 ergo
2145 2794 2298 2819 innatismus
2312 2795 2497 2828 principiorum

1427 2829 1475 2854 fuit
1493 2829 1622 2859 exclusus,
1638 2833 1664 2854 ει
1680 2819 1827 2854 universale
1846 2836 1876 2854 ex
1894 2837 1951 2862 quo
1968 2834 2030 2854 sunt
2043 2829 2167 2862 principia
2185 2830 2350 2855 scientiarum
2364 2836 2404 2855 est
2416 2831 2443 2855 in
2456 2839 2496 2856 re-

1428 2865 1478 2890 bus
1491 2864 1674 2897 singularibus,
1692 2872 1760 2897 quae
1778 2865 1871 2890 dantur
1884 2873 1899 2889 a
1913 2865 2041 2895 sensibus,
2056 2869 2082 2889 et
2100 2872 2131 2889 ex
2145 2865 2239 2906 quibus
2259 2865 2383 2898 accipitur
2396 2866 2495 2899 experi-

1428 2905 1554 2932 mentum,
1567 2900 1686 2933 sequitur
1704 2901 1775 2933 quod
1794 2900 1896 2925 habitus
1915 2900 2059 2942 primorum
2065 2900 2269 2942 principiorum
2281 2902 2331 2925 sint
2349 2901 2375 2925 in
2389 2901 2464 2926 nobis
2479 2909 2494 2926 a

1428 2943 1508 2961 sensu
1519 2936 1718 2978 praeexistente:
1738 2933 1798 2960 οὔτε
1808 2933 1866 2967 δῆ’
1855 2932 2043 2980 ενυπάρχουσιν
2058 2930 2232 2979 ἀφωρισμέναι
2246 2934 2272 2960 αἱ
2292 2934 2362 2967 ἔξεις,
2375 2933 2432 2961 οὔτ’
2448 2931 2492 2961 ἄπ’

1428 2967 1516 2996 αλλων
1530 2969 1604 3001 ἕξεων
1618 2969 1734 3012 γίνιινται
1746 2969 1969 3004 γνωστικωτέρων,
1981 2965 2043 2995 ἄλλ’
2060 2965 2111 2995 ἀπὸ
2131 2967 2279 3002 αισθήσεως.
2293 2971 2362 3004 Ergo
2377 2972 2496 3004 sequitur

1428 3007 1499 3039 quod
1517 3006 1620 3031 habitus
1639 3006 1784 3047 primorum
1797 3006 1985 3048 principiorum
2000 3014 2052 3031 non
2066 3011 2126 3031 sunt
2141 3007 2167 3031 in
2179 3006 2254 3031 nobis
2268 3014 2284 3031 a
2296 3011 2394 3037 natura,
2408 3007 2495 3040 prouti

1427 3042 1530 3067 habitus
1549 3042 1668 3066 dicuntur
1690 3042 1747 3074 ipsa
1765 3042 1887 3074 principia
1905 3042 2042 3072 obiectiva;
2063 3042 2109 3066 sed
2127 3050 2213 3074 neque
2231 3042 2308 3067 etiam
2333 3042 2366 3067 ita
2384 3042 2495 3068 totaliter

1428 3077 1595 3110 acquiruntur
1612 3082 1642 3102 ut
1659 3078 1730 3102 nulla
1743 3078 1850 3102 omnino
1866 3077 1978 3110 cognitio
1995 3077 2022 3102 in
2034 3077 2109 3102 nobis
2122 3078 2270 3110 praecedat:
2284 3082 2324 3102 est
2336 3077 2405 3102 enim
2420 3086 2494 3111 prae-

1428 3113 1522 3138 cedens
1532 3112 1645 3145 cognitio
1658 3112 1788 3144 sensitiva,
1798 3113 1824 3137 in
1837 3113 1911 3137 cuius
1923 3112 2029 3137 obiectis
2039 3117 2150 3145 possunt
2160 3113 2315 3138 universalia
2328 3113 2494 3146 apprehendi,

1428 3156 1495 3181 quae
1520 3153 1580 3173 sunt
1605 3148 1771 3173 scientiarum
1794 3148 1925 3181 principia.
1951 3149 2021 3173 Haec
2044 3153 2084 3173 est
2107 3148 2243 3181 responsio
2268 3149 2326 3173 data
2350 3149 2494 3181 quaestioni

1427 3183 1576 3216 propositae
1594 3183 1621 3208 in
1639 3183 1763 3215 principio
1781 3183 1859 3208 huius
1878 3184 2003 3209 lectionis.

1480 3219 1532 3244 Sed
1550 3218 1614 3243 haec
1632 3218 1769 3251 responsio
1787 3219 1888 3244 nonnisi
1907 3219 2018 3251 primam
2036 3224 2135 3252 partem
2154 3219 2271 3251 explicite
2290 3219 2402 3244 continet
2420 3220 2493 3244 solu-

1427 3254 1503 3278 tionis
1522 3253 1706 3278 aristotelicae:
1725 3253 1861 3286 hucusque
1879 3254 1949 3278 enim
1962 3254 2136 3286 Philosophus
2150 3254 2253 3279 tradidit
2266 3262 2296 3279 ex
2313 3254 2434 3279 sensibus
2452 3263 2495 3280 ac—

1427 3289 1477 3322 cipi
1491 3289 1637 3321 singularia,
1651 3296 1682 3314 ex
1700 3289 1874 3321 singularibus
1893 3290 1972 3322 accipi
1994 3290 2209 3322 experimentum,
2226 3294 2252 3314 et
2270 3297 2301 3314 ex
2319 3290 2494 3322 experimento

1427 3324 1507 3357 accipi
1519 3324 1675 3355 universale,
1689 3324 1761 3357 quod
1775 3329 1816 3349 est
1829 3324 1855 3349 in
1868 3325 2041 3357 singularibus
2054 3325 2125 3357 ipsis.
2134 3325 2222 3357 Atqui,
2237 3325 2320 3358 inquit
2331 3325 2493 3357 Aristoteles,

1427 3359 1489 3384 nihil
1505 3360 1622 3384 valerent
1634 3367 1738 3390 sensus,
1752 3360 1886 3390 memoria,
1901 3360 2113 3392 experimentum,
2128 3360 2171 3385 ubi
2190 3368 2242 3385 non
2254 3361 2358 3385 adesset
2377 3361 2493 3393 facultas,

1414 3395 1494 3428 'quae
1508 3403 1555 3427 per
1572 3402 1602 3419 se
1616 3395 1651 3420 sit
1668 3402 1748 3428 capax
1766 3399 1823 3420 tum
1847 3395 1986 3427 accipiendi
2005 3395 2031 3420 in
2050 3395 2222 3428 singularibus
2235 3396 2381 3421 universale
2394 3395 2492 3430 (unum

1426 3435 1528 3464 praeter
1545 3429 1638 3464 multa)
1652 3435 1709 3455 tum
1727 3430 1791 3455 illud
1809 3430 1975 3463 intelligendi.
1989 3431 2023 3455 Et
2041 3431 2104 3456 haec
2117 3436 2158 3456 est
2176 3432 2254 3456 altera
2273 3439 2342 3464 pars,
2357 3432 2389 3456 de
2401 3439 2453 3465 qua
2467 3432 2493 3457 in

1427 3466 1545 3500 sequenti
1564 3473 1674 3490 numero
1693 3466 1794 3491 dicitur.

1480 3500 1507 3535 σ)
1528 3501 1702 3526 Immobiliter
1718 3501 1818 3534 ceperit
1835 3505 1908 3527 stare
1926 3506 2003 3527 etc.-
2013 3501 2085 3526 DKT
2103 3507 2163 3534 etp

1427 3537 1474 3562 sed
1486 3541 1527 3561 est
1541 3544 1649 3562 erronea
1663 3537 1754 3569 lectio;
1767 3538 1804 3561 L.
1819 3537 1958 3566 nobiliter,·
1971 3537 2228 3568 ACDEFIKLNQT:
2248 3537 2376 3569 inceperit
2387 3541 2468 3564 stare.
2473 3552 2492 3557 -

1426 3573 1473 3597 FI:
1486 3572 1637 3606 adiungens
1654 3579 1682 3597 se
1699 3572 1745 3602 eis,
1755 3575 1782 3597 et
1790 3576 1887 3604 postea
1903 3573 2016 3597 aliter.—
2025 3572 2116 3602 Codd.,
2130 3580 2184 3598 exc.
2194 3573 2229 3598 F.
2244 3573 2316 3606 quod
2329 3571 2381 3606 (F
2363 3573 2371 3598 l
2395 3573 2436 3608 ut)
2443 3575 2492 3608 fa-

1426 3607 1516 3636 ciant,-
1530 3607 1586 3632 PF.
1591 3607 1739 3641 faciunt.-
1720 3608 1802 3632 -Pro
1816 3608 1870 3637 Sic,
1884 3608 1944 3633 DE:
1963 3608 2040 3638 sicut,
2054 3608 2090 3638 Q:
2105 3606 2171 3638 scie,
2186 3609 2217 3633 S.
2237 3609 2368 3634 similiter.
2383 3609 2428 3634 AB
2437 3617 2491 3634 om.

1426 3643 1515 3674 etiarm
1535 3643 1608 3668 cuius
1627 3643 1686 3668 loco
1703 3649 1752 3668 cet.
1771 3644 1848 3668 codd.
1865 3643 1962 3668 habent
1979 3644 2058 3669 enim.

2146 3510 2172 3534 p.
2191 3510 2227 3527 m.
2247 3502 2331 3527 ACN:
2351 3502 2491 3532 mobiliter,

2293 3696 2349 3720 51*

2521 531 2683 552 Ἀεειιιιιιικοε
2695 530 2734 558 Qd

2519 557 2681 610 81232153254
2696 563 2734 609 :22³-

2519 615 2544 656 ’ἑὶ
2563 599 2733 661 Ξὲἶῇαἷῗῖἷῇ

2519 668 2567 684 om.
2577 662 2659 690 Quod,·
2668 663 2732 688 noh.

2542 753 2567 768 ΑΖ
2583 752 2608 768 ”l
2628 752 2734 768 numero.

2521 1220 2601 1242 Ἀιιιτε
2610 1222 2646 1247 el:
2650 1227 2733 1244 onom.

2553 1279 2610 1307 Cap.
2630 1286 2659 1301 ιν.
2689 1292 2698 1296 -

2522 1305 2615 1328 Comm.
2623 1313 2642 1328 s.
2656 1306 2702 1329 Th.

2522 1333 2573 1354 lect.
2587 1339 2620 1354 ιιι.

2522 1359 2565 1380 ’Βτ
2580 1359 2666 1381 subdit.

2521 1386 2543 1396 ⁸·
2551 1385 2588 1406 Er
2597 1392 2645 1408 om.
2656 1386 2733 1413 codd„

2522 1418 2634 1434 exeam.
2641 1413 2734 1435 Cfflext.

2521 1439 2531 1450 ’
2541 1439 2611 1461 Circa
2626 1446 2674 1461 om.
2689 1446 2720 1462 ιη.

2524 1546 2531 1553 ·
2546 1544 2602 1571 Cap.
2614 1550 2643 1569 m.
2659 1551 2681 1566 n.
2693 1551 2713 1567 2.
2724 1557 2733 1562 -

2523 1571 2655 1593 Comment.
2665 1571 2734 1594 sfrn.

2523 1598 2574 1619 lect.
2585 1598 2624 1619 cit.

2523 1713 2531 1720 ·
2547 1717 2572 1733 Β;
2588 1718 2614 1733 κ
2629 1711 2720 1734 habent.

2522 1978 2566 2025 23:
2577 1984 2628 2006 neq.
2639 1980 2670 1999 et.
2681 1980 2737 2000 sunt

2523 2031 2565 2052 sili
2574 2010 2634 2052 7ιῖνο
2654 2005 2736 2033 aequ,

2521 2057 2642 2079 Ῥναεειπ
2653 2064 2702 2079 οιιι.
2714 2064 2735 2080 c.

2523 2195 2531 2203 ’
2552 2195 2626 2218 Codd.
2648 2209 2658 2214 -
2680 2204 2719 2221 ras

2522 2224 2584 2243 sunt.

2540 2303 2566 2318 A:
2581 2298 2605 2319 in
2616 2301 2735 2322 reversio-

2524 2378 2548 2398 εἰ
2553 2353 2618 2405 34¹?
2627 2351 2739 2375 debellati
