2788 4204
91 543 102 554 ⁴⁸
114 543 149 565 ct.
161 544 214 565 lect.
226 551 302 573 praec.

89 580 139 597 not.
156 581 179 604 η.

89 757 98 766 ·
113 755 184 777 Num.
195 761 216 783 3.

88 972 99 982 ⁸
122 976 248 992 aaut-onnes
279 974 301 991 et

88 1004 103 1019 N
119 1004 191 1019 s.m.:
212 1002 299 1024 suppo-

88 1025 137 1049 nit;
152 1030 176 1045 c:
188 1024 264 1051 ponit.
285 1029 299 1044 Ν

87 1051 188 1098 tei-222:
199 1051 245 1097 ’.εει

87 1103 214 1128 bitatio.cQ
225 1103 247 1124 h.
257 1103 299 1123 lac.

87 1130 192 1155 ⁸Codd.,
209 1136 259 1151 exc.
274 1135 299 1150 nt

90 1163 124 1182 co„
139 1160 160 1177 et
176 1163 199 1183 p.
215 1163 246 1187 tn.
262 1162 298 1177 κ.-

88 1189 112 1204 Ρ;
124 1189 272 1210 praemzssa.

87 1352 97 1363 '⁶
108 1358 141 1373 rt:
151 1352 301 1373 demonstra-

87 1378 166 1403 tionem·
180 1385 205 1400 L:
217 1378 300 1406 defini-

90 1405 198 1427 tionibus.

79 1894 90 1905 ⁴
106 1900 155 1919 Ρκα
165 1897 187 1915 et
198 1900 221 1922 p.
230 1900 262 1915 m.
273 1900 294 1916 a:

78 1922 169 1948 posset.

82 1953 93 1963 ⁴
110 1958 124 1973 o
135 1959 139 1973 :
164 1952 294 1973 conclusio-

80 1985 122 2000 nes
133 1979 146 2000 :²
161 1981 168 2003 Ι
175 1979 295 2006 quaestio-

80 2012 130 2027 nes.
137 2006 157 2031 Ρ]
165 2017 175 2022 -
183 2012 198 2027 Α
205 2011 254 2027 om.
262 2005 297 2027 ad

82 2032 134 2053 hoc.

82 2059 93 2070 ⁸
107 2059 171 2080 Lect.
180 2064 213 2080 vt.

80 2268 90 2279 ⁸
106 2268 169 2289 Lect.
181 2274 230 2296 seq.

82 2295 104 2306 '⁵'
127 2295 297 2316 Demonstrarz'

81 2327 129 2343 om.
138 2329 161 2343 Α.

82 2371 91 2380 ·
106 2370 170 2392 Lect.
181 2377 204 2392 v.

210 2491 235 2500 4.

81 2590 89 2599 ·
106 2588 177 2610 Num.
191 2594 210 2617 5.
229 2590 234 2594 “

464 332 527 359 .····
562 326 581 341 ·“
598 327 776 368 ostquam
791 319 1048 367 Philosophus
1068 324 1085 339 ⁰⁶
1101 316 1328 365 disputative
1345 316 1399 353 in-

490 463 492 465 ,
568 463 581 475 Γ
597 427 698 475 quod
721 426 810 475 quid
830 431 883 462 est
895 425 1014 473 possit
1036 424 1309 470 demonstrari,
1340 423 1401 460 hic

396 505 420 511 ,⁴
458 475 490 522 'g
527 475 579 519 ⁴:¹2<
596 480 768 529 procedit
792 478 948 515 ulterius
977 478 1025 514 ad
1055 477 1326 525 inquirendum
1348 477 1401 514 di-

331 534 518 582 sputative
539 536 558 553 ⁵
578 542 705 570 utrum
734 533 859 580 ipsum
881 532 982 580 quod
1009 532 1099 579 quid
1117 537 1185 577 est,
1207 531 1312 579 quod
1347 539 1403 567 est

331 587 560 624 definitionis
576 586 839 634 significatum,
856 585 975 634 possit
991 585 1289 622 demonstrative
1313 597 1402 633 pro-

331 641 423 678 bari.
455 642 503 677 Et
531 641 676 689 primo,
707 639 888 688 proponit
925 639 1029 687 quod
1060 638 1238 684 intendit3
1269 651 1402 675 secun—

331 694 393 740 do,
412 694 606 741 exequitur
620 692 876 742 propositum3
898 693 965 730 ibi:
987 693 1239 742 Syllogismus
1253 692 1402 740 quidem

330 749 428 784 enim
445 749 464 769 ⁵⁵
481 755 549 783 etc.
567 748 701 783 Movet
722 758 811 794 ergo
834 746 960 796 primo
976 746 1257 796 quaestionem:
1275 754 1402 783 utrum

328 802 447 851 possit
467 813 548 836 esse
569 800 809 848 syllogismus
829 809 893 837 aut
914 801 1188 838 demonstratio
1209 800 1288 837 eius
1304 801 1406 849 quod

329 855 419 904 quid
446 860 516 900 est,
547 854 597 890 ita
625 854 765 890 scilicet
797 855 902 902 quod
942 855 1189 892 concludatur
1216 855 1292 891 hoc
1321 866 1403 891 esse

328 907 432 957 quod
462 907 554 957 quid
583 914 638 944 est
666 908 794 954 huius;
825 916 889 945 aut
916 910 990 946 hoc
1020 922 1098 947 non
1127 909 1172 946 sit
1201 908 1402 958 possibile,

327 962 422 998 sicut
449 961 649 1010 supposuit
678 962 697 983 ’Φ
727 962 820 998 ratio
850 962 1070 1001 immediate
1098 962 1336 1013 praemissa?

382 1027 417 1052 2.
448 1015 534 1051 Fuit
553 1022 680 1052 autem
702 1017 916 1054 necessaria
940 1019 1035 1055 haec
1060 1018 1263 1067 disputatio
1277 1018 1297 1039 '¹‘
1317 1025 1404 1065 post

326 1068 578 1118 praemissam
591 1070 622 1116 ²³⁴,
640 1070 729 1118 quia
745 1070 782 1108 in
793 1071 1014 1109 definitione
1031 1073 1234 1110 attenditur
1248 1084 1327 1108 non
1343 1084 1403 1108 so-

327 1123 406 1159 lum
422 1130 463 1159 ut
482 1123 571 1160 illud
596 1123 702 1172 quod
723 1124 964 1174 significatur,
978 1126 1023 1163 sit
1038 1127 1139 1175 quod
1152 1126 1242 1175 quid
1255 1132 1318 1172 est,
1335 1127 1402 1164 sed

328 1176 442 1213 etiam
471 1184 512 1213 ut
530 1177 593 1214 tali
613 1178 734 1215 modo
754 1179 923 1217 tradatur
951 1180 1016 1229 qui
1043 1187 1236 1230 competat
1255 1179 1303 1217 ad
1322 1192 1403 1218 ma-

327 1230 583 1269 nifestandum
599 1232 705 1281 quod
726 1233 818 1280 quid
843 1242 918 1281 est;
939 1234 990 1272 ita
1010 1235 1148 1272 scilicet
1167 1233 1272 1283 quod
1293 1233 1338 1270 sit
1359 1247 1403 1271 ex

326 1285 516 1335 prioribus
546 1293 583 1322 et
611 1285 834 1334 notioribus,
856 1295 893 1324 et
921 1288 992 1325 alia
1021 1287 1243 1326 huiusmodi
1262 1288 1403 1325 habeat

327 1352 426 1389 quae
459 1339 498 1376 in
527 1339 748 1377 definitione
770 1342 790 1362 ²³
811 1349 897 1378 sunt
926 1342 1180 1380 observanda.
1203 1341 1404 1389 Signanter

328 1401 455 1431 autem
472 1392 571 1441 dicit,
589 1400 714 1431 utrum
725 1395 772 1430 sit
783 1395 1028 1444 syllogismus
1042 1402 1110 1433 aut
1122 1396 1404 1432 demonstratio:

327 1460 418 1485 nam
434 1447 624 1485 rationum
641 1448 955 1496 subsequentium
968 1449 1158 1498 quaedam
1172 1449 1404 1486 concludunt

327 1502 431 1550 quod
449 1501 528 1538 eius
544 1502 647 1550 quod
663 1500 756 1550 quid
772 1509 827 1538 est
837 1514 916 1539 non
927 1502 972 1539 sit
987 1502 1275 1548 demonstratio,
1287 1514 1403 1551 quae-

326 1557 417 1594 dam
445 1568 540 1593 vero
570 1554 675 1603 quod
696 1555 776 1591 eius
801 1556 960 1593 omnino
981 1569 1061 1593 non
1081 1556 1127 1593 sit
1146 1556 1400 1604 syllogismus.

382 1612 416 1647 3.
447 1609 595 1647 Deinde
616 1621 705 1645 cum
734 1608 838 1645 dicit:
860 1610 1113 1660 Syllogismus
1132 1610 1281 1658 quidem
1301 1611 1401 1648 enim

325 1664 469 1712 aliquid
503 1665 548 1701 de
585 1663 711 1711 aliquo
750 1670 841 1710 ete.‚
880 1663 1054 1714 procedit
1092 1664 1319 1713 disputative
1353 1665 1401 1703 ad

326 1717 608 1755 ostendendum
643 1717 748 1765 quod
783 1730 862 1754 non
895 1717 941 1755 sit
973 1718 1216 1767 syllogismus
1243 1719 1306 1755 vel
1337 1719 1401 1756 de-

325 1771 549 1810 monstratio
581 1770 661 1808 eius
680 1772 782 1819 quod
800 1772 891 1820 quid
910 1778 973 1809 est.
999 1773 1048 1808 Et
1071 1773 1210 1822 primo,
1238 1773 1403 1811 excludit

325 1827 514 1877 quosdam
550 1825 732 1875 speciales
765 1825 922 1874 modos,
954 1826 1092 1875 quibus
1120 1835 1251 1876 posset
1278 1827 1401 1865 videri

323 1882 429 1931 quod
444 1880 564 1931 possit
579 1881 599 1901 *
616 1879 869 1917 demonstrari
888 1880 994 1930 quod
1010 1881 1102 1930 quid
1119 1888 1191 1927 est;
1214 1881 1399 1929 seeundo,

322 1936 430 1987 ponit
458 1934 622 1972 rationes
641 1934 661 1955 '²'
681 1946 908 1971 communes
943 1934 992 1972 ad
1021 1935 1117 1981 hoc;
1138 1934 1205 1972 ibi:
1226 1935 1401 1984 Amplius

323 1990 510 2040 quomodo
546 1989 814 2025 demonstrabit
837 1989 857 2010 ³⁸
887 1996 957 2026 etc.
984 1989 1095 2026 Circa
1121 1989 1291 2039 primurn
1330 1990 1400 2027 tria

323 2045 429 2082 facit:
448 2043 588 2093 primo,
606 2043 769 2080 ostendit
783 2042 888 2091 quod
908 2056 987 2081 non
1001 2051 1127 2093 potest
1146 2044 1400 2082 demonstrari

323 2099 429 2149 quod
448 2097 540 2147 quid
561 2104 616 2134 est
634 2109 703 2146 per
722 2097 986 2146 acceptionem
1007 2098 1311 2136 convertibilium
1327 2106 1400 2135 ter-

322 2153 534 2197 minorum;
565 2153 747 2199 secundo,
769 2152 874 2203 quod
894 2166 974 2191 non
991 2161 1119 2203 potest
1146 2152 1404 2197 demonstrari*

321 2219 391 2256 per
419 2205 665 2254 divisionem3
695 2206 762 2244 ibi:
791 2207 844 2243 At
868 2219 960 2244 vero
998 2220 1118 2257 neque
1144 2221 1219 2258 per
1250 2207 1400 2246 divisio-

322 2273 407 2298 nem
425 2262 444 2282 *
460 2268 549 2307 etc.;
571 2261 692 2309 tertio,
714 2261 819 2310 quod
839 2274 918 2300 non
936 2270 1061 2312 potest
1081 2261 1334 2300 demonstrari
1355 2262 1399 2283 *²²⁸

321 2314 544 2364 accipiendo
561 2315 598 2352 id
616 2316 719 2365 quod
736 2315 937 2365 requiritur
951 2317 1000 2355 ad
1012 2317 1117 2366 quod
1133 2316 1224 2366 quid
1240 2324 1312 2362 est;
1330 2315 1398 2352 ibi:

322 2369 396 2405 Sed
416 2375 542 2406 utrum
557 2370 605 2406 sit
616 2370 875 2407 demonstrare
891 2371 911 2392 ‘⁸
927 2379 997 2408 etc.
1015 2371 1126 2408 Circa
1144 2370 1314 2420 primum
1329 2369 1399 2406 tria

322 2422 426 2459 facit:
454 2423 598 2471 prim0,
626 2423 832 2473 praemittit
860 2425 1051 2473 quaedam
1089 2437 1188 2473 quae
1217 2431 1304 2462 sunt
1331 2436 1398 2460 ne-

323 2475 485 2513 cessaria
514 2476 562 2514 ad
589 2477 831 2526 propositum
865 2478 1167 2524 ostendendum3
1202 2477 1395 2524 secundo,

321 2529 466 2567 inducit
480 2530 684 2577 rationem3
706 2530 775 2568 ibi:
796 2531 839 2567 Si
851 2532 950 2569 enim
970 2533 1084 2581 ipsius
1105 2533 1138 2569 C
1148 2532 1185 2569 A
1193 2531 1396 2580 proprium

322 2589 377 2620 est
394 2584 414 2605 ’²‘
435 2590 522 2630 etc.;
543 2584 664 2632 tertio,
686 2584 901 2622 manifestat
919 2585 1194 2623 inconveniens
1214 2585 1319 2634 quod
1339 2596 1396 2621 se-

377 2714 404 2748 α)
423 2715 568 2747 Postquam
588 2714 764 2747 Philosophus
783 2715 905 2740 ete-A:
920 2715 1010 2748 Postq.
1023 2715 1072 2741 Ph.
1083 2715 1216 2748 processit
1235 2714 1396 2748 inquirendo

321 2751 484 2783 disputative
509 2750 601 2784 (marg.
622 2750 681 2775 add.
708 2753 798 2775 utrum
817 2751 889 2784 quod
911 2751 977 2783 quid
995 2751 1051 2784 est)
1076 2751 1227 2783 inquisivit5
1246 2751 1285 2775 H:
1304 2751 1396 2783 Postq.

321 2787 370 2813 Ph.
391 2786 540 2819 disputavit
563 2786 604 2811 vel
624 2786 787 2818 disputative
805 2786 943 2819 inquisivit
949 2795 958 2817 ,·
978 2787 1015 2811 N:
1035 2787 1125 2819 Postq.
1145 2787 1194 2811 Ph.
1214 2786 1313 2819 (marg.
1337 2786 1396 2810 add.

318 2823 460 2856 processit)
481 2821 644 2854 disputative
663 2822 822 2854 inquirendo
832 2829 841 2851 ‚¹
861 2822 900 2847 O:
921 2822 1010 2854 Postq.
1030 2822 1078 2847 Ph.
1098 2822 1215 2847 ostendit
1233 2822 1397 2854 disputative

321 2862 347 2884 et
367 2857 578 2891 inquisivit.-ln
597 2857 655 2882 cod.
676 2857 697 2882 C
716 2857 760 2882 sol.
779 2865 814 2890 40
833 2865 903 2883 vers.
922 2863 948 2883 et
966 2858 1011 2883 fol.
1030 2865 1061 2890 41
1085 2863 1171 2889 recto,
1190 2858 1295 2890 ponitur
1313 2857 1338 2882 in
1358 2857 1396 2882 in-

321 2894 406 2920 feriori
426 2894 542 2926 margine
560 2892 624 2918 haec
643 2898 704 2918 nota
722 2893 834 2918 auctoris
861 2894 997 2927 anonymi:
1019 2903 1032 2916 ‹
1055 2893 1141 2925 Ipsius
1159 2897 1248 2919 autem
1268 2897 1317 2919 etc.
1337 2893 1395 2918 Non

321 2930 435 2963 intelligo
460 2929 641 2962 Expositorem
660 2929 697 2961 (s.
721 2928 866 2961 nomam)
889 2929 1000 2962 qualiter
1025 2929 1169 2955 introducat
1190 2929 1255 2954 hanc
1280 2934 1395 2961 partem,

322 2971 347 2991 et
366 2964 476 2998 qualiter
499 2965 630 2989 continuet
649 2964 732 2997 ipsam
761 2965 793 2989 ad
816 2965 1023 2997 praecedentem.
1044 2965 1111 2990 Cum
1131 2965 1200 2990 enim
1220 2964 1395 2997 Philosophus

321 3001 383 3026 nihil
403 3000 471 3025 aliud
489 3000 632 3025 ostenderit
650 3008 730 3033 quam
750 3008 863 3033 quorum
883 3005 923 3025 est
938 2999 1051 3025 definitio
1070 3008 1122 3025 non
1142 3005 1182 3026 est
1200 3000 1395 3031 demonstratio,

322 3045 369 3062 nec
385 3044 399 3061 e
419 3044 561 3066 converso,
583 3041 608 3060 et
628 3043 675 3068 per
689 3043 854 3068 consequens
874 3037 945 3069 quod
960 3037 1147 3061 demonstratio
1166 3041 1191 3061 et
1210 3035 1324 3061 definitio
1342 3044 1395 3061 non

322 3077 383 3097 sunt
402 3072 469 3096 idem
489 3079 536 3096 nec
555 3079 607 3096 una
625 3071 674 3096 sub
694 3071 755 3103 alia3
774 3072 862 3096 nescio
887 3072 975 3097 videre
993 3072 1056 3105 quid
1074 3072 1136 3096 velit
1155 3071 1240 3097 dicere
1257 3072 1396 3104 Expositor

322 3108 409 3133 dicens
429 3107 499 3140 quod
514 3106 687 3139 Philosophus
702 3112 843 3140 postquam
858 3107 1012 3140 disputative
1031 3107 1162 3140 inquisivit
1175 3113 1263 3132 utrum
1282 3105 1395 3133 definitio

321 3144 404 3177 possit
423 3142 594 3167 demonstrari
614 3148 677 3167 etc.;
697 3143 785 3167 nescio
799 3143 887 3168 videre
906 3144 1016 3176 qualiter
1029 3143 1121 3168 debeat
1140 3143 1245 3176 intelligi
1264 3143 1335 3178 quod
1354 3143 1395 3169 hic

322 3179 474 3204 determinat
493 3178 525 3203 de
544 3178 615 3211 quod
635 3178 697 3211 quid
721 3183 769 3209 est,
784 3179 855 3211 quod
875 3184 914 3203 est
933 3178 1087 3204 definitionis
1107 3177 1287 3212 significatum,
1311 3179 1394 3212 magis

322 3222 401 3247 quam
421 3221 512 3246 supra;
532 3221 592 3238 cum
612 3221 717 3246 semper
735 3214 876 3247 respexerit
901 3215 933 3239 ad
958 3215 1000 3240 illa
1019 3222 1133 3248 quorum
1156 3220 1196 3239 est
1219 3214 1333 3240 definitIo
1351 3214 1394 3240 vel

321 3250 516 3275 demonstratio.
529 3249 584 3274 Imo
604 3249 778 3282 Philosophus
793 3257 872 3282 supra
890 3251 977 3283 posuit
991 3251 1101 3283 primam
1121 3250 1314 3281 dubitationem,
1328 3250 1394 3276 hanc

322 3286 430 3315 scilicet,
449 3285 471 3310 si
490 3290 560 3310 esset
579 3285 645 3310 scire
668 3285 737 3310 idem
761 3286 905 3310 secundum
924 3286 993 3311 idem
1017 3285 1164 3311 definitione
1188 3291 1213 3311 et
1231 3287 1395 3312 demonstra-

321 3321 398 3346 tione.
419 3320 550 3351 Quaerere
573 3328 636 3354 ergo
660 3321 762 3346 videtur
781 3322 816 3346 sic
836 3321 868 3346 de
894 3330 925 3346 eo
945 3322 1016 3355 quod
1035 3329 1081 3354 per
1100 3320 1276 3347 definitionem
1295 3330 1392 3356 cogno-

322 3357 401 3381 scitur
420 3356 460 3381 vel
479 3355 649 3389 significatur,
670 3357 737 3381 sicut
762 3357 794 3381 de
813 3356 961 3382 definitione
986 3356 1144 3391 significante
1170 3358 1232 3391 quid
1255 3362 1303 3383 est.
1328 3358 1393 3383 item

322 3399 419 3424 quaero
438 3398 505 3424 quae
529 3391 671 3417 differentia
690 3397 730 3417 est
748 3393 814 3417 inter
833 3391 1009 3418 definitionem
1034 3392 1221 3426 significantem
1240 3394 1312 3426 quod
1330 3394 1393 3427 quid

322 3433 370 3458 est,
390 3433 415 3452 et
429 3423 500 3460 quod
519 3427 582 3460 quid
606 3433 646 3452 est
671 3426 842 3461 significatum
862 3436 909 3460 per
932 3427 1125 3454 definitionem?
1141 3429 1207 3454 Nam
1226 3429 1295 3454 idem
1314 3429 1392 3463 signi-

322 3461 411 3488 ficatur
429 3471 475 3496 per
500 3461 674 3488 definitionem
699 3464 769 3496 quod
789 3462 921 3489 definitum
941 3463 1082 3498 significat,
1103 3469 1128 3489 et
1147 3472 1161 3489 e
1180 3472 1317 3490 converso.

378 3508 389 3520 «
405 3498 456 3523 Sed
475 3498 562 3523 forsan
576 3499 750 3529 (adverbium
771 3499 843 3524 istud
855 3500 1041 3533 expungitur)
1061 3499 1123 3525 haec
1143 3505 1182 3525 est
1195 3500 1302 3525 intentio
1320 3499 1392 3526 Tho-

324 3540 396 3562 mae,
415 3539 440 3558 et
458 3540 533 3562 vere,
553 3534 624 3566 quod
644 3534 816 3567 Philosophus
835 3535 860 3559 in
880 3535 1042 3567 praecedenti
1062 3535 1123 3560 nihil
1143 3535 1214 3560 aliud
1233 3535 1293 3561 fecit
1311 3543 1391 3569 quam

323 3569 460 3593 ostendere
480 3567 653 3594 definitionem
673 3578 725 3594 non
744 3578 803 3594 esse
819 3570 1066 3595 demonstrationem
1086 3579 1133 3596 nec
1152 3579 1166 3596 e
1185 3579 1324 3602 converso,
1344 3579 1392 3596 nec

323 3611 383 3628 esse
402 3612 480 3628 unam
499 3610 598 3636 partem
622 3605 791 3630 subiectivam
811 3606 926 3631 alterius.
941 3605 1018 3636 Quod
1037 3605 1210 3639 Philosophus
1230 3607 1348 3639 probavit
1362 3614 1393 3632 ex

919 238 1306 276 POSTERIORUM
1333 238 1765 276 ANALYTICORUM
1794 241 1888 278 LIB.
1920 242 1951 277 Il

1456 318 1597 366 quitur;
1629 319 1698 356 ibi:
1735 320 1890 368 Oportet
1920 325 2045 357 autem
2075 321 2112 357 in
2142 320 2288 358 duabus
2309 322 2536 371 propositio-

1456 372 1564 409 nibus
1595 374 1614 393 *
1645 381 1740 410 etc..

1509 438 1545 473 4.
1583 426 1694 463 Circa
1726 427 1895 476 primum
1923 427 2199 476 praesupponit
2236 427 2325 465 duo.
2357 429 2534 476 Quorum

1455 480 1626 528 primurn
1654 481 1815 529 pertinet
1843 481 1891 518 ad
1919 481 2181 529 syllogismum
2211 482 2240 528 *,
2262 481 2402 519 scilicet
2430 482 2535 531 quod

1458 534 1583 570 omnis
1599 534 1840 582 syllogismus
1855 535 1994 584 probat
2008 534 2149 583 aliquid
2165 535 2213 572 de
2229 535 2356 584 aliquo
2379 547 2449 585 per
2470 535 2534 572 ali-

1458 588 1563 636 quod
1594 589 1614 609 ““Φ’
1643 589 1828 635 medium,
1848 596 1891 625 ut
1916 600 1962 625 ex
1990 588 2250 638 superioribus
2279 596 2394 638 patet.
2420 588 2534 626 Aliud

1458 648 1587 678 autem
1605 642 1624 663 Φ
1638 642 1801 691 pertinet
1820 642 1869 679 ad
1888 642 2015 690 ipsum
2036 643 2138 691 quod
2155 643 2247 692 quid
2263 649 2332 689 est,
2354 643 2460 691 quod
2481 651 2536 679 est

1457 707 1526 744 per
1541 696 1805 743 syllogismum
1825 695 2083 744 probandum;
2100 696 2148 733 ad
2169 696 2274 744 quod
2295 697 2537 745 requiruntur

1459 749 1557 786 duae
1593 749 1843 787 conditiones.
1875 750 2051 796 Quarum
2080 762 2156 786 una
2185 757 2241 786 est
2269 751 2373 798 quod
2394 751 2499 800 quod
2518 749 2536 779 β

1458 802 1550 852 quid
1571 811 1627 840 est
1659 803 1705 840 sit
1731 802 1953 852 proprium:
1983 803 2175 851 quaelibet
2203 803 2306 840 enirn
2336 816 2395 840 res
2420 805 2538 841 habet

1458 857 1654 905 propriam
1676 857 1878 894 essentiam
1894 856 1975 893 sive
1996 856 2257 906 quidditatem.
2280 858 2330 894 Et
2348 857 2437 906 quia
2456 870 2537 895 non

1459 923 1575 947 omne
1591 911 1695 959 quod
1722 917 1778 947 est
1800 909 2000 960 proprium
2025 910 2135 947 alicui
2158 911 2320 960 pertinet
2339 910 2389 948 ad
2409 923 2536 948 essen-

1457 964 1549 1001 tiam
1571 965 1662 1012 eius,
1684 965 1779 1001 sicut
1798 964 1938 1002 risibile
1957 964 2122 1010 homini;
2147 964 2235 1002 ideo
2255 964 2459 1013 requiritur
2477 977 2535 1002 se-

1459 1018 1584 1056 cunda
1605 1018 1784 1065 conditio,
1805 1018 1911 1067 quod
1930 1018 2171 1068 praedicetur
2190 1019 2227 1055 in
2248 1018 2339 1067 quid
2353 1019 2384 1055 *.
2402 1018 2453 1055 Et
2465 1019 2535 1055 has

1458 1073 1552 1110 duas
1569 1072 1807 1110 conditiones
1822 1084 1980 1109 necesse
1996 1079 2052 1108 est
2067 1072 2175 1121 sequi
2190 1072 2340 1109 tertiam
2352 1073 2385 1120 ²¹²,
2396 1072 2537 1110 scilicet

1458 1134 1498 1163 ut
1517 1127 1624 1176 quod
1639 1127 1732 1176 quid
1752 1133 1808 1164 est
1826 1126 1872 1163 sit
1892 1125 2139 1164 convertibile
2160 1138 2249 1163 cum
2270 1137 2317 1162 eo
2338 1125 2445 1163 cuius
2466 1133 2532 1163 est.

1515 1182 1548 1218 5.
1578 1180 1727 1218 Deinde
1748 1192 1837 1217 curn
1857 1179 1966 1217 dicit:
1995 1179 2038 1216 Si
2054 1179 2155 1216 enim
2173 1179 2211 1216 A
2229 1179 2302 1228 ipsi
2323 1180 2357 1217 C
2371 1185 2536 1228 est-pro-

1450 1235 1582 1283 prium
1612 1242 1694 1281 ete.‚
1724 1234 1833 1284 ponit
1860 1233 2049 1271 rationem
2078 1233 2127 1271 ad
2146 1232 2388 1283 propositum
2409 1241 2534 1270 osten-

1458 1289 1640 1326 dendum.
1671 1289 1721 1325 Et
1745 1288 1843 1325 circa
1862 1288 1937 1324 hoc
1960 1287 2030 1324 tria
2050 1287 2153 1324 facit:
2172 1286 2313 1336 primo,
2334 1286 2424 1324 dicit
2441 1299 2534 1336 qua-

1457 1344 1534 1380 lem
1573 1335 1747 1392 oporteat
1781 1354 1865 1379 esse
1898 1340 2163 1390 syllogismum
2197 1340 2262 1390 qui
2291 1341 2312 1362 '⁶
2342 1340 2535 1379 concludit

1457 1397 1559 1445 quod
1585 1396 1676 1446 quid
1702 1401 1765 1442 est,
1787 1396 1818 1433 si
1850 1396 1925 1432 hoc
1944 1395 1990 1432 sit
2007 1395 2206 1444 possibile3
2237 1393 2421 1442 secundo,
2444 1407 2534 1432 con-

1457 1450 1573 1487 cludit
1603 1449 1900 1497 inconveniens,
1930 1449 2037 1498 quod
2066 1461 2111 1486 ex
2139 1449 2215 1486 hoc
2247 1449 2433 1497 sequitur3
2461 1448 2533 1486 ibi:

1457 1504 1500 1540 Si
1515 1515 1610 1553 ergo
1630 1504 1732 1552 quod
1749 1503 1841 1552 quid
1857 1508 1912 1540 est
1925 1503 1946 1524 *¹
1967 1510 2056 1550 etc.;
2075 1502 2198 1550 tertio,
2219 1502 2477 1552 exemplificat
2495 1502 2533 1540 in

1456 1557 1648 1604 terminis;
1679 1556 1752 1594 ibi:
1780 1557 1834 1593 Et
1857 1557 2013 1594 omnino
2040 1557 2076 1594 si
2100 1562 2156 1593 est
2180 1562 2396 1593 monstrare
2412 1557 2435 1578 ³
2461 1564 2531 1594 etc.

1457 1611 1569 1649 Circa
1582 1611 1752 1661 primum
1768 1610 1837 1647 tria
1853 1609 1955 1647 facit:
1971 1610 2099 1659 primo
2116 1609 2248 1651 enim*
2263 1609 2431 1647 ostendit
2441 1610 2533 1660 quid

1458 1666 1676 1714 requiratur.
1709 1664 1759 1702 ad
1796 1664 2062 1713 syllogismum
2100 1662 2394 1701 concludentem
2427 1662 2534 1714 quod

1457 1720 1550 1769 quid
1571 1727 1637 1767 est,
1659 1731 1705 1756 ex
1725 1731 1772 1756 eo
1792 1717 1899 1767 quod
1928 1726 1985 1755 est
2002 1717 2220 1767 proprium;
2241 1717 2424 1764 secundo,
2441 1717 2538 1766 quid*

1456 1773 1668 1823 requiratur
1684 1773 1706 1794 '¹‘
1734 1785 1780 1810 ex
1800 1785 1847 1809 eo
1868 1772 1973 1822 quod
1994 1771 2234 1822 praedicatur
2261 1772 2299 1809 in
2328 1771 2437 1820 quisi,-
2463 1771 2531 1809 ibi:
2560 1775 2572 1787 ⁶

1454 1828 1508 1865 At
1531 1839 1623 1866 vero
1653 1833 1690 1864 et
1705 1827 1740 1864 si
1756 1827 1793 1864 A
1810 1826 1831 1848 *
1860 1834 1949 1873 etc.;
1978 1825 2100 1874 tertio,
2122 1825 2287 1863 ostendit
2315 1826 2422 1875 quod
2450 1825 2532 1863 sine
2560 1837 2572 1850 ·

1454 1881 1513 1919 his
1540 1881 1624 1919 talis
1643 1881 1886 1930 syllogismus
1906 1892 1988 1917 esse
2014 1892 2094 1918 non
2112 1879 2250 1930 possit;
2279 1878 2352 1916 ibi:
2381 1879 2426 1916 Si
2440 1890 2532 1917 vero

1454 1935 1590 1985 aliquis
1609 1936 1630 1956 *
1660 1942 1730 1972 etc.

1508 1988 1609 2026 Dicit
1637 2000 1727 2037 ergo
1755 1987 1882 2038 primo
1911 1987 2017 2036 quod
2045 1987 2077 2025 si
2099 1988 2147 2034 A,
2167 1986 2274 2037 quod
2295 1993 2351 2024 est
2363 1985 2532 2036 proban—

1454 2043 1548 2080 dum
1577 2043 1625 2080 de
1655 2043 1687 2080 C
1707 2050 1891 2092 tanquam
1919 2041 2022 2091 quod
2043 2041 2134 2090 quid
2159 2046 2216 2078 est
2241 2039 2335 2088 eius,
2369 2048 2426 2077 est
2442 2047 2532 2091 pro-

1453 2097 1581 2147 prium
1609 2097 1681 2146 ipsi
1710 2096 1741 2133 C
1767 2096 1887 2146 (quod
1915 2095 2117 2144 requiritur
2144 2094 2193 2132 ad
2216 2094 2324 2144 quod
2343 2093 2435 2144 quid
2463 2101 2531 2142 est,

1453 2159 1495 2189 ut
1523 2151 1668 2189 dictum
1697 2157 1754 2188 est
1779 2151 1828 2198 *),
1859 2149 2051 2199 oportebit
2078 2148 2184 2198 quod
2215 2148 2406 2198 primum,
2436 2147 2532 2186 scili-

1454 2213 1513 2243 cet
1527 2207 1574 2252 A,
1590 2205 1637 2242 sit
1656 2203 1856 2254 proprium
1877 2203 2006 2241 medio
2016 2204 2047 2249 *,
2063 2203 2171 2253 quod
2191 2209 2247 2240 est
2261 2202 2312 2239 B:
2333 2213 2424 2240 nam
2445 2201 2477 2240 si
2495 2203 2531 2239 A

1454 2258 1600 2297 excedit
1618 2259 1650 2296 B
1669 2259 1701 2306 *,
1731 2258 1837 2307 quod
1856 2257 2119 2296 universaliter
2137 2255 2380 2307 praedicatur
2407 2257 2456 2294 de
2484 2256 2529 2303 C,

1453 2313 1624 2363 sequitur
1650 2313 1756 2363 quod
1775 2314 1810 2349 A
1831 2313 1952 2350 multo
1981 2311 2102 2360 magis
2120 2310 2278 2348 excedat
2293 2311 2336 2348 C.
2358 2310 2408 2347 Et
2427 2309 2530 2348 simi-

1452 2368 1534 2405 liter
1562 2367 1808 2405 manifestum
1838 2373 1895 2403 est
1922 2367 2028 2415 quod
2057 2364 2248 2415 oportebit
2270 2365 2302 2401 Β
2332 2376 2415 2402 esse
2442 2376 2531 2415 pro-

1451 2421 1579 2471 prium
1607 2421 1724 2471 ipsius
1746 2421 1766 2442 *⁸
1791 2420 1845 2458 C:
1875 2432 1966 2457 nam
1995 2419 2026 2457 si
2049 2420 2080 2457 B
2103 2419 2259 2457 excedat
2287 2419 2331 2466 C,
2361 2417 2532 2469 sequitur

1451 2476 1557 2525 quod
1585 2477 1631 2522 A,
1652 2474 1758 2525 quod
1781 2474 2022 2524 praedicatur
2040 2472 2305 2511 universaliter
2331 2472 2379 2510 de
2398 2473 2444 2520 B,
2465 2484 2530 2510 ex·

1452 2529 1562 2567 cedat
1589 2529 1638 2575 C;
1669 2536 1706 2566 et
1733 2528 1786 2566 sic
1814 2540 1894 2567 non
1913 2527 1983 2566 erit
2008 2527 2211 2577 proprium
2240 2526 2341 2573 eius,
2370 2533 2413 2564 ut
2439 2538 2530 2576 sup-

1450 2583 1677 2633 ponebatur.
1713 2581 1953 2632 Relinquitur
1980 2593 2070 2630 ergo
2099 2581 2206 2631 quod
2232 2580 2264 2618 si
2291 2580 2429 2629 aliquis
2454 2580 2542 2629 syl?

1450 2714 1500 2740 hoc
1519 2714 1591 2748 quod
1609 2713 1674 2740 haee
1692 2722 1746 2739 non
1764 2718 1838 2739 erant
1856 2712 2010 2738 eorumdem
2029 2712 2148 2737 omnium
2165 2718 2215 2737 nec
2233 2711 2341 2737 alicuius
2360 2711 2438 2736 unius
2458 2711 2528 2737 eius-

1450 2750 1512 2775 dem
1525 2750 1671 2775 secundum
1685 2750 1769 2780 idem,
1787 2754 1816 2774 ut
1830 2753 1900 2781 patet
1918 2755 1949 2773 ex
1963 2748 2037 2772 dictis
2052 2746 2213 2780 Philosophi.
2227 2747 2260 2772 Et
2278 2747 2304 2772 in
2324 2745 2374 2772 hoc
2396 2746 2464 2772 bene
2482 2754 2528 2780 ap-

1450 2790 1523 2818 paret
1541 2786 1614 2819 quod
1633 2784 1809 2818 Philosophus
1829 2783 1968 2818 disputavit
1987 2783 2019 2808 de
2032 2781 2180 2808 definitione
2193 2781 2354 2816 significante
2373 2782 2445 2816 quod
2463 2783 2528 2816 quid

1450 2826 1498 2851 est,
1513 2826 1539 2846 et
1557 2829 1609 2846 non
1628 2821 1661 2846 de
1679 2820 1738 2854 ipso
1757 2820 1830 2853 quod
1848 2820 1911 2854 quid
1930 2824 1971 2844 est
1985 2818 2139 2852 significato
2157 2826 2204 2851 per
2223 2817 2410 2844 definitionem.
2429 2818 2482 2844 sed
2500 2819 2527 2844 in

1450 2855 1835 2925 stiffiztsszwffiusssss
1835 2859 2012 2925 ’ἓιὲἒέῗὲῑῗ
2013 2852 2398 2923 2¹..⁶‡.1‘⁰.21“2?„:¹{“.:{L⁶ffi
2406 2854 2527 2916 ⁹3:¹5.

1451 2929 1517 2954 dicta
1531 2928 1660 2961 quidditas
1671 2928 1778 2953 alicuius
1792 2928 1828 2952 rei
1842 2927 1926 2961 possit
1940 2926 2087 2960 investigari
2100 2933 2147 2960 per
2157 2925 2407 2951 demonstrationem
2415 2925 2458 2951 vel
2470 2926 2526 2959 ayl-

1450 2964 1606 2997 logismum3
1626 2969 1651 2988 et
1669 2963 1735 2988 hanc
1754 2961 1881 2996 significat
1899 2961 2012 2988 definitio
2030 2963 2072 2987 vel
2088 2960 2246 2995 significatur
2264 2961 2314 2987 hoc
2333 2968 2380 2994 per
2398 2959 2526 2987 definitio-

1450 3007 1511 3024 nem
1531 3007 1583 3024 non
1608 2999 1695 3024 refert.
1716 2999 1767 3024 Sed
1786 2999 1853 3024 bene
1871 2998 1950 3024 refert
1968 3005 2095 3032 quaerere
2118 2998 2151 3022 de
2175 2995 2336 3030 significante
2354 2997 2526 3030 quidda-tem

1449 3036 1490 3060 vel
1505 3035 1537 3060 de
1556 3035 1698 3068 quidditate
1711 3033 1862 3068 significata.
1876 3035 1917 3059 Ad
1931 3034 2032 3059 obiecta
2045 3038 2116 3067 patet
2128 3034 2279 3066 responsio:
2295 3034 2348 3059 imo
2362 3040 2456 3066 grossa
2469 3038 2526 3059 erat

1450 3071 1584 3096 dubitatio.
1600 3081 1613 3093 ι

1504 3105 1530 3140 β)
1551 3105 1631 3138 Quod
1648 3106 1720 3140 quod
1737 3105 1803 3139 quid
1820 3108 1860 3131 est
1878 3105 2056 3137 etc.-Codd.,
2071 3113 2124 3131 exc.
2139 3105 2208 3131 Ast:
2229 3105 2301 3139 quod
2319 3105 2350 3131 t’d
2366 3104 2439 3139 quod
2456 3109 2524 3138 etc.;

1450 3141 1472 3167 1:
1487 3142 1560 3176 quod
1578 3141 1645 3167 illud
1663 3141 1735 3175 quod
1754 3147 1811 3173 etc.;
1826 3142 1860 3166 B:
1877 3141 1940 3175 (om.
1955 3141 2037 3176 quod)
2057 3141 2130 3175 quod
2147 3140 2280 3175 quim-t.
2298 3148 2353 3167 om.
2371 3140 2524 3167 sin-Con-

1450 3178 1559 3204 ditiones
1583 3178 1616 3203 de
1635 3177 1729 3211 quibus
1748 3177 1799 3203 hoc
1824 3178 1882 3202 loco
1901 3183 1942 3203 est
1965 3185 2062 3209 sermo,
2079 3176 2231 3202 manifestae
2257 3181 2319 3203 aunt
2337 3184 2367 3202 ex
2390 3176 2430 3202 hia
2455 3183 2524 3210 quae

1449 3214 1516 3240 dicta
1534 3219 1596 3239 sunt
1613 3213 1658 3239 lib.
1673 3213 1691 3245 1,
1704 3213 1763 3238 lect.
1783 3221 1808 3244 x,
1829 3213 1916 3247 quoad
1935 3213 2052 3238 diversos
2081 3213 2175 3238 modos
2195 3213 2295 3238 dicendi
2320 3219 2368 3246 per
2385 3219 2423 3238 ae.
2444 3211 2524 3243 Quod

1449 3249 1519 3275 enim
1538 3250 1563 3275 id
1582 3249 1653 3283 quod
1672 3249 1782 3283 pertinet
1800 3249 1832 3274 ad
1852 3250 1924 3282 quod
1942 3249 2005 3283 quid
2024 3253 2065 3274 est
2077 3249 2123 3279 rei,
2138 3248 2231 3274 debeat
2247 3255 2308 3273 ease
2322 3247 2467 3281 propr-tunt
2485 3247 2523 3274 td

1449 3284 1578 3317 definitae,
1599 3285 1765 3310 manifestum
1784 3292 1815 3310 ex
1834 3292 1863 3310 se
1887 3290 1936 3310 est.
1956 3284 2036 3318 Atqui
2050 3284 2195 3317 proprium
2215 3284 2289 3309 alicui
2308 3284 2444 3317 dupliciter
2461 3283 2523 3310 diei-

1448 3327 1503 3347 tur:
1516 3329 1611 3354 nempe
1635 3326 1661 3346 et
1679 3321 1751 3355 quod
1776 3325 1816 3346 est
1835 3321 1867 3346 de
1886 3321 1942 3346 eius
1961 3319 2126 3351 definitione,
2145 3320 2247 3353 ipsique
2270 3320 2379 3353 proinde
2402 3319 2524 3345 convenit

1448 3365 1494 3390 per
1508 3365 1538 3382 se
1561 3357 1587 3382 in
1605 3357 1690 3390 primo
1704 3357 1784 3382 modo
1798 3356 1898 3382 dicendi
1913 3364 1960 3390 per
1973 3364 2018 3388 ως
2032 3361 2058 3382 et
2075 3356 2147 3390 quod
2166 3363 2219 3381 non
2237 3360 2283 3384 ‚est
2301 3355 2334 3381 de
2352 3355 2408 3381 eiua
2432 3353 2522 3380 defini-

1447 3394 1530 3424 tione,
1550 3393 1598 3418 sed
1616 3398 1704 3418 tamen
1728 3393 1847 3418 convenit
1870 3392 1918 3426 ipsi
1944 3393 1970 3417 in
1995 3392 2112 3418 secundo
2130 3391 2172 3417 vel
2192 3396 2286 3425 quarto
2315 3391 2396 3416 modo
2420 3389 2521 3416 &condi

1447 3436 1494 3462 per
1519 3436 1557 3454 se.
1574 3428 1645 3462 Ergo
1665 3436 1725 3454 cum
1743 3436 1832 3454 sermo
1857 3428 2099 3461 impraesentiarum
2122 3427 2156 3452 sit
2179 3427 2212 3452 de
2229 3426 2302 3460 quod
2326 3426 2392 3460 quid
2410 3428 2451 3452 est
2467 3425 2520 3456 rei,

1447 3464 1565 3497 sequitur
1579 3469 1604 3489 et
1623 3465 1693 3498 quod
1709 3463 1802 3490 debeat
1818 3471 1877 3489 esse
1891 3464 2035 3498 proprium,
2050 3468 2075 3489 et
2094 3462 2167 3498 quod
2179 3469 2232 3488 non
2247 3462 2340 3487 debeat
2358 3469 2418 3487 esse
2432 3461 2458 3486 la
2476 3467 2519 3486 ao-

1447 3499 1540 3531 cundo,
1556 3500 1603 3525 sed
1617 3500 1642 3525 in
1662 3500 1747 3533 primo
1761 3500 1841 3525 modo
1855 3499 1955 3526 dicendi
1970 3507 2017 3533 per
2032 3507 2074 3530 se,
2095 3504 2190 3531 nempe
2203 3497 2230 3523 in
2243 3497 2309 3531 quid
2321 3497 2348 3531 (t
2362 3495 2517 3526 Per-unna„

1447 3535 1506 3560 lect.
1519 3543 1543 3567 x,
1557 3540 1611 3561 not.
1623 3536 1655 3568 ε).
1669 3536 1735 3561 Hinc
1754 3536 1818 3561 ratio
1837 3535 2056 3561 convertibilitatis
2075 3535 2143 3560 inter
2160 3532 2336 3559 definitionem
2354 3537 2380 3558 et
2397 3538 2454 3557 rem
2473 3531 2518 3556 de-

1446 3569 1552 3600 finitam.
1567 3571 1668 3605 quoties
1687 3571 1753 3605 quid
1771 3572 1803 3597 sit
1822 3572 1990 3604 completum,
2010 3571 2061 3596 hoc
2079 3575 2120 3596 est
2137 3570 2314 3603 complectens
2331 3575 2415 3602 genua
2433 3567 2519 3600 pmxi-

1446 3614 1519 3631 mum
1538 3611 1563 3632 et
1581 3606 1700 3632 ultimam
1719 3606 1897 3633 differentiam.

2563 390 2574 401 ⁸
2589 389 2660 412 Num.
2677 396 2711 413 ιο.

2565 491 2573 499 ·
2589 490 2716 513 Codd.-r:
2731 491 2766 513 ad

2563 517 2640 545 ipsum
2663 518 2765 546 syllogi-

2562 550 2645 566 smum.

2562 592 2656 614 'Codd.
2664 599 2720 615 -κε
2731 600 2780 622 per·

2562 619 2638 641 aliud.

2562 650 2573 661 ⁸
2583 650 2666 673 Autem
2680 657 2729 674 om.
2740 658 2765 674 u.

2663 753 2678 787 β

2562 1023 2573 1035 “
2588 1022 2625 1044 ef.
2634 1022 2645 1044 1
2658 1023 2740 1046 Per-ila.

2562 1054 2616 1076 lect.
2625 1060 2648 1079 x.
2659 1058 2709 1076 not.
2721 1060 2743 1078 ε.

2562 1084 2574 1096 ⁸
2581 1091 2608 1106 a:
2617 1087 2674 1107 (om.
2683 1087 2779 1112 κει-,σεο

2562 1111 2670 1139 sequitur
2695 1112 2780 1134 terna.

2561 1349 2572 1361 ¹*
2578 1349 2666 1372 cedde
2672 1355 2694 1372 r:
2701 1355 2780 1378 quan-

2561 1375 2779 1425 monaque-

2561 1510 2570 1520 ·
2585 1509 2658 1531 Num.
2669 1508 2693 1532 8.

2559 1563 2572 1575 ⁴
2586 1563 2659 1586 Num.
2670 1569 2694 1592 9.

2559 1619 2572 1631 ⁸
2585 1618 2656 1642 Euius
2669 1625 2719 1642 om.
2729 1625 2778 1642 rto.

2558 2153 2571 2166 ⁸
2584 2152 2657 2175 Nun.
2668 2158 2746 2181 praec.

2557 2202 2657 2251 :tiiffld'
2669 2213 2680 2219 -
2688 2208 2714 2224 r:
2725 2208 2775 2225 me-

2557 2261 2569 2272 ·
2579 2245 2627 2283 Seu
2637 2263 2672 2283 eat
2681 2260 2776 2283 aniver-

2558 2287 2640 2310 saliua.

2556 2425 2568 2438 δ
2581 2431 2597 2446 ιι
2605 2430 2655 2447 om.
2665 2424 2750 2453 tysim.
2761 2436 2774 2442 -

2557 2457 2629 2474 omn:
2643 2451 2743 2474 excedit.
