2788 4204
53 1899 65 1908 ·
78 1898 114 1921 ef.
125 1899 178 1920 lect.
186 1904 210 1926 ιι,
221 1901 271 1920 ιιοι.

58 2009 68 2019 '
82 2003 157 2031 codd.
173 2019 184 2026 ο
199 2015 226 2030 r:
242 2015 270 2030 ιι-

53 2037 164 2084 mue
181 2035 270 2058 verita-

58 2109 67 2119 '
80 2108 152 2131 Num.
163 2116 212 2138 seq.

54 2163 66 2173 ‘¹
78 2169 115 2185 n:
130 2169 159 2184 ea
174 2168 244 2191 quae.

53 2223 64 2231 ·
78 2221 142 2244 Lect.
152 2227 202 2249 seq.
211 2227 269 2244 ιι.ιι.

53 2375 67 2387 ⁴
79 2381 110 2398 Αιι
125 2382 173 2398 οιιι.
183 2376 236 2398 hoc.

1126 290 1237 327 CAP.

378 362 510 405 ἀπόσβε
513 376 563 402 σις
593 365 692 418 πυρὸς
720 365 760 397 τὸ
785 367 822 398 Β.
849 365 900 405 Τῷ
926 360 969 401 δη
994 366 1016 395 Γ
1043 367 1089 407 τῷ
1116 366 1206 409 νέφει
1232 366 1376 420 ὑπάρχει

378 409 419 441 τὸ
443 410 481 439 Β·
516 409 646 449 ἀποσβε
649 421 768 441 ννυται
796 409 860 455 γάρ
894 409 926 440 ἐν
954 409 1048 451 αὐτῷ
1081 410 1121 442 τὸ
1151 412 1227 455 πῦρ·
1261 413 1375 452 τουτῴ·

378 453 419 485 τὸ
444 454 486 494 Α,
518 453 631 497 ψόφος.
662 455 728 485 Καὶ
753 453 827 485 ἔστι
852 465 890 498 γε
924 453 976 485 λό·
967 466 1024 500 νος
1056 454 1097 487 τὸ
1122 457 1146 485 Β
1172 467 1233 487 του
1264 458 1288 486 Α
1314 457 1376 488 τοῦ

377 497 513 550 πρώτου
541 499 653 543 ἄκρου.
672 497 732 529 ’Ἂν
758 494 795 529 δὲ
822 498 924 530 πάλιν
948 497 1076 530 τούτου
1103 498 1186 531 ἄλλο
1211 499 1311 543 μέσον
1338 498 1373 543 ᾗ,

377 539 413 573 ἐκ
440 544 505 574 τῶν
532 543 754 595 παραλοίπων
781 542 882 574 ἔσται
906 541 1028 597 λόγων.

305 587 359 624 Ὦς
385 598 445 630 μεν
473 589 585 619 τοίνυν
608 586 830 641 λαμβρίνεται
848 599 889 619 το
916 588 948 617 τί
976 587 1050 618 ἐστι
1069 590 1126 619 καὶ
1144 589 1278 641 γίνεται
1286 600 1377 644 γνω-

375 637 481 685 ριμον,
508 633 669 686 εἴρηται,
689 629 777 663 ὥστε
802 631 1024 674 συλλογισμὸς
1051 643 1109 685 μεν
1136 633 1197 664 τοῦ
1223 635 1256 664 τί
1283 634 1374 664 ἐστιν

375 675 413 706 ού
438 677 573 728 γίνεται
600 673 669 708 063’
700 671 885 717 ἀπόδειξις,
905 676 1009 713 δῆλον
1035 675 1152 720 μέντοι
1178 673 1236 709 διὰ
1259 679 1377 709 συλλο-

373 720 496 775 γισιιοῦ
528 721 586 751 καὶ
611 716 647 752 δι’
678 716 894 761 ἀποδείξεως·
921 721 1001 753 ὥστ’
1032 721 1104 752 οὔτ’
1136 721 1212 753 ἄνευ
1240 717 1377 754 ἀποδεί-

374 764 452 805 ξεως
479 763 552 795 ἔστι
570 766 694 819 γνῶναι
714 764 754 796 τὸ
774 767 806 796 τί
826 765 931 808 ἐστιν,
959 776 996 796 ου
1021 766 1113 797 ἐστιν
1140 767 1250 797 αἴτιον
1276 767 1370 820 ἄλλο,

373 807 447 840 οὔτ’
470 807 562 840 ἔστιν
591 806 698 841 ‘ain-0¹33
703 808 761 850 ιξις
782 809 913 852 αὐτοῦ,
939 823 1029 842 ωσπε
1017 823 1048 854 ερ
1066 812 1123 842 καὶ
1150 811 1181 841 ὲν
1209 814 1278 848 τοῖς
1301 807 1373 842 δια-

374 864 566 896 πορημασιν
593 855 741 897 εἴπομεν.

366 950 516 978 Smorsrs.
534 967 568 971 —
589 960 613 978 1.
635 951 743 979 Textus
765 957 967 987 argumentum
989 957 1017 978 et
1038 950 1150 978 divisio.
1162 967 1181 972 -
1195 958 1222 978 2.
1245 952 1372 979 Praeno-

305 989 399 1018 tiones
421 990 573 1026 quaedam.
585 1007 604 1011 -
615 992 643 1025 α)
667 990 743 1025 Quia
763 997 878 1027 oportet
899 991 980 1027 quod
995 990 1056 1018 eius
1075 991 1155 1027 quod
1169 996 1212 1018 est
1224 999 1287 1018 rem
1301 999 1373 1026 esse,

305 1029 341 1057 sit
361 1029 458 1066 aliqua
479 1039 580 1065 causa;
602 1029 669 1058 ideo
690 1030 767 1058 idern
796 1036 838 1058 est
859 1031 895 1058 de
916 1039 946 1058 re
967 1029 1065 1066 aliqua
1085 1029 1156 1058 scire
1183 1030 1252 1066 quid
1272 1036 1323 1064 est,
1345 1036 1373 1057 et

304 1069 377 1097 scire
398 1078 515 1097 causam
544 1069 722 1106 quaestionis
750 1079 787 1097 an
809 1069 863 1103 είι;
883 1069 957 1097 sicut
984 1069 1060 1097 idem
1082 1075 1125 1097 est
1152 1069 1223 1096 scire
1248 1074 1374 1107 propter

304 1109 382 1146 quid,
397 1116 425 1137 et
439 1109 512 1137 scire
533 1118 650 1137 causam
672 1109 848 1146 quaestionis
870 1109 937 1146 quia
956 1114 1007 1137 εει,
1019 1126 1039 1130 -
1053 1109 1081 1144 b)
1104 1109 1199 1136 Causa
1215 1115 1313 1136 autern
1328 1118 1372 1136 es-

304 1148 385 1176 sendi
407 1148 526 1176 alicuius
547 1149 588 1176 rei
609 1155 658 1176 aut
679 1155 722 1177 est
742 1149 844 1177 eadem
859 1158 926 1176 cum
940 1149 1029 1185 ipsius
1044 1148 1086 1176 rei
1101 1148 1225 1176 essentia
1239 1148 1292 1183 (uti
1306 1155 1373 1175 sunt

303 1197 407 1216 causae
429 1187 584 1216 materialis
605 1195 635 1216 et
655 1188 812 1224 formalis);
834 1195 883 1216 aut
898 1195 940 1216 est
955 1188 1011 1216 alia
1031 1197 1049 1215 a
1069 1187 1110 1215 rei
1125 1187 1248 1215 essentia
1258 1189 1372 1221 (causae

303 1225 432 1256 efficiens
452 1234 480 1255 et
501 1227 614 1263 finalis).
638 1229 680 1255 Ex
701 1236 788 1256 causa
809 1225 952 1255 efficiente
973 1236 1035 1255 non
1051 1233 1147 1262 potest
1167 1226 1228 1254 fieri
1250 1227 1372 1254 demon-

302 1266 402 1295 stratio
424 1267 550 1303 effectus‚
573 1268 692 1304 quando
714 1267 831 1295 effectus
845 1276 907 1295 non
928 1276 963 1295 ex
977 1266 1144 1294 necessitate
1161 1265 1290 1302 sequitur
1304 1275 1372 1294 cau-

302 1316 365 1335 sam
387 1314 529 1344 agentem.
552 1308 610 1335 Sed
630 1316 682 1344 per
703 1316 820 1335 causam
841 1306 966 1341 finalem,
987 1306 1139 1342 supposito
1161 1305 1226 1341 fine,
1243 1306 1372 1342 sequitur

302 1355 336 1375 ex
351 1345 526 1376 *necessitate
554 1347 635 1384 quod
657 1346 692 1374 sit
712 1347 742 1374 id
770 1346 850 1383 quod
871 1352 914 1373 est
935 1347 972 1373 ad
1000 1345 1104 1373 finem:
1135 1344 1201 1373 hInc
1229 1345 1303 1374 facta
1323 1346 1371 1373 tali

302 1386 519 1425 suppositione,
547 1386 609 1415 fieri
630 1392 726 1422 potest
747 1385 956 1414 demonstratio
983 1394 1034 1422 per
1055 1394 1171 1413 causam
1195 1385 1311 1413 finalem
1334 1386 1371 1413 ad

302 1427 536 1454 concludendum
557 1426 587 1454 id
609 1427 689 1462 quod
710 1432 754 1453 est
773 1426 811 1454 ad
832 1425 929 1453 finem.
946 1442 965 1446 -
981 1426 1006 1453 3.
1029 1426 1072 1453 De
1087 1426 1177 1453 modo
1193 1425 1287 1462 logico
1309 1435 1370 1453 ma-

301 1465 456 1494 nifestandi
477 1466 553 1503 quod
574 1466 651 1503 quid.
667 1483 686 1487 -
701 1465 824 1500 Quoties
846 1474 908 1493 esse
929 1474 1016 1493 causa
1037 1471 1080 1493 est
1100 1465 1163 1501 ipsa
1183 1465 1321 1500 essentia,
1344 1472 1372 1493 et

301 1505 387 1533 simul
408 1506 548 1533 habeatur
568 1505 666 1542 aliqua
686 1514 772 1533 causa
793 1505 829 1532 ab
847 1504 970 1533 essentia
991 1504 1053 1541 ipsa
1074 1505 1194 1539 diversa,
1217 1514 1291 1541 quae
1308 1505 1371 1532 talis

300 1544 337 1573 sit
356 1554 518 1582 per-quam
539 1545 632 1581 possit
652 1544 844 1573 demonstrari
867 1545 1044 1580 (secundum
1060 1545 1139 1581 quod
1154 1544 1262 1572 dictum
1277 1551 1320 1572 est
1340 1544 1370 1572 in

299 1584 520 1621 praenotamine
542 1585 580 1620 b),
602 1591 698 1621 potest
718 1593 770 1621 per
790 1593 882 1612 unum
904 1585 973 1621 quid
994 1590 1036 1612 est
1057 1585 1125 1619 (hoc
1146 1591 1188 1612 est
1209 1593 1261 1620 per
1281 1593 1370 1612 unam

299 1627 434 1660 causam)
457 1625 590 1653 concludi
614 1625 693 1653 aliud
708 1627 777 1659 (seu
798 1624 854 1652 alia
874 1624 986 1652 essendi
1008 1626 1122 1659 causa).
1146 1625 1283 1652 Attamen
1305 1623 1371 1652 licet

299 1665 448 1692 conclusio
470 1664 506 1692 sit
531 1664 766 1699 demonstrativa,
783 1670 926 1701 quatenus
948 1663 1105 1699 conclusio,
1122 1670 1164 1691 est
1181 1664 1368 1692 solummodo

298 1704 392 1741 logica
406 1714 457 1732 seu
469 1704 635 1741 probabilis,
645 1710 787 1740 quatenus
803 1703 951 1732 concludit
965 1704 1046 1740 quod
1061 1703 1131 1740 quid
1146 1709 1196 1731 est.
1213 1703 1370 1731 Concludi-

298 1750 346 1772 tur
366 1744 444 1772 enim
458 1743 630 1781 propositio,
653 1744 684 1772 in
698 1752 756 1781 qua
769 1743 967 1780 praedicatum
986 1741 1149 1772 affirmatur
1168 1744 1204 1771 de
1222 1743 1368 1779 subiecto;

441 1862 452 1881 .
476 1873 481 1876 ,
560 1843 737 1884 ostquam
771 1835 1026 1884 Philosophus
1060 1835 1285 1884 disputative
1314 1835 1368 1872 in-

386 1887 390 1900 *
430 1900 449 1926 τ’
475 1891 477 1893 ’
528 1889 742 1935 f1·uisivit*
757 1889 916 1937 qualiter
931 1897 1180 1936 cognoscatur
1199 1888 1368 1926 definitio

508 1947 514 1960 “·
560 1950 596 1979 et
623 1943 725 1991 quod
751 1943 842 1990 quid
867 1948 930 1988 est,
952 1942 1014 1979 hic
1033 1942 1258 1979 determinat
1272 1942 1368 1978 veri-

362 2022 382 2027 „
448 2026 452 2031 .
506 1993 543 2024 ‘nl'
559 2003 675 2032 tatem
696 1996 728 2032 *.
754 1996 803 2032 Et
825 1995 972 2044 primo,
1005 1995 1093 2032 dicit
1131 1996 1178 2032 de
1207 2008 1284 2043 quo
1315 2003 1370 2032 est

300 2048 472 2094 intentio;
494 2049 675 2095 secundo,
693 2049 889 2097 exequitur
906 2049 1163 2097 propositum3
1182 2048 1249 2085 ibi:
1270 2048 1368 2090 Quo-

300 2103 404 2140 niam
428 2107 554 2138 autem
581 2103 677 2139 sicut
694 2102 904 2139 diximus*
933 2110 1022 2147 etc.;
1048 2102 1176 2149 tertio,
1208 2101 1370 2150 epilogat

299 2166 398 2205 quae
418 2155 438 2175 *
467 2155 566 2192 dicta
590 2163 692 2202 sunt;
721 2154 789 2192 ibi:
818 2156 1069 2204 Manifestum
1097 2161 1152 2192 est
1177 2155 1294 2204 igitur
1320 2167 1370 2191 ex

299 2208 403 2246 dictis
427 2208 448 2229 *
477 2215 544 2245 ete.
575 2209 675 2246 Dicit
707 2221 796 2256 ergo
824 2209 950 2258 primo
980 2208 1084 2257 quod
1118 2208 1255 2245 iterum
1282 2215 1370 2256 post

299 2261 571 2311 disputativum
597 2274 832 2311 processum,
859 2261 1178 2299 considerandum
1199 2269 1274 2307 est,
1305 2261 1368 2298 de-

298 2315 539 2352 terminando
567 2315 779 2362 veritatem,
810 2315 901 2364 quid
921 2315 1204 2364 praedictorum
1225 2314 1370 2351 dicatur

298 2369 396 2406 bene
417 2376 453 2408 et
471 2368 563 2417 quid
591 2381 670 2406 non
690 2369 804 2406 bene:
827 2376 863 2405 et
881 2369 956 2405 hoc
977 2370 996 2390 ’Β
1025 2376 1103 2405 tam
1129 2368 1227 2404 circa
1245 2367 1368 2416 ipsam

298 2422 572 2469 definitionem,
593 2430 634 2458 ut
663 2422 947 2459 consideremus
976 2422 1066 2470 quid
1091 2421 1136 2458 sit
1165 2421 1246 2469 ipsa
1275 2420 1367 2458 defi-

298 2475 402 2522 nitio,
423 2487 541 2524 quam
563 2475 676 2512 etiam
706 2475 804 2512 circa
832 2475 958 2524 ipsum
982 2475 1083 2523 quod
1109 2474 1200 2523 quid
1226 2480 1297 2520 est,
1327 2481 1370 2510 ut

299 2528 585 2566 consideremus
613 2537 740 2566 utrum
768 2529 889 2577 possit
909 2528 1118 2576 aliqualiter
1137 2527 1368 2564 manifestari

298 2581 621 2619 demonstratione
653 2582 716 2620 vel
744 2582 985 2628 definitione,
1013 2582 1075 2618 vel
1103 2582 1206 2618 nullo
1235 2580 1366 2617 modo.

351 2707 377 2740 α)
400 2709 472 2734 Idem
490 2709 525 2733 εἰι
537 2709 605 2733 scire
620 2713 668 2733 etc.
680 2721 699 2726 —
713 2708 756 2733 Sit
768 2708 879 2740 legimus
893 2715 954 2732 cum
967 2706 1234 2737 ACDEGKLMNST,
1249 2706 1306 2730 loco
1321 2707 1368 2730 τοῦ

296 2748 337 2770 εει
354 2744 662 2774 PBFHIOQ.—BF1MQ
674 2751 722 2776 pro
734 2743 817 2775 ipsius
830 2743 880 2775 leg.
893 2743 1065 2775 quaestionis,
1081 2743 1119 2766 H:
1133 2742 1219 2771 huius,
1240 2742 1274 2766 N:
1289 2748 1368 2773 quae-

296 2780 391 2805 stionis
411 2779 507 2811 ipsius,
527 2780 574 2804 sed
592 2779 754 2811 quaestionis
773 2785 892 2811 expung.;
912 2778 958 2802 Fl:
977 2778 1001 2803 si
1024 2778 1063 2803 ιἰα
1086 2780 1127 2802 εει
1149 2780 1269 2809 opor-ten·
1289 2777 1326 2801 H:
1345 2777 1369 2801 si

296 2818 365 2840 εεεει
389 2815 441 2839 ista
465 2818 513 2839 εει.
533 2814 599 2839 Cum
625 2815 700 2839 codd.
724 2813 1009 2844 ABCDEHKMNOQS
1035 2814 1160 2844 legimus:
1186 2813 1209 2837 si
1238 2815 1294 2841 est,
1316 2812 1368 2836 ista

297 2854 351 2879 est;
370 2850 452 2874 PGL:
471 2850 495 2875 εἰ
519 2853 560 2874 εει
584 2850 636 2879 ita,
659 2853 714 2880 εει,·
736 2850 760 2874 T
783 2849 912 2874 om.1·sta
936 2852 984 2874 est.
997 2847 1277 2873 -ADEGKLMNST:
1296 2847 1368 2879 quod

296 2893 312 2910 ο
332 2888 410 2911 ονιει.

309 2893 330 2918 p
350 2921 376 2945 S.
386 2920 504 2946 Thomas
523 2920 584 2951 legit
603 2928 672 2953 ergo,
687 2920 711 2945 si
729 2923 776 2949 εει,
791 2920 859 2944 sicut
871 2920 957 2944 versio
970 2924 1060 2943 nostra
1073 2919 1163 2948 haben
1182 2923 1266 2942 textus
1281 2923 1368 2943 autem

297 2963 417 2988 graecus,
437 2956 482 2988 qui
501 2955 605 2980 lectioni
623 2954 781 2996 praefigitur,
800 2955 878 2979 habet
896 2952 920 2979 τί
940 2952 1003 2979 ἐστι.
1028 2955 1063 2979 Αι
1080 2954 1164 2978 Waitz
1187 2953 1246 2978 huic
1265 2953 1367 2978 lectioni

297 2989 393 3016 sufficit
410 2990 496 3021 aliam,
511 2998 607 3022 nempe
625 2986 647 3014 εἷ
661 2987 724 3020 ἔστι,
739 2998 827 3022 quam,
842 2990 935 3021 inquit,
951 2989 1084 3020 Boethius,
1098 2994 1150 3014 vet.
1164 2989 1226 3021 intp.
1245 2989 1296 3019 lat„
1307 2989 1367 3013 Phi-

297 3027 419 3059 loponus,
434 3026 554 3058 paraphr.
569 3026 648 3056 Ricc„
662 3026 764 3050 codices
783 3025 905 3050 meliores
919 3030 945 3049 et
957 3025 1022 3049 Edd.
1036 3030 1095 3049 ante
1109 3024 1214 3049 Pacium
1227 3025 1367 3065 pleraeque

297 3066 409 3086 tuentur.
428 3061 462 3086 Et
479 3061 545 3086 hanc
557 3061 648 3085 recitat
666 3065 692 3085 et
710 3060 815 3101 exponit
833 3068 854 3084 s.
865 3060 990 3084 Thomas.
1010 3059 1156 3092 Philopono
1171 3060 1264 3091 legenti
1278 3055 1299 3083 εἰ
1314 3057 1367 3084 ἔστι

298 3095 336 3130 (ῙΙ
351 3097 462 3125 Foster..
478 3104 537 3129 pag.
550 3095 611 3128 211)
625 3096 753 3120 consentit
767 3095 912 3120 Eustratius
927 3095 952 3119 in
966 3095 1087 3120 versione
1100 3095 1176 3119 latina
1192 3093 1243 3128 (ib.
1254 3102 1312 3127 pag.
1322 3093 1366 3125 48,

297 3132 347 3157 col.
364 3139 387 3162 2,
403 3132 450 3156 Ed.
465 3131 526 3164 cit.),
546 3131 727 3156 Themistius
721 3139 748 3155 ιιι
760 3131 780 3155 ll
795 3131 906 3159 Foster„
922 3138 977 3162 cap.
992 3138 1015 3162 x,
1031 3138 1089 3163 pag.
1105 3130 1145 3161 34.
1164 3131 1199 3154 At
1212 3131 1366 3162 Anonymus

297 3167 359 3200 legit
377 3164 402 3191 τί
421 3164 489 3192 ἐστιν
510 3165 568 3200 (Ed.
582 3166 623 3191 cit.
639 3166 754 3198 Philop„
774 3174 833 3198 pag.
848 3165 924 3199 266),
945 3170 971 3190 et
988 3165 1054 3190 hanc
1078 3166 1215 3190 lectionem
1238 3164 1366 3196 recipiunt

298 3202 469 3228 Casaubonus
484 3203 504 3226 11
515 3202 625 3230 Foster„
637 3209 693 3234 cap.
702 3209 756 3230 vm,
767 3209 824 3233 pag.
839 3200 895 3230 ι33
907 3201 1067 3225 Du—Vallius
1081 3201 1123 3229 ib..
1132 3208 1199 3241 pag.
1211 3199 1270 3232 239,
1285 3200 1365 3223 Bran-

298 3238 379 3263 disius
394 3243 420 3262 et
432 3238 518 3262 Didot.
533 3237 580 3261 Ed.
591 3242 677 3261 tamen
690 3237 768 3261 Basil.
783 3235 848 3269 1539
861 3236 953 3260 retinet
966 3231 988 3260 εἷ
1002 3233 1065 3267 ἐ’στι,
1080 3241 1106 3260 et
1118 3231 1140 3260 εἱ
1153 3234 1205 3260 ἔστι
1220 3235 1305 3259 habet.
1316 3235 1363 3258 Ed.

297 3273 386 3298 Aurel.
399 3273 499 3297 Allobr.
509 3280 568 3297 cum
583 3272 693 3296 Praefat.
703 3271 770 3296 Pacii
781 3271 789 3290 ¹
782 3271 825 3303 cf
836 3279 915 3303 supra
927 3272 986 3296 lect.
1001 3279 1035 3301 ιν,
1046 3276 1100 3296 ιιοι.
1110 3279 1140 3302 η;
1158 3276 1183 3295 et
1197 3270 1256 3294 Alb.
1264 3270 1363 3294 Fabric.

298 3308 424 3334 Biblioth.
441 3315 533 3341 graec.
545 3308 604 3332 Vol.
619 3308 663 3338 ΙΙΙ,
677 3315 735 3340 pag.
745 3291 804 3331 33¹3.
824 3307 975 3347 Kamburgi,
994 3306 1116 3339 1793).-
1097 3306 1193 3330 -Suae
1210 3310 1297 3329 autern
1316 3312 1362 3328 no-

297 3349 420 3376 straeque
431 3343 547 3368 lectionis
558 3326 684 3367 rationein
694 3342 777 3366 reddit
785 3342 886 3366 Waitz
879 3350 904 3366 in
915 3341 978 3366 haec
986 3342 1100 3366 verba-«1
1111 3340 1259 3371 Quomodo,
1270 3340 1362 3372 inquit,

299 3390 313 3402 »
330 3379 488 3411 explicanda
492 3379 525 3403 sit
540 3377 634 3417 (lectio
648 3373 670 3402 εἰ
684 3374 762 3411 ἔστιν)
783 3377 857 3401 facile
875 3377 1023 3410 intelligitur
1038 3384 1067 3400 ex
1082 3376 1158 3400 huius
1174 3375 1229 3399 libri
1249 3383 1304 3407 cap.
1314 3382 1323 3399 1
1338 3379 1364 3398 et

301 3425 312 3437 »
330 3423 357 3455 ιι,
372 3415 416 3439 ubi
431 3414 570 3446 opponitur
583 3410 613 3438 τὸ
633 3408 655 3437 εἷ
674 3409 727 3437 ἔστι
747 3413 783 3446 τῷ
802 3410 826 3437 τί
845 3409 922 3437 ἔστιν.
941 3413 1012 3437 Nam
1026 3412 1047 3436 si
1067 3412 1098 3436 ad
1117 3410 1307 3452 quaestionem
1316 3411 1364 3434 τοῦ·

300 3445 349 3474 »εἷ
368 3446 435 3474 ἔστιν
451 3448 619 3474 affirmatione
641 3455 798 3480 responsum
818 3452 858 3471 est
878 3444 918 3472 ὅτι
941 3444 1023 3476 ἔστιν,
1043 3447 1174 3489 quaeritur
1198 3442 1228 3470 τὸ
1253 3443 1278 3469 τί
1297 3442 1363 3474 ἔστι,

300 3496 313 3508 »
330 3486 385 3510 sive
403 3486 475 3517 quod
494 3485 563 3509 idem
582 3491 642 3509 esse
661 3483 748 3508 docuit
751 3481 778 3525 (
796 3490 812 3506 o
827 3490 842 3507 a
860 3490 891 3514 ¹4
910 3482 953 3516 sq)
974 3478 1004 3506 τὸ
1018 3479 1059 3506 διὰ
1075 3479 1099 3506 τί
1119 3479 1197 3511 ἐστιν,
1212 3480 1262 3505 hoc
1277 3486 1317 3505 est
1331 3477 1361 3505 τὸ

299 3531 315 3543 ιι
330 3518 358 3545 α’Ι
359 3529 413 3545 τιον
428 3521 475 3545 τοΰ
487 3528 552 3545 ειναι
567 3516 655 3548 ἁπλῶς
673 3516 718 3550 τὴν
732 3515 822 3543 οὖσιαν
838 3517 878 3549 (ιιι
891 3518 951 3542 dixit
965 3524 1000 3557 90
1013 3525 1028 3541 a
1036 3515 1095 3559 ιο).
1109 3517 1202 3541 Omnis
1216 3521 1302 3540 autem
1316 3515 1363 3540 dif-

301 3556 446 3581 at'ficultas
439 3564 465 3580 ιιι
480 3563 512 3580 eo
526 3560 574 3585 est,
584 3555 655 3587 quod
668 3554 821 3578 Aristoteles
836 3561 888 3578 non
901 3553 960 3578 dixit
975 3549 1004 3576 τὸ
1020 3550 1103 3576 αἸτιον
1117 3553 1165 3576 τοῦ
1181 3548 1220 3576 ὅτι
1232 3548 1294 3576 ἔστι.
1309 3551 1362 3583 Ap-

300 3601 314 3614 »
330 3597 402 3624 paret
415 3596 502 3616 autem
516 3598 560 3615 cur
575 3598 627 3615 non
637 3590 674 3614 sic
688 3589 789 3614 dixerit·
803 3588 953 3630 ambiguum
967 3592 1007 3612 est
1021 3588 1090 3612 enim
1103 3583 1132 3612 τὸ
1150 3583 1189 3611 ὅτι
1203 3583 1265 3616 ἔστι,
1280 3594 1362 3618 quum

301 3632 356 3652 »et
374 3627 484 3652 alterum
503 3627 535 3651 de
560 3627 641 3651 altero
665 3624 804 3658 praedicari
824 3620 872 3658 (τὸ
899 3620 940 3648 ἐπὶ
965 3622 1084 3657 μέρους.
1093 3622 1132 3656 ..)
1154 3627 1179 3647 et
1201 3629 1258 3646 rem
1278 3621 1362 3654 ipsam

1266 291 1372 338 VIII,
1403 292 1553 329 LECT.
1582 293 1651 330 VII

2419 297 2489 333 351

1497 371 1597 401 nubes
1610 371 1648 410 C,
1657 371 1834 402 tonitruum
1845 374 1885 411 A,
1899 373 2044 404 extinctio
2058 373 2137 414 ignis
2151 374 2186 404 B.
2205 375 2239 404 In
2254 375 2281 406 C
2300 375 2394 415 igitur
2409 377 2493 407 nube

1497 422 1543 445 est
1553 415 1588 453 Β,
1601 415 1790 456 extinguitur
1806 416 1891 447 enim
1902 417 1934 447 in
1949 417 2016 457 ipsa
2031 418 2126 458 ignis;
2139 418 2213 448 huic
2228 426 2335 449 autem
2344 422 2372 449 A
2383 430 2492 459 sonus,

1497 466 1528 489 et
1543 466 1589 490 est
1611 460 1636 490 B
1660 460 1737 490 ratio
1762 460 1859 499 ipsius
1882 464 1911 491 A
1934 461 2027 501 primi
2051 462 2184 492 termini.
2209 463 2241 493 Si
2257 470 2363 493 autem
2379 464 2493 495 iterum

1497 503 1592 534 huius
1610 504 1696 534 aliud
1715 504 1857 535 medium
1876 505 1925 543 sit,
1946 515 1982 536 ex
2000 506 2127 547 reliquis
2146 506 2203 537 erit
2218 507 2400 538 rationibus.

1431 591 1606 627 Quomodo
1631 592 1762 632 quidem
1793 592 1886 633 igitur
1916 593 2065 633 accipitur
2087 594 2163 635 quid
2188 601 2235 625 est
2256 601 2287 625 et
2308 594 2344 625 fit
2366 603 2491 635 notum,

1498 636 1618 666 dictum
1642 643 1704 666 est:
1728 647 1824 677 quare
1845 637 2046 678 syllogismus
2070 638 2201 678 quidem
2223 639 2322 679 ipsius
2345 639 2423 679 quid
2446 647 2493 671 est

1497 690 1563 710 non
1586 680 1630 717 fit,
1648 690 1751 720 neque
1770 681 2011 720 dempnstratio;
2035 683 2238 713 manifestum
2253 690 2360 713 tamen
2376 691 2422 714 est
2437 694 2493 724 per

1497 724 1719 765 syllogismum
1735 733 1764 755 et
1779 725 2089 757 demonstrationem.
2112 727 2218 764 Quare
2238 737 2340 768 neque
2357 727 2422 758 sine
2438 729 2491 759 de-

1497 768 1723 799 monstratione
1752 777 1798 800 est
1822 780 2009 810 cognoscere
2033 771 2110 810 quid
2133 778 2190 809 est,
2215 771 2304 801 cuius
2329 778 2375 802 est
2398 782 2492 803 causa

1497 812 1567 850 alia,
1592 823 1694 853 neque
1719 820 1764 843 est
1787 813 2013 844 demonstratio
2037 814 2151 854 ipsiuS,
2176 815 2256 846 sicut
2279 822 2309 846 et
2331 815 2364 845 in
2388 825 2490 856 oppo-

1497 856 1661 887 sitionibus
1685 857 1830 888 diximus.

1428 951 1498 988 quin
1510 958 1609 979 tamen
1623 953 1836 980 demonstretur
1850 952 2045 988 praedicatum
2059 954 2228 982 conclusum
2249 963 2310 982 esse
2325 955 2404 991 quod
2419 955 2490 992 quid

1428 997 1480 1026 est,
1495 1000 1546 1019 seu
1560 1000 1622 1019 esse
1636 991 1731 1027 ipsum
1752 991 1912 1019 subiectum
1931 992 2118 1020 definitumff-
2100 1003 2157 1028 4.
2172 994 2280 1022 Textus
2294 995 2460 1023 subdivisio.
2469 1011 2489 1017 -·

1427 1031 1470 1057 De
1485 1031 1575 1058 modo
1590 1039 1649 1067 quo
1661 1030 1691 1058 in
1701 1030 1844 1067 aliquibus
1858 1031 2055 1059 manifestatur
2070 1033 2149 1068 quod
2163 1032 2233 1069 quid
2247 1040 2289 1061 est
2302 1043 2353 1070 per
2367 1035 2489 1063 demon·

1427 1069 1605 1105 strationem,
1620 1069 1650 1097 in
1669 1079 1755 1097 sensu
1769 1079 1849 1097 num.
1865 1072 1995 1106 praeced.
2012 1088 2031 1092 -
2043 1072 2068 1099 5
2084 1073 2294 1100 Praenotamen
2311 1073 2436 1109 primum
2451 1075 2488 1102 ad

1426 1109 1602 1136 solutionem
1624 1109 1809 1145 quaestionis.
1839 1110 2026 1146 Comparatio
2051 1112 2131 1147 quod
2152 1111 2222 1148 quid
2243 1119 2284 1140 est
2305 1113 2342 1140 ad
2370 1120 2490 1150 propter

1426 1148 1505 1184 quid.
1528 1150 1571 1175 De
1585 1157 1616 1176 re
1630 1149 1727 1185 aliqua
1747 1155 1842 1185 potest
1856 1158 1872 1177 a
1887 1149 1971 1177 nobis
1993 1151 2128 1186 cognosci
2149 1152 2224 1188 quia,
2240 1158 2267 1179 et
2281 1151 2405 1188 ignorari
2416 1162 2488 1190 pro-

1422 1193 1492 1224 pter
1513 1188 1599 1224 quid;
1620 1194 1715 1223 potest
1736 1195 1891 1225 utrumque
1911 1189 1996 1216 simul
2010 1190 2162 1226 cognosci;
2185 1192 2235 1218 sed
2256 1191 2431 1227 impossibile
2447 1199 2490 1220 est

1425 1233 1456 1254 ut
1478 1234 1669 1263 cognoscatur
1690 1234 1808 1263 propter
1829 1228 1899 1264 quid
1921 1235 1949 1256 et
1972 1229 2119 1265 ignoretur
2140 1230 2215 1266 quia.
2239 1230 2374 1259 Similiter
2394 1238 2489 1267 potest

1426 1266 1491 1294 sciri
1505 1266 1571 1303 quia
1589 1267 1670 1303 (quia
1683 1276 1728 1294 res
1743 1267 1909 1303 simpliciter
1929 1275 1986 1303 est,
2009 1277 2059 1296 seu
2081 1269 2106 1296 si
2119 1270 2156 1297 sit
2169 1270 2212 1297 vel
2230 1278 2267 1297 an
2283 1271 2335 1305 sit)
2358 1270 2489 1307 ignorato

1426 1307 1501 1343 quod
1521 1306 1590 1343 quid
1613 1312 1677 1334 erat
1702 1307 1778 1341 eius;
1801 1314 1895 1343 potest
1915 1314 2070 1344 utrumque
2092 1309 2176 1336 simul
2197 1309 2347 1346 cognosci;
2369 1310 2442 1338 sed
2435 1320 2489 1338 im-

1425 1346 1562 1382 possibile
1577 1353 1619 1374 est
1634 1356 1808 1383 cognoscere
1823 1347 1903 1383 quod
1918 1347 1988 1383 quid
2003 1354 2071 1382 erat,
2083 1348 2215 1384 ignorato
2230 1358 2267 1376 an
2282 1349 2350 1376 sit.-
2362 1351 2389 1377 6.
2404 1351 2489 1378 Prae·

1425 1392 1563 1413 notamen
1579 1386 1709 1414 alterum.
1732 1387 1803 1414 Rem
1825 1386 1951 1423 aliquam
1967 1396 2028 1414 esse
2043 1387 2122 1423 (quia
2136 1394 2178 1415 est
2199 1388 2372 1424 simpliciter,
2388 1399 2439 1417 seu
2453 1399 2490 1417 an

1424 1425 1480 1459 sit),
1496 1425 1566 1461 quin
1583 1425 1707 1454 sciamus
1724 1427 1859 1464 perfecte
1880 1427 1915 1454 de
1937 1426 1999 1463 ipsa
2020 1427 2089 1463 quid
2110 1434 2160 1462 est,
2177 1427 2248 1455 scire
2269 1437 2422 1463 possumus
2437 1430 2490 1456 du-

1423 1465 1548 1501 pliciter:
1571 1475 1630 1493 uno
1647 1466 1738 1493 modo
1753 1475 1805 1502 per
1818 1466 1937 1503 aliquod
1958 1466 2019 1494 eius
2041 1466 2189 1502 accidens;
2211 1467 2267 1495 allo
2290 1469 2389 1501 modo,
2405 1468 2428 1496 si
2445 1477 2490 1502 res

1424 1511 1466 1532 est
1487 1505 1657 1541 composita,
1675 1515 1726 1541 per
1742 1505 1851 1542 aliquid
1872 1505 2010 1534 essentiae
2032 1506 2102 1534 eius.
2118 1523 2137 1527 -
2152 1516 2178 1542 7.
2202 1508 2413 1535 Praenotamen
2434 1514 2490 1535 ter-

1423 1544 1505 1572 tium.
1529 1544 1604 1579 Quia
1619 1551 1715 1573 autern
1737 1545 1895 1573 accidentia
1910 1555 2003 1582 neque
2018 1555 2083 1573 vere
2105 1546 2288 1574 manifestant
2311 1547 2395 1575 nobis
2410 1548 2490 1584 quod

1425 1593 1469 1612 res
1489 1584 1554 1618 sint,
1569 1584 1635 1612 ideo
1650 1585 1729 1612 nullo
1751 1585 1842 1612 modo
1864 1585 2022 1613 accidentia
2036 1594 2066 1613 se
2081 1586 2188 1613 habent
2208 1587 2245 1613 ad
2267 1587 2322 1614 hoc
2343 1587 2423 1623 quod
2441 1596 2490 1615 co-

1424 1633 1597 1660 gnoscamus
1617 1625 1653 1652 de
1674 1625 1759 1652 rebus
1781 1625 1849 1662 quid
1870 1626 1986 1653 est.-8.
2002 1626 2056 1652 Per
2076 1625 2207 1661 exempla
2227 1626 2338 1662 eclipsis
2357 1627 2441 1654 lunae
2463 1633 2491 1654 et

1422 1663 1542 1691 tonitrui
1564 1663 1762 1692 manifestatur
1783 1665 1888 1692 modus
1906 1664 2147 1692 demonstrativus
2169 1665 2339 1694 ostendendi
2355 1666 2428 1702 ,quid
2450 1666 2490 1694 rei

1423 1712 1474 1739 per
1495 1712 1621 1739 causam,
1638 1712 1712 1740 quae
1726 1710 1768 1731 est
1789 1710 1907 1740 propter
1925 1704 2007 1741 quid,
2030 1710 2058 1732 et
2078 1704 2233 1732 assumitur
2246 1711 2278 1732 ut
2292 1705 2419 1733 medium
2434 1705 2489 1742 syl-

1423 1742 1576 1780 logizandi.
1592 1760 1612 1764 -
1626 1752 1654 1779 9.
1676 1743 1824 1780 Epilogus.

1480 1847 1515 1872 2.
1545 1835 1694 1872 Deinde
1724 1848 1811 1872 cum
1841 1835 1943 1872 dicit:
1975 1836 2162 1877 Quoniam
2182 1842 2306 1872 autem
2325 1838 2420 1873 sicut
2435 1838 2488 1874 di-

1423 1889 1550 1925 ximus
1570 1896 1652 1935 etc.,
1670 1888 1864 1937 exequitur
1883 1889 2131 1937 propositum.
2150 1890 2198 1925 Et
2212 1889 2349 1937 primo,
2371 1902 2488 1938 quan—

1423 1949 1505 1978 tum
1534 1941 1582 1979 ad
1611 1941 1736 1990 ipsum
1765 1942 1869 1990 quod
1898 1942 1988 1991 quid
2009 1949 2081 1988 est3
2102 1942 2283 1989 secundo,
2303 1951 2487 1990 quantum

1423 1995 1473 2031 ad
1501 1994 1775 2041 definitionem,
1806 2007 1904 2044 quae
1925 2003 1980 2032 est
1998 1995 2092 2031 ratio
2121 1995 2369 2042 significativa
2389 1996 2485 2043 eius;

1424 2047 1494 2084 ibi:
1523 2048 1702 2095 Definitio
1729 2053 1854 2084 autem
1883 2048 2062 2096 quoniam
2089 2048 2224 2084 dicitur
2251 2049 2347 2085 ratio
2367 2049 2387 2069 ’¹‘
2417 2057 2486 2086 etc.

1424 2101 1534 2137 Circa
1562 2101 1749 2149 primurn,
1778 2101 1885 2149 ponit
1918 2101 2014 2138 duos
2048 2102 2186 2138 modos
2223 2101 2488 2139 manifestandi

1423 2154 1524 2202 quod
1549 2154 1640 2202 quzd
1665 2160 1727 2191 est.
1758 2155 1807 2191 Et
1833 2154 1975 2202 primo,
2004 2154 2111 2202 ponit
2143 2154 2304 2191 modum
2342 2155 2485 2202 legleae

1422 2207 1672 2255 probationis;
1694 2207 1874 2254 secundo,
1887 2207 2048 2244 modurn
2064 2207 2384 2244 demonstrativae
2398 2221 2485 2256 pro-

1424 2260 1605 2306 bationis;
1635 2259 1706 2296 ibi:
1740 2261 1822 2302 Quo
1851 2266 1975 2297 autem
2004 2261 2114 2297 modo
2149 2261 2343 2310 contingat
2365 2262 2385 2282 ²⁸
2414 2269 2483 2299 etc.

1424 2313 1533 2349 Circa
1563 2313 1753 2361 primum,
1784 2313 1939 2350 resumit
1965 2315 1984 2335 ’¹‘
2017 2313 2141 2361 primo
2170 2313 2207 2350 id
2235 2314 2340 2362 quod
2372 2327 2485 2362 supra

1422 2366 1703 2403 manifestatum
1732 2373 1788 2402 est
1813 2367 1850 2413 *,
1880 2366 2019 2403 scilicet
2045 2366 2149 2415 quod
2177 2366 2280 2403 idem
2309 2374 2363 2403 est
2390 2367 2484 2404 scire

1422 2420 1512 2468 quid
1529 2425 1592 2466 est,
1614 2427 1650 2456 et
1677 2419 1771 2456 scire
1801 2432 1955 2456 causam
1983 2419 2212 2468 quaestionis
2231 2431 2280 2456 an
2301 2425 2370 2464 εει,·
2389 2420 2487 2457 sicut

1422 2473 1526 2509 idem
1559 2480 1615 2509 est
1646 2472 1739 2509 scire
1766 2478 1923 2521 propter
1955 2473 2062 2520 quid,
2099 2480 2135 2509 et
2163 2472 2256 2509 scire
2282 2474 2301 2494 ‘³‘
2331 2485 2484 2510 causam

1423 2525 1652 2574 quaestionis
1680 2526 1769 2574 quia
1795 2531 1858 2563 est.
1887 2526 2000 2562 Ratio
2028 2531 2154 2562 autem
2181 2526 2311 2572 huius,
2346 2526 2483 2563 scilicet

1422 2579 1527 2627 quod
1555 2579 1657 2616 idern
1687 2579 1732 2615 sit
1750 2584 1767 2599 ⁰‘
1796 2579 1889 2615 scire
1924 2578 2015 2627 quid
2044 2586 2114 2649 est,
2145 2586 2181 2615 et
2208 2578 2301 2616 scire
2331 2591 2484 2616 causam

1424 2707 1576 2730 »exsistere
1590 2705 1728 2747 significet:
1744 2713 1804 2730 nam
1819 2706 1841 2730 si
1855 2704 1996 2730 affirmatur
2009 2705 2127 2738 quaestio
2141 2705 2189 2729 τοῦ
2202 2700 2222 2729 εἶ
2237 2701 2299 2735 ἔστι,
2310 2713 2366 2746 non
2375 2713 2482 2737 respon-

1423 2751 1437 2763 ι
1454 2741 1507 2765 deri
1521 2749 1573 2766 non
1587 2742 1681 2773 poterit
1694 2738 1734 2766 ὅτι
1745 2738 1825 2782 ἰἔστιν,
1840 2749 1893 2773 quo
1908 2741 2013 2773 quidem
2028 2748 2106 2765 sensu
2121 2740 2142 2764 si
2155 2740 2292 2772 accipiatur
2306 2737 2335 2765 τὸ
2354 2738 2393 2765 ὅτι
2408 2738 2482 2772 ἔστιν,

1425 2784 1468 2801 »a
1489 2776 1642 2809 quaestione
1665 2778 1714 2801 τοῦ
1732 2772 1753 2800 εἶ
1773 2775 1826 2801 ἔστι
1846 2784 1898 2800 non
1917 2776 1965 2800 nisi
1990 2784 2021 2800 eo
2040 2776 2137 2805 differt,
2156 2776 2226 2807 quod
2245 2776 2353 2800 alterum
2375 2774 2485 2801 affirmat

1425 2821 1437 2834 ι
1452 2812 1524 2844 quod
1542 2819 1588 2844 per
1602 2813 1712 2836 alterum
1728 2807 1760 2842 (εἷ
1773 2809 1838 2845 ἔστι)
1859 2811 2003 2836 dubitanter
2012 2811 2189 2854 pronuntiatur
2203 2816 2229 2835 et
2247 2811 2271 2834 in
2290 2811 2387 2835 incerto
2407 2811 2483 2836 relin-

1424 2857 1437 2870 ιν
1452 2847 1547 2879 quitur.
1560 2848 1618 2871 Hoc
1632 2847 1689 2871 loco
1702 2848 1777 2879 igitur
1791 2847 1942 2871 Aristoteles
1962 2847 2022 2871 dixit
2039 2841 2060 2870 εἷ
2079 2843 2146 2871 ἔστιν
2165 2853 2212 2877 pro
2231 2845 2399 2870 affirmatione
2417 2854 2484 2878 quae

1424 2893 1436 2905 »
1452 2883 1629 2926 respondetur
1637 2883 1668 2907 ad
1682 2882 1860 2914 quaestionem
1875 2883 1922 2906 τοῦ
1936 2877 1956 2906 εἱ
1975 2880 2056 2911 εσ,τιν
2070 2889 2148 2913 quam
2163 2881 2268 2912 quidem
2287 2880 2483 2906 affirmationem

1424 2928 1437 2940 ι
1450 2918 1537 2942 verbis
1558 2914 1598 2942 ὅτι
1617 2915 1671 2942 ’ἐστι
1695 2918 1836 2949 exprimere
1861 2918 1955 2947 noluit,
1974 2924 2007 2941 ne
2026 2916 2084 2948 quis
2103 2916 2166 2940 haec
2186 2913 2243 2947 (ὅτι
2262 2913 2332 2948 ἔστι)
2352 2924 2383 2940 eo
2402 2923 2482 2941 sensu

1424 2953 1493 2977 »hic
1510 2953 1574 2977 dicta
1588 2958 1661 2985 putet
1674 2961 1754 2985 quem
1772 2952 1910 2977 habuimus
1930 2960 1984 2984 cap.
2005 2960 2014 2976 ι
2033 2957 2059 2976 et
2076 2951 2481 2983 11»(lIPoster.‚Comment.,

1422 2996 1478 3020 cap.
1491 2996 1552 3018 vm,
1572 2996 1630 3029 pag.
1651 2987 1715 3020 393,
1735 2996 1802 3020 seq„
1816 2988 1863 3011 Ed.
1883 2987 1945 3021 cit..)

1474 3024 1529 3048 Dici
1549 3024 1625 3048 etiam
1644 3028 1730 3055 potest
1743 3023 1814 3055 quod
1831 3023 1992 3052 Aristoteles,
2010 3027 2039 3046 ut
2057 3030 2079 3046 s.
2089 3021 2205 3046 Thomas
2224 3021 2408 3051 animadvertit,
2428 3029 2482 3047 ma—

1421 3058 1514 3083 nifeste
1533 3058 1582 3083 hoc
1601 3059 1658 3083 loco
1677 3058 1785 3082 resumit
1804 3065 1871 3090 quae
1889 3058 1915 3082 in
1934 3058 2018 3098 primo
2037 3058 2118 3089 capite
2137 3057 2263 3086 disseruit,
2277 3055 2311 3085 ὡς
2325 3053 2432 3090 {papan
2448 3057 2482 3081 ibi

1421 3099 1506 3118 autem
1527 3094 1740 3126 (praesupposito
1759 3101 1863 3125 semper
1882 3093 2005 3125 principio
2024 3093 2094 3124 quod
2112 3092 2180 3116 scire
2199 3091 2301 3124 proprie
2320 3097 2359 3116 est
2377 3099 2482 3116 causam

1420 3130 1456 3153 rei
1470 3130 1548 3153 scitae
1562 3129 1729 3161 cognoscere)
1749 3129 1923 3168 comparando
1942 3128 2004 3159 quia
2019 3130 2058 3152 est
2071 3127 2232 3158 simpliciter,
2248 3134 2295 3151 seu
2307 3134 2341 3151 an
2355 3127 2391 3151 sit
2404 3128 2444 3151 vel
2459 3127 2483 3152 εἰ

1419 3164 1454 3188 sit
1468 3164 1500 3188 ad
1515 3164 1579 3195 quid
1591 3164 1634 3192 sit,
1647 3164 1706 3188 dicit
1720 3163 1789 3195 quod
1804 3164 1868 3187 scito
1882 3164 1974 3194 primo,
1989 3170 2082 3194 nempe
2098 3169 2133 3187 an
2147 3162 2190 3190 sit,
2201 3162 2348 3194 quaerimus
2363 3162 2481 3192 alterum,

1419 3206 1514 3230 nempe
1526 3198 1592 3230 quid
1609 3199 1657 3223 sit:
1675 3206 1776 3231 γνοντες
1796 3195 1822 3221 δὲ
1838 3195 1878 3222 ὅτι
1892 3196 1945 3223 ’ἐστι
1959 3198 2088 3238 (intellige
2100 3205 2152 3221 non
2166 3197 2226 3229 quia
2239 3202 2279 3221 est
2292 3197 2341 3221 hoc
2354 3198 2395 3221 vel
2409 3197 2480 3227 illud,

1419 3234 1507 3258 album
1526 3234 1566 3258 vel
1585 3241 1645 3263 non,
1665 3234 1711 3257 sed
1731 3233 1888 3265 simpliciter,
1903 3230 1999 3263 ἁπλῶς,
2018 3233 2081 3265 quia
2095 3236 2141 3261 εει,
2156 3233 2196 3256 vel
2214 3239 2258 3261 an,
2276 3237 2319 3256 aut
2336 3232 2360 3256 si
2377 3231 2437 3266 εει),
2456 3230 2481 3256 τί

1419 3266 1472 3293 ἐστι
1490 3268 1630 3302 ζητοῦμενι
1650 3269 1715 3292 sicut
1729 3269 1793 3292 scito
1812 3268 1874 3300 quia
1888 3271 1935 3297 εει,
1951 3276 2003 3292 ιιοιι
2022 3269 2176 3307 simpliciter,
2191 3267 2238 3291 sed
2251 3267 2301 3291 hoc
2313 3267 2354 3291 vel
2368 3267 2435 3292 illud
2449 3267 2481 3292 de

1418 3303 1506 3336 aliquo
1519 3303 1643 3333 subiecto,
1654 3304 1803 3335 quaerimus
1814 3306 1928 3334 propter
1937 3303 2016 3335 quid:
2031 3300 2092 3327 ὅταν
2106 3300 2133 3326 δε
2145 3298 2248 3335 εἰδῶμεν
2264 3298 2293 3326 τὸ
2310 3298 2359 3326 ὅτι.
2371 3298 2402 3326 τὸ
2415 3300 2480 3327 διότι

1418 3338 1543 3371 ζητοῦμεν
1563 3338 1629 3370 (cap.
1643 3346 1660 3362 1.
1670 3338 1739 3362 -Cf.
1755 3339 1811 3362 lect.
1826 3346 1849 3368 1,
1868 3346 1895 3362 n.
1907 3345 1925 3369 4
1939 3344 1964 3362 et
1980 3338 2014 3370 5).
2033 3338 2071 3362 Ex
2084 3338 2178 3370 quibus
2193 3337 2310 3369 sequitur
2325 3328 2395 3369 quod
2414 3338 2480 3362 scire

1419 3374 1481 3406 quia
1500 3377 1539 3398 est
1551 3370 1771 3405 simpliciter-(512
1789 3370 1871 3397 ἔστι..
1879 3391 1886 3397 .
1902 3370 1999 3404 ἁπλῶς)
2015 3373 2082 3397 idem
2098 3378 2138 3397 est
2151 3380 2179 3396 ac
2194 3373 2258 3397 scire
2271 3372 2335 3413 quid
2348 3375 2395 3401 εει,
2410 3373 2481 3414 quod

1418 3414 1458 3433 est
1477 3416 1555 3433 causa
1579 3410 1627 3432 του
1645 3408 1705 3440 quia
1728 3413 1769 3432 est
1789 3408 1955 3451 simpliciter·
1981 3404 2076 3432 ταύτὸν
2101 3404 2131 3431 τὸ
2155 3404 2203 3431 εἶδε
2197 3407 2245 3431 ναι
2271 3405 2294 3431 τί
2314 3404 2367 3431 ἐστι
2386 3415 2428 3431 και
2448 3415 2479 3432 το

1418 3440 1467 3468 εἶδε
1470 3452 1509 3468 ναι
1529 3440 1559 3468 τὸ
1580 3441 1607 3467 αἲ
1609 3451 1662 3468 τιον
1682 3444 1730 3467 του
1748 3451 1769 3467 ει
1789 3440 1850 3468 ἔστι.
1875 3443 1943 3467 Vera
1961 3448 2002 3467 est
2020 3450 2081 3474 ergo
2101 3443 2175 3467 lectio
2194 3439 2215 3467 εἶ
2234 3439 2301 3472 ἔστι,
2320 3450 2399 3474 quam
2422 3450 2480 3474 per-

1416 3480 1504 3511 spicue
1523 3487 1544 3503 s.
1554 3478 1670 3503 Thomas
1690 3478 1801 3510 exponit.
1816 3492 1835 3496 -
1853 3478 1879 3502 Si
1898 3483 1984 3502 autem
2009 3478 2107 3510 legatur
2126 3485 2185 3502 cum
2204 3476 2346 3510 ‘Anonymo
2371 3477 2480 3510 aliisque

1416 3522 1495 3547 supra
1513 3514 1593 3538 citatis
1613 3511 1638 3538 τί
1656 3511 1720 3545 ἐστι,
1741 3521 1834 3538 sensus
1853 3514 1900 3537 erit
1918 3513 1989 3545 quod
2008 3513 2076 3537 idern
2095 3513 2128 3537 sit
2146 3520 2301 3545 cognoscere
2318 3512 2381 3544 quid
2395 3518 2435 3537 est
2455 3518 2481 3538 et

1417 3557 1574 3581 cognoscere
1593 3557 1697 3573 causam
1717 3549 1797 3581 ipsius
1817 3549 1879 3581 quid
1892 3554 1940 3573 est.
1961 3549 2037 3578 Quod
2059 3553 2145 3573 utrum
2165 3553 2191 3572 et
2209 3548 2342 3580 quomodo
2360 3548 2480 3573 sustineri

1416 3585 1511 3617 possit,
1531 3592 1583 3609 non
1601 3585 1691 3609 video:
1716 3585 1836 3616 quamvis
1861 3584 1929 3608 enim
1953 3584 2105 3608 Aristoteles
2132 3584 2198 3608 dicat
2221 3583 2291 3615 quod
2315 3582 2378 3608 haec
2403 3591 2480 3608 causa

1416 3620 1499 3653 possit
1516 3627 1575 3645 esse
1593 3620 1680 3652 ipsum
1698 3619 1762 3652 quid
1780 3623 1826 3649 est,
1847 3619 1933 3644 subdit
1950 3624 2036 3644 tamen
2055 3619 2125 3651 quod
2139 3623 2225 3651 potest
2243 3626 2302 3643 esse
2321 3619 2398 3643 etiam
2412 3619 2480 3644 aliud

2515 2057 2525 2067 ¹*
2540 2056 2602 2078 Lect.
2614 2063 2663 2085 seq.
2672 2063 2694 2079 n.
2705 2064 2725 2085 5.

2512 2274 2523 2284 ⁸
2537 2274 2609 2296 Num.
2619 2281 2642 2301 4.

2513 2332 2521 2339 ·
2537 2330 2631 2352 Codd.-
2645 2337 2670 2352 ιιι
2685 2337 2724 2352 re-

2512 2357 2618 2378 sumitur.

2511 2384 2522 2394 *
2538 2384 2599 2405 Lect.
2608 2390 2628 2410 1,
2648 2389 2671 2404 n.
2681 2389 2708 2410 4,

2512 2416 2576 2437 seqq.

2511 2489 2522 2499 ⁴
2535 2488 2603 2510 Scire
2616 2494 2663 2510 om.
2672 2495 2696 2510 a.

2610 2595 2626 2611 α
