<?xml version="1.0" encoding="UTF-8"?>
<!DOCTYPE html PUBLIC "-//W3C//DTD XHTML 1.0 Transitional//EN"
    "http://www.w3.org/TR/xhtml1/DTD/xhtml1-transitional.dtd">
<html xmlns="http://www.w3.org/1999/xhtml" xml:lang="en" lang="en">
 <head>
  <title>
</title>
<meta http-equiv="Content-Type" content="text/html;charset=utf-8" />
  <meta name='ocr-system' content='tesseract 3.04.00' />
  <meta name='ocr-capabilities' content='ocr_page ocr_carea ocr_par ocr_line ocrx_word'/>
</head>
<body>
  <div class='ocr_page' id='page_1' title='image "./operaomniaiussui01thom/operaomniaiussui01thom_0410.png"; bbox 0 0 2788 4204; ppageno 0'>
   <div class='ocr_carea' id='block_1_1' title="bbox 332 232 383 267">
    <p class='ocr_par' dir='ltr' id='par_1_1' title="bbox 332 232 383 267">
     <span class='ocr_line' id='line_1_1' title="bbox 332 232 383 267; baseline 0 -10"><span class='ocrx_word' id='word_1_1' title='bbox 332 232 383 267; x_wconf 92' lang='lat'>40</span> 
     </span>
    </p>
   </div>
   <div class='ocr_carea' id='block_1_2' title="bbox 333 297 1394 504">
    <p class='ocr_par' dir='ltr' id='par_1_2' title="bbox 333 297 1394 504">
     <span class='ocr_line' id='line_1_2' title="bbox 333 297 1394 348; baseline -0.003 -12"><span class='ocrx_word' id='word_1_2' title='bbox 333 301 420 347; x_wconf 89' lang='lat' dir='ltr'>hoc,</span> <span class='ocrx_word' id='word_1_3' title='bbox 443 299 548 348; x_wconf 91' lang='lat' dir='ltr'>quod</span> <span class='ocrx_word' id='word_1_4' title='bbox 567 311 645 336; x_wconf 92' lang='lat' dir='ltr'>non</span> <span class='ocrx_word' id='word_1_5' title='bbox 672 307 796 348; x_wconf 90' lang='lat' dir='ltr'>potest</span> <span class='ocrx_word' id='word_1_6' title='bbox 825 299 895 335; x_wconf 93' lang='lat' dir='ltr'>dici</span> <span class='ocrx_word' id='word_1_7' title='bbox 916 299 1019 347; x_wconf 90' lang='lat' dir='ltr'>quod</span> <span class='ocrx_word' id='word_1_8' title='bbox 1040 299 1099 334; x_wconf 89' lang='lat' dir='ltr'>ille</span> <span class='ocrx_word' id='word_1_9' title='bbox 1124 297 1308 343; x_wconf 80' lang='lat' dir='ltr'>enunciet,</span> <span class='ocrx_word' id='word_1_10' title='bbox 1331 297 1394 345; x_wconf 93' lang='lat' dir='ltr'>qui</span> 
     </span>
     <span class='ocr_line' id='line_1_3' title="bbox 335 350 1393 401; baseline -0.004 -12"><span class='ocrx_word' id='word_1_11' title='bbox 335 353 387 390; x_wconf 94' lang='lat' dir='ltr'>sic</span> <span class='ocrx_word' id='word_1_12' title='bbox 402 352 543 401; x_wconf 91' lang='lat' dir='ltr'>aliquid</span> <span class='ocrx_word' id='word_1_13' title='bbox 563 352 746 399; x_wconf 89' lang='lat' dir='ltr'>significat</span> <span class='ocrx_word' id='word_1_14' title='bbox 756 364 865 398; x_wconf 90' lang='lat' dir='ltr'>voce,</span> <span class='ocrx_word' id='word_1_15' title='bbox 879 351 972 387; x_wconf 90' lang='lat' dir='ltr'>sicut</span> <span class='ocrx_word' id='word_1_16' title='bbox 986 363 1141 397; x_wconf 91' lang='lat' dir='ltr'>nomen,</span> <span class='ocrx_word' id='word_1_17' title='bbox 1153 351 1214 387; x_wconf 93' lang='lat' dir='ltr'>vel</span> <span class='ocrx_word' id='word_1_18' title='bbox 1229 350 1393 386; x_wconf 90' lang='lat' dir='ltr'>verbum</span> 
     </span>
     <span class='ocr_line' id='line_1_4' title="bbox 335 402 1394 454; baseline -0.004 -12"><span class='ocrx_word' id='word_1_19' title='bbox 335 406 529 454; x_wconf 89' lang='lat' dir='ltr'>significat.</span> <span class='ocrx_word' id='word_1_20' title='bbox 551 406 600 441; x_wconf 92' lang='lat' dir='ltr'>Et</span> <span class='ocrx_word' id='word_1_21' title='bbox 627 405 675 441; x_wconf 91' lang='lat' dir='ltr'>ad</span> <span class='ocrx_word' id='word_1_22' title='bbox 703 406 777 441; x_wconf 93' lang='lat' dir='ltr'>hoc</span> <span class='ocrx_word' id='word_1_23' title='bbox 798 404 1116 441; x_wconf 86' lang='lat' dir='ltr'>manifestandum</span> <span class='ocrx_word' id='word_1_24' title='bbox 1149 402 1269 439; x_wconf 91' lang='lat' dir='ltr'>innuit</span> <span class='ocrx_word' id='word_1_25' title='bbox 1297 402 1394 439; x_wconf 90' lang='lat' dir='ltr'>duos</span> 
     </span>
     <span class='ocr_line' id='line_1_5' title="bbox 334 455 1393 504; baseline -0.005 -8"><span class='ocrx_word' id='word_1_26' title='bbox 334 459 473 496; x_wconf 91' lang='lat' dir='ltr'>modos</span> <span class='ocrx_word' id='word_1_27' title='bbox 492 458 622 494; x_wconf 91' lang='lat' dir='ltr'>utendi</span> <span class='ocrx_word' id='word_1_28' title='bbox 642 458 915 494; x_wconf 88' lang='lat' dir='ltr'>enunciatione.</span> <span class='ocrx_word' id='word_1_29' title='bbox 938 456 1181 504; x_wconf 86' lang='lat' dir='ltr'>Quandoque</span> <span class='ocrx_word' id='word_1_30' title='bbox 1202 455 1304 491; x_wconf 90' lang='lat' dir='ltr'>enirn</span> <span class='ocrx_word' id='word_1_31' title='bbox 1324 455 1393 492; x_wconf 90' lang='lat' dir='ltr'>uti—</span> 
     </span>
    </p>
   </div>
   <div class='ocr_carea' id='block_1_3' title="bbox 95 508 1394 769">
    <p class='ocr_par' dir='ltr' id='par_1_3' title="bbox 95 508 1394 668">
     <span class='ocr_line' id='line_1_6' title="bbox 95 508 1394 568; baseline -0.005 -17"><span class='ocrx_word' id='word_1_32' title='bbox 95 520 208 568; x_wconf 53' lang='lat' dir='ltr'>tffodd*</span> <span class='ocrx_word' id='word_1_33' title='bbox 237 521 308 567; x_wconf 57' lang='lat' dir='ltr'>quasi</span> <span class='ocrx_word' id='word_1_34' title='bbox 334 525 420 549; x_wconf 90' lang='lat' dir='ltr'>mur</span> <span class='ocrx_word' id='word_1_35' title='bbox 434 512 515 560; x_wconf 89' lang='lat' dir='ltr'>ipsa</span> <span class='ocrx_word' id='word_1_36' title='bbox 530 510 635 559; x_wconf 87' lang='lat' dir='ltr'>quasi</span> <span class='ocrx_word' id='word_1_37' title='bbox 655 510 703 546; x_wconf 90' lang='lat' dir='ltr'>ad</span> <span class='ocrx_word' id='word_1_38' title='bbox 722 510 945 556; x_wconf 88' lang='lat' dir='ltr'>interrogata</span> <span class='ocrx_word' id='word_1_39' title='bbox 960 510 980 530; x_wconf 61' lang='lat'>’⁸</span> <span class='ocrx_word' id='word_1_40' title='bbox 995 508 1284 557; x_wconf 88' lang='lat' dir='ltr'>respondentes;</span> <span class='ocrx_word' id='word_1_41' title='bbox 1302 515 1394 556; x_wconf 92' lang='lat' dir='ltr'>puta</span> 
     </span>
     <span class='ocr_line' id='line_1_7' title="bbox 97 553 1392 613; baseline -0.005 -10"><span class='ocrx_word' id='word_1_42' title='bbox 97 553 121 568; x_wconf 71' lang='lat' dir='ltr'><strong><em>m</em></strong></span> <span class='ocrx_word' id='word_1_43' title='bbox 133 553 238 574; x_wconf 51' lang='lat' dir='ltr'>‘&#39;mea&#39;&#39;</span> <span class='ocrx_word' id='word_1_44' title='bbox 249 553 265 568; x_wconf 50' lang='grc' dir='ltr'>ι’</span> <span class='ocrx_word' id='word_1_45' title='bbox 334 566 364 603; x_wconf 94' lang='lat' dir='ltr'>si</span> <span class='ocrx_word' id='word_1_46' title='bbox 384 571 601 613; x_wconf 82' lang='lat' dir='ltr'>quaeratur,</span> <span class='ocrx_word' id='word_1_47' title='bbox 618 563 699 610; x_wconf 87' lang='lat' dir='ltr'>quis</span> <span class='ocrx_word' id='word_1_48' title='bbox 712 563 757 599; x_wconf 89' lang='lat' dir='ltr'>sit</span> <span class='ocrx_word' id='word_1_49' title='bbox 772 563 808 598; x_wconf 87' lang='lat' dir='ltr'>in</span> <span class='ocrx_word' id='word_1_50' title='bbox 827 561 988 598; x_wconf 84' lang='lat' dir='ltr'>scholis?</span> <span class='ocrx_word' id='word_1_51' title='bbox 1008 561 1296 609; x_wconf 84' lang='lat' dir='ltr'>respondemus,</span> <span class='ocrx_word' id='word_1_52' title='bbox 1313 573 1392 597; x_wconf 90' lang='lat' dir='ltr'>ma-</span> 
     </span>
     <span class='ocr_line' id='line_1_8' title="bbox 183 613 1392 668; baseline -0.006 -12"><span class='ocrx_word' id='word_1_53' title='bbox 183 633 214 656; x_wconf 85' lang='grc' dir='ltr'>ηη</span> <span class='ocrx_word' id='word_1_54' title='bbox 332 619 449 668; x_wconf 83' lang='lat' dir='ltr'>gister</span> <span class='ocrx_word' id='word_1_55' title='bbox 458 622 497 652; x_wconf 48' lang='lat' dir='ltr'>nn·</span> <span class='ocrx_word' id='word_1_56' title='bbox 511 615 753 663; x_wconf 89' lang='lat' dir='ltr'>Quandoque</span> <span class='ocrx_word' id='word_1_57' title='bbox 765 622 892 651; x_wconf 83' lang='lat' dir='ltr'>autem</span> <span class='ocrx_word' id='word_1_58' title='bbox 909 614 1050 651; x_wconf 89' lang='lat' dir='ltr'>utimur</span> <span class='ocrx_word' id='word_1_59' title='bbox 1060 627 1105 650; x_wconf 90' lang='lat' dir='ltr'>ea</span> <span class='ocrx_word' id='word_1_60' title='bbox 1115 613 1268 662; x_wconf 88' lang='lat' dir='ltr'>propria</span> <span class='ocrx_word' id='word_1_61' title='bbox 1279 626 1392 662; x_wconf 93' lang='lat' dir='ltr'>spon-</span> 
     </span>
    </p>

    <p class='ocr_par' dir='ltr' id='par_1_4' title="bbox 333 667 1393 718">
     <span class='ocr_line' id='line_1_9' title="bbox 333 667 1393 718; baseline -0.005 -11"><span class='ocrx_word' id='word_1_62' title='bbox 333 680 380 718; x_wconf 88' lang='lat' dir='ltr'>te,</span> <span class='ocrx_word' id='word_1_63' title='bbox 402 670 504 707; x_wconf 88' lang='lat' dir='ltr'>nullo</span> <span class='ocrx_word' id='word_1_64' title='bbox 533 669 802 715; x_wconf 88' lang='lat' dir='ltr'>interrogante;</span> <span class='ocrx_word' id='word_1_65' title='bbox 824 667 918 704; x_wconf 91' lang='lat' dir='ltr'>sicut</span> <span class='ocrx_word' id='word_1_66' title='bbox 947 679 1034 703; x_wconf 90' lang='lat' dir='ltr'>cum</span> <span class='ocrx_word' id='word_1_67' title='bbox 1064 667 1235 712; x_wconf 87' lang='lat' dir='ltr'>dicimus,</span> <span class='ocrx_word' id='word_1_68' title='bbox 1261 668 1393 703; x_wconf 84' lang='lat' dir='ltr'>Petrus</span> 
     </span>
    </p>

    <p class='ocr_par' dir='ltr' id='par_1_5' title="bbox 183 719 1393 769">
     <span class='ocr_line' id='line_1_10' title="bbox 183 719 1393 769; baseline -0.004 -9"><span class='ocrx_word' id='word_1_69' title='bbox 183 724 209 748; x_wconf 77' lang='lat'>⁰⁰</span> <span class='ocrx_word' id='word_1_70' title='bbox 333 724 451 760; x_wconf 87' lang='lat' dir='ltr'>currit</span> <span class='ocrx_word' id='word_1_71' title='bbox 467 719 502 757; x_wconf 81' lang='lat'>⁰⁰.</span> <span class='ocrx_word' id='word_1_72' title='bbox 530 721 629 757; x_wconf 89' lang='lat' dir='ltr'>Dicit</span> <span class='ocrx_word' id='word_1_73' title='bbox 648 733 749 768; x_wconf 86' lang='lat' dir='ltr'>ergo,</span> <span class='ocrx_word' id='word_1_74' title='bbox 762 720 867 769; x_wconf 93' lang='lat' dir='ltr'>quod</span> <span class='ocrx_word' id='word_1_75' title='bbox 886 720 945 756; x_wconf 93' lang='lat' dir='ltr'>ille</span> <span class='ocrx_word' id='word_1_76' title='bbox 966 720 1028 768; x_wconf 92' lang='lat' dir='ltr'>qui</span> <span class='ocrx_word' id='word_1_77' title='bbox 1050 719 1233 767; x_wconf 86' lang='lat' dir='ltr'>significat</span> <span class='ocrx_word' id='word_1_78' title='bbox 1252 719 1393 768; x_wconf 90' lang='lat' dir='ltr'>aliquid</span> 
     </span>
    </p>
   </div>
   <div class='ocr_carea' id='block_1_4' title="bbox 295 772 1393 3048">
    <p class='ocr_par' dir='ltr' id='par_1_6' title="bbox 327 772 1393 1711">
     <span class='ocr_line' id='line_1_11' title="bbox 331 772 1393 820; baseline -0.004 -8"><span class='ocrx_word' id='word_1_79' title='bbox 331 788 451 812; x_wconf 91' lang='lat' dir='ltr'>unum</span> <span class='ocrx_word' id='word_1_80' title='bbox 473 774 627 811; x_wconf 90' lang='lat' dir='ltr'>nomine</span> <span class='ocrx_word' id='word_1_81' title='bbox 652 774 714 810; x_wconf 88' lang='lat' dir='ltr'>vel</span> <span class='ocrx_word' id='word_1_82' title='bbox 734 774 867 820; x_wconf 92' lang='lat' dir='ltr'>verbo,</span> <span class='ocrx_word' id='word_1_83' title='bbox 890 785 967 809; x_wconf 93' lang='lat' dir='ltr'>non</span> <span class='ocrx_word' id='word_1_84' title='bbox 987 772 1162 809; x_wconf 89' lang='lat' dir='ltr'>enunciat</span> <span class='ocrx_word' id='word_1_85' title='bbox 1179 773 1242 809; x_wconf 92' lang='lat' dir='ltr'>vel</span> <span class='ocrx_word' id='word_1_86' title='bbox 1262 772 1357 809; x_wconf 90' lang='lat' dir='ltr'>sicut</span> <span class='ocrx_word' id='word_1_87' title='bbox 1374 773 1393 794; x_wconf 74' lang='lat'>’¹‘</span> 
     </span>
     <span class='ocr_line' id='line_1_12' title="bbox 331 825 1393 876; baseline -0.003 -12"><span class='ocrx_word' id='word_1_88' title='bbox 331 829 390 865; x_wconf 91' lang='lat' dir='ltr'>ille</span> <span class='ocrx_word' id='word_1_89' title='bbox 421 827 484 876; x_wconf 90' lang='lat' dir='ltr'>qui</span> <span class='ocrx_word' id='word_1_90' title='bbox 513 826 717 875; x_wconf 89' lang='lat' dir='ltr'>respondet</span> <span class='ocrx_word' id='word_1_91' title='bbox 751 827 876 875; x_wconf 88' lang='lat' dir='ltr'>aliquo</span> <span class='ocrx_word' id='word_1_92' title='bbox 905 826 1177 873; x_wconf 82' lang='lat' dir='ltr'>interrogante,</span> <span class='ocrx_word' id='word_1_93' title='bbox 1207 825 1270 862; x_wconf 91' lang='lat' dir='ltr'>vel</span> <span class='ocrx_word' id='word_1_94' title='bbox 1298 825 1393 862; x_wconf 90' lang='lat' dir='ltr'>sicut</span> 
     </span>
     <span class='ocr_line' id='line_1_13' title="bbox 330 878 1391 929; baseline -0.003 -12"><span class='ocrx_word' id='word_1_95' title='bbox 330 882 390 917; x_wconf 92' lang='lat' dir='ltr'>ille</span> <span class='ocrx_word' id='word_1_96' title='bbox 419 880 482 929; x_wconf 92' lang='lat' dir='ltr'>qui</span> <span class='ocrx_word' id='word_1_97' title='bbox 510 880 653 928; x_wconf 90' lang='lat' dir='ltr'>profert</span> <span class='ocrx_word' id='word_1_98' title='bbox 681 879 986 916; x_wconf 87' lang='lat' dir='ltr'>enunciationem</span> <span class='ocrx_word' id='word_1_99' title='bbox 1019 891 1097 916; x_wconf 87' lang='lat' dir='ltr'>non</span> <span class='ocrx_word' id='word_1_100' title='bbox 1126 878 1252 927; x_wconf 91' lang='lat' dir='ltr'>aliquo</span> <span class='ocrx_word' id='word_1_101' title='bbox 1281 878 1391 915; x_wconf 91' lang='lat' dir='ltr'>inter-</span> 
     </span>
     <span class='ocr_line' id='line_1_14' title="bbox 330 931 1391 981; baseline -0.003 -11"><span class='ocrx_word' id='word_1_102' title='bbox 330 940 496 981; x_wconf 85' lang='lat' dir='ltr'>rogante,</span> <span class='ocrx_word' id='word_1_103' title='bbox 513 932 581 969; x_wconf 93' lang='lat' dir='ltr'>sed</span> <span class='ocrx_word' id='word_1_104' title='bbox 600 933 683 981; x_wconf 92' lang='lat' dir='ltr'>ipso</span> <span class='ocrx_word' id='word_1_105' title='bbox 703 933 917 981; x_wconf 90' lang='lat' dir='ltr'>proferente</span> <span class='ocrx_word' id='word_1_106' title='bbox 938 940 1083 980; x_wconf 85' lang='lat' dir='ltr'>sponte.</span> <span class='ocrx_word' id='word_1_107' title='bbox 1101 931 1309 968; x_wconf 87' lang='lat' dir='ltr'>Introduxit</span> <span class='ocrx_word' id='word_1_108' title='bbox 1327 944 1391 968; x_wconf 87' lang='lat' dir='ltr'>au-</span> 
     </span>
     <span class='ocr_line' id='line_1_15' title="bbox 329 984 1390 1034; baseline -0.002 -11"><span class='ocrx_word' id='word_1_109' title='bbox 329 995 406 1023; x_wconf 91' lang='lat' dir='ltr'>tem</span> <span class='ocrx_word' id='word_1_110' title='bbox 421 987 506 1033; x_wconf 91' lang='lat' dir='ltr'>hoc,</span> <span class='ocrx_word' id='word_1_111' title='bbox 524 986 612 1034; x_wconf 91' lang='lat' dir='ltr'>quia</span> <span class='ocrx_word' id='word_1_112' title='bbox 632 986 791 1034; x_wconf 86' lang='lat' dir='ltr'>simplex</span> <span class='ocrx_word' id='word_1_113' title='bbox 811 998 954 1022; x_wconf 89' lang='lat' dir='ltr'>nomen</span> <span class='ocrx_word' id='word_1_114' title='bbox 968 986 1030 1022; x_wconf 89' lang='lat' dir='ltr'>vel</span> <span class='ocrx_word' id='word_1_115' title='bbox 1044 986 1220 1031; x_wconf 92' lang='lat' dir='ltr'>verbum,</span> <span class='ocrx_word' id='word_1_116' title='bbox 1238 984 1390 1033; x_wconf 91' lang='lat' dir='ltr'>quando</span> 
     </span>
     <span class='ocr_line' id='line_1_16' title="bbox 330 1038 1391 1088; baseline -0.002 -12"><span class='ocrx_word' id='word_1_117' title='bbox 330 1039 579 1088; x_wconf 86' lang='lat' dir='ltr'>respondetur</span> <span class='ocrx_word' id='word_1_118' title='bbox 608 1039 656 1075; x_wconf 91' lang='lat' dir='ltr'>ad</span> <span class='ocrx_word' id='word_1_119' title='bbox 690 1039 1043 1086; x_wconf 86' lang='lat' dir='ltr'>interrogationem,</span> <span class='ocrx_word' id='word_1_120' title='bbox 1073 1038 1224 1075; x_wconf 89' lang='lat' dir='ltr'>videtur</span> <span class='ocrx_word' id='word_1_121' title='bbox 1254 1050 1391 1075; x_wconf 91' lang='lat' dir='ltr'>verum</span> 
     </span>
     <span class='ocr_line' id='line_1_17' title="bbox 327 1091 1391 1140; baseline -0.003 -10"><span class='ocrx_word' id='word_1_122' title='bbox 327 1094 390 1130; x_wconf 91' lang='lat' dir='ltr'>vel</span> <span class='ocrx_word' id='word_1_123' title='bbox 419 1094 554 1130; x_wconf 88' lang='lat' dir='ltr'>falsum</span> <span class='ocrx_word' id='word_1_124' title='bbox 584 1092 812 1140; x_wconf 87' lang='lat' dir='ltr'>significare:</span> <span class='ocrx_word' id='word_1_125' title='bbox 834 1092 939 1140; x_wconf 92' lang='lat' dir='ltr'>quod</span> <span class='ocrx_word' id='word_1_126' title='bbox 968 1098 1023 1128; x_wconf 92' lang='lat' dir='ltr'>est</span> <span class='ocrx_word' id='word_1_127' title='bbox 1045 1091 1242 1140; x_wconf 90' lang='lat' dir='ltr'>proprium</span> <span class='ocrx_word' id='word_1_128' title='bbox 1274 1103 1391 1127; x_wconf 92' lang='lat' dir='ltr'>enun-</span> 
     </span>
     <span class='ocr_line' id='line_1_18' title="bbox 330 1144 1391 1193; baseline -0.002 -11"><span class='ocrx_word' id='word_1_129' title='bbox 330 1145 509 1183; x_wconf 78' lang='lat' dir='ltr'>ciationis,</span> <span class='ocrx_word' id='word_1_130' title='bbox 532 1145 609 1182; x_wconf 91' lang='lat' dir='ltr'>Sed</span> <span class='ocrx_word' id='word_1_131' title='bbox 628 1146 702 1181; x_wconf 93' lang='lat' dir='ltr'>hoc</span> <span class='ocrx_word' id='word_1_132' title='bbox 721 1145 741 1166; x_wconf 64' lang='lat'>&#39;⁸</span> <span class='ocrx_word' id='word_1_133' title='bbox 760 1157 838 1182; x_wconf 92' lang='lat' dir='ltr'>non</span> <span class='ocrx_word' id='word_1_134' title='bbox 859 1144 1039 1193; x_wconf 92' lang='lat' dir='ltr'>competit</span> <span class='ocrx_word' id='word_1_135' title='bbox 1058 1144 1203 1180; x_wconf 89' lang='lat' dir='ltr'>nomini</span> <span class='ocrx_word' id='word_1_136' title='bbox 1226 1145 1288 1181; x_wconf 90' lang='lat' dir='ltr'>vel</span> <span class='ocrx_word' id='word_1_137' title='bbox 1307 1157 1391 1181; x_wconf 92' lang='lat' dir='ltr'>ver-</span> 
     </span>
     <span class='ocr_line' id='line_1_19' title="bbox 328 1197 1391 1246; baseline -0.002 -11"><span class='ocrx_word' id='word_1_138' title='bbox 328 1199 391 1245; x_wconf 88' lang='lat' dir='ltr'>bo,</span> <span class='ocrx_word' id='word_1_139' title='bbox 417 1199 487 1236; x_wconf 92' lang='lat' dir='ltr'>nisi</span> <span class='ocrx_word' id='word_1_140' title='bbox 522 1198 734 1235; x_wconf 90' lang='lat' dir='ltr'>secundum</span> <span class='ocrx_word' id='word_1_141' title='bbox 763 1197 867 1246; x_wconf 92' lang='lat' dir='ltr'>quod</span> <span class='ocrx_word' id='word_1_142' title='bbox 901 1197 1114 1244; x_wconf 85' lang='lat' dir='ltr'>intelligitur</span> <span class='ocrx_word' id='word_1_143' title='bbox 1147 1198 1391 1235; x_wconf 88' lang='lat' dir='ltr'>coniunctum</span> 
     </span>
     <span class='ocr_line' id='line_1_20' title="bbox 329 1250 1393 1300; baseline -0.002 -12"><span class='ocrx_word' id='word_1_144' title='bbox 329 1264 415 1288; x_wconf 90' lang='lat' dir='ltr'>cum</span> <span class='ocrx_word' id='word_1_145' title='bbox 436 1252 506 1288; x_wconf 92' lang='lat' dir='ltr'>alia</span> <span class='ocrx_word' id='word_1_146' title='bbox 520 1259 625 1300; x_wconf 89' lang='lat' dir='ltr'>parte</span> <span class='ocrx_word' id='word_1_147' title='bbox 652 1251 846 1299; x_wconf 90' lang='lat' dir='ltr'>proposita</span> <span class='ocrx_word' id='word_1_148' title='bbox 865 1250 903 1287; x_wconf 93' lang='lat' dir='ltr'>in</span> <span class='ocrx_word' id='word_1_149' title='bbox 931 1250 1221 1297; x_wconf 87' lang='lat' dir='ltr'>interrogatione</span> <span class='ocrx_word' id='word_1_150' title='bbox 1241 1251 1272 1287; x_wconf 56' lang='grc' dir='ltr'>’ἱ</span> <span class='ocrx_word' id='word_1_151' title='bbox 1294 1251 1344 1287; x_wconf 94' lang='lat' dir='ltr'>Ut</span> <span class='ocrx_word' id='word_1_152' title='bbox 1363 1250 1393 1286; x_wconf 91' lang='lat' dir='ltr'>si</span> 
     </span>
     <span class='ocr_line' id='line_1_21' title="bbox 329 1303 1392 1354; baseline -0.002 -13"><span class='ocrx_word' id='word_1_153' title='bbox 329 1305 539 1354; x_wconf 87' lang='lat' dir='ltr'>quaerenti,</span> <span class='ocrx_word' id='word_1_154' title='bbox 556 1304 637 1352; x_wconf 87' lang='lat' dir='ltr'>quis</span> <span class='ocrx_word' id='word_1_155' title='bbox 657 1304 747 1353; x_wconf 78' lang='lat' dir='ltr'>legit</span> <span class='ocrx_word' id='word_1_156' title='bbox 764 1304 800 1340; x_wconf 87' lang='lat' dir='ltr'>in</span> <span class='ocrx_word' id='word_1_157' title='bbox 820 1303 982 1340; x_wconf 84' lang='lat' dir='ltr'>scholis?</span> <span class='ocrx_word' id='word_1_158' title='bbox 1001 1303 1290 1351; x_wconf 88' lang='lat' dir='ltr'>respondeatur,</span> <span class='ocrx_word' id='word_1_159' title='bbox 1313 1315 1392 1340; x_wconf 89' lang='lat' dir='ltr'>ma-</span> 
     </span>
     <span class='ocr_line' id='line_1_22' title="bbox 327 1356 1391 1408; baseline -0.002 -14"><span class='ocrx_word' id='word_1_160' title='bbox 327 1358 463 1408; x_wconf 83' lang='lat' dir='ltr'>gister,</span> <span class='ocrx_word' id='word_1_161' title='bbox 491 1357 786 1404; x_wconf 89' lang='lat' dir='ltr'>subintelligitur,</span> <span class='ocrx_word' id='word_1_162' title='bbox 809 1356 860 1392; x_wconf 81' lang='lat' dir='ltr'>ihi</span> <span class='ocrx_word' id='word_1_163' title='bbox 876 1357 896 1377; x_wconf 74' lang='lat'>’¹‘</span> <span class='ocrx_word' id='word_1_164' title='bbox 921 1356 1019 1405; x_wconf 84' lang='lat' dir='ltr'>legit.</span> <span class='ocrx_word' id='word_1_165' title='bbox 1049 1356 1088 1392; x_wconf 92' lang='lat' dir='ltr'>Si</span> <span class='ocrx_word' id='word_1_166' title='bbox 1118 1368 1206 1403; x_wconf 89' lang='lat' dir='ltr'>ergo</span> <span class='ocrx_word' id='word_1_167' title='bbox 1238 1356 1298 1392; x_wconf 92' lang='lat' dir='ltr'>ille</span> <span class='ocrx_word' id='word_1_168' title='bbox 1327 1356 1391 1404; x_wconf 92' lang='lat' dir='ltr'>qui</span> 
     </span>
     <span class='ocr_line' id='line_1_23' title="bbox 330 1408 1389 1458; baseline -0.003 -11"><span class='ocrx_word' id='word_1_169' title='bbox 330 1411 504 1447; x_wconf 87' lang='lat' dir='ltr'>enunciat</span> <span class='ocrx_word' id='word_1_170' title='bbox 531 1410 672 1458; x_wconf 91' lang='lat' dir='ltr'>aliquid</span> <span class='ocrx_word' id='word_1_171' title='bbox 691 1409 847 1446; x_wconf 89' lang='lat' dir='ltr'>nomine</span> <span class='ocrx_word' id='word_1_172' title='bbox 874 1409 936 1445; x_wconf 91' lang='lat' dir='ltr'>vel</span> <span class='ocrx_word' id='word_1_173' title='bbox 955 1409 1075 1445; x_wconf 89' lang='lat' dir='ltr'>verbo</span> <span class='ocrx_word' id='word_1_174' title='bbox 1101 1420 1179 1445; x_wconf 92' lang='lat' dir='ltr'>non</span> <span class='ocrx_word' id='word_1_175' title='bbox 1204 1408 1389 1454; x_wconf 85' lang='lat' dir='ltr'>enunciat,</span> 
     </span>
     <span class='ocr_line' id='line_1_24' title="bbox 329 1461 1390 1510; baseline -0.003 -10"><span class='ocrx_word' id='word_1_176' title='bbox 329 1464 571 1500; x_wconf 86' lang='lat' dir='ltr'>manifestum</span> <span class='ocrx_word' id='word_1_177' title='bbox 610 1470 665 1499; x_wconf 91' lang='lat' dir='ltr'>est</span> <span class='ocrx_word' id='word_1_178' title='bbox 693 1462 797 1510; x_wconf 93' lang='lat' dir='ltr'>quod</span> <span class='ocrx_word' id='word_1_179' title='bbox 835 1461 1047 1498; x_wconf 88' lang='lat' dir='ltr'>enunciatio</span> <span class='ocrx_word' id='word_1_180' title='bbox 1076 1473 1154 1497; x_wconf 92' lang='lat' dir='ltr'>non</span> <span class='ocrx_word' id='word_1_181' title='bbox 1189 1462 1241 1498; x_wconf 92' lang='lat' dir='ltr'>sic</span> <span class='ocrx_word' id='word_1_182' title='bbox 1268 1473 1390 1498; x_wconf 91' lang='lat' dir='ltr'>unurn</span> 
     </span>
     <span class='ocr_line' id='line_1_25' title="bbox 329 1514 1390 1564; baseline -0.003 -12"><span class='ocrx_word' id='word_1_183' title='bbox 329 1516 526 1564; x_wconf 89' lang='lat' dir='ltr'>significat,</span> <span class='ocrx_word' id='word_1_184' title='bbox 554 1516 648 1552; x_wconf 92' lang='lat' dir='ltr'>sicut</span> <span class='ocrx_word' id='word_1_185' title='bbox 675 1527 818 1551; x_wconf 92' lang='lat' dir='ltr'>nomen</span> <span class='ocrx_word' id='word_1_186' title='bbox 845 1515 907 1551; x_wconf 92' lang='lat' dir='ltr'>vel</span> <span class='ocrx_word' id='word_1_187' title='bbox 942 1514 1118 1550; x_wconf 90' lang='lat' dir='ltr'>verbum.</span> <span class='ocrx_word' id='word_1_188' title='bbox 1148 1515 1234 1550; x_wconf 92' lang='lat' dir='ltr'>Hoc</span> <span class='ocrx_word' id='word_1_189' title='bbox 1262 1522 1390 1550; x_wconf 88' lang='lat' dir='ltr'>autem</span> 
     </span>
     <span class='ocr_line' id='line_1_26' title="bbox 328 1566 1390 1615; baseline -0.003 -9"><span class='ocrx_word' id='word_1_190' title='bbox 328 1569 470 1606; x_wconf 89' lang='lat' dir='ltr'>inducit</span> <span class='ocrx_word' id='word_1_191' title='bbox 488 1569 583 1606; x_wconf 93' lang='lat' dir='ltr'>sicut</span> <span class='ocrx_word' id='word_1_192' title='bbox 611 1567 895 1604; x_wconf 89' lang='lat' dir='ltr'>conclusionem</span> <span class='ocrx_word' id='word_1_193' title='bbox 916 1566 996 1603; x_wconf 88' lang='lat' dir='ltr'>eius</span> <span class='ocrx_word' id='word_1_194' title='bbox 1025 1566 1130 1615; x_wconf 92' lang='lat' dir='ltr'>quod</span> <span class='ocrx_word' id='word_1_195' title='bbox 1149 1579 1263 1615; x_wconf 91' lang='lat' dir='ltr'>supra</span> <span class='ocrx_word' id='word_1_196' title='bbox 1282 1579 1390 1615; x_wconf 91' lang='lat' dir='ltr'>prae-</span> 
     </span>
     <span class='ocr_line' id='line_1_27' title="bbox 327 1620 1390 1659; baseline -0.001 -1"><span class='ocrx_word' id='word_1_197' title='bbox 327 1622 427 1658; x_wconf 91' lang='lat' dir='ltr'>misit</span> <span class='ocrx_word' id='word_1_198' title='bbox 438 1623 469 1658; x_wconf 58' lang='grc' dir='ltr'>ἐ</span> <span class='ocrx_word' id='word_1_199' title='bbox 481 1622 643 1659; x_wconf 81' lang='lat' dir='ltr'>Necesse</span> <span class='ocrx_word' id='word_1_200' title='bbox 661 1626 715 1656; x_wconf 89' lang='lat' dir='ltr'>est</span> <span class='ocrx_word' id='word_1_201' title='bbox 727 1632 875 1657; x_wconf 88' lang='lat' dir='ltr'>omnem</span> <span class='ocrx_word' id='word_1_202' title='bbox 891 1620 1099 1656; x_wconf 87' lang='lat' dir='ltr'>orationem</span> <span class='ocrx_word' id='word_1_203' title='bbox 1114 1620 1390 1657; x_wconf 78' lang='lat' dir='ltr'>enunciativam</span> 
     </span>
     <span class='ocr_line' id='line_1_28' title="bbox 327 1673 1042 1711; baseline -0.003 0"><span class='ocrx_word' id='word_1_204' title='bbox 327 1687 376 1711; x_wconf 88' lang='lat' dir='ltr'>ex</span> <span class='ocrx_word' id='word_1_205' title='bbox 402 1676 516 1711; x_wconf 78' lang='lat' dir='ltr'>verbo</span> <span class='ocrx_word' id='word_1_206' title='bbox 545 1685 622 1710; x_wconf 83' lang='lat' dir='ltr'>esse</span> <span class='ocrx_word' id='word_1_207' title='bbox 648 1673 708 1710; x_wconf 81' lang='lat' dir='ltr'>vel</span> <span class='ocrx_word' id='word_1_208' title='bbox 734 1685 783 1709; x_wconf 91' lang='lat' dir='ltr'>ex</span> <span class='ocrx_word' id='word_1_209' title='bbox 810 1685 899 1710; x_wconf 87' lang='lat' dir='ltr'>casu</span> <span class='ocrx_word' id='word_1_210' title='bbox 927 1673 1042 1710; x_wconf 74' lang='lat' dir='ltr'>verbi.</span> 
     </span>
    </p>

    <p class='ocr_par' dir='ltr' id='par_1_7' title="bbox 295 1726 1393 2836">
     <span class='ocr_line' id='line_1_29' title="bbox 387 1726 1390 1764; baseline -0.002 0"><span class='ocrx_word' id='word_1_211' title='bbox 387 1729 442 1764; x_wconf 88' lang='lat'>18.</span> <span class='ocrx_word' id='word_1_212' title='bbox 464 1727 612 1764; x_wconf 89' lang='lat' dir='ltr'>Deinde</span> <span class='ocrx_word' id='word_1_213' title='bbox 638 1738 726 1762; x_wconf 91' lang='lat' dir='ltr'>cum</span> <span class='ocrx_word' id='word_1_214' title='bbox 747 1726 849 1763; x_wconf 90' lang='lat' dir='ltr'>dicit:</span> <span class='ocrx_word' id='word_1_215' title='bbox 869 1726 1025 1762; x_wconf 88' lang='lat' dir='ltr'>Harum</span> <span class='ocrx_word' id='word_1_216' title='bbox 1045 1732 1168 1762; x_wconf 85' lang='lat' dir='ltr'>autem</span> <span class='ocrx_word' id='word_1_217' title='bbox 1194 1727 1287 1763; x_wconf 87' lang='lat' dir='ltr'>haec</span> <span class='ocrx_word' id='word_1_218' title='bbox 1304 1726 1390 1762; x_wconf 88' lang='lat' dir='ltr'>sim-</span> 
     </span>
     <span class='ocr_line' id='line_1_30' title="bbox 320 1779 1391 1829; baseline -0.001 -13"><span class='ocrx_word' id='word_1_219' title='bbox 320 1780 413 1829; x_wconf 88' lang='lat' dir='ltr'>plex</span> <span class='ocrx_word' id='word_1_220' title='bbox 445 1788 527 1826; x_wconf 87' lang='lat' dir='ltr'>etc.,</span> <span class='ocrx_word' id='word_1_221' title='bbox 547 1779 760 1816; x_wconf 90' lang='lat' dir='ltr'>manifestat</span> <span class='ocrx_word' id='word_1_222' title='bbox 790 1779 1040 1828; x_wconf 89' lang='lat' dir='ltr'>praemissam</span> <span class='ocrx_word' id='word_1_223' title='bbox 1070 1779 1296 1816; x_wconf 88' lang='lat' dir='ltr'>divisionem</span> <span class='ocrx_word' id='word_1_224' title='bbox 1334 1791 1391 1816; x_wconf 91' lang='lat' dir='ltr'>se-</span> 
     </span>
     <span class='ocr_line' id='line_1_31' title="bbox 328 1831 1391 1881; baseline -0.002 -11"><span class='ocrx_word' id='word_1_225' title='bbox 328 1833 496 1870; x_wconf 91' lang='lat' dir='ltr'>cundum</span> <span class='ocrx_word' id='word_1_226' title='bbox 517 1833 679 1869; x_wconf 89' lang='lat' dir='ltr'>rationes</span> <span class='ocrx_word' id='word_1_227' title='bbox 694 1833 869 1880; x_wconf 89' lang='lat' dir='ltr'>partium.</span> <span class='ocrx_word' id='word_1_228' title='bbox 891 1831 1046 1868; x_wconf 87' lang='lat' dir='ltr'>Dixerat</span> <span class='ocrx_word' id='word_1_229' title='bbox 1065 1832 1167 1868; x_wconf 91' lang='lat' dir='ltr'>enim</span> <span class='ocrx_word' id='word_1_230' title='bbox 1190 1832 1296 1881; x_wconf 93' lang='lat' dir='ltr'>quod</span> <span class='ocrx_word' id='word_1_231' title='bbox 1314 1844 1391 1869; x_wconf 91' lang='lat' dir='ltr'>una</span> 
     </span>
     <span class='ocr_line' id='line_1_32' title="bbox 328 1885 1393 1934; baseline 0 -11"><span class='ocrx_word' id='word_1_232' title='bbox 328 1886 539 1923; x_wconf 90' lang='lat' dir='ltr'>enunciatio</span> <span class='ocrx_word' id='word_1_233' title='bbox 575 1893 630 1922; x_wconf 93' lang='lat' dir='ltr'>est</span> <span class='ocrx_word' id='word_1_234' title='bbox 657 1898 755 1934; x_wconf 91' lang='lat' dir='ltr'>quae</span> <span class='ocrx_word' id='word_1_235' title='bbox 782 1898 903 1922; x_wconf 91' lang='lat' dir='ltr'>unum</span> <span class='ocrx_word' id='word_1_236' title='bbox 933 1885 980 1922; x_wconf 91' lang='lat' dir='ltr'>de</span> <span class='ocrx_word' id='word_1_237' title='bbox 1020 1898 1099 1921; x_wconf 91' lang='lat' dir='ltr'>uno</span> <span class='ocrx_word' id='word_1_238' title='bbox 1128 1885 1327 1933; x_wconf 87' lang='lat' dir='ltr'>significat,</span> <span class='ocrx_word' id='word_1_239' title='bbox 1357 1894 1393 1923; x_wconf 91' lang='lat' dir='ltr'>et</span> 
     </span>
     <span class='ocr_line' id='line_1_33' title="bbox 327 1938 1391 1988; baseline 0 -12"><span class='ocrx_word' id='word_1_240' title='bbox 327 1940 398 1976; x_wconf 90' lang='lat' dir='ltr'>alia</span> <span class='ocrx_word' id='word_1_241' title='bbox 427 1947 483 1976; x_wconf 92' lang='lat' dir='ltr'>est</span> <span class='ocrx_word' id='word_1_242' title='bbox 501 1951 599 1988; x_wconf 92' lang='lat' dir='ltr'>quae</span> <span class='ocrx_word' id='word_1_243' title='bbox 619 1946 675 1975; x_wconf 91' lang='lat' dir='ltr'>est</span> <span class='ocrx_word' id='word_1_244' title='bbox 694 1938 958 1975; x_wconf 90' lang='lat' dir='ltr'>coniunctione</span> <span class='ocrx_word' id='word_1_245' title='bbox 983 1950 1058 1974; x_wconf 90' lang='lat' dir='ltr'>una</span> <span class='ocrx_word' id='word_1_246' title='bbox 1081 1939 1110 1975; x_wconf 87' lang='grc'>*.</span> <span class='ocrx_word' id='word_1_247' title='bbox 1133 1939 1243 1975; x_wconf 92' lang='lat' dir='ltr'>Ratio</span> <span class='ocrx_word' id='word_1_248' title='bbox 1264 1946 1391 1976; x_wconf 90' lang='lat' dir='ltr'>autem</span> 
     </span>
     <span class='ocr_line' id='line_1_34' title="bbox 327 1991 1393 2040; baseline 0 -11"><span class='ocrx_word' id='word_1_249' title='bbox 327 1993 439 2029; x_wconf 92' lang='lat' dir='ltr'>huius</span> <span class='ocrx_word' id='word_1_250' title='bbox 468 1992 662 2030; x_wconf 91' lang='lat' dir='ltr'>divisionis</span> <span class='ocrx_word' id='word_1_251' title='bbox 683 1999 738 2029; x_wconf 89' lang='lat' dir='ltr'>est</span> <span class='ocrx_word' id='word_1_252' title='bbox 766 2004 810 2028; x_wconf 90' lang='lat' dir='ltr'>ex</span> <span class='ocrx_word' id='word_1_253' title='bbox 840 2004 886 2028; x_wconf 95' lang='lat' dir='ltr'>eo</span> <span class='ocrx_word' id='word_1_254' title='bbox 912 1991 1016 2040; x_wconf 93' lang='lat' dir='ltr'>quod</span> <span class='ocrx_word' id='word_1_255' title='bbox 1044 2004 1165 2029; x_wconf 92' lang='lat' dir='ltr'>unum</span> <span class='ocrx_word' id='word_1_256' title='bbox 1186 1999 1317 2028; x_wconf 90' lang='lat' dir='ltr'>natum</span> <span class='ocrx_word' id='word_1_257' title='bbox 1338 2000 1393 2030; x_wconf 91' lang='lat' dir='ltr'>est</span> 
     </span>
     <span class='ocr_line' id='line_1_35' title="bbox 329 2044 1391 2094; baseline 0 -12"><span class='ocrx_word' id='word_1_258' title='bbox 329 2045 445 2082; x_wconf 91' lang='lat' dir='ltr'>dividi</span> <span class='ocrx_word' id='word_1_259' title='bbox 472 2058 542 2094; x_wconf 92' lang='lat' dir='ltr'>per</span> <span class='ocrx_word' id='word_1_260' title='bbox 567 2045 725 2093; x_wconf 89' lang='lat' dir='ltr'>simplex</span> <span class='ocrx_word' id='word_1_261' title='bbox 756 2052 791 2082; x_wconf 89' lang='lat' dir='ltr'>et</span> <span class='ocrx_word' id='word_1_262' title='bbox 815 2044 1082 2093; x_wconf 86' lang='lat' dir='ltr'>compositum.</span> <span class='ocrx_word' id='word_1_263' title='bbox 1105 2046 1153 2082; x_wconf 89' lang='lat' dir='ltr'>Et</span> <span class='ocrx_word' id='word_1_264' title='bbox 1181 2045 1267 2082; x_wconf 90' lang='lat' dir='ltr'>ideo</span> <span class='ocrx_word' id='word_1_265' title='bbox 1289 2046 1391 2083; x_wconf 88' lang='lat' dir='ltr'>dicit:</span> 
     </span>
     <span class='ocr_line' id='line_1_36' title="bbox 326 2098 1393 2147; baseline 0.001 -12"><span class='ocrx_word' id='word_1_266' title='bbox 326 2100 482 2135; x_wconf 88' lang='lat' dir='ltr'>Harum</span> <span class='ocrx_word' id='word_1_267' title='bbox 510 2104 647 2144; x_wconf 83' lang='lat' dir='ltr'>autem,</span> <span class='ocrx_word' id='word_1_268' title='bbox 677 2098 816 2135; x_wconf 89' lang='lat' dir='ltr'>scilicet</span> <span class='ocrx_word' id='word_1_269' title='bbox 843 2098 1164 2144; x_wconf 90' lang='lat' dir='ltr'>enunciationum,</span> <span class='ocrx_word' id='word_1_270' title='bbox 1195 2098 1232 2135; x_wconf 91' lang='lat' dir='ltr'>in</span> <span class='ocrx_word' id='word_1_271' title='bbox 1256 2099 1393 2147; x_wconf 91' lang='lat' dir='ltr'>quibus</span> 
     </span>
     <span class='ocr_line' id='line_1_37' title="bbox 328 2151 1392 2200; baseline 0 -12"><span class='ocrx_word' id='word_1_272' title='bbox 328 2151 506 2188; x_wconf 90' lang='lat' dir='ltr'>dividitur</span> <span class='ocrx_word' id='word_1_273' title='bbox 524 2164 665 2198; x_wconf 89' lang='lat' dir='ltr'>unum,</span> <span class='ocrx_word' id='word_1_274' title='bbox 695 2152 788 2188; x_wconf 83' lang='lat' dir='ltr'>haec</span> <span class='ocrx_word' id='word_1_275' title='bbox 812 2151 946 2189; x_wconf 89' lang='lat' dir='ltr'>dicitur</span> <span class='ocrx_word' id='word_1_276' title='bbox 963 2163 1054 2198; x_wconf 88' lang='lat' dir='ltr'>una,</span> <span class='ocrx_word' id='word_1_277' title='bbox 1080 2152 1142 2188; x_wconf 92' lang='lat' dir='ltr'>vel</span> <span class='ocrx_word' id='word_1_278' title='bbox 1167 2151 1255 2200; x_wconf 92' lang='lat' dir='ltr'>quia</span> <span class='ocrx_word' id='word_1_279' title='bbox 1283 2151 1392 2199; x_wconf 91' lang='lat' dir='ltr'>signi-</span> 
     </span>
     <span class='ocr_line' id='line_1_38' title="bbox 327 2203 1392 2253; baseline 0.001 -12"><span class='ocrx_word' id='word_1_280' title='bbox 327 2205 414 2241; x_wconf 89' lang='lat' dir='ltr'>ficat</span> <span class='ocrx_word' id='word_1_281' title='bbox 441 2217 562 2241; x_wconf 91' lang='lat' dir='ltr'>unum</span> <span class='ocrx_word' id='word_1_282' title='bbox 592 2204 819 2253; x_wconf 91' lang='lat' dir='ltr'>simpliciter,</span> <span class='ocrx_word' id='word_1_283' title='bbox 849 2204 910 2240; x_wconf 92' lang='lat' dir='ltr'>vel</span> <span class='ocrx_word' id='word_1_284' title='bbox 940 2203 1028 2252; x_wconf 84' lang='lat' dir='ltr'>quia</span> <span class='ocrx_word' id='word_1_285' title='bbox 1055 2217 1132 2241; x_wconf 89' lang='lat' dir='ltr'>una</span> <span class='ocrx_word' id='word_1_286' title='bbox 1161 2212 1216 2241; x_wconf 90' lang='lat' dir='ltr'>est</span> <span class='ocrx_word' id='word_1_287' title='bbox 1237 2205 1392 2242; x_wconf 90' lang='lat' dir='ltr'>coniun-</span> 
     </span>
     <span class='ocr_line' id='line_1_39' title="bbox 328 2257 1392 2307; baseline 0.001 -13"><span class='ocrx_word' id='word_1_288' title='bbox 328 2258 462 2294; x_wconf 90' lang='lat' dir='ltr'>ctione.</span> <span class='ocrx_word' id='word_1_289' title='bbox 483 2259 595 2294; x_wconf 87' lang='lat' dir='ltr'>Haec</span> <span class='ocrx_word' id='word_1_290' title='bbox 622 2258 769 2306; x_wconf 87' lang='lat' dir='ltr'>quidem</span> <span class='ocrx_word' id='word_1_291' title='bbox 797 2257 957 2306; x_wconf 83' lang='lat' dir='ltr'>simplex</span> <span class='ocrx_word' id='word_1_292' title='bbox 980 2258 1190 2294; x_wconf 83' lang='lat' dir='ltr'>enunciatio</span> <span class='ocrx_word' id='word_1_293' title='bbox 1210 2264 1273 2304; x_wconf 86' lang='lat' dir='ltr'>est,</span> <span class='ocrx_word' id='word_1_294' title='bbox 1295 2270 1392 2307; x_wconf 92' lang='lat' dir='ltr'>quae</span> 
     </span>
     <span class='ocr_line' id='line_1_40' title="bbox 327 2309 1393 2360; baseline 0.001 -13"><span class='ocrx_word' id='word_1_295' title='bbox 327 2311 466 2347; x_wconf 91' lang='lat' dir='ltr'>scilicet</span> <span class='ocrx_word' id='word_1_296' title='bbox 492 2323 613 2347; x_wconf 90' lang='lat' dir='ltr'>unum</span> <span class='ocrx_word' id='word_1_297' title='bbox 643 2310 836 2358; x_wconf 87' lang='lat' dir='ltr'>significat.</span> <span class='ocrx_word' id='word_1_298' title='bbox 868 2309 945 2347; x_wconf 90' lang='lat' dir='ltr'>Sed</span> <span class='ocrx_word' id='word_1_299' title='bbox 974 2322 1022 2347; x_wconf 91' lang='lat' dir='ltr'>ne</span> <span class='ocrx_word' id='word_1_300' title='bbox 1043 2310 1267 2358; x_wconf 88' lang='lat' dir='ltr'>intelligatur</span> <span class='ocrx_word' id='word_1_301' title='bbox 1288 2311 1393 2360; x_wconf 94' lang='lat' dir='ltr'>quod</span> 
     </span>
     <span class='ocr_line' id='line_1_41' title="bbox 327 2363 1392 2411; baseline 0.001 -11"><span class='ocrx_word' id='word_1_302' title='bbox 327 2363 380 2400; x_wconf 88' lang='lat' dir='ltr'>sic</span> <span class='ocrx_word' id='word_1_303' title='bbox 408 2363 590 2411; x_wconf 89' lang='lat' dir='ltr'>significet</span> <span class='ocrx_word' id='word_1_304' title='bbox 616 2376 749 2411; x_wconf 87' lang='lat' dir='ltr'>unum,</span> <span class='ocrx_word' id='word_1_305' title='bbox 780 2364 874 2400; x_wconf 89' lang='lat' dir='ltr'>sicut</span> <span class='ocrx_word' id='word_1_306' title='bbox 902 2374 1045 2400; x_wconf 91' lang='lat' dir='ltr'>nornen</span> <span class='ocrx_word' id='word_1_307' title='bbox 1064 2364 1126 2400; x_wconf 92' lang='lat' dir='ltr'>vel</span> <span class='ocrx_word' id='word_1_308' title='bbox 1145 2364 1322 2410; x_wconf 91' lang='lat' dir='ltr'>verbum,</span> <span class='ocrx_word' id='word_1_309' title='bbox 1343 2365 1392 2402; x_wconf 90' lang='lat' dir='ltr'>ad</span> 
     </span>
     <span class='ocr_line' id='line_1_42' title="bbox 327 2417 1391 2465; baseline 0.001 -12"><span class='ocrx_word' id='word_1_310' title='bbox 327 2417 606 2454; x_wconf 90' lang='lat' dir='ltr'>excludendum</span> <span class='ocrx_word' id='word_1_311' title='bbox 639 2417 713 2452; x_wconf 89' lang='lat' dir='ltr'>hoc</span> <span class='ocrx_word' id='word_1_312' title='bbox 745 2417 886 2453; x_wconf 88' lang='lat' dir='ltr'>subdit:</span> <span class='ocrx_word' id='word_1_313' title='bbox 921 2418 970 2454; x_wconf 91' lang='lat' dir='ltr'>Ut</span> <span class='ocrx_word' id='word_1_314' title='bbox 995 2417 1138 2465; x_wconf 82' lang='lat' dir='ltr'>aliquid</span> <span class='ocrx_word' id='word_1_315' title='bbox 1169 2418 1214 2454; x_wconf 87' lang='lat' dir='ltr'>de</span> <span class='ocrx_word' id='word_1_316' title='bbox 1247 2417 1391 2465; x_wconf 87' lang='lat' dir='ltr'>aliquo,</span> 
     </span>
     <span class='ocr_line' id='line_1_43' title="bbox 327 2469 1392 2518; baseline 0.001 -12"><span class='ocrx_word' id='word_1_317' title='bbox 327 2469 423 2506; x_wconf 91' lang='lat' dir='ltr'>idest</span> <span class='ocrx_word' id='word_1_318' title='bbox 449 2482 518 2518; x_wconf 91' lang='lat' dir='ltr'>per</span> <span class='ocrx_word' id='word_1_319' title='bbox 550 2469 711 2506; x_wconf 92' lang='lat' dir='ltr'>modum</span> <span class='ocrx_word' id='word_1_320' title='bbox 741 2469 1043 2518; x_wconf 91' lang='lat' dir='ltr'>compositionis,</span> <span class='ocrx_word' id='word_1_321' title='bbox 1078 2470 1141 2506; x_wconf 90' lang='lat' dir='ltr'>vel</span> <span class='ocrx_word' id='word_1_322' title='bbox 1175 2470 1318 2518; x_wconf 82' lang='lat' dir='ltr'>aliquid</span> <span class='ocrx_word' id='word_1_323' title='bbox 1343 2470 1392 2508; x_wconf 83' lang='lat' dir='ltr'>ab</span> 
     </span>
     <span class='ocr_line' id='line_1_44' title="bbox 327 2522 1390 2570; baseline 0.002 -12"><span class='ocrx_word' id='word_1_324' title='bbox 327 2522 465 2570; x_wconf 88' lang='lat' dir='ltr'>aliquo,</span> <span class='ocrx_word' id='word_1_325' title='bbox 496 2523 591 2559; x_wconf 90' lang='lat' dir='ltr'>idest</span> <span class='ocrx_word' id='word_1_326' title='bbox 618 2535 686 2570; x_wconf 91' lang='lat' dir='ltr'>per</span> <span class='ocrx_word' id='word_1_327' title='bbox 709 2523 870 2559; x_wconf 90' lang='lat' dir='ltr'>modum</span> <span class='ocrx_word' id='word_1_328' title='bbox 901 2522 1106 2559; x_wconf 91' lang='lat' dir='ltr'>divisionis.</span> <span class='ocrx_word' id='word_1_329' title='bbox 1127 2523 1239 2560; x_wconf 90' lang='lat' dir='ltr'>Haec</span> <span class='ocrx_word' id='word_1_330' title='bbox 1266 2529 1390 2560; x_wconf 88' lang='lat' dir='ltr'>autem</span> 
     </span>
     <span class='ocr_line' id='line_1_45' title="bbox 327 2575 1391 2624; baseline 0.001 -12"><span class='ocrx_word' id='word_1_331' title='bbox 327 2587 377 2612; x_wconf 88' lang='lat' dir='ltr'>ex</span> <span class='ocrx_word' id='word_1_332' title='bbox 390 2576 446 2612; x_wconf 87' lang='lat' dir='ltr'>his</span> <span class='ocrx_word' id='word_1_333' title='bbox 465 2576 674 2620; x_wconf 85' lang='lat' dir='ltr'>coniuncta,</span> <span class='ocrx_word' id='word_1_334' title='bbox 696 2588 793 2624; x_wconf 91' lang='lat' dir='ltr'>quae</span> <span class='ocrx_word' id='word_1_335' title='bbox 818 2575 956 2612; x_wconf 90' lang='lat' dir='ltr'>scilicet</span> <span class='ocrx_word' id='word_1_336' title='bbox 977 2575 1110 2612; x_wconf 91' lang='lat' dir='ltr'>dicitur</span> <span class='ocrx_word' id='word_1_337' title='bbox 1126 2576 1391 2613; x_wconf 90' lang='lat' dir='ltr'>coniunctione</span> 
     </span>
     <span class='ocr_line' id='line_1_46' title="bbox 327 2628 1392 2676; baseline 0 -11"><span class='ocrx_word' id='word_1_338' title='bbox 327 2641 414 2675; x_wconf 88' lang='lat' dir='ltr'>una,</span> <span class='ocrx_word' id='word_1_339' title='bbox 446 2636 501 2665; x_wconf 89' lang='lat' dir='ltr'>est</span> <span class='ocrx_word' id='word_1_340' title='bbox 527 2628 628 2665; x_wconf 79' lang='lat' dir='ltr'>velut</span> <span class='ocrx_word' id='word_1_341' title='bbox 653 2629 773 2666; x_wconf 84' lang='lat' dir='ltr'>oratio</span> <span class='ocrx_word' id='word_1_342' title='bbox 799 2629 875 2665; x_wconf 89' lang='lat' dir='ltr'>iam</span> <span class='ocrx_word' id='word_1_343' title='bbox 904 2628 1126 2676; x_wconf 84' lang='lat' dir='ltr'>composita.-</span> <span class='ocrx_word' id='word_1_344' title='bbox 1152 2628 1259 2676; x_wconf 88' lang='lat' dir='ltr'>quasi</span> <span class='ocrx_word' id='word_1_345' title='bbox 1294 2628 1392 2666; x_wconf 91' lang='lat' dir='ltr'>dicat</span> 
     </span>
     <span class='ocr_line' id='line_1_47' title="bbox 326 2681 1390 2729; baseline -0.001 -11"><span class='ocrx_word' id='word_1_346' title='bbox 326 2682 401 2718; x_wconf 93' lang='lat' dir='ltr'>hoc</span> <span class='ocrx_word' id='word_1_347' title='bbox 429 2681 560 2729; x_wconf 91' lang='lat' dir='ltr'>modo,</span> <span class='ocrx_word' id='word_1_348' title='bbox 591 2681 862 2719; x_wconf 89' lang='lat' dir='ltr'>enunciationis</span> <span class='ocrx_word' id='word_1_349' title='bbox 889 2681 1012 2718; x_wconf 89' lang='lat' dir='ltr'>unitas</span> <span class='ocrx_word' id='word_1_350' title='bbox 1042 2681 1219 2717; x_wconf 92' lang='lat' dir='ltr'>dividitur</span> <span class='ocrx_word' id='word_1_351' title='bbox 1247 2681 1284 2718; x_wconf 92' lang='lat' dir='ltr'>in</span> <span class='ocrx_word' id='word_1_352' title='bbox 1314 2681 1390 2718; x_wconf 92' lang='lat' dir='ltr'>duo</span> 
     </span>
     <span class='ocr_line' id='line_1_48' title="bbox 295 2733 1391 2783; baseline -0.003 -10"><span class='ocrx_word' id='word_1_353' title='bbox 295 2767 298 2773; x_wconf 90' lang='lat'>.</span> <span class='ocrx_word' id='word_1_354' title='bbox 325 2734 554 2783; x_wconf 89' lang='lat' dir='ltr'>praemissa,</span> <span class='ocrx_word' id='word_1_355' title='bbox 584 2734 678 2771; x_wconf 91' lang='lat' dir='ltr'>sicut</span> <span class='ocrx_word' id='word_1_356' title='bbox 706 2734 860 2783; x_wconf 90' lang='lat' dir='ltr'>aliquod</span> <span class='ocrx_word' id='word_1_357' title='bbox 887 2747 1008 2770; x_wconf 90' lang='lat' dir='ltr'>unum</span> <span class='ocrx_word' id='word_1_358' title='bbox 1044 2733 1221 2771; x_wconf 88' lang='lat' dir='ltr'>dividitur</span> <span class='ocrx_word' id='word_1_359' title='bbox 1245 2734 1284 2771; x_wconf 92' lang='lat' dir='ltr'>in</span> <span class='ocrx_word' id='word_1_360' title='bbox 1304 2734 1391 2771; x_wconf 91' lang='lat' dir='ltr'>sim-</span> 
     </span>
     <span class='ocr_line' id='line_1_49' title="bbox 326 2788 773 2836; baseline 0.002 -12"><span class='ocrx_word' id='word_1_361' title='bbox 326 2788 413 2836; x_wconf 92' lang='lat' dir='ltr'>plex</span> <span class='ocrx_word' id='word_1_362' title='bbox 442 2795 477 2824; x_wconf 88' lang='lat' dir='ltr'>et</span> <span class='ocrx_word' id='word_1_363' title='bbox 506 2788 773 2836; x_wconf 89' lang='lat' dir='ltr'>compositum.</span> 
     </span>
    </p>

    <p class='ocr_par' dir='ltr' id='par_1_8' title="bbox 327 2839 1393 3048">
     <span class='ocr_line' id='line_1_50' title="bbox 387 2839 1390 2888; baseline -0.003 -10"><span class='ocrx_word' id='word_1_364' title='bbox 387 2853 442 2888; x_wconf 87' lang='lat'>19.</span> <span class='ocrx_word' id='word_1_365' title='bbox 473 2841 621 2878; x_wconf 86' lang='lat' dir='ltr'>Deinde</span> <span class='ocrx_word' id='word_1_366' title='bbox 648 2854 735 2878; x_wconf 90' lang='lat' dir='ltr'>curn</span> <span class='ocrx_word' id='word_1_367' title='bbox 766 2840 869 2878; x_wconf 89' lang='lat' dir='ltr'>dicit:</span> <span class='ocrx_word' id='word_1_368' title='bbox 888 2840 957 2876; x_wconf 88' lang='lat' dir='ltr'>Est</span> <span class='ocrx_word' id='word_1_369' title='bbox 978 2845 1102 2876; x_wconf 87' lang='lat' dir='ltr'>autem</span> <span class='ocrx_word' id='word_1_370' title='bbox 1129 2839 1290 2887; x_wconf 84' lang='lat' dir='ltr'>simplex</span> <span class='ocrx_word' id='word_1_371' title='bbox 1308 2847 1390 2886; x_wconf 68' lang='lat' dir='ltr'>etc„</span> 
     </span>
     <span class='ocr_line' id='line_1_51' title="bbox 327 2891 1390 2939; baseline -0.002 -9"><span class='ocrx_word' id='word_1_372' title='bbox 327 2893 540 2931; x_wconf 86' lang='lat' dir='ltr'>manifestat</span> <span class='ocrx_word' id='word_1_373' title='bbox 578 2894 785 2931; x_wconf 83' lang='lat' dir='ltr'>secundam</span> <span class='ocrx_word' id='word_1_374' title='bbox 830 2892 1056 2930; x_wconf 91' lang='lat' dir='ltr'>divisionem</span> <span class='ocrx_word' id='word_1_375' title='bbox 1099 2891 1390 2939; x_wconf 90' lang='lat' dir='ltr'>enunciationis,</span> 
     </span>
     <span class='ocr_line' id='line_1_52' title="bbox 327 2944 1393 2995; baseline -0.001 -13"><span class='ocrx_word' id='word_1_376' title='bbox 327 2946 539 2983; x_wconf 91' lang='lat' dir='ltr'>secundum</span> <span class='ocrx_word' id='word_1_377' title='bbox 555 2944 742 2984; x_wconf 79' lang='lat' dir='ltr'>¹videlicet</span> <span class='ocrx_word' id='word_1_378' title='bbox 760 2946 865 2995; x_wconf 92' lang='lat' dir='ltr'>quod</span> <span class='ocrx_word' id='word_1_379' title='bbox 884 2945 1096 2982; x_wconf 90' lang='lat' dir='ltr'>enunciatio</span> <span class='ocrx_word' id='word_1_380' title='bbox 1118 2946 1137 2964; x_wconf 82' lang='grc'><strong>“</strong></span> <span class='ocrx_word' id='word_1_381' title='bbox 1158 2944 1336 2982; x_wconf 88' lang='lat' dir='ltr'>dividitur</span> <span class='ocrx_word' id='word_1_382' title='bbox 1355 2945 1393 2981; x_wconf 93' lang='lat' dir='ltr'>in</span> 
     </span>
     <span class='ocr_line' id='line_1_53' title="bbox 329 2997 1391 3048; baseline -0.001 -13"><span class='ocrx_word' id='word_1_383' title='bbox 329 2999 620 3037; x_wconf 87' lang='lat' dir='ltr'>affirmationem</span> <span class='ocrx_word' id='word_1_384' title='bbox 646 3008 682 3037; x_wconf 91' lang='lat' dir='ltr'>et</span> <span class='ocrx_word' id='word_1_385' title='bbox 705 3000 957 3048; x_wconf 88' lang='lat' dir='ltr'>negationem.</span> <span class='ocrx_word' id='word_1_386' title='bbox 981 2999 1088 3034; x_wconf 88' lang='lat' dir='ltr'>Haec</span> <span class='ocrx_word' id='word_1_387' title='bbox 1106 3005 1234 3034; x_wconf 88' lang='lat' dir='ltr'>autem</span> <span class='ocrx_word' id='word_1_388' title='bbox 1257 2997 1391 3035; x_wconf 91' lang='lat' dir='ltr'>divisio</span> 
     </span>
    </p>
   </div>
   <div class='ocr_carea' id='block_1_5' title="bbox 93 784 303 858">
    <p class='ocr_par' dir='ltr' id='par_1_9' title="bbox 93 784 303 858">
     <span class='ocr_line' id='line_1_54' title="bbox 93 784 303 806; baseline 0 -1"><span class='ocrx_word' id='word_1_389' title='bbox 93 786 101 793; x_wconf 90' lang='grc'><em>·</em></span> <span class='ocrx_word' id='word_1_390' title='bbox 112 790 139 806; x_wconf 80' lang='lat'>1³:</span> <span class='ocrx_word' id='word_1_391' title='bbox 159 784 220 805; x_wconf 83' lang='lat' dir='ltr'>sicut</span> <span class='ocrx_word' id='word_1_392' title='bbox 233 790 303 805; x_wconf 86' lang='lat' dir='ltr'>enun-</span> 
     </span>
     <span class='ocr_line' id='line_1_55' title="bbox 93 811 303 836; baseline 0.005 -5"><span class='ocrx_word' id='word_1_393' title='bbox 93 811 156 836; x_wconf 81' lang='lat' dir='ltr'>ciat;</span> <span class='ocrx_word' id='word_1_394' title='bbox 166 814 187 831; x_wconf 90' lang='lat' dir='ltr'>et</span> <span class='ocrx_word' id='word_1_395' title='bbox 202 811 232 832; x_wconf 81' lang='lat' dir='ltr'>ita</span> <span class='ocrx_word' id='word_1_396' title='bbox 246 811 303 832; x_wconf 82' lang='lat' dir='ltr'>infra</span> 
     </span>
     <span class='ocr_line' id='line_1_56' title="bbox 93 843 181 858; baseline 0.011 -1"><span class='ocrx_word' id='word_1_397' title='bbox 93 843 145 858; x_wconf 91' lang='lat' dir='ltr'>cum</span> <span class='ocrx_word' id='word_1_398' title='bbox 161 843 181 858; x_wconf 90' lang='lat' dir='ltr'>c.</span> 
     </span>
    </p>
   </div>
   <div class='ocr_carea' id='block_1_6' title="bbox 89 1150 273 1172">
    <p class='ocr_par' dir='ltr' id='par_1_10' title="bbox 89 1150 273 1172">
     <span class='ocr_line' id='line_1_57' title="bbox 89 1150 273 1172; baseline 0.005 -2"><span class='ocrx_word' id='word_1_399' title='bbox 89 1151 96 1159; x_wconf 91' lang='grc'>·</span> <span class='ocrx_word' id='word_1_400' title='bbox 110 1150 163 1171; x_wconf 84' lang='lat' dir='ltr'>Hoc</span> <span class='ocrx_word' id='word_1_401' title='bbox 172 1156 199 1171; x_wconf 89' lang='lat' dir='ltr'>ex</span> <span class='ocrx_word' id='word_1_402' title='bbox 206 1150 273 1172; x_wconf 90' lang='lat' dir='ltr'>codd.</span> 
     </span>
    </p>
   </div>
   <div class='ocr_carea' id='block_1_7' title="bbox 93 1260 300 1308">
    <p class='ocr_par' dir='ltr' id='par_1_11' title="bbox 93 1260 300 1308">
     <span class='ocr_line' id='line_1_58' title="bbox 94 1260 300 1287; baseline 0 -6"><span class='ocrx_word' id='word_1_403' title='bbox 94 1261 102 1267; x_wconf 75' lang='lat'><em>⁶</em></span> <span class='ocrx_word' id='word_1_404' title='bbox 126 1260 163 1281; x_wconf 83' lang='lat' dir='ltr'>Cf.</span> <span class='ocrx_word' id='word_1_405' title='bbox 189 1260 239 1281; x_wconf 81' lang='lat' dir='ltr'>lect.</span> <span class='ocrx_word' id='word_1_406' title='bbox 264 1267 300 1287; x_wconf 77' lang='grc' dir='ltr'>ιιι,</span> 
     </span>
     <span class='ocr_line' id='line_1_59' title="bbox 93 1292 161 1308; baseline 0.015 -1"><span class='ocrx_word' id='word_1_407' title='bbox 93 1292 115 1307; x_wconf 91' lang='lat' dir='ltr'>n.</span> <span class='ocrx_word' id='word_1_408' title='bbox 132 1292 161 1308; x_wconf 82' lang='lat'>12.</span> 
     </span>
    </p>
   </div>
   <div class='ocr_carea' id='block_1_8' title="bbox 90 1370 302 1445">
    <p class='ocr_par' dir='ltr' id='par_1_12' title="bbox 90 1370 302 1445">
     <span class='ocr_line' id='line_1_60' title="bbox 90 1370 302 1392; baseline 0 -1"><span class='ocrx_word' id='word_1_409' title='bbox 90 1371 99 1379; x_wconf 81' lang='lat'>&#39;¹</span> <span class='ocrx_word' id='word_1_410' title='bbox 111 1370 228 1391; x_wconf 63' lang='lat' dir='ltr'>Codd.-im</span> <span class='ocrx_word' id='word_1_411' title='bbox 239 1370 302 1392; x_wconf 78' lang='lat' dir='ltr'>intel-</span> 
     </span>
     <span class='ocr_line' id='line_1_61' title="bbox 90 1397 301 1424; baseline 0.005 -7"><span class='ocrx_word' id='word_1_412' title='bbox 90 1397 194 1424; x_wconf 62' lang='lat' dir='ltr'>ligitur.-</span> <span class='ocrx_word' id='word_1_413' title='bbox 199 1397 234 1418; x_wconf 75' lang='lat' dir='ltr'>Ibi</span> <span class='ocrx_word' id='word_1_414' title='bbox 238 1397 301 1418; x_wconf 82' lang='lat' dir='ltr'>deest</span> 
     </span>
     <span class='ocr_line' id='line_1_62' title="bbox 90 1423 193 1445; baseline 0.01 -2"><span class='ocrx_word' id='word_1_415' title='bbox 90 1423 114 1444; x_wconf 91' lang='lat' dir='ltr'>in</span> <span class='ocrx_word' id='word_1_416' title='bbox 125 1423 193 1445; x_wconf 87' lang='lat' dir='ltr'>codd.</span> 
     </span>
    </p>
   </div>
   <div class='ocr_carea' id='block_1_9' title="bbox 89 1633 301 1681">
    <p class='ocr_par' dir='ltr' id='par_1_13' title="bbox 89 1633 301 1681">
     <span class='ocr_line' id='line_1_63' title="bbox 90 1633 301 1660; baseline -0.005 -5"><span class='ocrx_word' id='word_1_417' title='bbox 90 1634 98 1643; x_wconf 75' lang='lat'><em>⁶</em></span> <span class='ocrx_word' id='word_1_418' title='bbox 111 1633 184 1655; x_wconf 89' lang='lat' dir='ltr'>Codd.</span> <span class='ocrx_word' id='word_1_419' title='bbox 189 1641 193 1655; x_wconf 90' lang='lat'><strong>:</strong></span> <span class='ocrx_word' id='word_1_420' title='bbox 199 1633 301 1660; x_wconf 80' lang='lat' dir='ltr'>praemi-</span> 
     </span>
     <span class='ocr_line' id='line_1_64' title="bbox 89 1661 165 1681; baseline 0 -1"><span class='ocrx_word' id='word_1_421' title='bbox 89 1665 144 1680; x_wconf 74' lang='lat' dir='ltr'>sera</span> <span class='ocrx_word' id='word_1_422' title='bbox 149 1661 165 1681; x_wconf 80' lang='lat' dir='ltr'>t.</span> 
     </span>
    </p>
   </div>
   <div class='ocr_carea' id='block_1_10' title="bbox 90 1945 303 2046">
    <p class='ocr_par' dir='ltr' id='par_1_14' title="bbox 90 1945 303 2046">
     <span class='ocr_line' id='line_1_65' title="bbox 91 1945 300 1966; baseline 0 0"><span class='ocrx_word' id='word_1_423' title='bbox 91 1946 100 1954; x_wconf 85' lang='grc'>·</span> <span class='ocrx_word' id='word_1_424' title='bbox 111 1950 150 1966; x_wconf 75' lang='lat' dir='ltr'>nc:</span> <span class='ocrx_word' id='word_1_425' title='bbox 196 1951 241 1966; x_wconf 86' lang='lat' dir='ltr'>uae</span> <span class='ocrx_word' id='word_1_426' title='bbox 267 1945 300 1966; x_wconf 79' lang='lat' dir='ltr'>si-</span> 
     </span>
     <span class='ocr_line' id='line_1_66' title="bbox 90 1972 300 1999; baseline 0 -7"><span class='ocrx_word' id='word_1_427' title='bbox 90 1972 136 1999; x_wconf 75' lang='lat' dir='ltr'>gni</span> <span class='ocrx_word' id='word_1_428' title='bbox 152 1977 178 1992; x_wconf 82' lang='lat' dir='ltr'>ca</span> <span class='ocrx_word' id='word_1_429' title='bbox 217 1978 300 1998; x_wconf 84' lang='lat' dir='ltr'>unum,</span> 
     </span>
     <span class='ocr_line' id='line_1_67' title="bbox 94 2000 303 2025; baseline 0 -6"><span class='ocrx_word' id='word_1_430' title='bbox 94 2004 121 2019; x_wconf 82' lang='lat' dir='ltr'>ve</span> <span class='ocrx_word' id='word_1_431' title='bbox 138 2004 199 2025; x_wconf 87' lang='lat' dir='ltr'>quae</span> <span class='ocrx_word' id='word_1_432' title='bbox 209 2000 245 2019; x_wconf 78' lang='lat' dir='ltr'>est</span> <span class='ocrx_word' id='word_1_433' title='bbox 252 2004 303 2019; x_wconf 86' lang='lat' dir='ltr'>con-</span> 
     </span>
     <span class='ocr_line' id='line_1_68' title="bbox 93 2024 277 2046; baseline 0.005 -1"><span class='ocrx_word' id='word_1_434' title='bbox 93 2024 209 2046; x_wconf 81' lang='lat' dir='ltr'>iunctione</span> <span class='ocrx_word' id='word_1_435' title='bbox 223 2030 277 2046; x_wconf 86' lang='lat' dir='ltr'>una.</span> 
     </span>
    </p>
   </div>
   <div class='ocr_carea' id='block_1_11' title="bbox 88 2958 299 3004">
    <p class='ocr_par' dir='ltr' id='par_1_15' title="bbox 88 2958 299 3004">
     <span class='ocr_line' id='line_1_69' title="bbox 90 2958 299 2978; baseline 0 0"><span class='ocrx_word' id='word_1_436' title='bbox 90 2958 138 2978; x_wconf 82' lang='lat' dir='ltr'>&#39;cz</span> <span class='ocrx_word' id='word_1_437' title='bbox 158 2962 204 2978; x_wconf 77' lang='lat' dir='ltr'>una</span> <span class='ocrx_word' id='word_1_438' title='bbox 228 2963 299 2978; x_wconf 82' lang='lat' dir='ltr'>enun-</span> 
     </span>
     <span class='ocr_line' id='line_1_70' title="bbox 88 2983 166 3004; baseline 0.013 -1"><span class='ocrx_word' id='word_1_439' title='bbox 88 2983 166 3004; x_wconf 78' lang='lat' dir='ltr'>ciatio.</span> 
     </span>
    </p>
   </div>
   <div class='ocr_carea' id='block_1_12' title="bbox 328 3135 1391 3591">
    <p class='ocr_par' dir='ltr' id='par_1_16' title="bbox 328 3135 1391 3205">
     <span class='ocr_line' id='line_1_71' title="bbox 328 3135 1391 3170; baseline -0.001 -9"><span class='ocrx_word' id='word_1_440' title='bbox 328 3137 428 3161; x_wconf 89' lang='lat' dir='ltr'>sionem</span> <span class='ocrx_word' id='word_1_441' title='bbox 439 3137 633 3161; x_wconf 77' lang='lat' dir='ltr'>enunciationis.</span> <span class='ocrx_word' id='word_1_442' title='bbox 642 3151 660 3155; x_wconf 90' lang='lat'>-</span> <span class='ocrx_word' id='word_1_443' title='bbox 670 3137 737 3161; x_wconf 84' lang='lat' dir='ltr'>infra</span> <span class='ocrx_word' id='word_1_444' title='bbox 751 3141 835 3161; x_wconf 78' lang='lat' dir='ltr'>autem</span> <span class='ocrx_word' id='word_1_445' title='bbox 851 3137 925 3161; x_wconf 87' lang='lat' dir='ltr'>codd.</span> <span class='ocrx_word' id='word_1_446' title='bbox 940 3136 1048 3161; x_wconf 84' lang='lat' dir='ltr'>habent:</span> <span class='ocrx_word' id='word_1_447' title='bbox 1067 3139 1093 3160; x_wconf 88' lang='lat' dir='ltr'>et</span> <span class='ocrx_word' id='word_1_448' title='bbox 1105 3135 1142 3160; x_wconf 83' lang='lat' dir='ltr'>ad</span> <span class='ocrx_word' id='word_1_449' title='bbox 1155 3135 1204 3161; x_wconf 87' lang='lat' dir='ltr'>hoc</span> <span class='ocrx_word' id='word_1_450' title='bbox 1218 3136 1391 3170; x_wconf 79' lang='lat' dir='ltr'>manifestan-</span> 
     </span>
     <span class='ocr_line' id='line_1_72' title="bbox 328 3170 1008 3205; baseline 0 -9"><span class='ocrx_word' id='word_1_451' title='bbox 328 3172 390 3197; x_wconf 84' lang='lat' dir='ltr'>dum</span> <span class='ocrx_word' id='word_1_452' title='bbox 410 3175 596 3204; x_wconf 79' lang='lat' dir='ltr'>consequenter</span> <span class='ocrx_word' id='word_1_453' title='bbox 615 3172 701 3197; x_wconf 79' lang='lat' dir='ltr'>innuit</span> <span class='ocrx_word' id='word_1_454' title='bbox 721 3170 790 3205; x_wconf 74' lang='lat' dir='ltr'>(BCz</span> <span class='ocrx_word' id='word_1_455' title='bbox 810 3170 939 3204; x_wconf 82' lang='lat' dir='ltr'>insinuat)</span> <span class='ocrx_word' id='word_1_456' title='bbox 961 3177 1008 3196; x_wconf 88' lang='lat' dir='ltr'>etc.</span> 
     </span>
    </p>

    <p class='ocr_par' dir='ltr' id='par_1_17' title="bbox 328 3204 1390 3373">
     <span class='ocr_line' id='line_1_73' title="bbox 380 3204 1389 3242; baseline 0 -11"><span class='ocrx_word' id='word_1_457' title='bbox 380 3204 425 3242; x_wconf 78' lang='grc' dir='ltr'>ηη)</span> <span class='ocrx_word' id='word_1_458' title='bbox 441 3207 471 3231; x_wconf 88' lang='lat' dir='ltr'>Si</span> <span class='ocrx_word' id='word_1_459' title='bbox 481 3211 633 3239; x_wconf 84' lang='lat' dir='ltr'>quaeratur,</span> <span class='ocrx_word' id='word_1_460' title='bbox 645 3207 703 3239; x_wconf 85' lang='lat' dir='ltr'>quis</span> <span class='ocrx_word' id='word_1_461' title='bbox 713 3207 748 3232; x_wconf 81' lang='lat' dir='ltr'>sit</span> <span class='ocrx_word' id='word_1_462' title='bbox 762 3207 788 3231; x_wconf 90' lang='lat' dir='ltr'>in</span> <span class='ocrx_word' id='word_1_463' title='bbox 798 3206 915 3232; x_wconf 73' lang='lat' dir='ltr'>scholis?</span> <span class='ocrx_word' id='word_1_464' title='bbox 925 3206 1130 3239; x_wconf 80' lang='lat' dir='ltr'>Respondemus,</span> <span class='ocrx_word' id='word_1_465' title='bbox 1142 3206 1278 3239; x_wconf 81' lang='lat' dir='ltr'>magister.</span> <span class='ocrx_word' id='word_1_466' title='bbox 1288 3207 1389 3231; x_wconf 85' lang='lat' dir='ltr'>Omnes</span> 
     </span>
     <span class='ocr_line' id='line_1_74' title="bbox 329 3241 1390 3274; baseline 0 -7"><span class='ocrx_word' id='word_1_467' title='bbox 329 3243 386 3267; x_wconf 89' lang='lat' dir='ltr'>edd.</span> <span class='ocrx_word' id='word_1_468' title='bbox 394 3243 507 3267; x_wconf 81' lang='lat' dir='ltr'>Venetae</span> <span class='ocrx_word' id='word_1_469' title='bbox 521 3243 614 3267; x_wconf 85' lang='lat' dir='ltr'>saeculi</span> <span class='ocrx_word' id='word_1_470' title='bbox 629 3243 675 3267; x_wconf 92' lang='lat' dir='ltr'>XV</span> <span class='ocrx_word' id='word_1_471' title='bbox 691 3247 716 3267; x_wconf 88' lang='lat' dir='ltr'>et</span> <span class='ocrx_word' id='word_1_472' title='bbox 733 3241 798 3267; x_wconf 83' lang='lat'><strong>1526</strong></span> <span class='ocrx_word' id='word_1_473' title='bbox 813 3242 908 3267; x_wconf 84' lang='lat' dir='ltr'>habent</span> <span class='ocrx_word' id='word_1_474' title='bbox 923 3250 974 3266; x_wconf 92' lang='lat' dir='ltr'>non</span> <span class='ocrx_word' id='word_1_475' title='bbox 989 3242 1054 3274; x_wconf 86' lang='lat' dir='ltr'>quis,</span> <span class='ocrx_word' id='word_1_476' title='bbox 1066 3242 1111 3266; x_wconf 86' lang='lat' dir='ltr'>sed</span> <span class='ocrx_word' id='word_1_477' title='bbox 1121 3241 1186 3274; x_wconf 82' lang='lat' dir='ltr'>quid</span> <span class='ocrx_word' id='word_1_478' title='bbox 1199 3241 1234 3266; x_wconf 79' lang='lat' dir='ltr'>sit</span> <span class='ocrx_word' id='word_1_479' title='bbox 1248 3241 1274 3266; x_wconf 80' lang='lat' dir='ltr'>in</span> <span class='ocrx_word' id='word_1_480' title='bbox 1286 3242 1390 3270; x_wconf 81' lang='lat' dir='ltr'>scholis,-</span> 
     </span>
     <span class='ocr_line' id='line_1_75' title="bbox 329 3277 1390 3310; baseline 0 -8"><span class='ocrx_word' id='word_1_481' title='bbox 329 3282 354 3302; x_wconf 89' lang='lat' dir='ltr'>et</span> <span class='ocrx_word' id='word_1_482' title='bbox 377 3278 410 3302; x_wconf 85' lang='lat' dir='ltr'>ita</span> <span class='ocrx_word' id='word_1_483' title='bbox 429 3278 543 3308; x_wconf 86' lang='lat' dir='ltr'>codices,</span> <span class='ocrx_word' id='word_1_484' title='bbox 568 3278 612 3310; x_wconf 94' lang='lat' dir='ltr'>qui</span> <span class='ocrx_word' id='word_1_485' title='bbox 632 3278 708 3302; x_wconf 81' lang='lat' dir='ltr'>etiam</span> <span class='ocrx_word' id='word_1_486' title='bbox 732 3278 821 3310; x_wconf 83' lang='lat' dir='ltr'>legunt</span> <span class='ocrx_word' id='word_1_487' title='bbox 845 3277 1012 3302; x_wconf 86' lang='lat' dir='ltr'>unanimiter:</span> <span class='ocrx_word' id='word_1_488' title='bbox 1036 3277 1235 3309; x_wconf 79' lang='lat' dir='ltr'>respondemus,</span> <span class='ocrx_word' id='word_1_489' title='bbox 1261 3277 1390 3310; x_wconf 77' lang='lat' dir='ltr'>magister</span> 
     </span>
     <span class='ocr_line' id='line_1_76' title="bbox 330 3311 1390 3345; baseline 0 -8"><span class='ocrx_word' id='word_1_490' title='bbox 330 3313 463 3344; x_wconf 77' lang='lat' dir='ltr'>disputat.-</span> <span class='ocrx_word' id='word_1_491' title='bbox 477 3321 543 3345; x_wconf 76' lang='lat' dir='ltr'>quae</span> <span class='ocrx_word' id='word_1_492' title='bbox 557 3313 631 3338; x_wconf 84' lang='lat' dir='ltr'>lectio</span> <span class='ocrx_word' id='word_1_493' title='bbox 646 3313 768 3345; x_wconf 86' lang='lat' dir='ltr'>supponit</span> <span class='ocrx_word' id='word_1_494' title='bbox 781 3313 1021 3345; x_wconf 81' lang='lat' dir='ltr'>interrogationem:</span> <span class='ocrx_word' id='word_1_495' title='bbox 1036 3313 1101 3344; x_wconf 86' lang='lat' dir='ltr'>quid</span> <span class='ocrx_word' id='word_1_496' title='bbox 1107 3313 1144 3345; x_wconf 81' lang='lat' dir='ltr'>fit</span> <span class='ocrx_word' id='word_1_497' title='bbox 1159 3312 1185 3336; x_wconf 85' lang='lat' dir='ltr'>in</span> <span class='ocrx_word' id='word_1_498' title='bbox 1199 3311 1300 3337; x_wconf 80' lang='lat' dir='ltr'>scholis.</span> <span class='ocrx_word' id='word_1_499' title='bbox 1317 3313 1390 3343; x_wconf 82' lang='lat' dir='ltr'>Quae</span> 
     </span>
     <span class='ocr_line' id='line_1_77' title="bbox 328 3346 1167 3373; baseline 0 -1"><span class='ocrx_word' id='word_1_500' title='bbox 328 3353 414 3372; x_wconf 88' lang='lat' dir='ltr'>utrum</span> <span class='ocrx_word' id='word_1_501' title='bbox 434 3348 465 3372; x_wconf 88' lang='lat' dir='ltr'>sit</span> <span class='ocrx_word' id='word_1_502' title='bbox 483 3356 543 3373; x_wconf 84' lang='lat' dir='ltr'>vera</span> <span class='ocrx_word' id='word_1_503' title='bbox 563 3349 636 3373; x_wconf 88' lang='lat' dir='ltr'>lectio</span> <span class='ocrx_word' id='word_1_504' title='bbox 656 3356 685 3373; x_wconf 87' lang='lat' dir='ltr'>ex</span> <span class='ocrx_word' id='word_1_505' title='bbox 704 3348 760 3372; x_wconf 82' lang='lat' dir='ltr'>aliis</span> <span class='ocrx_word' id='word_1_506' title='bbox 779 3348 908 3372; x_wconf 84' lang='lat' dir='ltr'>codicibus</span> <span class='ocrx_word' id='word_1_507' title='bbox 929 3353 998 3373; x_wconf 87' lang='lat' dir='ltr'>esset</span> <span class='ocrx_word' id='word_1_508' title='bbox 1017 3346 1167 3372; x_wconf 86' lang='lat' dir='ltr'>definienda.</span> 
     </span>
    </p>

    <p class='ocr_par' dir='ltr' id='par_1_18' title="bbox 328 3382 1390 3591">
     <span class='ocr_line' id='line_1_78' title="bbox 382 3382 1389 3417; baseline 0.001 -11"><span class='ocrx_word' id='word_1_509' title='bbox 382 3382 420 3417; x_wconf 78' lang='lat'>00)</span> <span class='ocrx_word' id='word_1_510' title='bbox 443 3383 640 3416; x_wconf 85' lang='lat' dir='ltr'>Quandoque....</span> <span class='ocrx_word' id='word_1_511' title='bbox 650 3384 764 3415; x_wconf 82' lang='lat' dir='ltr'>propria</span> <span class='ocrx_word' id='word_1_512' title='bbox 782 3386 874 3415; x_wconf 81' lang='lat' dir='ltr'>sponte</span> <span class='ocrx_word' id='word_1_513' title='bbox 892 3388 939 3408; x_wconf 88' lang='lat' dir='ltr'>etc.</span> <span class='ocrx_word' id='word_1_514' title='bbox 954 3397 965 3402; x_wconf 98' lang='lat'>-</span> <span class='ocrx_word' id='word_1_515' title='bbox 980 3383 1059 3408; x_wconf 86' lang='lat' dir='ltr'>BCD:</span> <span class='ocrx_word' id='word_1_516' title='bbox 1073 3382 1265 3415; x_wconf 84' lang='lat' dir='ltr'>quandoque....</span> <span class='ocrx_word' id='word_1_517' title='bbox 1275 3382 1389 3414; x_wconf 80' lang='lat' dir='ltr'>propria</span> 
     </span>
     <span class='ocr_line' id='line_1_79' title="bbox 328 3418 1390 3451; baseline 0 -9"><span class='ocrx_word' id='word_1_518' title='bbox 328 3422 420 3450; x_wconf 81' lang='lat' dir='ltr'>sponte</span> <span class='ocrx_word' id='word_1_519' title='bbox 433 3426 450 3443; x_wconf 88' lang='grc' dir='ltr'><em>α</em></span> <span class='ocrx_word' id='word_1_520' title='bbox 464 3419 536 3443; x_wconf 88' lang='lat' dir='ltr'>nullo</span> <span class='ocrx_word' id='word_1_521' title='bbox 555 3419 715 3451; x_wconf 80' lang='lat' dir='ltr'>interrogati</span> <span class='ocrx_word' id='word_1_522' title='bbox 733 3419 772 3450; x_wconf 94' lang='lat' dir='ltr'>(D</span> <span class='ocrx_word' id='word_1_523' title='bbox 791 3418 993 3451; x_wconf 80' lang='lat' dir='ltr'>interroganti).</span> <span class='ocrx_word' id='word_1_524' title='bbox 1014 3418 1087 3443; x_wconf 81' lang='lat' dir='ltr'>Dicit</span> <span class='ocrx_word' id='word_1_525' title='bbox 1100 3425 1165 3451; x_wconf 76' lang='lat' dir='ltr'>ergo</span> <span class='ocrx_word' id='word_1_526' title='bbox 1179 3418 1250 3450; x_wconf 82' lang='lat' dir='ltr'>quod</span> <span class='ocrx_word' id='word_1_527' title='bbox 1262 3418 1305 3443; x_wconf 86' lang='lat' dir='ltr'>ille</span> <span class='ocrx_word' id='word_1_528' title='bbox 1317 3423 1390 3443; x_wconf 88' lang='lat' dir='ltr'>etc.-</span> 
     </span>
     <span class='ocr_line' id='line_1_80' title="bbox 329 3453 1390 3486; baseline 0.001 -9"><span class='ocrx_word' id='word_1_529' title='bbox 329 3453 363 3477; x_wconf 79' lang='lat' dir='ltr'>E:</span> <span class='ocrx_word' id='word_1_530' title='bbox 383 3454 555 3486; x_wconf 80' lang='lat' dir='ltr'>quandoque.</span> <span class='ocrx_word' id='word_1_531' title='bbox 567 3472 573 3479; x_wconf 90' lang='lat'>.</span> <span class='ocrx_word' id='word_1_532' title='bbox 584 3472 590 3478; x_wconf 95' lang='lat'>.</span> <span class='ocrx_word' id='word_1_533' title='bbox 602 3472 608 3479; x_wconf 91' lang='lat'>.</span> <span class='ocrx_word' id='word_1_534' title='bbox 629 3454 743 3486; x_wconf 83' lang='lat' dir='ltr'>propria</span> <span class='ocrx_word' id='word_1_535' title='bbox 761 3457 866 3486; x_wconf 79' lang='lat' dir='ltr'>sponte,</span> <span class='ocrx_word' id='word_1_536' title='bbox 886 3454 983 3479; x_wconf 82' lang='lat' dir='ltr'>scilicet</span> <span class='ocrx_word' id='word_1_537' title='bbox 1001 3461 1019 3478; x_wconf 84' lang='lat' dir='ltr'>a</span> <span class='ocrx_word' id='word_1_538' title='bbox 1038 3461 1105 3478; x_wconf 79' lang='lat' dir='ltr'>novo</span> <span class='ocrx_word' id='word_1_539' title='bbox 1123 3453 1292 3486; x_wconf 78' lang='lat' dir='ltr'>interrogati.</span> <span class='ocrx_word' id='word_1_540' title='bbox 1317 3453 1390 3478; x_wconf 89' lang='lat' dir='ltr'>Dicit</span> 
     </span>
     <span class='ocr_line' id='line_1_81' title="bbox 329 3488 1388 3520; baseline 0.001 -9"><span class='ocrx_word' id='word_1_541' title='bbox 329 3494 394 3519; x_wconf 78' lang='lat' dir='ltr'>ergo</span> <span class='ocrx_word' id='word_1_542' title='bbox 409 3489 451 3512; x_wconf 89' lang='lat' dir='ltr'>ille</span> <span class='ocrx_word' id='word_1_543' title='bbox 463 3489 534 3520; x_wconf 85' lang='lat' dir='ltr'>quod</span> <span class='ocrx_word' id='word_1_544' title='bbox 547 3494 594 3513; x_wconf 86' lang='lat' dir='ltr'>etc.</span> <span class='ocrx_word' id='word_1_545' title='bbox 614 3489 748 3514; x_wconf 84' lang='lat' dir='ltr'>Lectiones</span> <span class='ocrx_word' id='word_1_546' title='bbox 764 3490 837 3514; x_wconf 91' lang='lat' dir='ltr'>codd.</span> <span class='ocrx_word' id='word_1_547' title='bbox 852 3489 896 3513; x_wconf 82' lang='lat' dir='ltr'>DE</span> <span class='ocrx_word' id='word_1_548' title='bbox 916 3494 976 3513; x_wconf 85' lang='lat' dir='ltr'>sunt</span> <span class='ocrx_word' id='word_1_549' title='bbox 995 3489 1171 3520; x_wconf 81' lang='lat' dir='ltr'>corruptiones</span> <span class='ocrx_word' id='word_1_550' title='bbox 1185 3489 1240 3514; x_wconf 87' lang='lat' dir='ltr'>lect.</span> <span class='ocrx_word' id='word_1_551' title='bbox 1256 3489 1331 3513; x_wconf 91' lang='lat' dir='ltr'>codd.</span> <span class='ocrx_word' id='word_1_552' title='bbox 1338 3488 1388 3513; x_wconf 87' lang='lat' dir='ltr'>BC:</span> 
     </span>
     <span class='ocr_line' id='line_1_82' title="bbox 330 3523 1388 3556; baseline 0.002 -10"><span class='ocrx_word' id='word_1_553' title='bbox 330 3529 347 3546; x_wconf 88' lang='grc' dir='ltr'><em>α</em></span> <span class='ocrx_word' id='word_1_554' title='bbox 370 3523 439 3547; x_wconf 85' lang='lat' dir='ltr'>nullo</span> <span class='ocrx_word' id='word_1_555' title='bbox 459 3524 626 3556; x_wconf 83' lang='lat' dir='ltr'>interrogati.</span> <span class='ocrx_word' id='word_1_556' title='bbox 645 3525 679 3549; x_wconf 82' lang='lat' dir='ltr'>At</span> <span class='ocrx_word' id='word_1_557' title='bbox 702 3525 730 3548; x_wconf 88' lang='lat' dir='ltr'>P.</span> <span class='ocrx_word' id='word_1_558' title='bbox 745 3524 862 3556; x_wconf 81' lang='lat' dir='ltr'>aliaeque</span> <span class='ocrx_word' id='word_1_559' title='bbox 888 3524 945 3548; x_wconf 89' lang='lat' dir='ltr'>edd.</span> <span class='ocrx_word' id='word_1_560' title='bbox 967 3524 1074 3548; x_wconf 84' lang='lat' dir='ltr'>addunt:</span> <span class='ocrx_word' id='word_1_561' title='bbox 1092 3524 1160 3549; x_wconf 80' lang='lat' dir='ltr'>sicut</span> <span class='ocrx_word' id='word_1_562' title='bbox 1178 3531 1238 3549; x_wconf 88' lang='lat' dir='ltr'>cum</span> <span class='ocrx_word' id='word_1_563' title='bbox 1259 3524 1388 3552; x_wconf 83' lang='lat' dir='ltr'>dicimus,</span> 
     </span>
     <span class='ocr_line' id='line_1_83' title="bbox 330 3557 1389 3591; baseline 0.002 -10"><span class='ocrx_word' id='word_1_564' title='bbox 330 3557 423 3582; x_wconf 83' lang='lat' dir='ltr'>Petrus</span> <span class='ocrx_word' id='word_1_565' title='bbox 441 3558 540 3587; x_wconf 64' lang='grc' dir='ltr'>σπῆι,-</span> <span class='ocrx_word' id='word_1_566' title='bbox 559 3566 611 3590; x_wconf 90' lang='lat' dir='ltr'>quo</span> <span class='ocrx_word' id='word_1_567' title='bbox 630 3559 748 3591; x_wconf 84' lang='lat' dir='ltr'>exemplo</span> <span class='ocrx_word' id='word_1_568' title='bbox 767 3565 853 3584; x_wconf 81' lang='lat' dir='ltr'>carent</span> <span class='ocrx_word' id='word_1_569' title='bbox 871 3559 936 3583; x_wconf 81' lang='lat' dir='ltr'>citati</span> <span class='ocrx_word' id='word_1_570' title='bbox 956 3559 1064 3583; x_wconf 86' lang='lat' dir='ltr'>codices.</span> <span class='ocrx_word' id='word_1_571' title='bbox 1084 3559 1177 3583; x_wconf 80' lang='lat' dir='ltr'>Posset</span> <span class='ocrx_word' id='word_1_572' title='bbox 1199 3559 1275 3591; x_wconf 84' lang='lat' dir='ltr'>igitur</span> <span class='ocrx_word' id='word_1_573' title='bbox 1297 3558 1389 3591; x_wconf 78' lang='lat' dir='ltr'>aliquis</span> 
     </span>
    </p>
   </div>
   <div class='ocr_carea' id='block_1_13' title="bbox 1090 219 1753 258">
    <p class='ocr_par' dir='ltr' id='par_1_19' title="bbox 1090 219 1753 258">
     <span class='ocr_line' id='line_1_84' title="bbox 1090 219 1753 258; baseline 0.003 -2"><span class='ocrx_word' id='word_1_574' title='bbox 1090 221 1209 256; x_wconf 89' lang='lat' dir='ltr'>PERI</span> <span class='ocrx_word' id='word_1_575' title='bbox 1239 219 1585 256; x_wconf 90' lang='lat' dir='ltr'>HERMENEIAS</span> <span class='ocrx_word' id='word_1_576' title='bbox 1615 221 1708 257; x_wconf 91' lang='lat' dir='ltr'>LIB.</span> <span class='ocrx_word' id='word_1_577' title='bbox 1740 223 1753 258; x_wconf 97' lang='grc' dir='ltr'>Ι</span> 
     </span>
    </p>
   </div>
   <div class='ocr_carea' id='block_1_14' title="bbox 1445 298 2759 1617">
    <p class='ocr_par' dir='ltr' id='par_1_20' title="bbox 1445 298 2759 1617">
     <span class='ocr_line' id='line_1_85' title="bbox 1448 298 2518 350; baseline 0.004 -15"><span class='ocrx_word' id='word_1_578' title='bbox 1448 298 1573 347; x_wconf 91' lang='lat' dir='ltr'>primo</span> <span class='ocrx_word' id='word_1_579' title='bbox 1603 299 1759 348; x_wconf 89' lang='lat' dir='ltr'>quidem</span> <span class='ocrx_word' id='word_1_580' title='bbox 1789 300 1966 337; x_wconf 91' lang='lat' dir='ltr'>convenit</span> <span class='ocrx_word' id='word_1_581' title='bbox 1995 301 2249 338; x_wconf 89' lang='lat' dir='ltr'>enunciationi</span> <span class='ocrx_word' id='word_1_582' title='bbox 2277 301 2449 350; x_wconf 91' lang='lat' dir='ltr'>simplici;</span> <span class='ocrx_word' id='word_1_583' title='bbox 2471 315 2518 339; x_wconf 88' lang='lat' dir='ltr'>ex</span> 
     </span>
     <span class='ocr_line' id='line_1_86' title="bbox 1451 354 2516 403; baseline 0.003 -15"><span class='ocrx_word' id='word_1_584' title='bbox 1451 354 1696 400; x_wconf 88' lang='lat' dir='ltr'>consequenti</span> <span class='ocrx_word' id='word_1_585' title='bbox 1725 360 1853 389; x_wconf 90' lang='lat' dir='ltr'>autern</span> <span class='ocrx_word' id='word_1_586' title='bbox 1879 354 2057 390; x_wconf 91' lang='lat' dir='ltr'>convenit</span> <span class='ocrx_word' id='word_1_587' title='bbox 2086 355 2319 403; x_wconf 87' lang='lat' dir='ltr'>compositae</span> <span class='ocrx_word' id='word_1_588' title='bbox 2341 355 2516 392; x_wconf 90' lang='lat' dir='ltr'>enuncia-</span> 
     </span>
     <span class='ocr_line' id='line_1_87' title="bbox 1448 404 2516 456; baseline 0.004 -16"><span class='ocrx_word' id='word_1_589' title='bbox 1448 404 1556 450; x_wconf 90' lang='lat' dir='ltr'>tioni;</span> <span class='ocrx_word' id='word_1_590' title='bbox 1574 412 1610 441; x_wconf 89' lang='lat' dir='ltr'>et</span> <span class='ocrx_word' id='word_1_591' title='bbox 1628 405 1716 441; x_wconf 91' lang='lat' dir='ltr'>ideo</span> <span class='ocrx_word' id='word_1_592' title='bbox 1737 405 1786 442; x_wconf 89' lang='lat' dir='ltr'>ad</span> <span class='ocrx_word' id='word_1_593' title='bbox 1805 406 2075 443; x_wconf 90' lang='lat' dir='ltr'>insinuandum</span> <span class='ocrx_word' id='word_1_594' title='bbox 2097 407 2281 444; x_wconf 91' lang='lat' dir='ltr'>rationem</span> <span class='ocrx_word' id='word_1_595' title='bbox 2301 408 2516 456; x_wconf 88' lang='lat' dir='ltr'>praedictae</span> 
     </span>
     <span class='ocr_line' id='line_1_88' title="bbox 1450 457 2518 508; baseline 0.004 -15"><span class='ocrx_word' id='word_1_596' title='bbox 1450 457 1644 494; x_wconf 83' lang='lat' dir='ltr'>divisionis</span> <span class='ocrx_word' id='word_1_597' title='bbox 1671 458 1758 495; x_wconf 92' lang='lat' dir='ltr'>dicit</span> <span class='ocrx_word' id='word_1_598' title='bbox 1786 459 1890 507; x_wconf 89' lang='lat' dir='ltr'>quod</span> <span class='ocrx_word' id='word_1_599' title='bbox 1921 459 2080 508; x_wconf 87' lang='lat' dir='ltr'>simplex</span> <span class='ocrx_word' id='word_1_600' title='bbox 2110 460 2322 497; x_wconf 91' lang='lat' dir='ltr'>enunciatio</span> <span class='ocrx_word' id='word_1_601' title='bbox 2357 468 2413 497; x_wconf 89' lang='lat' dir='ltr'>est</span> <span class='ocrx_word' id='word_1_602' title='bbox 2438 472 2518 497; x_wconf 82' lang='lat' dir='ltr'>vox</span> 
     </span>
     <span class='ocr_line' id='line_1_89' title="bbox 1447 511 2516 562; baseline 0.003 -16"><span class='ocrx_word' id='word_1_603' title='bbox 1447 511 1697 559; x_wconf 77' lang='lat' dir='ltr'>significativa</span> <span class='ocrx_word' id='word_1_604' title='bbox 1717 511 1763 547; x_wconf 87' lang='lat' dir='ltr'>de</span> <span class='ocrx_word' id='word_1_605' title='bbox 1781 523 1824 547; x_wconf 91' lang='lat' dir='ltr'>eo</span> <span class='ocrx_word' id='word_1_606' title='bbox 1853 512 1955 559; x_wconf 86' lang='lat' dir='ltr'>quod</span> <span class='ocrx_word' id='word_1_607' title='bbox 1972 518 2027 548; x_wconf 85' lang='lat' dir='ltr'>est</span> <span class='ocrx_word' id='word_1_608' title='bbox 2051 513 2205 561; x_wconf 86' lang='lat' dir='ltr'>aliquid:</span> <span class='ocrx_word' id='word_1_609' title='bbox 2232 514 2336 561; x_wconf 94' lang='lat' dir='ltr'>quod</span> <span class='ocrx_word' id='word_1_610' title='bbox 2355 513 2516 562; x_wconf 90' lang='lat' dir='ltr'>pertinet</span> 
     </span>
     <span class='ocr_line' id='line_1_90' title="bbox 1449 563 2516 615; baseline 0.005 -17"><span class='ocrx_word' id='word_1_611' title='bbox 1449 563 1497 599; x_wconf 92' lang='lat' dir='ltr'>ad</span> <span class='ocrx_word' id='word_1_612' title='bbox 1523 563 1834 610; x_wconf 82' lang='lat' dir='ltr'>affirmationem3</span> <span class='ocrx_word' id='word_1_613' title='bbox 1854 564 1915 601; x_wconf 74' lang='lat' dir='ltr'>vel</span> <span class='ocrx_word' id='word_1_614' title='bbox 1934 577 2008 601; x_wconf 92' lang='lat' dir='ltr'>non</span> <span class='ocrx_word' id='word_1_615' title='bbox 2029 571 2084 602; x_wconf 87' lang='lat' dir='ltr'>est</span> <span class='ocrx_word' id='word_1_616' title='bbox 2101 566 2260 614; x_wconf 86' lang='lat' dir='ltr'>aliquid.-</span> <span class='ocrx_word' id='word_1_617' title='bbox 2282 566 2386 615; x_wconf 93' lang='lat' dir='ltr'>quod</span> <span class='ocrx_word' id='word_1_618' title='bbox 2405 566 2516 614; x_wconf 92' lang='lat' dir='ltr'>perti-</span> 
     </span>
     <span class='ocr_line' id='line_1_91' title="bbox 1448 616 2515 666; baseline 0.005 -15"><span class='ocrx_word' id='word_1_619' title='bbox 1448 623 1512 652; x_wconf 92' lang='lat' dir='ltr'>net</span> <span class='ocrx_word' id='word_1_620' title='bbox 1531 616 1580 652; x_wconf 94' lang='lat' dir='ltr'>ad</span> <span class='ocrx_word' id='word_1_621' title='bbox 1601 616 1853 663; x_wconf 88' lang='lat' dir='ltr'>negationem.</span> <span class='ocrx_word' id='word_1_622' title='bbox 1871 618 1920 653; x_wconf 90' lang='lat' dir='ltr'>Et</span> <span class='ocrx_word' id='word_1_623' title='bbox 1939 630 1987 653; x_wconf 92' lang='lat' dir='ltr'>ne</span> <span class='ocrx_word' id='word_1_624' title='bbox 2007 618 2082 654; x_wconf 92' lang='lat' dir='ltr'>hoc</span> <span class='ocrx_word' id='word_1_625' title='bbox 2104 619 2124 640; x_wconf 72' lang='lat'>⁵¹³</span> <span class='ocrx_word' id='word_1_626' title='bbox 2148 619 2371 666; x_wconf 86' lang='lat' dir='ltr'>intelligatur</span> <span class='ocrx_word' id='word_1_627' title='bbox 2390 620 2515 655; x_wconf 90' lang='lat' dir='ltr'>solum</span> 
     </span>
     <span class='ocr_line' id='line_1_92' title="bbox 1448 669 2516 718; baseline 0.005 -14"><span class='ocrx_word' id='word_1_628' title='bbox 1448 669 1660 705; x_wconf 91' lang='lat' dir='ltr'>secundum</span> <span class='ocrx_word' id='word_1_629' title='bbox 1686 681 1866 717; x_wconf 91' lang='lat' dir='ltr'>praesens</span> <span class='ocrx_word' id='word_1_630' title='bbox 1895 677 2063 718; x_wconf 90' lang='lat' dir='ltr'>tempus,</span> <span class='ocrx_word' id='word_1_631' title='bbox 2094 672 2236 708; x_wconf 89' lang='lat' dir='ltr'>subdit:</span> <span class='ocrx_word' id='word_1_632' title='bbox 2267 673 2516 713; x_wconf 81' lang='lat' dir='ltr'>Quemadmo-</span> 
     </span>
     <span class='ocr_line' id='line_1_93' title="bbox 1448 722 2517 769; baseline 0.004 -12"><span class='ocrx_word' id='word_1_633' title='bbox 1448 722 1537 757; x_wconf 86' lang='lat' dir='ltr'>dum</span> <span class='ocrx_word' id='word_1_634' title='bbox 1558 727 1726 769; x_wconf 89' lang='lat' dir='ltr'>tempora</span> <span class='ocrx_word' id='word_1_635' title='bbox 1744 728 1832 758; x_wconf 87' lang='lat' dir='ltr'>sunt</span> <span class='ocrx_word' id='word_1_636' title='bbox 1849 722 1979 767; x_wconf 78' lang='lat' dir='ltr'>divisa,</span> <span class='ocrx_word' id='word_1_637' title='bbox 2000 723 2097 760; x_wconf 91' lang='lat' dir='ltr'>idest</span> <span class='ocrx_word' id='word_1_638' title='bbox 2115 724 2284 761; x_wconf 91' lang='lat' dir='ltr'>similiter</span> <span class='ocrx_word' id='word_1_639' title='bbox 2307 725 2383 761; x_wconf 94' lang='lat' dir='ltr'>hoc</span> <span class='ocrx_word' id='word_1_640' title='bbox 2401 725 2517 761; x_wconf 91' lang='lat' dir='ltr'>habet</span> 
     </span>
     <span class='ocr_line' id='line_1_94' title="bbox 1448 774 2472 825; baseline 0.004 -15"><span class='ocrx_word' id='word_1_641' title='bbox 1448 775 1576 810; x_wconf 92' lang='lat' dir='ltr'>locum</span> <span class='ocrx_word' id='word_1_642' title='bbox 1605 774 1643 810; x_wconf 94' lang='lat' dir='ltr'>in</span> <span class='ocrx_word' id='word_1_643' title='bbox 1672 774 1751 810; x_wconf 91' lang='lat' dir='ltr'>aliis</span> <span class='ocrx_word' id='word_1_644' title='bbox 1780 775 2018 822; x_wconf 89' lang='lat' dir='ltr'>temporibus</span> <span class='ocrx_word' id='word_1_645' title='bbox 2046 777 2142 812; x_wconf 91' lang='lat' dir='ltr'>sicut</span> <span class='ocrx_word' id='word_1_646' title='bbox 2160 784 2197 813; x_wconf 87' lang='lat' dir='ltr'>et</span> <span class='ocrx_word' id='word_1_647' title='bbox 2215 777 2253 813; x_wconf 92' lang='lat' dir='ltr'>in</span> <span class='ocrx_word' id='word_1_648' title='bbox 2271 777 2472 825; x_wconf 88' lang='lat' dir='ltr'>praesenti.</span> 
     </span>
     <span class='ocr_line' id='line_1_95' title="bbox 1503 826 2516 878; baseline 0.003 -14"><span class='ocrx_word' id='word_1_649' title='bbox 1503 839 1563 864; x_wconf 90' lang='lat'>20.</span> <span class='ocrx_word' id='word_1_650' title='bbox 1585 826 1800 863; x_wconf 89' lang='lat' dir='ltr'>Alexander</span> <span class='ocrx_word' id='word_1_651' title='bbox 1821 834 1950 863; x_wconf 88' lang='lat' dir='ltr'>autem</span> <span class='ocrx_word' id='word_1_652' title='bbox 1975 827 2201 865; x_wconf 89' lang='lat' dir='ltr'>existimavit</span> <span class='ocrx_word' id='word_1_653' title='bbox 2220 836 2237 849; x_wconf 80' lang='lat'>‘⁴</span> <span class='ocrx_word' id='word_1_654' title='bbox 2255 830 2360 878; x_wconf 90' lang='lat' dir='ltr'>quod</span> <span class='ocrx_word' id='word_1_655' title='bbox 2374 830 2516 866; x_wconf 92' lang='lat' dir='ltr'>Aristo-</span> 
     </span>
     <span class='ocr_line' id='line_1_96' title="bbox 1447 879 2516 930; baseline 0.004 -15"><span class='ocrx_word' id='word_1_656' title='bbox 1447 881 1539 916; x_wconf 92' lang='lat' dir='ltr'>teles</span> <span class='ocrx_word' id='word_1_657' title='bbox 1566 879 1628 915; x_wconf 89' lang='lat' dir='ltr'>hic</span> <span class='ocrx_word' id='word_1_658' title='bbox 1657 879 1831 916; x_wconf 89' lang='lat' dir='ltr'>definiret</span> <span class='ocrx_word' id='word_1_659' title='bbox 1858 880 2184 927; x_wconf 88' lang='lat' dir='ltr'>enunciationem;</span> <span class='ocrx_word' id='word_1_660' title='bbox 2206 889 2242 918; x_wconf 94' lang='lat' dir='ltr'>et</span> <span class='ocrx_word' id='word_1_661' title='bbox 2270 882 2359 930; x_wconf 91' lang='lat' dir='ltr'>quia</span> <span class='ocrx_word' id='word_1_662' title='bbox 2385 882 2424 918; x_wconf 90' lang='lat' dir='ltr'>in</span> <span class='ocrx_word' id='word_1_663' title='bbox 2453 883 2516 919; x_wconf 93' lang='lat' dir='ltr'>de—</span> 
     </span>
     <span class='ocr_line' id='line_1_97' title="bbox 1447 932 2516 982; baseline 0.001 -12"><span class='ocrx_word' id='word_1_664' title='bbox 1447 933 1618 970; x_wconf 91' lang='lat' dir='ltr'>finitione</span> <span class='ocrx_word' id='word_1_665' title='bbox 1647 932 1921 969; x_wconf 87' lang='lat' dir='ltr'>enunciationis</span> <span class='ocrx_word' id='word_1_666' title='bbox 1948 933 2099 970; x_wconf 91' lang='lat' dir='ltr'>videtur</span> <span class='ocrx_word' id='word_1_667' title='bbox 2125 946 2271 982; x_wconf 91' lang='lat' dir='ltr'>ponere</span> <span class='ocrx_word' id='word_1_668' title='bbox 2297 935 2516 972; x_wconf 90' lang='lat' dir='ltr'>affirmatio-</span> 
     </span>
     <span class='ocr_line' id='line_1_98' title="bbox 1448 985 2518 1036; baseline 0.001 -13"><span class='ocrx_word' id='word_1_669' title='bbox 1448 999 1537 1023; x_wconf 91' lang='lat' dir='ltr'>nem</span> <span class='ocrx_word' id='word_1_670' title='bbox 1571 993 1608 1022; x_wconf 92' lang='lat' dir='ltr'>et</span> <span class='ocrx_word' id='word_1_671' title='bbox 1639 985 1898 1033; x_wconf 89' lang='lat' dir='ltr'>negationem,</span> <span class='ocrx_word' id='word_1_672' title='bbox 1927 987 2082 1023; x_wconf 90' lang='lat' dir='ltr'>volebat</span> <span class='ocrx_word' id='word_1_673' title='bbox 2114 987 2176 1023; x_wconf 91' lang='lat' dir='ltr'>hic</span> <span class='ocrx_word' id='word_1_674' title='bbox 2204 987 2375 1035; x_wconf 72' lang='lat' dir='ltr'>accipere</span> <span class='ocrx_word' id='word_1_675' title='bbox 2412 988 2518 1036; x_wconf 92' lang='lat' dir='ltr'>quod</span> 
     </span>
     <span class='ocr_line' id='line_1_99' title="bbox 1448 1038 2517 1088; baseline 0.002 -13"><span class='ocrx_word' id='word_1_676' title='bbox 1448 1038 1661 1076; x_wconf 89' lang='lat' dir='ltr'>enunciatio</span> <span class='ocrx_word' id='word_1_677' title='bbox 1691 1051 1768 1075; x_wconf 90' lang='lat' dir='ltr'>non</span> <span class='ocrx_word' id='word_1_678' title='bbox 1789 1046 1887 1076; x_wconf 91' lang='lat' dir='ltr'>esset</span> <span class='ocrx_word' id='word_1_679' title='bbox 1915 1051 2034 1086; x_wconf 91' lang='lat' dir='ltr'>genus</span> <span class='ocrx_word' id='word_1_680' title='bbox 2055 1040 2316 1077; x_wconf 84' lang='lat' dir='ltr'>affirmationis</span> <span class='ocrx_word' id='word_1_681' title='bbox 2345 1047 2382 1077; x_wconf 90' lang='lat' dir='ltr'>et</span> <span class='ocrx_word' id='word_1_682' title='bbox 2405 1053 2517 1088; x_wconf 91' lang='lat' dir='ltr'>nega-</span> 
     </span>
     <span class='ocr_line' id='line_1_100' title="bbox 1447 1091 2517 1141; baseline 0.002 -13"><span class='ocrx_word' id='word_1_683' title='bbox 1447 1092 1571 1139; x_wconf 90' lang='lat' dir='ltr'>tionis,</span> <span class='ocrx_word' id='word_1_684' title='bbox 1583 1091 1671 1140; x_wconf 90' lang='lat' dir='ltr'>quia</span> <span class='ocrx_word' id='word_1_685' title='bbox 1682 1092 1827 1140; x_wconf 92' lang='lat' dir='ltr'>species</span> <span class='ocrx_word' id='word_1_686' title='bbox 1838 1105 2035 1141; x_wconf 90' lang='lat' dir='ltr'>nunquam</span> <span class='ocrx_word' id='word_1_687' title='bbox 2049 1093 2203 1141; x_wconf 91' lang='lat' dir='ltr'>ponitur</span> <span class='ocrx_word' id='word_1_688' title='bbox 2213 1094 2233 1113; x_wconf 72' lang='lat'><em>*</em></span> <span class='ocrx_word' id='word_1_689' title='bbox 2243 1093 2282 1130; x_wconf 92' lang='lat' dir='ltr'>in</span> <span class='ocrx_word' id='word_1_690' title='bbox 2298 1093 2517 1130; x_wconf 89' lang='lat' dir='ltr'>definitione</span> 
     </span>
     <span class='ocr_line' id='line_1_101' title="bbox 1449 1145 2519 1195; baseline 0.001 -13"><span class='ocrx_word' id='word_1_691' title='bbox 1449 1146 1606 1193; x_wconf 88' lang='lat' dir='ltr'>generis.</span> <span class='ocrx_word' id='word_1_692' title='bbox 1639 1145 1681 1182; x_wconf 94' lang='lat' dir='ltr'>Id</span> <span class='ocrx_word' id='word_1_693' title='bbox 1709 1153 1837 1182; x_wconf 89' lang='lat' dir='ltr'>autem</span> <span class='ocrx_word' id='word_1_694' title='bbox 1867 1145 1972 1195; x_wconf 90' lang='lat' dir='ltr'>quod</span> <span class='ocrx_word' id='word_1_695' title='bbox 1991 1158 2070 1182; x_wconf 93' lang='lat' dir='ltr'>non</span> <span class='ocrx_word' id='word_1_696' title='bbox 2094 1146 2260 1183; x_wconf 88' lang='lat' dir='ltr'>univoce</span> <span class='ocrx_word' id='word_1_697' title='bbox 2279 1146 2519 1195; x_wconf 88' lang='lat' dir='ltr'>praedicatur</span> 
     </span>
     <span class='ocr_line' id='line_1_102' title="bbox 1449 1198 2517 1248; baseline 0.002 -14"><span class='ocrx_word' id='word_1_698' title='bbox 1449 1198 1496 1235; x_wconf 92' lang='lat' dir='ltr'>de</span> <span class='ocrx_word' id='word_1_699' title='bbox 1534 1198 1660 1235; x_wconf 91' lang='lat' dir='ltr'>multis</span> <span class='ocrx_word' id='word_1_700' title='bbox 1703 1198 1815 1246; x_wconf 85' lang='lat' dir='ltr'>(quia</span> <span class='ocrx_word' id='word_1_701' title='bbox 1855 1198 1994 1236; x_wconf 90' lang='lat' dir='ltr'>scilicet</span> <span class='ocrx_word' id='word_1_702' title='bbox 2035 1210 2114 1235; x_wconf 93' lang='lat' dir='ltr'>non</span> <span class='ocrx_word' id='word_1_703' title='bbox 2153 1198 2337 1246; x_wconf 88' lang='lat' dir='ltr'>significat</span> <span class='ocrx_word' id='word_1_704' title='bbox 2375 1199 2517 1248; x_wconf 91' lang='lat' dir='ltr'>aliquid</span> 
     </span>
     <span class='ocr_line' id='line_1_103' title="bbox 1447 1251 2517 1300; baseline 0.001 -12"><span class='ocrx_word' id='word_1_705' title='bbox 1447 1264 1581 1298; x_wconf 92' lang='lat' dir='ltr'>unum,</span> <span class='ocrx_word' id='word_1_706' title='bbox 1602 1251 1707 1300; x_wconf 93' lang='lat' dir='ltr'>quod</span> <span class='ocrx_word' id='word_1_707' title='bbox 1722 1251 1767 1288; x_wconf 91' lang='lat' dir='ltr'>sit</span> <span class='ocrx_word' id='word_1_708' title='bbox 1785 1264 1907 1288; x_wconf 90' lang='lat' dir='ltr'>unum</span> <span class='ocrx_word' id='word_1_709' title='bbox 1923 1253 1943 1271; x_wconf 71' lang='lat'>³*</span> <span class='ocrx_word' id='word_1_710' title='bbox 1959 1264 2165 1289; x_wconf 91' lang='lat' dir='ltr'>commune</span> <span class='ocrx_word' id='word_1_711' title='bbox 2186 1252 2340 1299; x_wconf 89' lang='lat' dir='ltr'>multis),</span> <span class='ocrx_word' id='word_1_712' title='bbox 2356 1265 2435 1289; x_wconf 92' lang='lat' dir='ltr'>non</span> <span class='ocrx_word' id='word_1_713' title='bbox 2449 1264 2517 1300; x_wconf 94' lang='lat' dir='ltr'>po-</span> 
     </span>
     <span class='ocr_line' id='line_1_104' title="bbox 1447 1304 2514 1354; baseline 0 -12"><span class='ocrx_word' id='word_1_714' title='bbox 1447 1312 1519 1342; x_wconf 91' lang='lat' dir='ltr'>test</span> <span class='ocrx_word' id='word_1_715' title='bbox 1533 1304 1718 1341; x_wconf 91' lang='lat' dir='ltr'>notificari</span> <span class='ocrx_word' id='word_1_716' title='bbox 1733 1304 1803 1341; x_wconf 90' lang='lat' dir='ltr'>nisi</span> <span class='ocrx_word' id='word_1_717' title='bbox 1817 1318 1886 1353; x_wconf 92' lang='lat' dir='ltr'>per</span> <span class='ocrx_word' id='word_1_718' title='bbox 1900 1305 1961 1341; x_wconf 92' lang='lat' dir='ltr'>illa</span> <span class='ocrx_word' id='word_1_719' title='bbox 1976 1306 2094 1341; x_wconf 87' lang='lat' dir='ltr'>multa</span> <span class='ocrx_word' id='word_1_720' title='bbox 2106 1317 2203 1354; x_wconf 89' lang='lat' dir='ltr'>quae</span> <span class='ocrx_word' id='word_1_721' title='bbox 2219 1305 2514 1352; x_wconf 72' lang='lat' dir='ltr'>significanmr*.</span> 
     </span>
     <span class='ocr_line' id='line_1_105' title="bbox 1448 1357 2516 1407; baseline 0 -12"><span class='ocrx_word' id='word_1_722' title='bbox 1448 1359 1497 1395; x_wconf 86' lang='lat' dir='ltr'>Et</span> <span class='ocrx_word' id='word_1_723' title='bbox 1524 1357 1613 1394; x_wconf 91' lang='lat' dir='ltr'>inde</span> <span class='ocrx_word' id='word_1_724' title='bbox 1642 1365 1697 1393; x_wconf 89' lang='lat' dir='ltr'>est</span> <span class='ocrx_word' id='word_1_725' title='bbox 1725 1358 1830 1406; x_wconf 89' lang='lat' dir='ltr'>quod</span> <span class='ocrx_word' id='word_1_726' title='bbox 1859 1358 1948 1407; x_wconf 88' lang='lat' dir='ltr'>quia</span> <span class='ocrx_word' id='word_1_727' title='bbox 1977 1370 2098 1394; x_wconf 90' lang='lat' dir='ltr'>unum</span> <span class='ocrx_word' id='word_1_728' title='bbox 2125 1370 2204 1395; x_wconf 89' lang='lat' dir='ltr'>non</span> <span class='ocrx_word' id='word_1_729' title='bbox 2228 1358 2362 1395; x_wconf 93' lang='lat' dir='ltr'>dicitur</span> <span class='ocrx_word' id='word_1_730' title='bbox 2389 1358 2516 1407; x_wconf 89' lang='lat' dir='ltr'>aequi-</span> 
     </span>
     <span class='ocr_line' id='line_1_106' title="bbox 1447 1410 2518 1460; baseline 0.002 -14"><span class='ocrx_word' id='word_1_731' title='bbox 1447 1423 1545 1447; x_wconf 90' lang='lat' dir='ltr'>voce</span> <span class='ocrx_word' id='word_1_732' title='bbox 1565 1411 1585 1430; x_wconf 70' lang='lat'><em>*</em></span> <span class='ocrx_word' id='word_1_733' title='bbox 1606 1410 1654 1446; x_wconf 93' lang='lat' dir='ltr'>de</span> <span class='ocrx_word' id='word_1_734' title='bbox 1682 1410 1842 1458; x_wconf 89' lang='lat' dir='ltr'>simplici</span> <span class='ocrx_word' id='word_1_735' title='bbox 1875 1419 1912 1448; x_wconf 93' lang='lat' dir='ltr'>et</span> <span class='ocrx_word' id='word_1_736' title='bbox 1946 1411 2181 1459; x_wconf 90' lang='lat' dir='ltr'>composito,</span> <span class='ocrx_word' id='word_1_737' title='bbox 2216 1411 2284 1448; x_wconf 90' lang='lat' dir='ltr'>sed</span> <span class='ocrx_word' id='word_1_738' title='bbox 2317 1424 2386 1460; x_wconf 90' lang='lat' dir='ltr'>per</span> <span class='ocrx_word' id='word_1_739' title='bbox 2412 1411 2518 1460; x_wconf 92' lang='lat' dir='ltr'>prius</span> 
     </span>
     <span class='ocr_line' id='line_1_107' title="bbox 1448 1462 2518 1513; baseline 0.002 -14"><span class='ocrx_word' id='word_1_740' title='bbox 1448 1471 1484 1500; x_wconf 89' lang='lat' dir='ltr'>et</span> <span class='ocrx_word' id='word_1_741' title='bbox 1510 1462 1710 1511; x_wconf 82' lang='lat' dir='ltr'>posterius,</span> <span class='ocrx_word' id='word_1_742' title='bbox 1731 1463 1950 1500; x_wconf 90' lang='lat' dir='ltr'>Aristoteles</span> <span class='ocrx_word' id='word_1_743' title='bbox 1970 1463 2008 1500; x_wconf 92' lang='lat' dir='ltr'>in</span> <span class='ocrx_word' id='word_1_744' title='bbox 2028 1464 2344 1512; x_wconf 88' lang='lat' dir='ltr'>praecedentibus</span> <span class='ocrx_word' id='word_1_745' title='bbox 2364 1476 2518 1513; x_wconf 87' lang='lat' dir='ltr'>semper</span> 
     </span>
     <span class='ocr_line' id='line_1_108' title="bbox 1447 1515 2517 1554; baseline 0.003 -3"><span class='ocrx_word' id='word_1_746' title='bbox 1447 1516 1496 1552; x_wconf 87' lang='lat' dir='ltr'>ad</span> <span class='ocrx_word' id='word_1_747' title='bbox 1523 1515 1801 1552; x_wconf 88' lang='lat' dir='ltr'>notificandum</span> <span class='ocrx_word' id='word_1_748' title='bbox 1829 1516 2013 1553; x_wconf 89' lang='lat' dir='ltr'>unitatem</span> <span class='ocrx_word' id='word_1_749' title='bbox 2042 1517 2315 1554; x_wconf 90' lang='lat' dir='ltr'>enunciationis</span> <span class='ocrx_word' id='word_1_750' title='bbox 2342 1530 2434 1554; x_wconf 93' lang='lat' dir='ltr'>usus</span> <span class='ocrx_word' id='word_1_751' title='bbox 2461 1524 2517 1554; x_wconf 91' lang='lat' dir='ltr'>est</span> 
     </span>
     <span class='ocr_line' id='line_1_109' title="bbox 1445 1568 2759 1617; baseline 0.002 -12"><span class='ocrx_word' id='word_1_752' title='bbox 1445 1576 1619 1617; x_wconf 84' lang='lat' dir='ltr'>utroque.</span> <span class='ocrx_word' id='word_1_753' title='bbox 1655 1568 1756 1614; x_wconf 89' lang='lat' dir='ltr'>Quia</span> <span class='ocrx_word' id='word_1_754' title='bbox 1789 1581 1878 1616; x_wconf 92' lang='lat' dir='ltr'>ergo</span> <span class='ocrx_word' id='word_1_755' title='bbox 1906 1569 2058 1606; x_wconf 86' lang='lat' dir='ltr'>videtur</span> <span class='ocrx_word' id='word_1_756' title='bbox 2079 1570 2099 1590; x_wconf 83' lang='grc'><em>*</em></span> <span class='ocrx_word' id='word_1_757' title='bbox 2116 1569 2169 1605; x_wconf 90' lang='lat' dir='ltr'>uti</span> <span class='ocrx_word' id='word_1_758' title='bbox 2198 1569 2452 1607; x_wconf 89' lang='lat' dir='ltr'>affirmatione</span> <span class='ocrx_word' id='word_1_759' title='bbox 2480 1577 2517 1606; x_wconf 90' lang='lat' dir='ltr'>et</span> <span class='ocrx_word' id='word_1_760' title='bbox 2546 1576 2554 1585; x_wconf 92' lang='grc'>·</span> <span class='ocrx_word' id='word_1_761' title='bbox 2571 1581 2614 1597; x_wconf 75' lang='lat'>⁸0=</span> <span class='ocrx_word' id='word_1_762' title='bbox 2635 1575 2673 1598; x_wconf 61' lang='grc' dir='ltr'>*ὄσ</span> <span class='ocrx_word' id='word_1_763' title='bbox 2691 1576 2759 1598; x_wconf 66' lang='lat'><em>⁹1⁶²-</em></span> 
     </span>
    </p>
   </div>
   <div class='ocr_carea' id='block_1_15' title="bbox 1446 1603 2759 1670">
    <p class='ocr_par' dir='ltr' id='par_1_21' title="bbox 1446 1603 2759 1670">
     <span class='ocr_line' id='line_1_110' title="bbox 1446 1603 2759 1670; baseline -0.001 -11"><span class='ocrx_word' id='word_1_764' title='bbox 1446 1622 1646 1670; x_wconf 87' lang='lat' dir='ltr'>negatione</span> <span class='ocrx_word' id='word_1_765' title='bbox 1671 1622 1721 1659; x_wconf 93' lang='lat' dir='ltr'>ad</span> <span class='ocrx_word' id='word_1_766' title='bbox 1743 1621 2019 1658; x_wconf 89' lang='lat' dir='ltr'>notificandum</span> <span class='ocrx_word' id='word_1_767' title='bbox 2044 1622 2350 1659; x_wconf 89' lang='lat' dir='ltr'>enunciationem</span> <span class='ocrx_word' id='word_1_768' title='bbox 2367 1623 2397 1668; x_wconf 69' lang='lat'>⁸,</span> <span class='ocrx_word' id='word_1_769' title='bbox 2414 1623 2518 1660; x_wconf 88' lang='lat' dir='ltr'>vole-</span> <span class='ocrx_word' id='word_1_770' title='bbox 2546 1603 2631 1654; x_wconf 49' lang='grc' dir='ltr'>Ὧι</span> <span class='ocrx_word' id='word_1_771' title='bbox 2667 1633 2759 1664; x_wconf 56' lang='grc' dir='ltr'>εἰρυμ-</span> 
     </span>
    </p>
   </div>
   <div class='ocr_carea' id='block_1_16' title="bbox 1445 1664 2759 2042">
    <p class='ocr_par' dir='ltr' id='par_1_22' title="bbox 1445 1664 2759 2042">
     <span class='ocr_line' id='line_1_111' title="bbox 1446 1664 2607 1723; baseline 0.001 -12"><span class='ocrx_word' id='word_1_772' title='bbox 1446 1677 1510 1712; x_wconf 89' lang='lat' dir='ltr'>bat</span> <span class='ocrx_word' id='word_1_773' title='bbox 1528 1674 1744 1711; x_wconf 87' lang='lat' dir='ltr'>Alexander</span> <span class='ocrx_word' id='word_1_774' title='bbox 1778 1674 1949 1723; x_wconf 89' lang='lat' dir='ltr'>accipere</span> <span class='ocrx_word' id='word_1_775' title='bbox 1978 1674 2083 1723; x_wconf 94' lang='lat' dir='ltr'>quod</span> <span class='ocrx_word' id='word_1_776' title='bbox 2111 1675 2325 1712; x_wconf 89' lang='lat' dir='ltr'>enunciatio</span> <span class='ocrx_word' id='word_1_777' title='bbox 2353 1687 2432 1712; x_wconf 92' lang='lat' dir='ltr'>non</span> <span class='ocrx_word' id='word_1_778' title='bbox 2465 1675 2519 1712; x_wconf 92' lang='lat' dir='ltr'>di·</span> <span class='ocrx_word' id='word_1_779' title='bbox 2546 1664 2607 1707; x_wconf 43' lang='lat' dir='ltr'>a·</span> 
     </span>
     <span class='ocr_line' id='line_1_112' title="bbox 1447 1727 2520 1775; baseline 0 -10"><span class='ocrx_word' id='word_1_780' title='bbox 1447 1729 1540 1766; x_wconf 89' lang='lat' dir='ltr'>citur</span> <span class='ocrx_word' id='word_1_781' title='bbox 1569 1728 1617 1765; x_wconf 94' lang='lat' dir='ltr'>de</span> <span class='ocrx_word' id='word_1_782' title='bbox 1646 1728 1899 1765; x_wconf 86' lang='lat' dir='ltr'>affirmatione</span> <span class='ocrx_word' id='word_1_783' title='bbox 1931 1735 1968 1764; x_wconf 92' lang='lat' dir='ltr'>et</span> <span class='ocrx_word' id='word_1_784' title='bbox 1997 1727 2198 1775; x_wconf 88' lang='lat' dir='ltr'>negatione</span> <span class='ocrx_word' id='word_1_785' title='bbox 2226 1728 2391 1766; x_wconf 92' lang='lat' dir='ltr'>univoce</span> <span class='ocrx_word' id='word_1_786' title='bbox 2425 1728 2520 1766; x_wconf 90' lang='lat' dir='ltr'>sicut</span> 
     </span>
     <span class='ocr_line' id='line_1_113' title="bbox 1445 1780 1984 1830; baseline -0.004 -11"><span class='ocrx_word' id='word_1_787' title='bbox 1445 1794 1564 1830; x_wconf 90' lang='lat' dir='ltr'>genus</span> <span class='ocrx_word' id='word_1_788' title='bbox 1593 1780 1641 1818; x_wconf 91' lang='lat' dir='ltr'>de</span> <span class='ocrx_word' id='word_1_789' title='bbox 1670 1781 1746 1818; x_wconf 92' lang='lat' dir='ltr'>suis</span> <span class='ocrx_word' id='word_1_790' title='bbox 1774 1780 1984 1829; x_wconf 90' lang='lat' dir='ltr'>speciebus.</span> 
     </span>
     <span class='ocr_line' id='line_1_114' title="bbox 1501 1833 2517 1883; baseline -0.001 -12"><span class='ocrx_word' id='word_1_791' title='bbox 1501 1847 1562 1872; x_wconf 89' lang='lat'>21.</span> <span class='ocrx_word' id='word_1_792' title='bbox 1585 1834 1663 1871; x_wconf 91' lang='lat' dir='ltr'>Sed</span> <span class='ocrx_word' id='word_1_793' title='bbox 1692 1834 1923 1871; x_wconf 90' lang='lat' dir='ltr'>contrarium</span> <span class='ocrx_word' id='word_1_794' title='bbox 1943 1841 2100 1882; x_wconf 88' lang='lat' dir='ltr'>apparet</span> <span class='ocrx_word' id='word_1_795' title='bbox 2120 1845 2166 1870; x_wconf 90' lang='lat' dir='ltr'>ex</span> <span class='ocrx_word' id='word_1_796' title='bbox 2194 1834 2280 1881; x_wconf 89' lang='lat' dir='ltr'>hoc,</span> <span class='ocrx_word' id='word_1_797' title='bbox 2303 1833 2410 1883; x_wconf 92' lang='lat' dir='ltr'>quod</span> <span class='ocrx_word' id='word_1_798' title='bbox 2430 1833 2517 1870; x_wconf 87' lang='lat' dir='ltr'>Phi-</span> 
     </span>
     <span class='ocr_line' id='line_1_115' title="bbox 1446 1886 2517 1936; baseline -0.001 -12"><span class='ocrx_word' id='word_1_799' title='bbox 1446 1888 1630 1936; x_wconf 91' lang='lat' dir='ltr'>losophus</span> <span class='ocrx_word' id='word_1_800' title='bbox 1674 1894 1951 1936; x_wconf 87' lang='lat' dir='ltr'>consequenter</span> <span class='ocrx_word' id='word_1_801' title='bbox 1989 1886 2104 1923; x_wconf 89' lang='lat' dir='ltr'>utitur</span> <span class='ocrx_word' id='word_1_802' title='bbox 2142 1886 2299 1923; x_wconf 89' lang='lat' dir='ltr'>nornine</span> <span class='ocrx_word' id='word_1_803' title='bbox 2338 1886 2517 1924; x_wconf 88' lang='lat' dir='ltr'>enuncia-</span> 
     </span>
     <span class='ocr_line' id='line_1_116' title="bbox 1446 1939 2520 1988; baseline -0.002 -10"><span class='ocrx_word' id='word_1_804' title='bbox 1446 1941 1558 1978; x_wconf 91' lang='lat' dir='ltr'>tionis</span> <span class='ocrx_word' id='word_1_805' title='bbox 1577 1947 1618 1976; x_wconf 95' lang='lat' dir='ltr'>ut</span> <span class='ocrx_word' id='word_1_806' title='bbox 1636 1951 1786 1988; x_wconf 89' lang='lat' dir='ltr'>genere,</span> <span class='ocrx_word' id='word_1_807' title='bbox 1808 1952 1896 1977; x_wconf 88' lang='lat' dir='ltr'>curn</span> <span class='ocrx_word' id='word_1_808' title='bbox 1911 1939 1950 1976; x_wconf 90' lang='lat' dir='ltr'>in</span> <span class='ocrx_word' id='word_1_809' title='bbox 1966 1939 2186 1976; x_wconf 90' lang='lat' dir='ltr'>definitione</span> <span class='ocrx_word' id='word_1_810' title='bbox 2206 1939 2467 1976; x_wconf 88' lang='lat' dir='ltr'>affirmationis</span> <span class='ocrx_word' id='word_1_811' title='bbox 2482 1947 2520 1976; x_wconf 88' lang='lat' dir='ltr'>et</span> 
     </span>
     <span class='ocr_line' id='line_1_117' title="bbox 1448 1992 2759 2042; baseline -0.002 -12"><span class='ocrx_word' id='word_1_812' title='bbox 1448 1992 1656 2042; x_wconf 90' lang='lat' dir='ltr'>negationis</span> <span class='ocrx_word' id='word_1_813' title='bbox 1676 1993 1803 2030; x_wconf 92' lang='lat' dir='ltr'>subdit</span> <span class='ocrx_word' id='word_1_814' title='bbox 1823 1993 1928 2042; x_wconf 93' lang='lat' dir='ltr'>quod</span> <span class='ocrx_word' id='word_1_815' title='bbox 1947 1994 1980 2039; x_wconf 70' lang='lat'>⁴⁹,</span> <span class='ocrx_word' id='word_1_816' title='bbox 2000 1993 2206 2041; x_wconf 87' lang='lat' dir='ltr'>affirmatio</span> <span class='ocrx_word' id='word_1_817' title='bbox 2227 1998 2279 2030; x_wconf 86' lang='lat' dir='ltr'>est</span> <span class='ocrx_word' id='word_1_818' title='bbox 2306 1993 2516 2030; x_wconf 82' lang='lat' dir='ltr'>enunciatio</span> <span class='ocrx_word' id='word_1_819' title='bbox 2545 2001 2759 2028; x_wconf 60' lang='lat' dir='ltr'>“uuteenerede-</span> 
     </span>
    </p>
   </div>
   <div class='ocr_carea' id='block_1_17' title="bbox 2538 2027 2761 2056">
    <p class='ocr_par' dir='ltr' id='par_1_23' title="bbox 2538 2027 2761 2056">
     <span class='ocr_line' id='line_1_118' title="bbox 2538 2027 2761 2056; baseline 0 -8"><span class='ocrx_word' id='word_1_820' title='bbox 2538 2027 2659 2054; x_wconf 71' lang='lat' dir='ltr'>fim&#39;tiom&#39;s</span> <span class='ocrx_word' id='word_1_821' title='bbox 2677 2027 2712 2048; x_wconf 78' lang='lat' dir='ltr'>ad</span> <span class='ocrx_word' id='word_1_822' title='bbox 2724 2027 2761 2056; x_wconf 80' lang='lat' dir='ltr'>aj—</span> 
     </span>
    </p>
   </div>
   <div class='ocr_carea' id='block_1_18' title="bbox 1446 2045 2765 2360">
    <p class='ocr_par' dir='ltr' id='par_1_24' title="bbox 1446 2045 2765 2360">
     <span class='ocr_line' id='line_1_119' title="bbox 1448 2045 2762 2101; baseline -0.001 -18"><span class='ocrx_word' id='word_1_823' title='bbox 1448 2047 1605 2084; x_wconf 81' lang='lat' dir='ltr'>alicuius</span> <span class='ocrx_word' id='word_1_824' title='bbox 1624 2045 1670 2083; x_wconf 89' lang='lat' dir='ltr'>de</span> <span class='ocrx_word' id='word_1_825' title='bbox 1687 2046 1826 2094; x_wconf 86' lang='lat' dir='ltr'>aliquo,</span> <span class='ocrx_word' id='word_1_826' title='bbox 1848 2045 1988 2082; x_wconf 89' lang='lat' dir='ltr'>scilicet</span> <span class='ocrx_word' id='word_1_827' title='bbox 2001 2057 2070 2094; x_wconf 88' lang='lat' dir='ltr'>per</span> <span class='ocrx_word' id='word_1_828' title='bbox 2089 2045 2252 2082; x_wconf 88' lang='lat' dir='ltr'>modum</span> <span class='ocrx_word' id='word_1_829' title='bbox 2273 2045 2515 2094; x_wconf 84' lang='lat' dir='ltr'>compositio·</span> <span class='ocrx_word' id='word_1_830' title='bbox 2537 2053 2762 2101; x_wconf 50' lang='lat' dir='ltr'>{3⁸:333ng</span> 
     </span>
     <span class='ocr_line' id='line_1_120' title="bbox 1448 2086 2761 2162; baseline -0.002 -26"><span class='ocrx_word' id='word_1_831' title='bbox 1448 2099 1516 2146; x_wconf 90' lang='lat' dir='ltr'>nis,</span> <span class='ocrx_word' id='word_1_832' title='bbox 1538 2099 1689 2148; x_wconf 83' lang='lat' dir='ltr'>negatio</span> <span class='ocrx_word' id='word_1_833' title='bbox 1707 2111 1798 2136; x_wconf 79' lang='lat' dir='ltr'>vero</span> <span class='ocrx_word' id='word_1_834' title='bbox 1823 2105 1878 2136; x_wconf 89' lang='lat' dir='ltr'>est</span> <span class='ocrx_word' id='word_1_835' title='bbox 1894 2098 2105 2135; x_wconf 86' lang='lat' dir='ltr'>enunciatio</span> <span class='ocrx_word' id='word_1_836' title='bbox 2124 2098 2282 2135; x_wconf 86' lang='lat' dir='ltr'>alicuius</span> <span class='ocrx_word' id='word_1_837' title='bbox 2300 2099 2349 2135; x_wconf 86' lang='lat' dir='ltr'>ab</span> <span class='ocrx_word' id='word_1_838' title='bbox 2377 2098 2515 2147; x_wconf 85' lang='lat' dir='ltr'>aliquo,</span> <span class='ocrx_word' id='word_1_839' title='bbox 2543 2086 2602 2154; x_wconf 49' lang='grc' dir='ltr'>ἐξ*</span> <span class='ocrx_word' id='word_1_840' title='bbox 2617 2105 2682 2134; x_wconf 67' lang='lat' dir='ltr'>quod</span> <span class='ocrx_word' id='word_1_841' title='bbox 2694 2096 2761 2162; x_wconf 51' lang='lat' dir='ltr'>&amp;gs-</span> 
     </span>
     <span class='ocr_line' id='line_1_121' title="bbox 1450 2148 2765 2207; baseline 0 -18"><span class='ocrx_word' id='word_1_842' title='bbox 1450 2152 1590 2189; x_wconf 91' lang='lat' dir='ltr'>scilicet</span> <span class='ocrx_word' id='word_1_843' title='bbox 1607 2164 1677 2200; x_wconf 90' lang='lat' dir='ltr'>per</span> <span class='ocrx_word' id='word_1_844' title='bbox 1695 2152 1857 2189; x_wconf 90' lang='lat' dir='ltr'>modurn</span> <span class='ocrx_word' id='word_1_845' title='bbox 1870 2151 2085 2189; x_wconf 77' lang='lat' dir='ltr'>divisionis,</span> <span class='ocrx_word' id='word_1_846' title='bbox 2107 2151 2276 2188; x_wconf 89' lang='lat' dir='ltr'>Nomine</span> <span class='ocrx_word' id='word_1_847' title='bbox 2301 2158 2430 2188; x_wconf 85' lang='lat' dir='ltr'>autem</span> <span class='ocrx_word' id='word_1_848' title='bbox 2454 2164 2516 2189; x_wconf 86' lang='lat' dir='ltr'>ae·</span> <span class='ocrx_word' id='word_1_849' title='bbox 2537 2148 2765 2207; x_wconf 49' lang='lat' dir='ltr'>{fflffi&#39;gmwgf</span> 
     </span>
     <span class='ocr_line' id='line_1_122' title="bbox 1448 2191 2759 2260; baseline -0.001 -18"><span class='ocrx_word' id='word_1_850' title='bbox 1448 2206 1614 2255; x_wconf 90' lang='lat' dir='ltr'>quivoco</span> <span class='ocrx_word' id='word_1_851' title='bbox 1640 2217 1718 2242; x_wconf 93' lang='lat' dir='ltr'>non</span> <span class='ocrx_word' id='word_1_852' title='bbox 1745 2204 2016 2242; x_wconf 89' lang='lat' dir='ltr'>consuevimus</span> <span class='ocrx_word' id='word_1_853' title='bbox 2041 2203 2095 2241; x_wconf 89' lang='lat' dir='ltr'>uti</span> <span class='ocrx_word' id='word_1_854' title='bbox 2118 2204 2166 2242; x_wconf 87' lang='lat' dir='ltr'>ad</span> <span class='ocrx_word' id='word_1_855' title='bbox 2193 2204 2473 2242; x_wconf 87' lang='lat' dir='ltr'>notificandum</span> <span class='ocrx_word' id='word_1_856' title='bbox 2495 2205 2516 2226; x_wconf 79' lang='grc'><strong><em>*</em></strong></span> <span class='ocrx_word' id='word_1_857' title='bbox 2544 2191 2759 2260; x_wconf 36' lang='grc' dir='ltr'>ἐπῶν-η-</span> 
     </span>
     <span class='ocr_line' id='line_1_123' title="bbox 1447 2257 2713 2312; baseline -0.001 -17"><span class='ocrx_word' id='word_1_858' title='bbox 1447 2258 1654 2306; x_wconf 89' lang='lat' dir='ltr'>significata</span> <span class='ocrx_word' id='word_1_859' title='bbox 1670 2258 1761 2295; x_wconf 86' lang='lat' dir='ltr'>eius.</span> <span class='ocrx_word' id='word_1_860' title='bbox 1783 2259 1832 2295; x_wconf 90' lang='lat' dir='ltr'>Et</span> <span class='ocrx_word' id='word_1_861' title='bbox 1846 2258 1934 2295; x_wconf 92' lang='lat' dir='ltr'>ideo</span> <span class='ocrx_word' id='word_1_862' title='bbox 1950 2257 2133 2294; x_wconf 92' lang='lat' dir='ltr'>Boethius</span> <span class='ocrx_word' id='word_1_863' title='bbox 2149 2257 2237 2295; x_wconf 89' lang='lat' dir='ltr'>dicit</span> <span class='ocrx_word' id='word_1_864' title='bbox 2251 2257 2358 2306; x_wconf 92' lang='lat' dir='ltr'>quod</span> <span class='ocrx_word' id='word_1_865' title='bbox 2372 2257 2514 2295; x_wconf 89' lang='lat' dir='ltr'>Aristo·</span> <span class='ocrx_word' id='word_1_866' title='bbox 2542 2263 2713 2312; x_wconf 54' lang='lat' dir='ltr'>gnggfggm</span> 
     </span>
     <span class='ocr_line' id='line_1_124' title="bbox 1446 2310 2517 2360; baseline -0.001 -12"><span class='ocrx_word' id='word_1_867' title='bbox 1446 2312 1538 2348; x_wconf 89' lang='lat' dir='ltr'>teles</span> <span class='ocrx_word' id='word_1_868' title='bbox 1553 2324 1623 2348; x_wconf 91' lang='lat' dir='ltr'>suo</span> <span class='ocrx_word' id='word_1_869' title='bbox 1642 2311 1761 2348; x_wconf 91' lang='lat' dir='ltr'>modo</span> <span class='ocrx_word' id='word_1_870' title='bbox 1780 2310 2019 2360; x_wconf 88' lang='lat' dir='ltr'>breviloquio</span> <span class='ocrx_word' id='word_1_871' title='bbox 2035 2319 2158 2358; x_wconf 85' lang='lat' dir='ltr'>utens,</span> <span class='ocrx_word' id='word_1_872' title='bbox 2174 2310 2287 2347; x_wconf 89' lang='lat' dir='ltr'>simul</span> <span class='ocrx_word' id='word_1_873' title='bbox 2302 2322 2394 2347; x_wconf 91' lang='lat' dir='ltr'>usus</span> <span class='ocrx_word' id='word_1_874' title='bbox 2409 2317 2466 2348; x_wconf 91' lang='lat' dir='ltr'>est</span> <span class='ocrx_word' id='word_1_875' title='bbox 2479 2318 2517 2348; x_wconf 88' lang='lat' dir='ltr'>et</span> 
     </span>
    </p>
   </div>
   <div class='ocr_carea' id='block_1_19' title="bbox 1448 2363 2514 2412">
    <p class='ocr_par' dir='ltr' id='par_1_25' title="bbox 1448 2363 2514 2412">
     <span class='ocr_line' id='line_1_125' title="bbox 1448 2363 2514 2412; baseline -0.001 -10"><span class='ocrx_word' id='word_1_876' title='bbox 1448 2364 1668 2402; x_wconf 91' lang='lat' dir='ltr'>definitione</span> <span class='ocrx_word' id='word_1_877' title='bbox 1688 2371 1724 2400; x_wconf 92' lang='lat' dir='ltr'>et</span> <span class='ocrx_word' id='word_1_878' title='bbox 1744 2363 1931 2401; x_wconf 90' lang='lat' dir='ltr'>divisione</span> <span class='ocrx_word' id='word_1_879' title='bbox 1951 2363 2048 2400; x_wconf 90' lang='lat' dir='ltr'>eius:</span> <span class='ocrx_word' id='word_1_880' title='bbox 2068 2363 2119 2401; x_wconf 89' lang='lat' dir='ltr'>ita</span> <span class='ocrx_word' id='word_1_881' title='bbox 2133 2371 2175 2400; x_wconf 94' lang='lat' dir='ltr'>ut</span> <span class='ocrx_word' id='word_1_882' title='bbox 2189 2363 2294 2412; x_wconf 93' lang='lat' dir='ltr'>quod</span> <span class='ocrx_word' id='word_1_883' title='bbox 2310 2363 2398 2401; x_wconf 92' lang='lat' dir='ltr'>dicit</span> <span class='ocrx_word' id='word_1_884' title='bbox 2411 2365 2457 2401; x_wconf 88' lang='lat' dir='ltr'>de</span> <span class='ocrx_word' id='word_1_885' title='bbox 2471 2375 2514 2401; x_wconf 87' lang='lat' dir='ltr'>eo</span> 
     </span>
    </p>
   </div>
   <div class='ocr_carea' id='block_1_20' title="bbox 2544 628 2757 683">
    <p class='ocr_par' dir='ltr' id='par_1_26' title="bbox 2544 628 2757 683">
     <span class='ocr_line' id='line_1_126' title="bbox 2545 628 2757 651; baseline 0.005 -1"><span class='ocrx_word' id='word_1_886' title='bbox 2545 630 2553 638; x_wconf 91' lang='grc'>·</span> <span class='ocrx_word' id='word_1_887' title='bbox 2565 628 2640 650; x_wconf 88' lang='lat' dir='ltr'>Codd.</span> <span class='ocrx_word' id='word_1_888' title='bbox 2655 640 2666 644; x_wconf 99' lang='lat'>-</span> <span class='ocrx_word' id='word_1_889' title='bbox 2680 635 2714 651; x_wconf 58' lang='lat' dir='ltr'>in:</span> <span class='ocrx_word' id='word_1_890' title='bbox 2734 632 2757 651; x_wconf 83' lang='lat' dir='ltr'>el</span> 
     </span>
     <span class='ocr_line' id='line_1_127' title="bbox 2544 655 2747 683; baseline 0.01 -8"><span class='ocrx_word' id='word_1_891' title='bbox 2544 661 2574 676; x_wconf 87' lang='lat' dir='ltr'>ne</span> <span class='ocrx_word' id='word_1_892' title='bbox 2587 655 2747 683; x_wconf 71' lang='lat' dir='ltr'>intelligatur.</span> 
     </span>
    </p>
   </div>
   <div class='ocr_carea' id='block_1_21' title="bbox 2545 835 2684 888">
    <p class='ocr_par' dir='ltr' id='par_1_27' title="bbox 2545 835 2684 888">
     <span class='ocr_line' id='line_1_128' title="bbox 2545 835 2684 858; baseline 0.007 -1"><span class='ocrx_word' id='word_1_893' title='bbox 2545 835 2684 858; x_wconf 79' lang='lat' dir='ltr'>Alexander.</span> 
     </span>
     <span class='ocr_line' id='line_1_129' title="bbox 2645 873 2661 888; baseline 0 0"><span class='ocrx_word' id='word_1_894' title='bbox 2645 873 2661 888; x_wconf 87' lang='grc' dir='ltr'>ιι</span> 
     </span>
    </p>
   </div>
   <div class='ocr_carea' id='block_1_22' title="bbox 2545 1101 2731 1129">
    <p class='ocr_par' dir='ltr' id='par_1_28' title="bbox 2545 1101 2731 1129">
     <span class='ocr_line' id='line_1_130' title="bbox 2545 1101 2731 1129; baseline 0.005 -6"><span class='ocrx_word' id='word_1_895' title='bbox 2545 1101 2554 1110; x_wconf 80' lang='grc'><strong>“</strong></span> <span class='ocrx_word' id='word_1_896' title='bbox 2565 1107 2590 1123; x_wconf 89' lang='lat' dir='ltr'>c:</span> <span class='ocrx_word' id='word_1_897' title='bbox 2601 1103 2731 1129; x_wconf 69' lang='lat' dir='ltr'>ponuntur.</span> 
     </span>
    </p>
   </div>
   <div class='ocr_carea' id='block_1_23' title="bbox 2544 1259 2760 1361">
    <p class='ocr_par' dir='ltr' id='par_1_29' title="bbox 2544 1259 2760 1361">
     <span class='ocr_line' id='line_1_131' title="bbox 2544 1259 2760 1283; baseline 0.009 -3"><span class='ocrx_word' id='word_1_898' title='bbox 2544 1259 2554 1270; x_wconf 77' lang='lat'>⁸</span> <span class='ocrx_word' id='word_1_899' title='bbox 2562 1264 2576 1280; x_wconf 90' lang='lat' dir='ltr'>c</span> <span class='ocrx_word' id='word_1_900' title='bbox 2583 1259 2671 1282; x_wconf 76' lang='lat' dir='ltr'>omittit</span> <span class='ocrx_word' id='word_1_901' title='bbox 2679 1265 2760 1283; x_wconf 62' lang='lat' dir='ltr'>unu.</span> 
     </span>
     <span class='ocr_line' id='line_1_132' title="bbox 2545 1307 2759 1330; baseline 0.009 -2"><span class='ocrx_word' id='word_1_902' title='bbox 2545 1307 2555 1318; x_wconf 79' lang='lat'>⁸</span> <span class='ocrx_word' id='word_1_903' title='bbox 2565 1312 2579 1328; x_wconf 86' lang='lat' dir='ltr'>c</span> <span class='ocrx_word' id='word_1_904' title='bbox 2602 1308 2684 1330; x_wconf 80' lang='lat' dir='ltr'>melius</span> <span class='ocrx_word' id='word_1_905' title='bbox 2693 1315 2698 1330; x_wconf 91' lang='lat'>:</span> <span class='ocrx_word' id='word_1_906' title='bbox 2722 1308 2759 1330; x_wconf 76' lang='grc' dir='ltr'>η’-</span> 
     </span>
     <span class='ocr_line' id='line_1_133' title="bbox 2544 1333 2652 1361; baseline 0 -6"><span class='ocrx_word' id='word_1_907' title='bbox 2544 1333 2652 1361; x_wconf 75' lang='lat' dir='ltr'>gnificat.</span> 
     </span>
    </p>
   </div>
   <div class='ocr_carea' id='block_1_24' title="bbox 2544 1417 2688 1440">
    <p class='ocr_par' dir='ltr' id='par_1_30' title="bbox 2544 1417 2688 1440">
     <span class='ocr_line' id='line_1_134' title="bbox 2544 1417 2688 1440; baseline 0 -1"><span class='ocrx_word' id='word_1_908' title='bbox 2544 1417 2555 1428; x_wconf 68' lang='lat'>*⁸</span> <span class='ocrx_word' id='word_1_909' title='bbox 2568 1417 2688 1440; x_wconf 74' lang='lat' dir='ltr'>Univoce?</span> 
     </span>
    </p>
   </div>
   <div class='ocr_carea' id='block_1_25' title="bbox 1445 2416 2662 3047">
    <p class='ocr_par' dir='ltr' id='par_1_31' title="bbox 1447 2416 2515 2515">
     <span class='ocr_line' id='line_1_135' title="bbox 1447 2416 2515 2466; baseline -0.001 -12"><span class='ocrx_word' id='word_1_910' title='bbox 1447 2419 1548 2466; x_wconf 84' lang='lat' dir='ltr'>quod</span> <span class='ocrx_word' id='word_1_911' title='bbox 1565 2424 1619 2454; x_wconf 87' lang='lat' dir='ltr'>est</span> <span class='ocrx_word' id='word_1_912' title='bbox 1635 2417 1779 2466; x_wconf 81' lang='lat' dir='ltr'>aliquid</span> <span class='ocrx_word' id='word_1_913' title='bbox 1796 2417 1857 2454; x_wconf 83' lang='lat' dir='ltr'>vel</span> <span class='ocrx_word' id='word_1_914' title='bbox 1875 2429 1949 2454; x_wconf 88' lang='lat' dir='ltr'>non</span> <span class='ocrx_word' id='word_1_915' title='bbox 1969 2422 2032 2462; x_wconf 85' lang='lat' dir='ltr'>est,</span> <span class='ocrx_word' id='word_1_916' title='bbox 2053 2429 2131 2454; x_wconf 90' lang='lat' dir='ltr'>non</span> <span class='ocrx_word' id='word_1_917' title='bbox 2152 2417 2334 2454; x_wconf 85' lang='lat' dir='ltr'>referatur</span> <span class='ocrx_word' id='word_1_918' title='bbox 2352 2416 2401 2454; x_wconf 86' lang='lat' dir='ltr'>ad</span> <span class='ocrx_word' id='word_1_919' title='bbox 2423 2416 2515 2454; x_wconf 90' lang='lat' dir='ltr'>defi-</span> 
     </span>
     <span class='ocr_line' id='line_1_136' title="bbox 1447 2469 2496 2515; baseline -0.001 -8"><span class='ocrx_word' id='word_1_920' title='bbox 1447 2470 1630 2507; x_wconf 91' lang='lat' dir='ltr'>nitionem</span> <span class='ocrx_word' id='word_1_921' title='bbox 1659 2470 1943 2515; x_wconf 85' lang='lat' dir='ltr'>enunciationis,</span> <span class='ocrx_word' id='word_1_922' title='bbox 1974 2469 2042 2507; x_wconf 92' lang='lat' dir='ltr'>sed</span> <span class='ocrx_word' id='word_1_923' title='bbox 2070 2470 2119 2507; x_wconf 91' lang='lat' dir='ltr'>ad</span> <span class='ocrx_word' id='word_1_924' title='bbox 2147 2469 2228 2507; x_wconf 90' lang='lat' dir='ltr'>eius</span> <span class='ocrx_word' id='word_1_925' title='bbox 2257 2469 2496 2507; x_wconf 87' lang='lat' dir='ltr'>divisionem.</span> 
     </span>
    </p>

    <p class='ocr_par' dir='ltr' id='par_1_32' title="bbox 1445 2522 2662 3047">
     <span class='ocr_line' id='line_1_137' title="bbox 1501 2522 2513 2572; baseline 0 -12"><span class='ocrx_word' id='word_1_926' title='bbox 1501 2524 1578 2560; x_wconf 93' lang='lat' dir='ltr'>Sed</span> <span class='ocrx_word' id='word_1_927' title='bbox 1616 2523 1704 2572; x_wconf 92' lang='lat' dir='ltr'>quia</span> <span class='ocrx_word' id='word_1_928' title='bbox 1750 2522 1982 2560; x_wconf 88' lang='lat' dir='ltr'>differentiae</span> <span class='ocrx_word' id='word_1_929' title='bbox 2023 2522 2207 2560; x_wconf 90' lang='lat' dir='ltr'>divisivae</span> <span class='ocrx_word' id='word_1_930' title='bbox 2244 2522 2391 2570; x_wconf 87' lang='lat' dir='ltr'>generis</span> <span class='ocrx_word' id='word_1_931' title='bbox 2434 2534 2513 2560; x_wconf 90' lang='lat' dir='ltr'>non</span> 
     </span>
     <span class='ocr_line' id='line_1_138' title="bbox 1447 2575 2515 2623; baseline -0.002 -10"><span class='ocrx_word' id='word_1_932' title='bbox 1447 2576 1586 2613; x_wconf 90' lang='lat' dir='ltr'>cadunt</span> <span class='ocrx_word' id='word_1_933' title='bbox 1613 2577 1651 2613; x_wconf 93' lang='lat' dir='ltr'>in</span> <span class='ocrx_word' id='word_1_934' title='bbox 1671 2575 1751 2613; x_wconf 92' lang='lat' dir='ltr'>eius</span> <span class='ocrx_word' id='word_1_935' title='bbox 1771 2575 1992 2613; x_wconf 89' lang='lat' dir='ltr'>definitione</span> <span class='ocrx_word' id='word_1_936' title='bbox 2010 2576 2042 2623; x_wconf 88' lang='lat'>*,</span> <span class='ocrx_word' id='word_1_937' title='bbox 2063 2587 2134 2612; x_wconf 89' lang='lat' dir='ltr'>nec</span> <span class='ocrx_word' id='word_1_938' title='bbox 2152 2576 2227 2612; x_wconf 90' lang='lat' dir='ltr'>hoc</span> <span class='ocrx_word' id='word_1_939' title='bbox 2254 2575 2379 2612; x_wconf 91' lang='lat' dir='ltr'>solum</span> <span class='ocrx_word' id='word_1_940' title='bbox 2410 2575 2515 2623; x_wconf 92' lang='lat' dir='ltr'>quod</span> 
     </span>
     <span class='ocr_line' id='line_1_139' title="bbox 1447 2627 2513 2678; baseline -0.003 -12"><span class='ocrx_word' id='word_1_941' title='bbox 1447 2629 1580 2666; x_wconf 89' lang='lat' dir='ltr'>dicitur</span> <span class='ocrx_word' id='word_1_942' title='bbox 1612 2641 1691 2666; x_wconf 73' lang='lat' dir='ltr'>vox</span> <span class='ocrx_word' id='word_1_943' title='bbox 1723 2628 1991 2678; x_wconf 71' lang='lat' dir='ltr'>significativa,</span> <span class='ocrx_word' id='word_1_944' title='bbox 2028 2628 2220 2664; x_wconf 88' lang='lat' dir='ltr'>sufficiens</span> <span class='ocrx_word' id='word_1_945' title='bbox 2255 2635 2310 2664; x_wconf 91' lang='lat' dir='ltr'>est</span> <span class='ocrx_word' id='word_1_946' title='bbox 2345 2627 2513 2664; x_wconf 90' lang='lat' dir='ltr'>definitio</span> 
     </span>
     <span class='ocr_line' id='line_1_140' title="bbox 1447 2679 2514 2729; baseline -0.002 -11"><span class='ocrx_word' id='word_1_947' title='bbox 1447 2681 1737 2726; x_wconf 89' lang='lat' dir='ltr'>enunciationis;</span> <span class='ocrx_word' id='word_1_948' title='bbox 1767 2681 1902 2717; x_wconf 90' lang='lat' dir='ltr'>melius</span> <span class='ocrx_word' id='word_1_949' title='bbox 1929 2679 2000 2717; x_wconf 88' lang='lat' dir='ltr'>dici</span> <span class='ocrx_word' id='word_1_950' title='bbox 2027 2687 2151 2729; x_wconf 91' lang='lat' dir='ltr'>potest</span> <span class='ocrx_word' id='word_1_951' title='bbox 2183 2680 2396 2717; x_wconf 88' lang='lat' dir='ltr'>secundum</span> <span class='ocrx_word' id='word_1_952' title='bbox 2422 2681 2514 2717; x_wconf 90' lang='lat' dir='ltr'>Por-</span> 
     </span>
     <span class='ocr_line' id='line_1_141' title="bbox 1445 2732 2514 2782; baseline -0.001 -12"><span class='ocrx_word' id='word_1_953' title='bbox 1445 2734 1636 2782; x_wconf 89' lang='lat' dir='ltr'>phyrium,</span> <span class='ocrx_word' id='word_1_954' title='bbox 1674 2733 1779 2782; x_wconf 93' lang='lat' dir='ltr'>quod</span> <span class='ocrx_word' id='word_1_955' title='bbox 1812 2734 1887 2770; x_wconf 93' lang='lat' dir='ltr'>hoc</span> <span class='ocrx_word' id='word_1_956' title='bbox 1914 2740 2036 2770; x_wconf 82' lang='lat' dir='ltr'>totum</span> <span class='ocrx_word' id='word_1_957' title='bbox 2066 2733 2171 2781; x_wconf 92' lang='lat' dir='ltr'>quod</span> <span class='ocrx_word' id='word_1_958' title='bbox 2200 2732 2332 2770; x_wconf 92' lang='lat' dir='ltr'>dicitur</span> <span class='ocrx_word' id='word_1_959' title='bbox 2359 2744 2437 2769; x_wconf 80' lang='lat' dir='ltr'>vox</span> <span class='ocrx_word' id='word_1_960' title='bbox 2467 2733 2514 2770; x_wconf 87' lang='lat' dir='ltr'>si-</span> 
     </span>
     <span class='ocr_line' id='line_1_142' title="bbox 1445 2786 2512 2836; baseline -0.001 -13"><span class='ocrx_word' id='word_1_961' title='bbox 1445 2787 1663 2836; x_wconf 77' lang='lat' dir='ltr'>gnificativa</span> <span class='ocrx_word' id='word_1_962' title='bbox 1698 2786 1743 2822; x_wconf 88' lang='lat' dir='ltr'>de</span> <span class='ocrx_word' id='word_1_963' title='bbox 1770 2798 1814 2823; x_wconf 88' lang='lat' dir='ltr'>eo</span> <span class='ocrx_word' id='word_1_964' title='bbox 1843 2787 1944 2834; x_wconf 86' lang='lat' dir='ltr'>quod</span> <span class='ocrx_word' id='word_1_965' title='bbox 1976 2792 2044 2831; x_wconf 85' lang='lat' dir='ltr'>est,</span> <span class='ocrx_word' id='word_1_966' title='bbox 2080 2786 2140 2822; x_wconf 82' lang='lat' dir='ltr'>vel</span> <span class='ocrx_word' id='word_1_967' title='bbox 2166 2786 2212 2823; x_wconf 88' lang='lat' dir='ltr'>de</span> <span class='ocrx_word' id='word_1_968' title='bbox 2238 2798 2282 2822; x_wconf 89' lang='lat' dir='ltr'>eo</span> <span class='ocrx_word' id='word_1_969' title='bbox 2310 2786 2412 2834; x_wconf 86' lang='lat' dir='ltr'>quod</span> <span class='ocrx_word' id='word_1_970' title='bbox 2437 2797 2512 2823; x_wconf 88' lang='lat' dir='ltr'>non</span> 
     </span>
     <span class='ocr_line' id='line_1_143' title="bbox 1447 2838 2515 2887; baseline -0.001 -11"><span class='ocrx_word' id='word_1_971' title='bbox 1447 2845 1509 2885; x_wconf 89' lang='lat' dir='ltr'>est,</span> <span class='ocrx_word' id='word_1_972' title='bbox 1531 2847 1587 2876; x_wconf 91' lang='lat' dir='ltr'>est</span> <span class='ocrx_word' id='word_1_973' title='bbox 1606 2838 1774 2876; x_wconf 88' lang='lat' dir='ltr'>definitio</span> <span class='ocrx_word' id='word_1_974' title='bbox 1802 2838 2086 2876; x_wconf 82' lang='lat' dir='ltr'>enunciationis,</span> <span class='ocrx_word' id='word_1_975' title='bbox 2107 2839 2192 2876; x_wconf 90' lang='lat' dir='ltr'>Nec</span> <span class='ocrx_word' id='word_1_976' title='bbox 2213 2846 2341 2876; x_wconf 89' lang='lat' dir='ltr'>tamen</span> <span class='ocrx_word' id='word_1_977' title='bbox 2361 2838 2515 2887; x_wconf 91' lang='lat' dir='ltr'>ponitur</span> 
     </span>
     <span class='ocr_line' id='line_1_144' title="bbox 1447 2891 2512 2939; baseline 0 -11"><span class='ocrx_word' id='word_1_978' title='bbox 1447 2892 1648 2929; x_wconf 88' lang='lat' dir='ltr'>affirmatio</span> <span class='ocrx_word' id='word_1_979' title='bbox 1679 2899 1714 2928; x_wconf 90' lang='lat' dir='ltr'>et</span> <span class='ocrx_word' id='word_1_980' title='bbox 1741 2891 1890 2939; x_wconf 89' lang='lat' dir='ltr'>negatio</span> <span class='ocrx_word' id='word_1_981' title='bbox 1919 2892 1957 2928; x_wconf 92' lang='lat' dir='ltr'>in</span> <span class='ocrx_word' id='word_1_982' title='bbox 1990 2891 2210 2929; x_wconf 89' lang='lat' dir='ltr'>definitione</span> <span class='ocrx_word' id='word_1_983' title='bbox 2239 2891 2512 2928; x_wconf 66' lang='lat' dir='ltr'>enunciationis;</span> 
     </span>
     <span class='ocr_line' id='line_1_145' title="bbox 1447 2943 2512 2992; baseline -0.001 -10"><span class='ocrx_word' id='word_1_984' title='bbox 1447 2945 1515 2982; x_wconf 91' lang='lat' dir='ltr'>sed</span> <span class='ocrx_word' id='word_1_985' title='bbox 1530 2944 1649 2982; x_wconf 91' lang='lat' dir='ltr'>virtus</span> <span class='ocrx_word' id='word_1_986' title='bbox 1669 2944 1930 2982; x_wconf 82' lang='lat' dir='ltr'>affirmationis</span> <span class='ocrx_word' id='word_1_987' title='bbox 1951 2953 1987 2982; x_wconf 93' lang='lat' dir='ltr'>et</span> <span class='ocrx_word' id='word_1_988' title='bbox 2001 2944 2222 2992; x_wconf 88' lang='lat' dir='ltr'>negationis,</span> <span class='ocrx_word' id='word_1_989' title='bbox 2243 2944 2383 2982; x_wconf 91' lang='lat' dir='ltr'>scilicet</span> <span class='ocrx_word' id='word_1_990' title='bbox 2402 2943 2512 2992; x_wconf 86' lang='lat' dir='ltr'>signi·</span> 
     </span>
     <span class='ocr_line' id='line_1_146' title="bbox 1446 2997 2662 3047; baseline 0 -13"><span class='ocrx_word' id='word_1_991' title='bbox 1446 2998 1602 3035; x_wconf 91' lang='lat' dir='ltr'>ficatum</span> <span class='ocrx_word' id='word_1_992' title='bbox 1631 2998 1712 3034; x_wconf 91' lang='lat' dir='ltr'>eius</span> <span class='ocrx_word' id='word_1_993' title='bbox 1731 3003 1770 3044; x_wconf 72' lang='lat'>³²²²,</span> <span class='ocrx_word' id='word_1_994' title='bbox 1792 2998 1897 3047; x_wconf 90' lang='lat' dir='ltr'>quod</span> <span class='ocrx_word' id='word_1_995' title='bbox 1917 3005 1971 3034; x_wconf 92' lang='lat' dir='ltr'>est</span> <span class='ocrx_word' id='word_1_996' title='bbox 1999 3010 2082 3034; x_wconf 89' lang='lat' dir='ltr'>esse</span> <span class='ocrx_word' id='word_1_997' title='bbox 2101 2998 2163 3035; x_wconf 89' lang='lat' dir='ltr'>vel</span> <span class='ocrx_word' id='word_1_998' title='bbox 2183 3010 2260 3034; x_wconf 93' lang='lat' dir='ltr'>non</span> <span class='ocrx_word' id='word_1_999' title='bbox 2287 3009 2382 3045; x_wconf 90' lang='lat' dir='ltr'>esse,</span> <span class='ocrx_word' id='word_1_1000' title='bbox 2407 2997 2512 3046; x_wconf 79' lang='lat' dir='ltr'>quod</span> <span class='ocrx_word' id='word_1_1001' title='bbox 2632 3011 2662 3028; x_wconf 65' lang='lat' dir='ltr'>aa</span> 
     </span>
    </p>
   </div>
   <div class='ocr_carea' id='block_1_26' title="bbox 2542 2636 2755 2697">
    <p class='ocr_par' dir='ltr' id='par_1_33' title="bbox 2542 2636 2755 2697">
     <span class='ocr_line' id='line_1_147' title="bbox 2543 2636 2755 2664; baseline 0 -5"><span class='ocrx_word' id='word_1_1002' title='bbox 2543 2637 2552 2645; x_wconf 81' lang='grc'>·</span> <span class='ocrx_word' id='word_1_1003' title='bbox 2575 2636 2610 2659; x_wconf 85' lang='lat' dir='ltr'>Ci.</span> <span class='ocrx_word' id='word_1_1004' title='bbox 2635 2637 2687 2659; x_wconf 82' lang='lat' dir='ltr'>leet.</span> <span class='ocrx_word' id='word_1_1005' title='bbox 2717 2643 2755 2664; x_wconf 77' lang='lat' dir='ltr'>vi,</span> 
     </span>
     <span class='ocr_line' id='line_1_148' title="bbox 2542 2667 2701 2697; baseline 0.013 -13"><span class='ocrx_word' id='word_1_1006' title='bbox 2542 2669 2565 2685; x_wconf 83' lang='lat' dir='ltr'>n.</span> <span class='ocrx_word' id='word_1_1007' title='bbox 2579 2670 2602 2691; x_wconf 84' lang='lat'>4,</span> <span class='ocrx_word' id='word_1_1008' title='bbox 2613 2667 2662 2686; x_wconf 87' lang='lat' dir='ltr'>not.</span> <span class='ocrx_word' id='word_1_1009' title='bbox 2676 2673 2701 2697; x_wconf 75' lang='grc' dir='ltr'>η,</span> 
     </span>
    </p>
   </div>
   <div class='ocr_carea' id='block_1_27' title="bbox 2542 2746 2693 2775">
    <p class='ocr_par' dir='ltr' id='par_1_34' title="bbox 2542 2746 2693 2775">
     <span class='ocr_line' id='line_1_149' title="bbox 2542 2746 2693 2775; baseline 0.013 -8"><span class='ocrx_word' id='word_1_1010' title='bbox 2542 2746 2693 2775; x_wconf 74' lang='lat' dir='ltr'>Porphyrius.</span> 
     </span>
    </p>
   </div>
   <div class='ocr_carea' id='block_1_28' title="bbox 1442 3134 2510 3591">
    <p class='ocr_par' dir='ltr' id='par_1_35' title="bbox 1443 3134 2510 3274">
     <span class='ocr_line' id='line_1_150' title="bbox 1443 3134 2509 3169; baseline 0.001 -9"><span class='ocrx_word' id='word_1_1011' title='bbox 1443 3144 1567 3169; x_wconf 83' lang='lat' dir='ltr'>quaerere</span> <span class='ocrx_word' id='word_1_1012' title='bbox 1586 3142 1673 3160; x_wconf 75' lang='lat' dir='ltr'>uti-um</span> <span class='ocrx_word' id='word_1_1013' title='bbox 1691 3136 1770 3160; x_wconf 82' lang='lat' dir='ltr'>verba</span> <span class='ocrx_word' id='word_1_1014' title='bbox 1790 3135 1837 3160; x_wconf 81' lang='lat' dir='ltr'>ista</span> <span class='ocrx_word' id='word_1_1015' title='bbox 1851 3135 1902 3160; x_wconf 83' lang='lat' dir='ltr'>sint</span> <span class='ocrx_word' id='word_1_1016' title='bbox 1917 3135 2010 3160; x_wconf 78' lang='lat' dir='ltr'>additio</span> <span class='ocrx_word' id='word_1_1017' title='bbox 2025 3134 2190 3167; x_wconf 77' lang='lat' dir='ltr'>marginalis?</span> <span class='ocrx_word' id='word_1_1018' title='bbox 2205 3136 2282 3160; x_wconf 84' lang='lat' dir='ltr'>Salvo</span> <span class='ocrx_word' id='word_1_1019' title='bbox 2295 3135 2395 3160; x_wconf 85' lang='lat' dir='ltr'>meliori</span> <span class='ocrx_word' id='word_1_1020' title='bbox 2409 3135 2509 3167; x_wconf 80' lang='lat' dir='ltr'>iudicio,</span> 
     </span>
     <span class='ocr_line' id='line_1_151' title="bbox 1443 3170 2510 3204; baseline -0.001 -8"><span class='ocrx_word' id='word_1_1021' title='bbox 1443 3179 1494 3196; x_wconf 91' lang='lat' dir='ltr'>non</span> <span class='ocrx_word' id='word_1_1022' title='bbox 1513 3171 1630 3196; x_wconf 85' lang='lat' dir='ltr'>videntur</span> <span class='ocrx_word' id='word_1_1023' title='bbox 1644 3179 1703 3196; x_wconf 88' lang='lat' dir='ltr'>esse</span> <span class='ocrx_word' id='word_1_1024' title='bbox 1722 3170 1869 3203; x_wconf 75' lang='lat' dir='ltr'>marginalis</span> <span class='ocrx_word' id='word_1_1025' title='bbox 1888 3170 1990 3202; x_wconf 81' lang='lat' dir='ltr'>additio,</span> <span class='ocrx_word' id='word_1_1026' title='bbox 2010 3171 2056 3195; x_wconf 87' lang='lat' dir='ltr'>sed</span> <span class='ocrx_word' id='word_1_1027' title='bbox 2070 3170 2180 3203; x_wconf 80' lang='lat' dir='ltr'>genuina</span> <span class='ocrx_word' id='word_1_1028' title='bbox 2194 3178 2216 3196; x_wconf 88' lang='lat' dir='ltr'>s.</span> <span class='ocrx_word' id='word_1_1029' title='bbox 2226 3170 2344 3196; x_wconf 81' lang='lat' dir='ltr'>Thomae</span> <span class='ocrx_word' id='word_1_1030' title='bbox 2357 3170 2445 3196; x_wconf 80' lang='lat' dir='ltr'>lectio:</span> <span class='ocrx_word' id='word_1_1031' title='bbox 2459 3178 2510 3204; x_wconf 79' lang='lat' dir='ltr'>qua</span> 
     </span>
     <span class='ocr_line' id='line_1_152' title="bbox 1443 3205 2510 3238; baseline -0.001 -7"><span class='ocrx_word' id='word_1_1032' title='bbox 1443 3207 1467 3231; x_wconf 93' lang='lat' dir='ltr'>in</span> <span class='ocrx_word' id='word_1_1033' title='bbox 1487 3207 1611 3232; x_wconf 77' lang='lat' dir='ltr'>sententia</span> <span class='ocrx_word' id='word_1_1034' title='bbox 1629 3205 1768 3231; x_wconf 86' lang='lat' dir='ltr'>confirmor</span> <span class='ocrx_word' id='word_1_1035' title='bbox 1780 3214 1811 3231; x_wconf 86' lang='lat' dir='ltr'>ex</span> <span class='ocrx_word' id='word_1_1036' title='bbox 1825 3206 1972 3231; x_wconf 77' lang='lat' dir='ltr'>immediate</span> <span class='ocrx_word' id='word_1_1037' title='bbox 1985 3205 2210 3238; x_wconf 77' lang='lat' dir='ltr'>praecedentibus,</span> <span class='ocrx_word' id='word_1_1038' title='bbox 2225 3205 2250 3230; x_wconf 91' lang='lat' dir='ltr'>in</span> <span class='ocrx_word' id='word_1_1039' title='bbox 2266 3205 2360 3238; x_wconf 83' lang='lat' dir='ltr'>quibus</span> <span class='ocrx_word' id='word_1_1040' title='bbox 2380 3205 2457 3231; x_wconf 82' lang='lat' dir='ltr'>etiam</span> <span class='ocrx_word' id='word_1_1041' title='bbox 2470 3205 2510 3230; x_wconf 82' lang='lat' dir='ltr'>in-</span> 
     </span>
     <span class='ocr_line' id='line_1_153' title="bbox 1443 3240 2461 3274; baseline -0.001 -8"><span class='ocrx_word' id='word_1_1042' title='bbox 1443 3242 1512 3266; x_wconf 87' lang='lat' dir='ltr'>ducit</span> <span class='ocrx_word' id='word_1_1043' title='bbox 1526 3250 1547 3266; x_wconf 86' lang='lat' dir='ltr'>s.</span> <span class='ocrx_word' id='word_1_1044' title='bbox 1554 3241 1670 3266; x_wconf 81' lang='lat' dir='ltr'>Thomas</span> <span class='ocrx_word' id='word_1_1045' title='bbox 1683 3242 1830 3274; x_wconf 84' lang='lat' dir='ltr'>exemplum</span> <span class='ocrx_word' id='word_1_1046' title='bbox 1845 3241 1959 3274; x_wconf 84' lang='lat' dir='ltr'>positum</span> <span class='ocrx_word' id='word_1_1047' title='bbox 1974 3241 2005 3266; x_wconf 81' lang='lat' dir='ltr'>ab</span> <span class='ocrx_word' id='word_1_1048' title='bbox 2020 3241 2061 3266; x_wconf 87' lang='lat' dir='ltr'>ed.</span> <span class='ocrx_word' id='word_1_1049' title='bbox 2074 3240 2151 3266; x_wconf 72' lang='lat' dir='ltr'>Pinna</span> <span class='ocrx_word' id='word_1_1050' title='bbox 2166 3246 2191 3266; x_wconf 84' lang='lat' dir='ltr'>et</span> <span class='ocrx_word' id='word_1_1051' title='bbox 2205 3240 2236 3265; x_wconf 78' lang='lat' dir='ltr'>ab</span> <span class='ocrx_word' id='word_1_1052' title='bbox 2251 3241 2372 3266; x_wconf 85' lang='lat' dir='ltr'>omnibus</span> <span class='ocrx_word' id='word_1_1053' title='bbox 2387 3240 2461 3266; x_wconf 87' lang='lat' dir='ltr'>codd.</span> 
     </span>
    </p>

    <p class='ocr_par' dir='ltr' id='par_1_36' title="bbox 1443 3275 2509 3450">
     <span class='ocr_line' id='line_1_154' title="bbox 1496 3275 2509 3310; baseline -0.001 -9"><span class='ocrx_word' id='word_1_1054' title='bbox 1496 3275 1524 3310; x_wconf 88' lang='grc' dir='ltr'>ιι)</span> <span class='ocrx_word' id='word_1_1055' title='bbox 1542 3277 1700 3302; x_wconf 77' lang='lat' dir='ltr'>Alexander</span> <span class='ocrx_word' id='word_1_1056' title='bbox 1717 3280 1806 3302; x_wconf 80' lang='lat' dir='ltr'>autem</span> <span class='ocrx_word' id='word_1_1057' title='bbox 1825 3276 1992 3302; x_wconf 76' lang='lat' dir='ltr'>existimavit</span> <span class='ocrx_word' id='word_1_1058' title='bbox 2006 3281 2053 3301; x_wconf 84' lang='lat' dir='ltr'>etc.</span> <span class='ocrx_word' id='word_1_1059' title='bbox 2069 3285 2083 3300; x_wconf 82' lang='grc'><strong>«</strong></span> <span class='ocrx_word' id='word_1_1060' title='bbox 2094 3275 2220 3308; x_wconf 73' lang='lat' dir='ltr'>Aspasius</span> <span class='ocrx_word' id='word_1_1061' title='bbox 2235 3275 2325 3306; x_wconf 80' lang='lat' dir='ltr'>etiam,</span> <span class='ocrx_word' id='word_1_1062' title='bbox 2340 3275 2424 3309; x_wconf 82' lang='lat' dir='ltr'>inquit</span> <span class='ocrx_word' id='word_1_1063' title='bbox 2442 3275 2509 3302; x_wconf 75' lang='lat' dir='ltr'>Boe-</span> 
     </span>
     <span class='ocr_line' id='line_1_155' title="bbox 1443 3306 2509 3345; baseline -0.003 -8"><span class='ocrx_word' id='word_1_1064' title='bbox 1443 3312 1521 3342; x_wconf 84' lang='lat' dir='ltr'>thius,</span> <span class='ocrx_word' id='word_1_1065' title='bbox 1536 3312 1662 3337; x_wconf 81' lang='lat' dir='ltr'>consentit</span> <span class='ocrx_word' id='word_1_1066' title='bbox 1679 3312 1825 3337; x_wconf 77' lang='lat' dir='ltr'>Alexandro</span> <span class='ocrx_word' id='word_1_1067' title='bbox 1841 3320 1854 3335; x_wconf 67' lang='grc' dir='ltr'>ι</span> <span class='ocrx_word' id='word_1_1068' title='bbox 1871 3311 1910 3345; x_wconf 89' lang='lat' dir='ltr'>(ln</span> <span class='ocrx_word' id='word_1_1069' title='bbox 1930 3311 1972 3336; x_wconf 86' lang='lat' dir='ltr'>lib.</span> <span class='ocrx_word' id='word_1_1070' title='bbox 1988 3311 2029 3336; x_wconf 75' lang='lat' dir='ltr'>De</span> <span class='ocrx_word' id='word_1_1071' title='bbox 2043 3311 2210 3343; x_wconf 74' lang='lat' dir='ltr'>interpretat.</span> <span class='ocrx_word' id='word_1_1072' title='bbox 2225 3311 2291 3336; x_wconf 82' lang='lat' dir='ltr'>Edit.</span> <span class='ocrx_word' id='word_1_1073' title='bbox 2301 3311 2334 3338; x_wconf 74' lang='lat'>11.</span> <span class='ocrx_word' id='word_1_1074' title='bbox 2349 3318 2407 3343; x_wconf 76' lang='lat' dir='ltr'>pag.</span> <span class='ocrx_word' id='word_1_1075' title='bbox 2418 3306 2509 3344; x_wconf 74' lang='lat'>33³).-</span> 
     </span>
     <span class='ocr_line' id='line_1_156' title="bbox 1443 3345 2507 3380; baseline -0.002 -8"><span class='ocrx_word' id='word_1_1076' title='bbox 1443 3348 1482 3372; x_wconf 91' lang='lat' dir='ltr'>De</span> <span class='ocrx_word' id='word_1_1077' title='bbox 1500 3355 1547 3372; x_wconf 85' lang='lat' dir='ltr'>sua</span> <span class='ocrx_word' id='word_1_1078' title='bbox 1564 3355 1627 3372; x_wconf 88' lang='lat' dir='ltr'>vero</span> <span class='ocrx_word' id='word_1_1079' title='bbox 1646 3347 1862 3380; x_wconf 83' lang='lat' dir='ltr'>interpretatione,</span> <span class='ocrx_word' id='word_1_1080' title='bbox 1881 3355 1960 3380; x_wconf 78' lang='lat' dir='ltr'>quam</span> <span class='ocrx_word' id='word_1_1081' title='bbox 1979 3354 2000 3372; x_wconf 76' lang='lat' dir='ltr'>s-</span> <span class='ocrx_word' id='word_1_1082' title='bbox 2011 3346 2127 3372; x_wconf 71' lang='lat' dir='ltr'>Thomas</span> <span class='ocrx_word' id='word_1_1083' title='bbox 2146 3354 2171 3371; x_wconf 83' lang='lat' dir='ltr'>n.</span> <span class='ocrx_word' id='word_1_1084' title='bbox 2190 3353 2245 3379; x_wconf 84' lang='lat' dir='ltr'>seq.</span> <span class='ocrx_word' id='word_1_1085' title='bbox 2264 3346 2352 3371; x_wconf 66' lang='lat' dir='ltr'>recitat</span> <span class='ocrx_word' id='word_1_1086' title='bbox 2365 3350 2441 3378; x_wconf 73' lang='lat' dir='ltr'>atque</span> <span class='ocrx_word' id='word_1_1087' title='bbox 2458 3345 2507 3370; x_wconf 88' lang='lat' dir='ltr'>im-</span> 
     </span>
     <span class='ocr_line' id='line_1_157' title="bbox 1444 3378 2505 3415; baseline -0.002 -8"><span class='ocrx_word' id='word_1_1088' title='bbox 1444 3383 1542 3415; x_wconf 80' lang='lat' dir='ltr'>probat,</span> <span class='ocrx_word' id='word_1_1089' title='bbox 1558 3383 1591 3408; x_wconf 84' lang='lat' dir='ltr'>ait</span> <span class='ocrx_word' id='word_1_1090' title='bbox 1609 3383 1666 3415; x_wconf 87' lang='lat' dir='ltr'>ipse</span> <span class='ocrx_word' id='word_1_1091' title='bbox 1680 3381 1819 3407; x_wconf 85' lang='lat' dir='ltr'>Boethius:</span> <span class='ocrx_word' id='word_1_1092' title='bbox 1840 3391 1854 3406; x_wconf 82' lang='lat'>‹</span> <span class='ocrx_word' id='word_1_1093' title='bbox 1866 3383 1939 3407; x_wconf 75' lang='lat' dir='ltr'>Hanc</span> <span class='ocrx_word' id='word_1_1094' title='bbox 1958 3381 2143 3415; x_wconf 85' lang='lat' dir='ltr'>expositionem</span> <span class='ocrx_word' id='word_1_1095' title='bbox 2159 3379 2240 3414; x_wconf 88' lang='lat' dir='ltr'>(quod</span> <span class='ocrx_word' id='word_1_1096' title='bbox 2256 3380 2338 3406; x_wconf 76' lang='lat' dir='ltr'>adhuc</span> <span class='ocrx_word' id='word_1_1097' title='bbox 2352 3378 2442 3414; x_wconf 75' lang='lat' dir='ltr'>sciam)</span> <span class='ocrx_word' id='word_1_1098' title='bbox 2461 3387 2505 3405; x_wconf 89' lang='lat' dir='ltr'>ne—</span> 
     </span>
     <span class='ocr_line' id='line_1_158' title="bbox 1445 3415 2436 3450; baseline -0.003 -8"><span class='ocrx_word' id='word_1_1099' title='bbox 1445 3427 1458 3441; x_wconf 79' lang='lat'><strong>»</strong></span> <span class='ocrx_word' id='word_1_1100' title='bbox 1474 3426 1526 3450; x_wconf 87' lang='lat' dir='ltr'>que</span> <span class='ocrx_word' id='word_1_1101' title='bbox 1545 3418 1710 3450; x_wconf 84' lang='lat' dir='ltr'>Porphyrius,</span> <span class='ocrx_word' id='word_1_1102' title='bbox 1727 3425 1812 3450; x_wconf 88' lang='lat' dir='ltr'>neque</span> <span class='ocrx_word' id='word_1_1103' title='bbox 1830 3418 1898 3442; x_wconf 84' lang='lat' dir='ltr'>ullus</span> <span class='ocrx_word' id='word_1_1104' title='bbox 1917 3417 1982 3443; x_wconf 80' lang='lat' dir='ltr'>alius</span> <span class='ocrx_word' id='word_1_1105' title='bbox 2001 3421 2232 3442; x_wconf 73' lang='lat' dir='ltr'>commentatorum</span> <span class='ocrx_word' id='word_1_1106' title='bbox 2250 3415 2313 3440; x_wconf 86' lang='lat' dir='ltr'>vidit</span> <span class='ocrx_word' id='word_1_1107' title='bbox 2326 3423 2340 3439; x_wconf 64' lang='grc' dir='ltr'>ι</span> <span class='ocrx_word' id='word_1_1108' title='bbox 2360 3415 2436 3447; x_wconf 54' lang='lat' dir='ltr'>(im).</span> 
     </span>
    </p>

    <p class='ocr_par' dir='ltr' id='par_1_37' title="bbox 1442 3451 2508 3591">
     <span class='ocr_line' id='line_1_159' title="bbox 1497 3451 2506 3487; baseline -0.004 -9"><span class='ocrx_word' id='word_1_1109' title='bbox 1497 3451 1537 3487; x_wconf 76' lang='grc' dir='ltr'>κκ)</span> <span class='ocrx_word' id='word_1_1110' title='bbox 1549 3453 1654 3478; x_wconf 86' lang='lat' dir='ltr'>Scilicet</span> <span class='ocrx_word' id='word_1_1111' title='bbox 1662 3453 1842 3485; x_wconf 75' lang='lat' dir='ltr'>significatum</span> <span class='ocrx_word' id='word_1_1112' title='bbox 1852 3453 1908 3478; x_wconf 80' lang='lat' dir='ltr'>eius</span> <span class='ocrx_word' id='word_1_1113' title='bbox 1917 3458 1978 3478; x_wconf 89' lang='lat' dir='ltr'>etc.-</span> <span class='ocrx_word' id='word_1_1114' title='bbox 1984 3452 2021 3477; x_wconf 81' lang='lat' dir='ltr'>P.:</span> <span class='ocrx_word' id='word_1_1115' title='bbox 2027 3452 2131 3477; x_wconf 57' lang='lat' dir='ltr'>&#39;scilicet</span> <span class='ocrx_word' id='word_1_1116' title='bbox 2139 3451 2210 3484; x_wconf 78' lang='lat' dir='ltr'>quod</span> <span class='ocrx_word' id='word_1_1117' title='bbox 2215 3457 2270 3476; x_wconf 81' lang='lat' dir='ltr'>esse</span> <span class='ocrx_word' id='word_1_1118' title='bbox 2276 3451 2318 3475; x_wconf 78' lang='lat' dir='ltr'>vel</span> <span class='ocrx_word' id='word_1_1119' title='bbox 2326 3457 2377 3475; x_wconf 84' lang='lat' dir='ltr'>non</span> <span class='ocrx_word' id='word_1_1120' title='bbox 2385 3456 2440 3475; x_wconf 78' lang='lat' dir='ltr'>esse</span> <span class='ocrx_word' id='word_1_1121' title='bbox 2450 3454 2506 3480; x_wconf 85' lang='lat' dir='ltr'>etc.;</span> 
     </span>
     <span class='ocr_line' id='line_1_160' title="bbox 1442 3484 2506 3520; baseline -0.003 -8"><span class='ocrx_word' id='word_1_1122' title='bbox 1442 3502 1461 3507; x_wconf 90' lang='lat'>-</span> <span class='ocrx_word' id='word_1_1123' title='bbox 1469 3488 1600 3513; x_wconf 60' lang='lat' dir='ltr'>Eddabc:</span> <span class='ocrx_word' id='word_1_1124' title='bbox 1608 3488 1707 3513; x_wconf 85' lang='lat' dir='ltr'>scilicet</span> <span class='ocrx_word' id='word_1_1125' title='bbox 1716 3488 1787 3520; x_wconf 82' lang='lat' dir='ltr'>quod</span> <span class='ocrx_word' id='word_1_1126' title='bbox 1796 3491 1835 3513; x_wconf 82' lang='lat' dir='ltr'>est</span> <span class='ocrx_word' id='word_1_1127' title='bbox 1847 3495 1902 3513; x_wconf 84' lang='lat' dir='ltr'>esse</span> <span class='ocrx_word' id='word_1_1128' title='bbox 1912 3488 1952 3512; x_wconf 77' lang='lat' dir='ltr'>vel</span> <span class='ocrx_word' id='word_1_1129' title='bbox 1961 3495 2012 3512; x_wconf 88' lang='lat' dir='ltr'>non</span> <span class='ocrx_word' id='word_1_1130' title='bbox 2026 3494 2090 3515; x_wconf 57' lang='lat' dir='ltr'>esses·</span> <span class='ocrx_word' id='word_1_1131' title='bbox 2100 3487 2237 3511; x_wconf 78' lang='lat' dir='ltr'>-Venetae</span> <span class='ocrx_word' id='word_1_1132' title='bbox 2252 3484 2316 3510; x_wconf 79' lang='lat'><strong>1526</strong></span> <span class='ocrx_word' id='word_1_1133' title='bbox 2331 3489 2356 3510; x_wconf 89' lang='lat' dir='ltr'>et</span> <span class='ocrx_word' id='word_1_1134' title='bbox 2369 3484 2448 3517; x_wconf 83' lang='lat'>1557:</span> <span class='ocrx_word' id='word_1_1135' title='bbox 2457 3485 2506 3510; x_wconf 84' lang='lat' dir='ltr'>sci-</span> 
     </span>
     <span class='ocr_line' id='line_1_161' title="bbox 1443 3519 2508 3554; baseline -0.004 -6"><span class='ocrx_word' id='word_1_1136' title='bbox 1443 3524 1503 3549; x_wconf 83' lang='lat' dir='ltr'>licet</span> <span class='ocrx_word' id='word_1_1137' title='bbox 1518 3530 1573 3548; x_wconf 79' lang='lat' dir='ltr'>esse</span> <span class='ocrx_word' id='word_1_1138' title='bbox 1584 3524 1623 3548; x_wconf 75' lang='lat' dir='ltr'>vel</span> <span class='ocrx_word' id='word_1_1139' title='bbox 1637 3531 1688 3548; x_wconf 85' lang='lat' dir='ltr'>non</span> <span class='ocrx_word' id='word_1_1140' title='bbox 1703 3530 1766 3551; x_wconf 84' lang='lat' dir='ltr'>esse,</span> <span class='ocrx_word' id='word_1_1141' title='bbox 1777 3528 1857 3554; x_wconf 84' lang='lat' dir='ltr'>etc.;·-</span> <span class='ocrx_word' id='word_1_1142' title='bbox 1868 3523 1924 3548; x_wconf 69' lang='lat' dir='ltr'>AB:</span> <span class='ocrx_word' id='word_1_1143' title='bbox 1939 3522 2037 3548; x_wconf 79' lang='lat' dir='ltr'>scilicet</span> <span class='ocrx_word' id='word_1_1144' title='bbox 2046 3522 2224 3554; x_wconf 77' lang='lat' dir='ltr'>significatum</span> <span class='ocrx_word' id='word_1_1145' title='bbox 2234 3520 2298 3549; x_wconf 83' lang='lat' dir='ltr'>eius,</span> <span class='ocrx_word' id='word_1_1146' title='bbox 2311 3519 2383 3552; x_wconf 82' lang='lat' dir='ltr'>quod</span> <span class='ocrx_word' id='word_1_1147' title='bbox 2398 3527 2453 3545; x_wconf 83' lang='lat' dir='ltr'>esse</span> <span class='ocrx_word' id='word_1_1148' title='bbox 2467 3520 2508 3544; x_wconf 76' lang='lat' dir='ltr'>vel</span> 
     </span>
     <span class='ocr_line' id='line_1_162' title="bbox 1443 3556 2506 3591; baseline -0.004 -8"><span class='ocrx_word' id='word_1_1149' title='bbox 1443 3566 1495 3584; x_wconf 88' lang='lat' dir='ltr'>non</span> <span class='ocrx_word' id='word_1_1150' title='bbox 1505 3565 1560 3583; x_wconf 85' lang='lat' dir='ltr'>esse</span> <span class='ocrx_word' id='word_1_1151' title='bbox 1569 3563 1646 3588; x_wconf 82' lang='lat' dir='ltr'>etc.;-</span> <span class='ocrx_word' id='word_1_1152' title='bbox 1655 3558 1688 3583; x_wconf 93' lang='lat' dir='ltr'>C:</span> <span class='ocrx_word' id='word_1_1153' title='bbox 1703 3558 1772 3583; x_wconf 81' lang='lat' dir='ltr'>idest</span> <span class='ocrx_word' id='word_1_1154' title='bbox 1785 3557 1991 3591; x_wconf 71' lang='lat' dir='ltr'>significativum</span> <span class='ocrx_word' id='word_1_1155' title='bbox 2002 3557 2091 3589; x_wconf 77' lang='lat' dir='ltr'>ipsius,</span> <span class='ocrx_word' id='word_1_1156' title='bbox 2101 3556 2173 3589; x_wconf 75' lang='lat' dir='ltr'>quod</span> <span class='ocrx_word' id='word_1_1157' title='bbox 2182 3562 2237 3581; x_wconf 80' lang='lat' dir='ltr'>esse</span> <span class='ocrx_word' id='word_1_1158' title='bbox 2251 3556 2291 3580; x_wconf 85' lang='lat' dir='ltr'>vel</span> <span class='ocrx_word' id='word_1_1159' title='bbox 2301 3562 2352 3580; x_wconf 86' lang='lat' dir='ltr'>non</span> <span class='ocrx_word' id='word_1_1160' title='bbox 2362 3561 2417 3580; x_wconf 85' lang='lat' dir='ltr'>esse</span> <span class='ocrx_word' id='word_1_1161' title='bbox 2429 3560 2506 3586; x_wconf 70' lang='lat' dir='ltr'>etc.;—</span> 
     </span>
    </p>
   </div>
  </div>
 </body>
</html>
