2548 4192
204 278 297 303 CXLII

205 353 275 377 tum
299 345 491 386 protulisset,
514 345 589 375 Hoc
610 344 750 380 dictum,
775 343 871 380 addit,
901 348 1033 373 sanctus
1048 341 1216 370 Maximus
1244 343 1275 368 et

204 391 386 430 Dionysius
408 389 652 420 Alexandrinus
675 392 884 418 annotarunt.
908 386 1013 416 Aliam
1033 383 1221 414 sententiam
1238 393 1274 412 ex

207 434 317 464 eadem
327 433 536 473 Areopagitae
556 432 688 472 epistola
705 441 779 461 cum
794 430 972 460 adduxisset
988 428 1112 459 Decade
1136 427 1274 457 secunda

207 478 307 518 capite
321 489 354 516 11,
371 478 473 514 Alter,
491 477 603 517 inquit,
619 476 799 515 Dionysius
815 471 1083 515 (Alexandrinus)
1099 472 1179 502 haec
1194 471 1274 502 edis-

206 532 317 553 serens
339 523 386 552 ait
408 528 465 551 etc.

274 567 311 596 11.
336 565 481 596 Usserius
496 563 714 594 Armachanus
733 562 765 591 in
783 560 1055 591 observationibus
1071 570 1130 590 ms.
1148 567 1184 591 ut
1203 560 1277 591 citat

207 610 408 651 Lequienus,
438 608 488 638 vel
512 614 547 638 ut
570 606 675 637 citatio
700 612 746 635 est
775 606 818 635 Io.
837 605 957 635 Alberti
981 604 1114 635 Fabricii
1142 604 1223 634 libro
1247 604 1275 635 V

207 654 351 685 biblioth.
368 662 495 693 graecae
510 651 610 690 capite
626 661 647 688 1,
665 659 799 679 numero
815 650 846 687 6,
862 649 894 678 in
911 648 1128 679 dissertatione
1145 649 1184 678 de
1199 648 1276 678 Dio-

208 698 311 739 nysio,
335 706 432 737 quam
456 696 497 725 H.
518 694 717 725 Warthonus
736 693 832 723 edidit
855 693 896 723 ad
917 693 1035 723 calcem
1058 692 1129 722 libri
1149 693 1187 723 de
1204 693 1276 723 scri-

207 742 306 782 pturis
321 739 505 776 vernaculis,
521 745 611 778 putat
626 737 736 767 Ioanni
755 737 1019 778 Scythopolitano
1036 737 1196 767 reddenda
1209 747 1276 767 esse

207 784 342 821 Scholia,
354 793 435 824 quae
448 782 604 823 Dionysio
614 781 828 812 Alexandrino
839 791 1004 821 perperam
1015 781 1163 814 attributa
1178 787 1274 811 erant.

210 829 304 866 Quod
326 837 368 858 ex
389 828 567 864 sententia,
596 825 719 866 inquit,
749 836 769 856 a
801 826 1025 866 Cyparissiota
1055 835 1097 855 ex
1122 826 1277 865 Dionysii

205 873 340 903 Scholiis
363 872 460 902 citata
475 876 581 911 patet,·
604 880 687 910 quae
715 871 747 900 in
771 871 900 901 scholiis
924 871 992 900 istis
1020 869 1147 900 totidem
1173 869 1277 900 verbis

206 917 377 956 reperitur,
403 920 438 945 ut
457 916 556 955 liquet
572 925 614 945 ex
630 915 731 945 latina
749 915 962 945 translatione
977 914 1177 945 Scholiorum
1194 914 1276 954 Scy-

205 961 412 1000 thopolitani,
443 969 464 989 a
487 959 626 990 Roberto
649 959 868 989 Lincolniensi
890 959 1047 999 Episcopo
1067 958 1165 999 facta
1190 963 1220 988 et
1243 959 1275 988 in

205 1005 390 1035 bibliotheca
414 1004 543 1045 collegii
568 1003 722 1044 Corporis
747 1003 868 1034 Christi
890 1003 978 1043 apud
1001 1002 1201 1033 Oxonienses
1224 1012 1276 1033 as-

203 1054 341 1080 servata.
366 1050 409 1079 At
425 1048 555 1086 mirum,
579 1047 691 1088 inquio
708 1057 779 1087 ego,
795 1047 932 1078 maxime
953 1047 1056 1085 fuerit,
1072 1047 1276 1077 Anastasium

204 1093 369 1131 Sinaitam,
393 1092 449 1133 qui
473 1099 561 1122 sexto
580 1092 707 1122 saeculo
723 1092 822 1122 vitam
845 1092 966 1132 agebat,
987 1101 1121 1132 eamque
1138 1098 1174 1122 ut
1189 1101 1275 1121 surn-

203 1148 295 1168 mum
318 1138 358 1168 ad
381 1136 470 1167 initia
493 1136 610 1167 saeculi
633 1136 758 1176 septimi
782 1136 933 1174 traduxit,
958 1143 994 1166 ut
1016 1135 1163 1166 Bollandi
1187 1135 1275 1166 Con-

202 1182 375 1213 tinuatores
390 1187 502 1211 notant
517 1181 557 1210 ad
568 1180 653 1211 diem
669 1191 710 1211 20
731 1180 847 1220 aprilis,
863 1180 990 1211 Scholia
1009 1180 1170 1220 ignorasse
1185 1180 1275 1210 loan-

202 1226 251 1256 nis
261 1225 514 1267 Scythopolitani
529 1225 672 1255 eiusdem
688 1224 804 1255 saeculi
821 1224 897 1255 sexti
913 1224 1083 1264 scriptoris,
1100 1225 1275 1265 eademque

202 1270 360 1311 Dionysio
384 1269 597 1300 Alexandrino
621 1268 782 1299 tribuisse!
810 1268 969 1309 Equidem
993 1268 1063 1299 loca
1087 1269 1169 1306 duo,
1193 1278 1275 1309 quae

203 1314 418 1355 Cyparissiota
446 1313 565 1354 profert
593 1313 694 1353 capite
717 1324 727 1343 1
751 1312 884 1343 Decadis
913 1313 1034 1352 primae
1064 1319 1095 1343 et
1122 1313 1223 1353 capite
1254 1324 1275 1343 11

202 1358 336 1389 Decadis
352 1358 508 1388 secundae
524 1358 583 1388 sub
599 1357 730 1388 nomine
746 1357 892 1397 Dionysii
909 1356 1124 1395 Alexandrini,
1141 1357 1275 1387 totidem

202 1403 305 1433 verbis
329 1402 528 1442 reperiuntur
550 1402 583 1431 in
607 1401 745 1439 scholiis,
769 1411 851 1442 quae
870 1401 929 1431 sub
948 1401 1079 1431 nomine
1103 1412 1127 1431 s.
1145 1401 1274 1431 Maximi

204 1447 408 1487 prodierunt:
434 1453 463 1477 et
487 1446 612 1476 miratio
637 1446 721 1476 subit
744 1445 856 1483 maior,
877 1445 1002 1475 loannis
1022 1445 1274 1485 Scythopolitani

202 1501 321 1522 nomen
341 1491 437 1521 deleri
456 1490 617 1520 oblivione
631 1490 784 1530 potuisse,
800 1489 932 1529 eiusque
946 1490 1019 1519 loco
1039 1489 1186 1519 substitui
1202 1490 1274 1519 Ma-

202 1545 306 1576 gnum
323 1536 518 1576 Dionysium
535 1534 794 1564 Alexandrinum
811 1534 1004 1574 Episcopum
1022 1538 1052 1563 et
1067 1533 1252 1564 oratorem!

269 1582 320 1609 An
345 1579 475 1609 fortasse
498 1579 607 1608 locum
631 1578 743 1608 habeat
767 1578 958 1615 coniectura,
978 1577 1105 1608 Scholia
1123 1577 1155 1607 in
1175 1580 1274 1608 Areo-

202 1623 342 1664 pagitam
361 1624 511 1653 adornata
530 1622 626 1653 fuisse
645 1629 675 1652 et
691 1633 709 1652 a
727 1622 884 1663 Dionysio
903 1622 1045 1662 quodam
1061 1622 1274 1652 Alexandrino

203 1674 233 1698 et
256 1678 274 1697 a
299 1668 416 1698 Ioanne
439 1666 719 1708 Scythopolitano;
743 1673 773 1697 et
796 1666 882 1696 hunc
905 1666 1066 1707 pleraque,
1086 1676 1168 1707 quae
1188 1666 1275 1706 prior

202 1711 280 1742 alter
303 1718 393 1742 antea
416 1711 589 1751 scripserat,
610 1721 666 1741 sua
690 1710 815 1748 fecisse;
834 1711 885 1741 vel
904 1710 1011 1750 potius
1031 1720 1047 1740 e
1067 1708 1194 1741 contra?
1213 1711 1275 1741 Pro

204 1762 288 1786 certo
313 1766 348 1786 ac
371 1755 548 1786 indubitato
577 1762 683 1785 tamen
712 1755 790 1785 illud
814 1755 997 1785 habendum
1027 1754 1183 1793 existimo,
1207 1765 1275 1785 ma-

201 1810 303 1841 gnum
328 1800 431 1837 illum,
456 1809 553 1840 quem
571 1806 686 1830 vocant
704 1800 900 1840 Dionysium
919 1799 1179 1829 Alexandrinum
1198 1799 1276 1839 Epi-

202 1854 331 1884 scopum
365 1849 396 1874 et
418 1849 598 1881 oratorem,
630 1853 696 1874 non
729 1853 796 1874 esse
819 1843 1030 1884 Dionysium,
1061 1850 1276 1883 cognomento

202 1889 367 1927 Magnum,
387 1888 442 1928 qui
462 1888 588 1918 saeculo
608 1887 765 1918 Ecclesiae
789 1887 880 1918 tertio
900 1887 1008 1917 sedem
1029 1887 1275 1918 Alexandrinam

202 1932 312 1963 tenuit.
337 1932 424 1963 Cum
447 1932 533 1962 enim
557 1932 690 1962 loannes
713 1931 994 1972 Scythopolitanus
1017 1931 1050 1962 in
1074 1932 1213 1972 Prologo
1237 1933 1276 1962 ad

201 1987 298 2017 opera
316 1976 536 2016 Areopagitica
554 1976 592 2006 ad
610 1986 681 2006 earn
699 1976 903 2016 responderet
920 1976 1172 2007 adversariorum
1191 1976 1277 2007 obie-

203 2021 356 2051 ctionem:
382 2021 476 2058 Quod
491 2030 550 2051 nec
567 2020 911 2060 EusebiusPamphili,
933 2030 991 2051 nec
1013 2019 1173 2061 Origenes
1191 2020 1276 2051 Scri-

195 2070 327 2105 ptorum
347 2065 501 2105 Dionysii
519 2062 757 2106 (Areopagitae)
781 2065 1002 2101 meminerint;
1020 2064 1086 2095 sine
1106 2065 1205 2095 dubio
1225 2063 1276 2107 (ut

200 2109 244 2139 ait
266 2107 459 2151 Halloixius)
483 2108 509 2139 si
533 2108 671 2139 scivisset
694 2108 887 2149 Dionysium
913 2108 1175 2146 Alexandrinum,
1204 2109 1276 2140 Ori-

199 2153 271 2192 geni
288 2153 453 2194 aequalem
472 2159 503 2183 et
524 2153 663 2183 Eusebio
680 2153 887 2193 superiorem,
908 2153 1129 2193 conscripsisse
1149 2153 1276 2184 Scholia

199 2197 231 2227 in
256 2197 492 2237 Areopagitam,
517 2197 607 2227 nullo
632 2197 731 2227 modo
755 2197 943 2234 reticuisset;
967 2198 1021 2227 sed
1046 2197 1114 2228 eius
1137 2198 1275 2228 auctori-

201 2248 263 2272 tate
282 2241 468 2282 scriptisque
495 2242 535 2271 ab
554 2245 593 2271 'eo
612 2241 746 2272 Scholiis
765 2241 999 2272 adversantium
1014 2252 1070 2272 ora
1089 2242 1274 2273 obturasset.

201 2285 369 2316 Consentit
392 2286 526 2316 loannes
544 2285 733 2316 Pearsonius
747 2285 779 2315 in
794 2285 937 2316 vindiciis
957 2286 1125 2325 Ignatianis
1144 2294 1231 2327 parte
1248 2287 1271 2326 l,

202 2329 302 2369 capite
332 2336 362 2360 x:
392 2330 494 2360 Hunc
523 2329 648 2370 quidem
679 2330 897 2370 Dionysium,
929 2329 1095 2371 inquiens,
1119 2341 1212 2371 quem
1237 2330 1274 2362 ἑκ

198 2371 365 2416 Ῥητόρων
397 2374 548 2414 indigitat
571 2374 739 2404 Maximus
769 2371 821 2416 (et
850 2381 922 2404 ante
952 2374 1060 2414 ipsum
1090 2375 1274 2406 Anastasius

200 2417 332 2459 Sinaita)
351 2418 439 2448 haud
457 2418 552 2448 credo
562 2417 672 2458 fuisse
690 2418 949 2448 Alexandrinum
969 2418 1162 2459 Episcopum
1187 2421 1274 2450 tertii

199 2462 338 2499 saeculi,
372 2471 464 2502 quem
488 2463 640 2501 optimum
664 2467 825 2492 oratorem
849 2463 975 2503 quidem
990 2462 1101 2503 fuisse
1119 2460 1276 2504 a'gnosco,·

199 2506 256 2536 sed
271 2507 303 2536 in
323 2507 550 2547 Areopagitica
568 2507 733 2546 scripsisse
748 2506 875 2537 Scholia
893 2517 955 2537 non
965 2513 1057 2547 puto.
1075 2508 1168 2538 Putat
1186 2518 1274 2547 vero,

199 2549 273 2580 satis
288 2556 449 2580 vetustum
466 2549 561 2580 fuisse
587 2557 770 2580 auctorem:
788 2560 827 2580 an
850 2550 988 2590 priorem
1009 2551 1273 2592 Scythopolitano

199 2604 239 2624 an
254 2594 445 2634 sequiorem.
462 2594 609 2634 ignotum
628 2593 716 2624 mihi.
732 2596 774 2624 At
789 2594 946 2624 Maximus
962 2602 993 2625 et
1007 2595 1124 2626 Sinaita
1141 2596 1272 2628 habent:

201 2634 309 2682 μέγας
348 2635 517 2674 amuleto<
551 2637 568 2668 ὁ
605 2631 862 2681 Ἀλεξανδρείας
889 2637 1096 2676 Ἐπίσκοπος
1109 2663 1118 2678 ,
1153 2639 1170 2670 ὀ
1203 2639 1272 2672 ἀπε-ἶ

200 2679 370 2726 ῥητόρων,
396 2683 543 2723 Magnus
565 2683 760 2723 Dionysius,
793 2683 1013 2714 Alexandriae
1035 2684 1230 2725 Episcopus,
1255 2695 1273 2716 e

201 2727 390 2757 rhetoribus.
415 2729 466 2757 An
499 2736 574 2766 ergo
599 2736 673 2757 cum
697 2726 795 2757 nobili
819 2727 875 2757 illo
899 2727 1118 2768 celebratoque
1138 2729 1272 2759 Alexan-

201 2771 294 2801 drino
322 2770 485 2811 Episcopo
514 2770 714 2801 confuderint
740 2770 840 2801 alium
867 2771 1053 2812 quempiam
1080 2772 1273 2813 Dionysium

201 2815 468 2853 Alexandrinum,
493 2821 652 2845 oratorem
680 2821 711 2845 et
738 2815 1035 2855 Areopagiticorum
1059 2815 1274 2848 Scholiasten?

270 2859 307 2890 11.
326 2859 437 2889 Nolim
460 2869 520 2899 ego
540 2859 579 2889 de
597 2859 703 2890 tabula
723 2869 857 2889 manum
872 2866 944 2890 ante
963 2860 1154 2898 subducere,
1174 2871 1273 2902 quam

202 2903 394 2943 peculiarem
427 2903 472 2933 lo.
499 2902 637 2943 Philippi
675 2903 822 2934 Baraterii
863 2903 1051 2934 sententiam
1089 2914 1200 2936 enarro
1238 2915 1274 2936 ac

203 2947 312 2987 paucis
332 2947 451 2978 refello.
468 2947 496 2977 Is
515 2947 595 2977 inter
613 2948 864 2978 Dissertationes
877 2948 1040 2978 adiunctas
1059 2949 1166 2988 operi,
1182 2950 1272 2990 quod

204 2991 402 3031 inscriptum,
426 2992 615 3032 Disquisitio
636 2991 873 3033 Chronologica
900 2992 940 3023 de
958 2992 1165 3023 Successione
1187 2995 1270 3024 anti-

202 3036 355 3076 quissima
374 3035 605 3076 Episcoporum
625 3036 844 3066 Romanorum
869 3042 927 3066 etc.
951 3036 1035 3077 typis
1063 3037 1273 3068 Ultraiectinis

203 3089 253 3109 an.
280 3089 361 3120 1740
385 3079 492 3117 edidit,
517 3079 688 3110 nonnullas
712 3079 831 3120 profert
854 3080 1068 3118 coniecturas,
1087 3081 1177 3122 queis
1205 3081 1274 3122 ipsa

202 3123 422 3163 Areopagitica
445 3133 542 3164 opera
564 3123 694 3154 laudato
713 3125 832 3164 Magno
855 3124 1024 3166 Dionysio,
1044 3125 1273 3157 Alexandrinae

203 3167 360 3197 Ecclesiae
383 3167 562 3208 Episcopo,
589 3168 754 3198 tribuenda
784 3169 904 3199 suadet.
925 3169 1002 3200 Peto
1026 3169 1105 3199 mihi
1130 3170 1272 3208 concedi,

204 3210 307 3251 inquit
326 3210 389 3249 ille,
413 3211 606 3252 Dionysium
629 3212 769 3253 aliquem
795 3219 958 3243 auctorem
977 3213 1094 3244 horum
1117 3213 1272 3245 librorum

205 3264 283 3293 esse,
299 3265 373 3286 cum
397 3265 509 3286 omnes
534 3256 668 3293 codices,
694 3266 807 3287 omnes
832 3257 994 3288 citationes
1018 3257 1174 3299 Dionysio
1194 3258 1271 3290 haec

204 3308 301 3339 opera
317 3299 464 3330 tribuant.
485 3300 584 3341 Atqui
603 3300 777 3342 Dionysius
791 3301 849 3332 iste
868 3299 997 3344 (pergit)
1012 3300 1076 3332 iam
1091 3309 1190 3340 sexto,
1207 3302 1272 3333 iam

204 3343 334 3383 quinto,
358 3343 460 3374 immo
489 3351 519 3374 et
549 3351 662 3385 quarto
692 3345 818 3375 saeculo
844 3345 969 3376 citatur:
995 3356 1070 3386 ergo
1098 3346 1185 3387 prior
1214 3354 1270 3378 est.

203 3386 301 3428 Atqui
317 3397 442 3418 rursum
458 3387 567 3428 primis
581 3395 720 3429 quatuor
734 3389 876 3427 saeculis,
885 3389 986 3420 immo
1002 3397 1032 3421 et
1046 3391 1173 3422 saeculo
1184 3398 1271 3422 sexto

203 3437 234 3461 et
252 3431 343 3469 ultra,
355 3431 406 3462 alii
424 3431 569 3473 Dionysii
584 3442 649 3464 non
661 3433 799 3471 fuerunt,
810 3434 859 3464 vel
874 3434 1050 3466 eruditione
1066 3435 1115 3466 vel
1135 3435 1199 3466 alio
1214 3445 1271 3466 no-

204 3474 289 3505 mine
309 3475 388 3513 noti,
408 3483 529 3516 praeter
552 3477 777 3518 Areopagitam
806 3477 1011 3509 Corinthium
1034 3486 1065 3510 et
1087 3479 1271 3510 Alexandri-

204 3528 292 3549 num.
305 3519 365 3550 Sed
377 3527 492 3558 noster,
513 3530 587 3551 sane
604 3521 755 3559 eruditus,
776 3532 842 3553 non
859 3529 906 3553 est
916 3523 1116 3564 Areopagita:
1128 3524 1216 3565 quod
1232 3525 1271 3555 ab

205 3562 273 3591 aliis
297 3563 335 3592 ad
363 3564 495 3594 oculum
519 3565 772 3596 demonstratum
801 3573 856 3597 est.
872 3567 985 3608 Neque
1009 3574 1055 3598 est
1073 3567 1271 3606 Corinthius,

205 3610 276 3635 tum
299 3607 388 3647 quod
407 3607 593 3639 Corinthius
609 3616 730 3649 praeter
745 3611 900 3651 quasdam
915 3611 1064 3652 epistolas
1079 3622 1098 3642 a
1111 3612 1270 3644 veteribus

929 259 1388 300 DISSERTATIONES
1419 259 1667 295 CRITICAE

1328 337 1504 375 recensitas,
1521 338 1600 368 nihil
1624 339 1783 379 scripsisse
1807 347 2012 379 memoretur,
2032 348 2102 373 tum
2121 342 2163 372 ob
2187 342 2263 372 alias
2287 342 2404 372 multas

1329 381 1482 413 rationes:
1508 393 1583 422 ergo
1608 390 1654 414 est
1681 383 1923 415 Alexandrinus.
1943 386 2030 416 Haec
2058 386 2206 417 Baraterii
2230 387 2403 418 sententia:

1329 426 1362 456 in
1385 436 1449 466 qua
1473 434 1579 457 tamen
1603 427 1756 467 primum,
1773 429 1862 469 quod
1882 429 1940 459 sibi
1964 430 2041 460 dari.
2053 430 2195 471 postulat
2214 430 2264 461 hic
2282 438 2403 469 auctor,

1330 480 1396 500 non
1415 470 1459 501 ita
1478 471 1568 502 facile
1592 472 1813 510 concesserint,
1838 473 1894 514 qui
1922 483 2030 513 opera,
2049 475 2147 515 vulgo
2171 475 2404 515 Areopagitica,

1330 515 1487 556 Dionysio
1510 516 1721 556 Areopagitae
1740 516 1906 547 tribuenda
1925 525 2106 558 pernegant.
2125 519 2284 560 Hypatius
2301 520 2405 559 Ephe-

1330 559 1418 589 sinus
1442 566 1473 590 et
1495 559 1547 590 alii
1572 559 1729 591 Catholici
1749 560 1912 591 Antistites
1931 561 1964 591 in
1989 562 2158 594 collatione
2178 563 2405 594 Constantino-

1330 603 1472 643 politana
1488 605 1722 635 contendebant
1745 605 1856 635 eadem
1880 616 1977 646 opera
1993 607 2031 636 ab
2053 607 2227 638 Haereticis
2247 608 2406 649 Dionysio

1331 647 1498 688 eidemque
1530 649 1758 689 Areopagitae,
1783 649 1949 689 supposita
1978 650 2085 681 fuisse.
2105 652 2218 692 Neque
2246 659 2406 692 praeterea

1331 691 1404 722 satis
1421 699 1554 730 constat,
1575 693 1702 723 saeculo
1721 693 1904 733 praesertim
1920 701 2034 735 quarto
2052 695 2163 726 eadem
2187 703 2263 726 nota
2281 706 2318 726 ac
2336 696 2405 727 vul-

1330 742 1401 774 gata
1418 735 1514 766 fuisse
1538 746 1646 776 opera,
1666 743 1761 777 atque
1785 737 1917 768 demum
1943 739 1981 769 ab
2006 739 2073 770 eius
2100 739 2167 770 aevi
2198 740 2404 780 scriptoribus

1330 779 1471 810 laudata:
1488 781 1573 810 unde
1596 791 1637 810 an
1656 788 1756 811 aetate
1772 781 1860 821 prior
1874 781 1967 813 fuerit
1981 789 2093 814 auctor
2106 784 2405 824 Areopagiticorum

1330 833 1397 853 non
1421 824 1628 862 demonstrat,
1653 835 1718 854 non
1744 825 1858 855 evincit
1880 825 2068 858 Baraterius.

1399 868 1510 898 Inanes
1534 868 1714 908 futilesque,
1732 876 1768 899 ut
1790 876 1883 909 puto,
1903 870 1990 900 addit
2012 870 2065 901 ille
2090 871 2298 910 coniecturas,
2314 873 2406 913 queis

1330 912 1449 951 Magno
1473 912 1686 942 Alexandrino
1710 912 1868 954 Dionysio
1892 913 2019 944 laudata
2042 914 2328 956 adiudicet-opera.
2345 917 2405 947 Le-

1330 956 1432 996 genda
1464 956 1551 987 iubet
1588 956 1763 996 fragmenta
1796 957 2004 997 epistolarum
2037 958 2105 988 eius
2133 960 2177 989 ad
2206 959 2404 991 Germanum

1330 1000 1416 1040 apud
1439 1000 1615 1031 Eusebium
1639 1001 1720 1031 libro
1744 1001 1799 1039 VI,
1824 1011 1892 1042 cap.
1917 1012 1956 1033 xi.
1980 1008 2012 1033 et
2038 1002 2120 1033 libro
2139 1003 2196 1033 Vll
2217 1013 2285 1044 cap.
2304 1014 2347 1042 xr,
2371 1004 2405 1035 in

1330 1044 1446 1085 quibus
1470 1045 1513 1075 ait
1536 1052 1567 1076 et
1590 1046 1745 1076 Timothei
1759 1053 1789 1076 et
1811 1046 1883 1076 Caii
1902 1046 2100 1077 mentionem
2119 1046 2203 1077 fieri:
2223 1058 2259 1078 ac
2275 1048 2301 1078 si
2319 1047 2406 1079 idem

1330 1089 1370 1119 sit
1398 1090 1589 1127 Timotheus,
1614 1089 1701 1120 idem
1727 1090 1838 1127 Caius,
1855 1090 1972 1132 quibus
1996 1091 2145 1131 epistolas
2169 1091 2290 1133 aliquas
2314 1099 2345 1123 et
2367 1092 2405 1123 li-

1329 1133 1403 1163 bros
1418 1141 1582 1174 nuncupat
1597 1144 1633 1164 ac
1649 1134 1755 1165 scribit
1770 1141 1881 1165 auctor
1902 1135 2210 1176 Areopagiticorum.
2230 1136 2405 1167 Lubricum

1329 1187 1364 1208 ac
1381 1178 1507 1208 elumbe
1527 1178 1598 1219 quis
1613 1188 1679 1209 non
1694 1178 1799 1209 videat
1813 1177 2058 1218 argumentum?
2074 1179 2152 1220 Styli
2173 1180 2304 1211 demum
2328 1191 2404 1212 con-

1329 1222 1508 1252 sonantiam
1531 1222 1564 1252 in
1588 1223 1712 1262 prolixo
1745 1223 1922 1262 fragmento
1954 1221 2186 1267 περὶφύσεως,
2204 1225 2244 1256 de
2259 1225 2403 1264 Natura,

1329 1266 1418 1306 quod
1450 1266 1538 1297 affert
1574 1267 1731 1298 Eusebius
1758 1267 1839 1298 libro
1863 1268 1936 1300 XIV
1965 1269 2004 1298 de
2036 1269 2278 1309 Praeparatione
2310 1280 2404 1300 evan-

1328 1310 1437 1350 gelica,
1458 1311 1558 1351 capite
1576 1321 1661 1349 xxm,
1678 1311 1798 1352 profert
1812 1312 1880 1344 ille:
1897 1312 2028 1354 Stylum
2053 1323 2179 1354 nempe,
2196 1320 2232 1344 ut
2250 1314 2283 1344 in
2303 1316 2404 1345 Areo-

1329 1354 1482 1394 pagiticis,
1502 1356 1688 1386 intricatum
1708 1356 1880 1390 admodum
1906 1362 1936 1388 et
1959 1357 2141 1395 obscurum,
2162 1363 2259 1399 atque
2276 1368 2403 1399 compo-

1327 1400 1398 1429 sitis
1431 1400 1681 1440 ampullatisque
1712 1401 1840 1432 vocibus
1864 1401 2010 1442 plenum.
2037 1403 2081 1432 At
2103 1401 2207 1432 simile
2235 1402 2402 1444 quidpiam

1329 1443 1407 1473 nihil
1430 1453 1490 1483 ego
1514 1443 1619 1482 video,
1643 1444 1722 1474 nihil
1745 1444 1872 1476 videant
1895 1445 2091 1476 eruditiores.
2117 1445 2311 1478 Commenta
2334 1447 2404 1488 phi-

1328 1487 1543 1527 losophorum
1561 1487 1681 1518 ibidem
1699 1489 1930 1522 Alexandrinus
1946 1489 2119 1531 Dionysius
2136 1490 2245 1522 refert:
2261 1501 2403 1532 quorum

1329 1531 1381 1561 alii
1404 1531 1597 1562 Universum
1622 1533 1783 1573 infinitum
1808 1543 1877 1566 esse
1893 1534 2066 1574 putabant,
2091 1540 2165 1565 ortu
2194 1545 2319 1573 carere,
2345 1546 2404 1568 nec

1329 1575 1396 1606 ullo
1414 1575 1640 1616 providentiae
1663 1577 1796 1608 consilio
1821 1579 1904 1619 regi.
1924 1580 2063 1609 Atomos
2095 1578 2148 1609 alii
2171 1578 2332 1618 invexere,
2356 1581 2405 1611 in·

1329 1625 1483 1660 corrupta
1506 1620 1665 1660 quaedam
1690 1622 1813 1662 exigua
1827 1623 2031 1662 corpuscula,
2048 1633 2246 1664 numeroque
2264 1624 2403 1663 infinita,

1330 1674 1459 1704 unaque
1473 1666 1612 1704 spatium
1629 1665 1762 1706 aliquod
1784 1676 1934 1703 vacuum,
1955 1676 2014 1697 nec
2032 1667 2109 1697 ullis
2116 1667 2244 1708 finibus
2267 1669 2404 1699 circum-

1329 1710 1494 1749 scriptum.
1514 1709 1598 1739 Hinc
1617 1709 1693 1740 dum
1718 1719 1796 1742 casu
1813 1716 1951 1751 propter
1974 1712 2111 1751 impetus
2127 1711 2405 1752 perturbationem

1330 1753 1417 1783 aliae
1439 1763 1511 1784 cum
1535 1754 1611 1784 aliis
1634 1760 1845 1792 concurrunt,
1865 1765 1906 1786 ac
1923 1760 2062 1796 propter
2088 1756 2295 1796 multiplicem
2308 1756 2405 1798 figu-

1330 1807 1401 1827 ram
1431 1798 1517 1828 inter
1546 1807 1617 1828 sese
1647 1800 1895 1830 commiscentur
1903 1822 1913 1837 ‚
1938 1800 1990 1830 hic
2021 1800 2180 1838 mundus,
2206 1801 2269 1831 imo
2293 1801 2408 1834 mundi

1331 1842 1426 1872 etiam
1451 1841 1569 1883 infiniti
1578 1841 1668 1882 sacti
1685 1848 1770 1876 sunt.
1791 1843 1879 1880 Quid
1898 1843 1967 1874 heic
1983 1843 2175 1882 intricatum,
2190 1844 2269 1886 quid
2291 1846 2406 1877 obscu-

1331 1895 1414 1923 rum,
1439 1896 1598 1926 quaenam
1620 1887 1715 1919 verba
1737 1887 1918 1928 composita
1941 1894 1972 1918 et
1994 1886 2188 1928 ampullata?
2201 1889 2306 1929 Pergit
2328 1899 2405 1921 vero

1331 1929 1505 1971 Dionysius
1529 1930 1630 1971 capite
1653 1941 1736 1970 xxrv,
1760 1942 1831 1970 xxv,
1850 1942 1922 1962 xxvr
1945 1939 1976 1963 et
1998 1942 2093 1970 xxvn,
2112 1932 2189 1963 haec
2211 1943 2294 1964 vana
2315 1943 2405 1964 com-

1331 1982 1437 2005 menta
1461 1974 1609 2016 simplici,
1633 1975 1730 2015 claro,
1754 1975 1943 2007 didascalico
1969 1977 2052 2018 stylo
2083 1977 2258 2017 expendere
2285 1987 2322 2009 ac
2357 1988 2407 2010 re-

1331 2018 1442 2050 futare.

1724 2111 1918 2149 CAPUT
1945 2112 2015 2150 VI.

1330 2207 1466 2248 Colligitur
1483 2207 1662 2249 Areopagitica
1676 2215 1756 2250 opera
1775 2216 1911 2241 perperam
1936 2209 2065 2241 Gregorio
2075 2209 2180 2251 *Magno
2197 2210 2321 2252 'Ro-mano
2335 2210 2406 2237 Pou-

1401 2241 2290 2314 1:23¹„2T05335233⁰5a¹¹225m202⁰253a¹ss⁰22235⁹¹·m
2307 2246 2405 2272 '¹⁰³⁰’

1331 2371 1354 2403 Ι.
1380 2368 1626 2452 Singularem,
1650 2384 1732 2415 quae
1756 2373 1814 2404 sibi
1838 2374 2004 2412 insederat,
2021 2374 2060 2405 de
2076 2381 2205 2406 auctore
2228 2375 2403 2417 Areopagi-

1439 2417 1574 2450 ticorum
1595 2418 1785 2458 opinionem
1804 2418 1884 2449 datis
1902 2418 2012 2449 litteris
2029 2419 2069 2449 ad
2088 2418 2300 2451 Guillelmum
2317 2419 2404 2452 Cave

1328 2460 1377 2491 his
1400 2461 1503 2495 verbis
1527 2461 1713 2502 significavit
1731 2462 1889 2493 Henricus
1912 2462 2111 2502 Dodwellus,
2135 2474 2217 2505 quae
2248 2464 2405 2496 habentur

1328 2504 1361 2535 in
1384 2506 1528 2538 eiusdem
1552 2506 1649 2538 Cavei
1673 2506 1814 2538 Historia
1836 2506 2002 2538 litteraria:
2035 2518 2060 2538 1.
2076 2507 2221 2539 Dubium
2245 2518 2324 2548 esse,
2347 2519 2403 2540 an-

1328 2559 1394 2582 non
1417 2550 1604 2592 Dionysius,
1623 2561 1721 2592 quern
1745 2551 1777 2582 in
1801 2551 1971 2582 collatione
1997 2562 2083 2582 anno
2111 2553 2172 2583 532
2193 2552 2298 2584 habita
2314 2552 2403 2585 Con-

1328 2595 1535 2636 stantinopoli
1559 2595 1696 2626 citabant
1714 2595 1872 2626 Severiani
1897 2605 1955 2636 pro
1975 2606 2042 2627 una
2061 2602 2193 2634 natura,
2214 2597 2294 2628 alius
2309 2597 2404 2628 fuerit

1327 2639 1367 2669 ab
1390 2649 1451 2678 eo,
1475 2639 1566 2670 cuius
1599 2649 1696 2679 opera
1728 2640 1883 2670 habemus
1915 2639 2022 2670 hodie:
2048 2649 2077 2671 2.
2102 2639 2315 2672 Contentioso
2338 2641 2400 2672 isto

1327 2683 1455 2714 saeculo
1479 2693 1545 2714 non
1569 2683 1706 2714 defuisse
1736 2683 1926 2722 catholicos,
1950 2683 2057 2714 forsan
2081 2683 2189 2725 ipsum
2208 2684 2400 2724 Gregorium

1328 2734 1438 2766 postea
1461 2727 1685 2758 Romanorum
1713 2727 1920 2766 Pontificem,
1944 2727 1999 2769 qui
2033 2727 2087 2758 diu
2118 2727 2401 2770 Constantinopoli

1327 2770 1455 2809 vixerat,
1472 2771 1527 2812 qui
1547 2771 1740 2812 Dionysium
1764 2771 1958 2802 catholicum
1977 2771 2203 2812 confingerent,
2227 2783 2326 2814 quem
2341 2783 2401 2814 pro

1329 2824 1392 2845 una
1416 2815 1590 2856 hypostasi,
1610 2815 1742 2856 aliisque
1765 2815 1958 2856 quibusdam
1981 2816 2202 2847 controversiis
2221 2823 2297 2848 tunc
2321 2824 2400 2848 tem-

1328 2859 1415 2899 poris
1434 2859 1567 2899 agitatis,
1587 2859 1802 2891 Orientalibus
1826 2867 2036 2900 opponerent:
2065 2861 2092 2891 3.
2117 2860 2201 2892 Hinc
2224 2871 2300 2892 vero
2323 2862 2401 2893 haec

1328 2913 1425 2943 opera
1452 2903 1485 2934 in
1509 2904 1674 2934 Romanae
1698 2903 1855 2934 Ecclesiae
1883 2904 2003 2935 scriniis
2031 2904 2185 2945 reposita,
2204 2911 2282 2936 teste
2301 2905 2401 2937 Scho-

1327 2947 1415 2978 liaste
1434 2947 1467 2978 in
1491 2948 1638 2988 prologo,
1656 2955 1686 2978 et
1705 2958 1723 2978 a
1746 2948 1901 2988 Gregorio
1921 2949 2006 2989 Papa
2029 2949 2171 2990 primum
2195 2950 2308 2981 diserte
2325 2960 2400 2991 pro·

1328 2991 1432 3022 ducta:
1449 3001 1480 3032 4.
1498 2991 1722 3032 Suspicionem
1745 2992 1856 3023 exinde
1880 2993 2004 3033 augeri,
2032 3000 2068 3025 ut
2090 2993 2185 3024 habet
2203 2993 2289 3025 idem
2312 2994 2402 3026 Dod-

1326 3036 1438 3067 wellus
1471 3036 1503 3066 in
1527 3036 1608 3067 libro
1632 3036 1671 3067 de
1702 3036 1885 3067 Sacerdotio
1913 3037 2069 3069 laicorum
2102 3037 2203 3078 capite
2226 3048 2299 3078 vm,
2322 3038 2352 3080 §-
2370 3039 2400 3078 3,

1327 3080 1415 3121 quod
1447 3081 1639 3121 Areopagita
1671 3081 1894 3112 Rornanorum
1923 3081 2048 3122 potius,
2075 3092 2173 3124 quam
2204 3082 2401 3114 Graecorum

1327 3134 1450 3163 mores,
1469 3125 1502 3155 id
1525 3125 1696 3156 adnotante
1720 3125 1860 3156 Maximo
1884 3125 1917 3156 in
1941 3126 2091 3165 Scholiis,
2111 3127 2280 3158 enarravit:
2309 3126 2400 3169 quod

1326 3168 1458 3210 quidem
1481 3170 1520 3199 ab
1543 3169 1675 3200 homine
1698 3179 1822 3209 graeco,
1846 3177 1939 3210 gente
1965 3170 2118 3202 nimirum
2141 3178 2172 3202 et
2195 3171 2314 3212 lingua,
2330 3170 2397 3202 fieri

1326 3223 1416 3253 aegre
1435 3213 1612 3244 admodum
1636 3213 1798 3254 probabile
1821 3221 1878 3245 est.

1392 3258 1491 3288 Nutat
1513 3267 1770 3299 quaquaversum
1798 3268 1833 3289 ac
1862 3258 1957 3290 rimas
1980 3259 2044 3299 agit
2062 3259 2203 3291 insolens
2218 3259 2295 3290 haec
2308 3257 2397 3290 Dod-

1325 3301 1469 3332 welliana
1493 3301 1647 3342 opinatio.
1664 3302 1775 3333 Alium
1795 3312 1860 3333 non
1879 3313 1947 3334 esse
1965 3303 2176 3346 Dionysium,
2200 3313 2298 3346 quem
2322 3301 2397 3334 cita-

1326 3346 1401 3377 bant
1424 3346 1593 3385 Severiani,
1617 3347 1656 3377 ab
1680 3356 1719 3377 eo
1743 3347 1912 3389 Dionysio,
1933 3348 2024 3379 cuius
2047 3357 2144 3389 opera
2174 3347 2272 3387 vulgo
2295 3348 2397 3378 Areo-

1326 3389 1460 3430 pagitica
1482 3391 1578 3422 hodie
1601 3390 1776 3430 habemus,
1800 3399 1885 3423 certo
1914 3392 2015 3423 evinci
2039 3398 2144 3433 potest
2169 3401 2206 3422 ex
2228 3390 2286 3428 iis,
2314 3399 2397 3432 quae

1326 3434 1526 3475 proferebant
1549 3435 1706 3466 Severiani
1730 3435 1928 3476 testimonia;
1947 3436 2081 3468 totidem
2109 3435 2195 3467 enim
2225 3433 2327 3465 verbis
2350 3443 2397 3465 re-

1326 3479 1490 3519 periuntur
1522 3479 1633 3510 eadem
1662 3479 1695 3510 in
1719 3480 1889 3521 operibus,
1917 3491 1999 3522 quae
2027 3486 2216 3522 supersunt,
2239 3478 2397 3520 Dionysio

1325 3523 1534 3564 Areopagitae
1557 3523 1682 3556 tributa.
1700 3525 1786 3556 Loca
1810 3525 1964 3556 nonnulla
1982 3523 2191 3555 indicavimus
2210 3522 2310 3563 capite
2334 3533 2344 3552 1
2363 3522 2398 3552 in

1326 3568 1426 3598 calce:
1443 3568 1543 3599 alium
1559 3568 1660 3610 capite
1682 3579 1713 3599 iv
1742 3569 1937 3610 protulimus
1956 3578 1993 3600 ex
2011 3566 2219 3609 Ephraemio:
2235 3566 2327 3608 plura
2343 3566 2397 3597 da-

1326 3611 1432 3643 bimus
1454 3611 1546 3644 infra.
