2548 4192
185 287 388 315 CCLXXXVIII

252 355 387 386 Nodum
409 354 442 384 in
467 353 570 393 scirpo
594 357 768 393 quaerunt,
799 350 855 391 qui
877 350 954 380 haec
977 348 1140 379 obiiciunt.
1170 347 1261 377 Mens

186 399 400 439 Praeceptoris
417 397 559 437 Angelici
584 396 781 436 diligentiore
803 404 899 434 opera
916 393 1081 423 scrutanda
1098 398 1154 429 est,
1178 391 1261 421 mul-

187 445 284 484 tiplex
308 444 478 473 doctorum
509 441 620 481 opinio
644 439 864 480 proponenda,
893 436 1047 476 allegandi
1071 437 1176 466 Patres
1200 435 1261 465 Ec-

186 488 302 519 clesiae
330 487 386 527 qui
416 486 521 516 favent
543 484 715 525 Aquinati,
748 481 966 522 aequivocatio
995 480 1135 511 tollenda
1163 489 1262 520 quam

189 532 325 574 praefert
347 530 541 561 vocabulum
569 527 815 563 benedictionis,
848 525 1017 565 castigandi
1048 525 1179 554 demum
1205 523 1262 564 qui

189 586 322 607 coenam
346 574 583 605 eucharisticam
606 577 809 611 exponenteS‚
834 570 1025 599 Iudaeorum
1041 567 1262 599 traditionibus

189 621 327 651 nimium
345 619 521 649 adhaerent.
547 617 595 647 De
612 614 855 646 consecrationis
872 613 975 643 forma
991 613 1054 653 agit
1070 613 1213 653 Aquinas
1229 612 1262 642 in

189 672 302 706 quarto
327 662 558 694 Sententiarum
581 660 661 690 libro
686 659 756 689 dist.
773 669 843 696 vm,
868 663 988 698 quaest.
1006 668 1044 696 11,
1069 664 1124 688 art.
1142 667 1152 687 1
1177 663 1207 687 et
1229 656 1263 686 in

190 710 340 740 Summae
361 705 556 744 theologicae
577 703 665 734 tertia
687 710 792 743 parte,
817 712 871 743 qu.
895 712 1025 740 Lxxvm,
1050 708 1105 732 art.
1122 712 1143 731 1.
1168 701 1262 731 Utro-

191 763 253 794 que
281 752 314 781 in
337 751 410 781 loco
434 748 583 780 Matthaei
612 748 707 778 verba
736 741 891 787 opponit,
923 756 1005 787 quae
1034 746 1191 776 habentur
1214 755 1262 775 ca-

191 797 255 837 pite
278 802 363 825 xxv1:
388 793 603 824 Coenantibus
627 793 702 829 illis,
727 793 848 831 accepit
870 791 963 821 Iesus
980 801 1100 831 panem
1126 795 1156 820 et
1172 790 1263 820 bene-

191 841 274 871 dixit
298 838 462 879 etfregit,
488 837 636 877 deditque
658 837 824 876 discipulis
846 837 914 866 suis
937 841 968 866 et
986 837 1051 866 ait:
1069 835 1211 875 Accipite
1234 839 1264 864 et

192 883 353 919 comedite,
383 882 458 912 Hoc
481 886 527 912 est
553 881 679 921 Corpus
702 890 817 910 meum.
843 880 969 917 Quibus
1000 879 1113 910 confici
1141 879 1265 909 videtur

192 933 412 959 consecratum
431 925 527 956 fuisse
551 935 568 956 a
592 926 662 956 Iesu
680 925 807 955 Christo
831 935 959 964 panem,
984 931 1155 964 antequam
1170 924 1265 953 verba

190 973 243 1003 illa
267 971 433 1011 proferret,
456 970 532 1000 Hoc
555 975 602 1000 est
627 970 753 1009 Corpus
776 979 892 999 meum.

258 1014 427 1056 Aquinatis
451 1024 642 1054 responsum
658 1013 775 1053 accipe,
800 1014 889 1054 quod
908 1013 940 1043 in
958 1011 1199 1044 Commentario
1223 1011 1266 1041 le-

192 1060 292 1101 gitur:
328 1073 342 1087 «
360 1058 452 1089 Circa
475 1058 537 1089 hoc
561 1065 608 1089 est
635 1058 841 1099 quadruplex
864 1058 985 1098 opinio.
1016 1057 1158 1094 Quidam
1181 1056 1267 1086 enim

193 1117 208 1131 π
232 1104 386 1141 dixerunt,
398 1103 487 1144 quod
498 1102 642 1134 Christus
653 1102 708 1143 qui
719 1102 853 1133 habebat
868 1109 1058 1143 potestatem
1069 1100 1268 1131 excellentiae

196 1161 211 1176 ›
234 1149 267 1179 in
291 1147 510 1186 Sacramentis,
534 1148 653 1188 absque
675 1148 763 1177 omni
775 1146 904 1187 forma,
929 1147 1043 1190 virtute
1063 1146 1168 1176 divina
1192 1155 1267 1175 con-

195 1205 210 1220 »
234 1192 324 1223 fecit:
350 1198 380 1222 et
403 1198 514 1232 postea
536 1193 631 1222 verba
654 1191 798 1232 protulit,
823 1192 881 1222 sub
906 1191 1022 1232 quibus
1046 1190 1098 1221 alii
1120 1190 1268 1229 deinceps

196 1249 211 1265 ›
235 1243 462 1267 consecrarent.
479 1236 520 1266 Et
536 1236 617 1267 hanc
632 1236 820 1276 opinionem
837 1236 936 1275 tangit
950 1235 1153 1266 Innocentius
1170 1232 1267 1276 (ΙΙΙ)

198 1294 213 1309 »
237 1281 360 1311 dicens:
391 1281 477 1311 Sane
499 1281 564 1311 dici
579 1286 704 1321 potest,
729 1280 814 1321 quod
840 1280 988 1311 Christus
1017 1281 1135 1311 virtute
1157 1279 1268 1309 divina

197 1338 212 1353 ›
235 1325 373 1366 confecit
392 1330 423 1355 et
439 1330 553 1365 postea
568 1325 716 1365 formam
734 1326 902 1364 expressit,
922 1325 981 1355 sub
996 1334 1060 1365 qua
1078 1324 1203 1364 posteri
1219 1323 1268 1353 be-

198 1382 212 1397 »
237 1370 429 1400 nedicerent.
447 1369 509 1400 Sed
525 1369 587 1400 hoc
601 1379 668 1399 non
682 1369 807 1399 videtur
821 1369 1027 1399 conveniens:
1045 1369 1120 1409 quia
1134 1368 1167 1398 in
1182 1374 1268 1398 textu

198 1427 212 1442 »
236 1413 399 1454 Evangelii
414 1413 537 1452 dicitur,
552 1414 741 1444 Benedixit:
755 1414 844 1454 quod
859 1413 1018 1453 aliquibus
1032 1412 1134 1443 verbis
1149 1412 1270 1442 factum

198 1471 212 1486 »
237 1465 291 1488 est.
310 1458 514 1488 Innocentius
531 1465 638 1488 autem
653 1458 806 1498 loquitur,
830 1457 1018 1497 opinionem
1041 1457 1197 1487 narrando
1219 1456 1270 1486 vel

198 1515 212 1530 ι
236 1503 396 1542 tangendo
421 1503 566 1533 ordinem
590 1513 656 1543 quo
680 1502 779 1532 virtus
803 1501 1047 1532 consecrationis
1077 1511 1096 1531 a
1119 1500 1268 1537 Christo,

199 1559 213 1574 ›
236 1547 270 1577 in
294 1557 360 1587 quo
385 1546 489 1587 primo
513 1553 596 1584 erat,
629 1547 668 1577 ad
691 1547 786 1577 verba
810 1546 947 1576 derivata
971 1553 1027 1576 est.
1056 1546 1097 1575 Et
1119 1545 1192 1575 ideo
1216 1544 1268 1574 alii

198 1603 213 1619 ι
237 1591 357 1629 dicunt,
372 1592 461 1631 quod
477 1590 612 1622 confecit
626 1590 757 1631 quidem
772 1591 831 1621 sub
846 1591 952 1631 aliqua
967 1590 1071 1620 forma
1085 1590 1269 1627 verborum,

198 1648 213 1662 >
236 1646 302 1666 non
326 1642 434 1665 autem
457 1636 516 1666 sub
535 1635 595 1672 his,
620 1635 675 1665 sed
689 1635 749 1665 sub
764 1636 839 1666 aliis
856 1635 960 1666 verbis
975 1635 1105 1676 ignotis.
1131 1634 1193 1665 Sed
1209 1634 1271 1664 hoc

199 1692 213 1707 >
238 1680 332 1710 etiam
347 1679 471 1710 videtur
486 1679 728 1710 inconveniens:
754 1680 829 1720 quia
848 1679 992 1710 sacerdos
1011 1679 1060 1709 his
1075 1678 1177 1709 verbis
1194 1688 1271 1709 con-

199 1736 213 1751 »
236 1723 364 1761 ficiens,
394 1734 430 1754 ea
453 1723 573 1764 profert
601 1731 636 1754 ut
659 1731 735 1754 tunc
766 1734 784 1754 a
814 1724 941 1755 Christo
966 1724 1106 1764 prolata:
1139 1723 1222 1753 unde
1246 1722 1272 1752 si

200 1780 214 1795 ›
237 1775 314 1798 tunc
338 1768 381 1798 eis
407 1778 473 1799 non
496 1767 590 1799 fiebat
613 1768 781 1806 confectio,
806 1779 863 1799 nec
887 1769 987 1798 modo
1012 1767 1109 1798 fieret.
1134 1768 1176 1798 Et
1199 1767 1272 1797 ideo

200 1824 214 1839 ι
238 1812 290 1842 alii
313 1812 433 1850 dicunt,
457 1813 546 1853 quod
570 1812 706 1844 confecit
727 1813 786 1843 sub
810 1813 927 1843 eisdem
950 1812 1064 1850 verbis,
1089 1812 1143 1842 sed
1167 1822 1203 1842 ea
1226 1811 1274 1842 bis

200 1869 214 1884 2
232 1857 389 1897 protulit:
405 1857 510 1897 primo
527 1858 623 1888 tacite
642 1867 716 1887 cum
732 1857 904 1894 benedixit,
917 1857 1058 1887 secundo
1073 1861 1184 1897 aperte
1198 1866 1273 1886 cum

200 1914 215 1929 ›
239 1901 406 1939 distribuit,
426 1908 462 1932 ut
480 1901 619 1931 formam
643 1902 846 1932 consecrandi
870 1901 938 1932 aliis
961 1902 1105 1932 traderet.
1130 1901 1192 1931 Sed
1211 1900 1274 1930 hoc

200 1957 215 1972 ›
239 1946 334 1976 etiarn
357 1945 481 1976 videtur
503 1946 740 1984 inconveniens,
767 1946 843 1987 quia
866 1956 933 1976 non
957 1945 1162 1986 proferuntur
1185 1955 1203 1975 a
1227 1955 1274 1975 sa-

202 2002 216 2018 »
240 1990 366 2020 cerdote
399 1997 601 2021 consecrante
633 1990 666 2021 in
697 2000 833 2030 persona
857 1990 994 2028 Christi,
1025 1997 1061 2021 ut
1088 1990 1121 2020 in
1145 1989 1273 2020 occulto

202 2046 216 2061 ²
240 2035 381 2074 prolata:
416 2045 482 2064 non
511 2035 596 2065 enim
625 2035 784 2065 benedixit
814 2035 931 2073 dicens,
964 2035 1040 2065 Hoc
1069 2039 1116 2065 est
1149 2034 1276 2074 Corpus

202 2091 217 2106 ›
240 2086 366 2116 meum;
389 2079 444 2108 sed
468 2079 554 2110 dedit
576 2079 703 2117 dicens,
732 2080 874 2120 Accipite
897 2086 955 2110 etc.
985 2079 1026 2109 Et
1048 2078 1121 2109 ideo
1152 2078 1204 2109 alii
1229 2078 1275 2108 di-

202 2135 216 2151 ›
240 2130 317 2154 cunt
340 2129 370 2153 et
393 2124 517 2161 melius,
543 2124 632 2164 quod
656 2123 801 2155 Christus
826 2134 862 2154 ea
885 2123 983 2154 semel
1002 2130 1126 2154 tantum
1143 2122 1276 2163 protulit

202 2180 216 2195 ιι
240 2174 270 2197 et
293 2167 338 2197 eis
362 2167 491 2207 prolatis
516 2167 709 2198 consecravit
735 2174 766 2198 et
789 2168 928 2199 formam
951 2168 1154 2198 consecrandi
1178 2167 1274 2197 dedit.

202 2224 216 2239 x
239 2212 311 2242 Hoc
336 2211 421 2242 enim
445 2212 668 2252 participium,
691 2213 821 2250 dicens,
846 2223 914 2243 non
936 2212 1090 2252 importat
1113 2211 1275 2242 concomi-

203 2268 216 2284 ›
240 2255 373 2286 tantiam
396 2256 504 2286 solum
527 2257 567 2287 ad
590 2257 652 2287 hoc
675 2257 821 2295 verbum,
844 2257 951 2294 dedit;
974 2257 1029 2287 sed
1052 2257 1093 2287 ad
1115 2257 1177 2287 hoc
1201 2266 1276 2287 cum

203 2312 217 2327 ι
241 2300 309 2330 aliis
333 2300 520 2340 praedictis,
547 2307 582 2331 ut
606 2301 646 2332 sit
669 2309 799 2331 sensus:
829 2301 905 2332 dum
930 2301 1092 2332 benedixit
1115 2306 1147 2331 et
1165 2300 1277 2341 fregit

203 2357 217 2372 ²
241 2350 271 2376 et
287 2345 373 2375 dedit
388 2345 563 2385 discipulis,
581 2346 660 2376 haec
683 2346 778 2376 verba
797 2346 955 2386 protulit;
970 2347 1111 2386 Accipite
1134 2352 1192 2376 etc.
1218 2345 1277 2375 Vel

204 2401 219 2416 ›
242 2389 418 2419 secundum
434 2390 602 2430 quosdam,
628 2390 829 2429 Evangelista
847 2400 914 2421 non
931 2397 1032 2420 servat
1047 2390 1193 2420 ordinem
1209 2399 1276 2419 ver-

204 2445 219 2460 »
242 2434 370 2471 borum,
394 2443 460 2473 quo
485 2444 503 2463 a
526 2434 669 2464 Domino
694 2435 816 2474 prolata
840 2435 978 2465 fuerunt.
1004 2434 1093 2465 Ordo
1114 2434 1200 2464 enim
1218 2433 1278 2464 fuit

205 2489 219 2504 2
243 2478 329 2508 talis:
354 2479 475 2517 accepit
495 2488 613 2518 panem
638 2484 668 2508 et
691 2479 852 2510 benedixit
875 2479 984 2509 dicens
992 2487 1004 2516 ,·
1022 2480 1164 2519 Accipite
1187 2485 1244 2509 etc.
1258 2490 1273 2505 t

204 2522 352 2559 Quatuor
381 2522 507 2552 easdem
531 2522 698 2553 sententias
729 2523 822 2553 refert
852 2523 884 2553 in
909 2523 1016 2554 Tertia
1039 2530 1143 2563 parte:
1174 2523 1277 2563 dupli-

203 2576 337 2606 cemque
361 2573 500 2596 recenset
523 2567 659 2596 modum
675 2574 804 2607 quartae
821 2567 992 2607 opinionis,
1017 2567 1188 2608 ipsumque
1210 2577 1277 2598 atn-

204 2610 361 2650 plectitur,
379 2611 434 2651 qui
451 2612 729 2641 concomitantiam
746 2611 866 2642 invehit
882 2612 1051 2642 verborum
1070 2613 1277 2652 prolatorum

204 2655 248 2685 ad
271 2665 309 2685 ea
333 2665 416 2695 quae
434 2655 645 2695 praecedunt.

272 2699 469 2739 Opinionem
484 2699 621 2739 primam
637 2699 761 2729 exhibet
776 2699 978 2729 Innocentius
996 2700 1035 2730 III
1054 2699 1134 2730 libro
1152 2700 1194 2730 IV
1210 2701 1278 2740 My-

205 2743 372 2774 steriorum
389 2743 585 2783 evangelicae
601 2743 688 2783 legis,
706 2743 806 2783 capite
822 2754 863 2774 vi.
880 2743 1045 2774 Tribuitur
1060 2744 1155 2774 altera
1171 2743 1279 2774 Odoni

207 2788 427 2819 Cameracensi
444 2788 617 2828 Episcopo,
633 2788 665 2817 in
680 2788 887 2828 Expositione
902 2788 979 2818 sacri
995 2788 1136 2818 Canonis
1153 2788 1223 2818 dist.
1235 2798 1280 2826 111,

207 2839 299 2863 tomo
322 2833 394 2862 XXI
421 2832 644 2872 Lugdunensis
666 2832 879 2863 Bibliothecae
908 2832 1057 2863 Patrum:
1089 2832 1145 2873 qui
1173 2839 1280 2862 tamen

208 2877 484 2918 quemadmodum
509 2876 710 2907 disertissime
734 2877 846 2914 tradit,
876 2876 1039 2907 Christum
1066 2876 1282 2907 benedictione

208 2931 303 2951 suum
321 2921 447 2961 Corpus
464 2921 584 2958 fecisse,
600 2921 643 2951 ita
659 2921 791 2951 minime
806 2916 923 2961 prodit,
943 2931 983 2951 an
1000 2921 1103 2959 signo,
1123 2930 1163 2951 an
1179 2920 1282 2951 verbis

208 2972 238 2996 et
261 2965 455 3006 quibusnam
478 2965 655 2996 benedictio
680 2965 732 2995 illa
752 2972 875 3005 peracta
900 2965 1002 2995 fuerit.
1028 2965 1153 2995 Tertiae
1172 2972 1283 2995 auctor

207 3017 253 3040 est
276 3010 455 3050 Stephanus
479 3010 636 3040 Eduensis
659 3009 853 3049 Episcopus,
879 3010 917 3040 de
941 3009 1143 3040 Sacramento
1167 3009 1283 3040 Altaris

207 3054 307 3094 capite
329 3064 396 3092 xiv,
423 3061 513 3085 tomo
535 3055 594 3085 XX
618 3054 832 3084 Bibliothecae
852 3054 992 3084 Patrum.
1019 3054 1174 3091 Quartam
1195 3054 1282 3084 deni-

208 3109 271 3139 que
291 3098 382 3129 refert
406 3099 478 3130 loco
503 3098 598 3129 citato
618 3098 822 3129 Innocentius
840 3098 891 3128 111.
917 3098 952 3128 In
968 3108 1007 3128 eo
1032 3098 1200 3138 praecipua
1223 3105 1284 3128 stat

208 3153 334 3173 summa
358 3142 436 3180 eius,
462 3150 497 3174 ut
512 3143 658 3173 Christus
675 3152 791 3183 panem
810 3142 944 3173 effecerit
960 3142 1087 3183 Corpus
1103 3153 1199 3173 suum
1216 3152 1282 3172 ver-

209 3187 257 3217 bis
281 3187 351 3223 inis,
366 3187 441 3217 Hoc
460 3193 506 3217 est
528 3187 653 3227 Corpus
677 3194 802 3224 meum;
825 3187 1000 3228 eademque
1016 3187 1109 3217 verba
1125 3187 1164 3217 ad
1180 3187 1283 3227 ipsam

209 3231 385 3271 pertineant
408 3231 498 3271 panis
522 3231 790 3268 benedictionem,
814 3231 879 3261 sive
904 3231 1036 3262 demum
1059 3241 1095 3262 ea
1119 3231 1285 3272 protulerit

212 3275 358 3306 Christus
382 3282 453 3306 ante
478 3275 662 3306 fractionem
687 3275 830 3306 eiusdem
854 3275 954 3315 panis,
979 3275 1044 3306 sive
1068 3276 1182 3306 eodem
1205 3282 1284 3307 tem-

212 3329 291 3360 pore
308 3330 374 3360 quo
392 3330 507 3360 panem
526 3320 686 3359 frangebat
703 3320 858 3360 dabatque
876 3320 1038 3360 discipulis
1062 3320 1136 3350 suis.

281 3363 402 3404 Opinio
419 3365 561 3405 sequitur
580 3375 604 3395 s.
616 3364 856 3394 Bonaventurae
872 3364 904 3394 in
921 3365 1035 3394 eodem
1053 3364 1285 3395 Sententiarum

214 3407 294 3437 libro
311 3409 367 3446 IV,
386 3408 455 3439 dist.
477 3419 541 3447 vni,
556 3416 612 3439 art.
630 3419 662 3446 n,
678 3419 732 3449 qu.
749 3419 782 3438 111
797 3409 836 3439 ad
857 3419 866 3439 1
887 3408 941 3439 ubi
961 3409 1004 3439 sic
1024 3409 1081 3439 ait:
1110 3422 1123 3437 α
1137 3409 1188 3439 Ad
1206 3408 1286 3439 illud

217 3463 232 3478 ²
255 3453 343 3492 quod
372 3452 536 3491 obiicitur,
560 3453 647 3494 quod
671 3453 759 3493 prius
790 3453 969 3484 benedixit:
999 3453 1169 3484 dicendum
1198 3452 1287 3494 quod

218 3506 233 3521 ι
256 3496 429 3527 benedictio
456 3498 512 3528 illa
537 3507 599 3527 non
621 3497 694 3538 fuit
717 3499 934 3534 consecratio,
967 3498 1022 3528 sed
1046 3497 1106 3528 fuit
1129 3498 1287 3538 quaedam

220 3550 233 3564 ›
257 3541 452 3579 praeparatio
482 3542 531 3571 vel
555 3542 655 3581 magis
679 3542 835 3582 quaedam
858 3542 1009 3572 orationis
1032 3541 1097 3572 sive
1117 3542 1288 3581 gratiarum

221 3593 235 3608 ι
259 3583 390 3613 actionis
407 3585 609 3624 praemissio;
633 3586 664 3616 in
682 3596 744 3626 qua
761 3586 898 3616 ostendit
914 3586 1017 3624 nobis,
1035 3586 1160 3616 nullum
1180 3586 1287 3616 cibum

221 3637 236 3651 ›
259 3628 507 3667 attrectandum,
538 3629 597 3658 nisi
621 3630 746 3669 praevia
774 3630 1002 3660 benedictione.
1032 3630 1124 3660 Unde
1147 3640 1219 3660 mos
1242 3636 1289 3660 est

904 267 1364 307 DISSERTATIONES
1394 267 1642 304 CRITICAE

1320 359 1335 374 »
1358 347 1642 378 ecclesiasticorum
1665 346 1819 384 virorum,
1843 347 1883 376 ad
1907 357 2039 377 omnem
2062 348 2171 378 cibum
2193 348 2393 388 praemittere

1320 403 1334 417 »
1358 391 1622 422 benedictionem.
1638 404 1653 418 »
1681 391 1772 422 Hanc
1788 391 1931 432 plerique
1949 392 2177 432 theologorum
2193 393 2393 432 amplectun-

1318 442 1370 466 tur
1393 436 1591 476 opinionem,
1612 445 1694 476 quae
1710 436 1801 475 panis
1818 436 2073 467 benedictionem
2097 437 2262 476 distinguit
2284 447 2302 466 a
2318 446 2394 467 con-

1319 480 1508 510 secratione:
1540 480 1595 510 sed
1619 479 1670 509 alii
1699 486 1806 510 tamen
1830 488 2050 511 consecratum
2078 491 2096 511 a
2120 481 2248 512 Christo
2278 491 2396 521 panem

1320 524 1498 554 existimant
1521 531 1593 554 ante
1617 524 1804 554 fractionem
1820 524 1922 564 panis,
1947 525 1999 555 alii
2022 532 2096 565 post
2114 536 2231 566 panem
2247 525 2394 564 fractum,

1320 569 1399 599 dum
1422 568 1515 599 illum
1538 569 1683 599 Salvator
1705 569 1905 599 distribueret
1928 569 2090 610 discipulis
2114 570 2189 601 suis.

1388 613 1506 643 Favere
1529 613 1654 643 videtur
1682 619 1784 643 textus
1808 623 1957 653 graecus,
1987 613 2019 644 in
2048 624 2115 655 quo
2138 615 2272 645 verbum
2294 614 2395 652 illud,

1320 657 1501 696 benedixit,
1531 657 1698 697 participio
1722 657 1840 688 aoristo
1864 657 1990 688 effertur
2012 659 2099 699 apud
2125 659 2323 690 Matthaeum
2346 669 2395 689 ca-

1319 701 1384 741 pite
1403 711 1492 739 xxw,
1516 711 1596 732 vers.
1616 703 1655 732 26
1681 699 1888 746 εὖλογῆσαςε
1915 703 2004 743 quod
2028 703 2115 733 reddi
2132 703 2213 734 solet
2236 713 2292 744 per
2307 713 2395 743 prae-

1321 745 1449 776 teritum
1465 745 1637 786 plusquam
1654 745 1840 786 perfectum,
1857 756 1929 777 cum
1946 747 2167 778 benedixisset.
2194 748 2264 788 Ipse
2279 747 2396 778 latinus

1321 790 1473 830 interpres
1502 789 1731 829 significatione
1759 790 1917 830 praeteriti
1945 791 2045 821 utitur
2067 791 2169 831 capite
2191 802 2223 822 v1
2252 791 2395 829 Ioannis,

1321 844 1400 865 vers.
1426 841 1474 864 11:
1499 835 1629 874 Accepit
1652 844 1732 875 ergo
1747 835 1840 865 Iesus
1857 844 1994 874 panem,
2010 835 2069 866 καὶ
2093 833 2347 880 εὐχαριστήσας
2367 840 2397 866 et

1322 889 1393 910 cum
1421 879 1551 919 gratias
1579 879 1717 919 egisset,
1749 879 1912 909 distribuit
1939 879 2227 911 discumbentibus:
2255 881 2397 921 itemque

1322 925 1430 954 Actor.
1443 933 1511 962 cap.
1527 932 1622 960 xxvn,
1638 932 1718 953 vers.
1733 924 1791 953 35:
1809 923 1946 954 Sumens
1964 933 2082 964 panem
2099 925 2248 956 Paulus...
2265 923 2397 961 κλάσας

1323 978 1395 999 cum
1409 967 1583 1008 fregisset,
1601 968 1703 1007 coepit
1719 967 1928 998 manducare.
1945 968 2066 998 Verum
2083 968 2246 999 enimvero
2262 969 2398 1000 candido

1324 1012 1439 1042 fatetur
1463 1012 1571 1042 animo
1597 1011 1783 1042 Franciscus
1807 1011 1933 1052 Sylvius
1957 1010 2011 1054 (in
2030 1023 2065 1053 p.
2090 1013 2157 1050 III,
2185 1023 2237 1054 qu.
2263 1023 2399 1052 Lxxvm,

1324 1058 1417 1087 artic.
1442 1054 1472 1099 ι)
1498 1056 1549 1087 cui
1574 1056 1712 1086 maxime
1737 1055 1851 1086 arridet
1874 1067 1897 1087 s.
1914 1056 2155 1088 Bonaventurae
2176 1058 2308 1098 opinio,
2332 1068 2400 1088 non

1324 1111 1426 1142 pauca
1441 1101 1473 1131 in
1490 1101 1584 1131 sacris
1602 1100 1725 1131 Litteris
1743 1101 1814 1131 loca
1829 1100 1968 1141 reperiri,
1985 1101 2040 1131 ubi
2063 1102 2181 1132 similes
2205 1102 2312 1133 aoristi
2344 1111 2401 1143 per

1325 1145 1528 1186 praeteritum
1542 1145 1765 1185 imperfectum
1774 1145 1924 1176 reddendi
1940 1152 2023 1176 sunt.
2035 1146 2186 1177 Matthaei
2201 1147 2302 1187 capite
2316 1157 2400 1186 xxvr,

1324 1200 1404 1221 vers.
1424 1191 1462 1220 25
1488 1189 1639 1230 legimus:
1655 1186 1880 1233 Ἀποκριθείς,
1899 1191 2096 1230 respondens
2113 1197 2233 1229 autem,
2254 1201 2310 1222 seu
2327 1201 2399 1223 cum

1325 1235 1533 1275 responderet
1548 1234 1660 1270 Iudas,
1678 1235 1883 1274 quitradidit
1898 1244 1982 1272 eum,
1996 1235 2080 1266 dixit
2103 1242 2161 1267 etc.
2178 1238 2335 1267 Actorum
2351 1245 2402 1272 ca-

1326 1279 1390 1320 pite
1406 1290 1455 1317 m,
1477 1289 1556 1309 vers.
1579 1286 1615 1318 4:
1633 1278 1823 1316 Ἀτενίσας,
1850 1280 1978 1310 intuens
1999 1285 2123 1317 autem,
2139 1290 2195 1311 seu
2211 1290 2283 1311 cum
2299 1281 2402 1311 intue-

1326 1329 1418 1354 retur
1432 1325 1464 1354 in
1480 1334 1551 1354 eum
1567 1324 1683 1354 Petrus
1697 1334 1768 1354 cum
1785 1324 1910 1364 Ioanne
1924 1324 2008 1355 dixit
2024 1331 2081 1355 etc.
2106 1325 2194 1355 Haec
2211 1331 2286 1356 sunt
2301 1334 2403 1365 appo-

1326 1368 1473 1399 sitissime
1492 1368 1584 1399 dicta.
1601 1368 1747 1399 Habeant
1761 1378 1849 1406 vero,
1866 1378 1922 1408 per
1937 1378 1990 1399 me
2003 1368 2086 1407 licet,
2101 1369 2146 1399 illi
2161 1369 2403 1410 participiorum

1327 1412 1433 1443 aoristi
1450 1412 1713 1452 significationem
1733 1412 1885 1453 temporis
1902 1413 2058 1453 praeteriti
2073 1413 2246 1454 plusquam
2260 1413 2402 1454 perfecu‘;

1326 1457 1430 1487 adhuc
1458 1457 1579 1496 integra
1596 1457 1655 1487 sibi
1671 1464 1795 1488 constat
1810 1457 1958 1488 Thomae
1973 1457 2137 1496 sententia,
2154 1468 2190 1489 ac
2213 1468 2324 1489 sensus
2340 1465 2404 1490 est:

1327 1501 1577 1541 Redemptoretn
1591 1501 1798 1541 accipientem
1814 1511 1931 1541 panem
1942 1524 1951 1540 ‚
1968 1512 2043 1533 cum
2058 1502 2129 1533 Deo
2150 1502 2263 1542 gratias
2279 1502 2403 1544 egisset,

1327 1545 1499 1586 ipsumque
1514 1545 1723 1576 benedixisset
1738 1555 1866 1586 panem,
1883 1552 1978 1587 atque
1993 1546 2209 1577 benedicendo
2225 1557 2404 1579 consecras-

1328 1596 1374 1620 set
1385 1599 1442 1630 per
1455 1599 1492 1620 ea
1505 1590 1611 1627 verba,
1628 1590 1771 1630 Accipite
1785 1595 1816 1620 et
1829 1590 1993 1628 comedite,
2004 1591 2064 1621 hoc
2081 1596 2128 1622 est
2144 1591 2270 1632 Corpus
2284 1601 2402 1631 meum,

1327 1641 1397 1665 tum
1415 1634 1547 1664 demum
1571 1633 1698 1674 fregisse
1722 1634 1830 1674 ipsum
1853 1644 1890 1665 ac
1913 1635 2035 1665 dedisse
2052 1635 2215 1675 discipulis
2238 1635 2314 1666 suis.

1395 1679 1487 1709 Hanc
1510 1678 1543 1708 in
1567 1678 1635 1708 aliis
1665 1678 1744 1709 locis
1774 1685 1914 1709 mutasse
1937 1679 2102 1709 Thomam
2125 1680 2314 1711 sententiam
2342 1681 2406 1711 Re-

1328 1722 1474 1762 ginaldus
1494 1722 1670 1753 Lucarinus
1694 1722 1799 1753 innuit
1821 1723 1854 1753 in
1877 1723 2020 1754 Manuali
2044 1723 2300 1755 thomisticarum
2329 1734 2406 1756 con-

1328 1767 1553 1798 troversiarum
1576 1767 1718 1798 conclus.
1738 1777 1800 1798 xiv.
1826 1767 2105 1799 Commentarium
2133 1768 2231 1808 sancti
2258 1769 2407 1800 Doctoris

1328 1811 1423 1842 refert
1449 1811 1482 1842 in
1511 1811 1726 1842 Matthaeum:
1756 1821 1855 1852 quem
1883 1812 1979 1852 lippis
2009 1812 2112 1843 oculis
2141 1819 2173 1844 et
2200 1813 2408 1854 caligantibus

1328 1855 1438 1896 legerit
1461 1856 1637 1886 Lucarinus
1661 1862 1806 1896 oportet,
1836 1866 1911 1886 cum
1935 1857 2046 1887 eadem
2072 1865 2271 1888 recenseatur
2293 1857 2408 1889 coufir-

1329 1907 1497 1941 meturque
1513 1900 1636 1940 opinio.
1656 1900 1760 1931 Verba
1776 1900 1851 1932 eius.
1861 1900 1982 1941 accipe:
2011 1914 2025 1929 ι
2039 1901 2160 1932 Melius
2176 1902 2300 1941 dicitur,
2317 1901 2408 1943 quod

1332 1957 1346 1972 ιν
1370 1945 1468 1975 semel
1491 1944 1569 1975 dixit
1591 1951 1622 1975 et
1637 1954 1704 1975 non
1721 1944 1768 1975 bis
1785 1951 1816 1975 et
1835 1944 1868 1975 in
1884 1945 1933 1975 his
1955 1945 2058 1976 verbis
2083 1946 2286 1978 consecravit.
2313 1947 2407 1978 Unde

1332 2002 1346 2017 ›
1370 1989 1463 2019 debet
1485 1989 1528 2020 ita
1550 1989 1628 2029 legi,
1652 1989 1742 2030 quod
1764 1989 1844 2019 illud
1867 1989 1956 2030 quod
1975 1989 2105 2028 dicitur,
2128 1991 2176 2021 ait
2198 1989 2356 2032 (Accipite
2377 1995 2410 2022 et

1332 2045 1346 2060 ι
1370 2033 1523 2064 comedite
1553 2034 1613 2064 hoc
1645 2038 1692 2064 est
1718 2033 1844 2074 Corpus
1873 2032 2000 2075 meum)
2030 2034 2182 2065 referatur
2208 2035 2253 2066 ad
2274 2045 2410 2076 praece-

1332 2091 1346 2105 »
1369 2078 1490 2115 dentia,
1508 2090 1523 2104 ι
1557 2078 1597 2108 ad
1620 2077 1700 2108 illud
1723 2087 1859 2118 nempe,
1893 2078 2056 2110 benedixit
2080 2088 2116 2109 ac
2139 2079 2220 2110 illud
2242 2079 2354 2122 fregit
2376 2086 2409 2111 et

1330 2123 1409 2153 illud
1432 2122 1581 2163 deditque
1603 2122 1770 2162 discipulis
1791 2123 1869 2153 suis.
1902 2122 2130 2154 Luculentiora
2153 2123 2301 2164 profero,
2325 2133 2410 2166 quae

1330 2167 1486 2198 habentur
1499 2166 1532 2196 in
1547 2166 1791 2197 Commentario
1806 2166 1838 2197 in
1850 2167 2028 2207 Epistolam
2043 2168 2054 2198 1
2070 2167 2110 2197 ad
2121 2167 2280 2207 Corinth„
2291 2177 2410 2209 eatan,

1330 2221 1408 2242 vers.
1427 2220 1479 2250 24.
1500 2211 1622 2242 Textus
1642 2218 1705 2241 est:
1729 2212 1860 2251 Accepit
1875 2221 1995 2252 panem
2018 2217 2049 2242 et
2067 2213 2198 2253 gratias
2217 2222 2321 2254 agens
2334 2212 2411 2255 fn—
2435 2213 2441 2217 '

1329 2257 1380 2298 git
1398 2261 1429 2286 et
1444 2256 1547 2286 dixit:
1569 2257 1712 2296 Accipite
1730 2261 1761 2286 et
1777 2256 1981 2294 manducate,
2005 2256 2066 2287 hoc
2080 2261 2128 2288 est
2148 2256 2276 2298 Corpus
2291 2267 2409 2289 meum.

1335 2314 1349 2329 ‹
1371 2300 1433 2331 Hic
1449 2307 1557 2331 autem
1573 2299 1688 2331 dicitur
1701 2300 1791 2341 quod
1815 2300 1902 2340 prius
1919 2300 2020 2340 fregit,
2037 2307 2149 2341 postea
2165 2301 2300 2342 protulit
2315 2302 2412 2333 verba

1335 2357 1349 2372 »
1372 2344 1628 2375 consecrationis.
1653 2345 1694 2375 Et
1717 2344 1790 2375 ideo
1813 2344 1946 2385 quidam
1970 2345 2126 2384 dixerunt,
2150 2346 2239 2387 quod
2263 2345 2412 2378 Christus

1334 2402 1349 2416 »
1372 2389 1567 2420 consecravit
1590 2389 1678 2429 prius
1698 2389 1803 2420 verbis
1817 2389 1893 2420 aliis
1908 2396 1939 2420 et
1955 2396 2067 2430 postea
2082 2389 2216 2430 protulit
2230 2391 2325 2421 verba
2340 2390 2411 2434 qui-

1335 2445 1349 2460 »
1370 2434 1431 2464 bus
1460 2443 1520 2464 nos
1550 2443 1784 2464 consecramus.
1813 2433 1875 2464 Sed
1902 2434 1966 2465 hoc
1995 2444 2062 2464 non
2086 2441 2192 2474 potest
2219 2442 2303 2466 esse:
2335 2434 2412 2477 quia

1335 2490 1349 2504 »
1372 2478 1518 2508 sacerdos
1543 2478 1622 2508 dum
1645 2485 1819 2516 consecrat,
1843 2488 1910 2508 non
1934 2478 2055 2519 profert
2069 2478 2129 2509 ista
2148 2479 2243 2510 verba
2258 2479 2350 2520 quasi
2372 2489 2412 2511 ex
2447 2481 2450 2484 ⁴

1335 2535 1349 2549 »
1373 2532 1510 2563 persona
1533 2532 1601 2559 sua,
1626 2522 1681 2552 sed
1704 2522 1795 2563 quasi
1819 2532 1856 2553 ex
1879 2532 2016 2563 persona
2040 2523 2156 2554 Christi
2181 2523 2411 2555 consecrantis:

1336 2579 1350 2593 »
1368 2567 1459 2597 -unde
1475 2566 1681 2597 manifestum
1700 2573 1748 2597 est
1762 2567 1852 2608 quod
1867 2567 1987 2598 eisdem
2003 2567 2107 2598 verbis
2125 2567 2243 2608 quibus
2258 2577 2320 2599 nos
2334 2578 2412 2600 con-

1335 2623 1350 2637 2·
1373 2621 1533 2641 secramus
1549 2618 1580 2641 et
1595 2610 1741 2642 Christus
1757 2611 1962 2642 consecravit.
1979 2612 2020 2642 Et
2033 2612 2106 2642 ideo
2122 2612 2304 2651 dicendum,
2321 2612 2413 2655 quod

1336 2666 1350 2681 »
1374 2655 1436 2685 hoc
1459 2655 1549 2695 quod
1572 2655 1623 2685 hic
1647 2655 1761 2685 dicitur
1783 2660 1815 2686 et
1835 2655 1930 2692 dia-it,
1955 2665 2021 2686 non
2045 2662 2092 2686 est
2116 2657 2311 2687 sumendum
2334 2665 2408 2688 con·

1336 2710 1351 2724 ›
1373 2704 1560 2739 sequenter;
1575 2699 1666 2739 quasi
1681 2699 1827 2729 Christus
1841 2699 1995 2739 acceperit
2009 2709 2124 2740 panem
2139 2706 2171 2730 et
2184 2700 2297 2739 gratias
2311 2709 2409 2740 agens

1337 2755 1351 2770 »
1374 2742 1499 2782 fregerit
1517 2750 1548 2773 et
1563 2750 1674 2782 postea
1697 2743 1808 2774 dixerit
1830 2743 1924 2773 verba
1939 2753 2022 2784 quae
2037 2749 2231 2784 sequuntur3
2255 2744 2311 2775 sed
2333 2754 2408 2776 con-

1338 2799 1352 2814 »
1376 2788 1576 2823 comitanter,
1592 2787 1682 2827 quod
1697 2786 1775 2817 dum
1790 2787 1910 2827 accepit
1924 2797 1980 2827 per
1993 2797 2026 2818 se
2041 2797 2169 2828 panem,
2184 2788 2298 2829 gratias
2312 2798 2409 2829 agens

1337 2842 1352 2857 ι
1375 2831 1467 2870 fregit
1489 2838 1520 2861 et
1543 2831 1628 2861 dixit.
1654 2831 1695 2862 Et
1710 2831 1783 2861 ideo
1807 2841 1882 2862 cum
1901 2831 2051 2862 Matthaei
2068 2832 2168 2872 capite
2185 2842 2257 2863 xxv!
2277 2832 2410 2872 dicatur,

1338 2887 1352 2901 »
1375 2876 1463 2916 quod
1482 2875 1568 2906 Iesus
1591 2877 1714 2916 accepit
1724 2885 1855 2916 panem,
1873 2881 1904 2907 et
1922 2876 2095 2914 benedixit,
2112 2886 2152 2907 ac
2166 2876 2278 2918 fregit
2285 2885 2298 2914 ,⁶
2319 2879 2409 2918 Apo-

1338 2931 1353 2946 ›
1376 2919 1477 2950 stolus
1493 2929 1559 2950 non
1576 2920 1696 2951 curavit
1718 2920 1769 2951 hic
1793 2920 1832 2950 de
1855 2920 2072 2952 benedictione
2087 2920 2187 2952 facere
2203 2921 2411 2953 memoriam:

1338 2975 1353 2990 2
1375 2964 1572 3004 intelligens,
1602 2964 1680 2995 nihil
1705 2964 1791 2995 aliud
1815 2974 1882 2995 esse
1905 2964 1992 2995 illam
2016 2965 2286 3004 benedictionem,
2309 2975 2410 3007 quam

1339 3020 1353 3035 »
1376 3008 1438 3039 hoc
1453 3009 1543 3049 quod
1557 3008 1717 3039 Dominus
1734 3009 1821 3047 dixit,
1844 3009 1920 3040 Hoc
1935 3014 1982 3040 est
2003 3009 2129 3051 Corpus
2147 3020 2263 3041 meum.
2277 3021 2292 3037 ›
2319 3010 2412 3042 Mens

1337 3059 1383 3083 est
1397 3052 1592 3093 apertissima
1603 3053 1785 3094 Aquinatis:
1802 3053 1904 3084 verbis
1918 3053 1991 3092 illis,
2005 3053 2081 3085 Hoc
2093 3060 2141 3085 est
2157 3054 2285 3095 Corpus
2292 3063 2411 3094 meum,

1337 3097 1427 3137 panis
1450 3098 1721 3129 consecrationem
1737 3108 1755 3128 a
1770 3099 1839 3129 Iesu
1856 3098 1985 3129 Christo
2000 3105 2159 3139 peractam
2177 3105 2261 3130 esse:
2286 3098 2411 3130 eadem-

1337 3151 1400 3182 que
1414 3142 1507 3172 verba
1521 3142 1562 3172 ad
1576 3142 1676 3182 ipsius
1691 3142 1781 3183 panis
1801 3142 2054 3174 benedictionem
2071 3143 2240 3184 pertinere:
2265 3143 2412 3185 adeoque

1338 3186 1448 3216 eadem
1472 3195 1490 3215 a
1513 3185 1641 3217 Christo
1660 3187 1783 3227 prolata
1802 3187 1939 3218 velante
1956 3186 2142 3218 fractionem
2158 3187 2249 3228 panis
2271 3186 2322 3218 vel
2335 3196 2411 3219 con—

1338 3231 1528 3261 comitanter
1551 3240 1625 3260 cum
1650 3230 1800 3262 fractione
1824 3231 1925 3272 panis.

1405 3275 1455 3305 Ab
1478 3274 1636 3305 Ecclesiae
1659 3275 1804 3306 Patribus
1826 3276 1908 3307 hanc
1936 3275 2004 3316 ipse
2033 3275 2184 3307 didicerat
2211 3274 2410 3307 sententiam.

1339 3319 1374 3349 In
1390 3318 1471 3349 libro
1491 3319 1543 3350 De
1556 3321 1731 3360 mysteriis,
1749 3330 1847 3361 quem
1861 3330 2048 3360 germanum
2068 3330 2093 3351 s.
2110 3319 2272 3351 Ambrosii
2288 3319 2412 3350 foetum

1340 3363 1489 3394 evincunt
1503 3363 1720 3395 Sammauraei
1736 3364 1924 3395 parisienses
1943 3364 2090 3402 editores,
2114 3365 2191 3395 haec
2209 3364 2304 3395 habet
2317 3363 2413 3394 verba

1340 3408 1555 3438 sanctissimus
1571 3408 1838 3449 Archiepiscopus
1862 3409 1963 3451 capite
1979 3419 2025 3446 ix,
2045 3419 2134 3440 num.
2156 3410 2206 3448 54:
2233 3408 2331 3448 «Ipse
2350 3406 2412 3437 cla-

1343 3464 1357 3479 »
1381 3459 1446 3482 mat
1465 3452 1624 3483 Dominus
1642 3453 1739 3491 lesus,
1763 3454 1839 3484 Hoc
1860 3459 1908 3485 est
1933 3453 2059 3494 Corpus
2081 3462 2196 3484 meum.
2222 3453 2304 3483 Ante
2320 3451 2411 3481 bene-

1343 3508 1358 3523 »
1380 3497 1549 3527 dictionem
1573 3498 1744 3528 verborum
1771 3497 1953 3529 caelestium
1977 3498 2037 3528 alia
2060 3497 2180 3538 species
2207 3495 2409 3537 nominatur:

1344 3552 1358 3568 ›
1381 3548 1455 3581 post
1470 3543 1740 3572 consecrationem
1757 3542 1886 3584 Corpus
1902 3541 2103 3582 significatur.
2117 3553 2131 3567 ι
2159 3540 2292 3570 loannes
2308 3539 2412 3580 Chry-

1342 3592 1504 3616 sostomus
1519 3586 1651 3616 homilia
1667 3597 1739 3616 xxiv
1762 3587 1794 3617 in
1819 3586 1918 3627 Epist.
1937 3586 1948 3616 I
1969 3586 2008 3616 ad
2024 3584 2168 3616 Corinth.
2186 3583 2226 3614 ad
2249 3583 2303 3613 illa
2318 3584 2412 3614 verba

1343 3629 1452 3670 capitis
1466 3639 1502 3668 x,
1518 3639 1598 3660 vers.
1619 3631 1656 3661 16
1675 3631 1773 3662 Calix
1786 3630 2012 3661 benedictionis
2026 3636 2084 3660 etc.
2101 3628 2145 3659 sic
2158 3628 2268 3659 habet:
2295 3640 2311 3656 ι
2324 3627 2413 3665 Quid
