2788 4204
307 258 382 293 240

307 326 334 349 in
347 324 461 349 secunda
480 323 629 348 differentia.
649 323 725 347 Ratio
744 327 784 347 est
798 322 858 354 quia
872 321 954 353 prima
968 320 1052 352 posita
1065 327 1117 343 non
1135 318 1238 350 ponitur
1252 316 1358 341 effectus
1366 325 1373 348 ;

308 368 370 392 ergo
389 367 441 384 non
460 364 546 391 potest
564 359 662 383 assumi
682 358 713 382 ad
733 356 882 382 affirmative
902 354 1120 380 concludendum:
1141 354 1196 384 ipsa
1215 357 1314 384 negata,
1328 359 1373 376 ne-

307 400 382 428 gatur
402 395 522 425 effectus;
541 401 604 426 ergo
618 393 650 418 ad
663 393 781 425 negative
799 390 1006 416 concludendum
1027 393 1112 421 potest
1130 388 1236 412 assumi.
1262 387 1373 411 Proinde

307 437 465 463 cognoscere
490 429 549 454 facit
567 429 630 461 quia
654 435 696 453 res
722 435 774 452 non
794 432 834 451 est
853 427 902 450 hoc
923 426 964 450 vel
984 424 1060 454 illud,
1084 431 1136 448 non
1157 428 1243 448 autem
1258 425 1373 454 propter

309 466 374 498 quid
391 473 434 490 res
453 465 479 489 in
501 465 587 496 seipsa
607 463 785 492 constituitur,
805 462 875 493 quod
895 460 1034 492 positivum
1054 458 1158 491 aliquod
1185 465 1244 483 esse
1263 457 1376 482 debet.—

306 501 346 525 Ex
363 501 492 533 opposito,
507 500 590 532 posita
602 498 716 523 secunda
734 504 811 522 causa
830 496 933 528 ponitur
948 494 1064 524 effectus,
1079 494 1136 526 ipsa
1154 498 1247 526 negata
1265 497 1374 526 negatur

307 536 430 566 effectus;
449 543 511 567 ergo
529 535 597 559 valet
608 539 664 558 tum
678 533 711 557 ad
725 532 842 563 negative
851 536 907 555 tum
922 530 954 554 ad
968 529 1119 554 affirmative
1133 529 1374 553 concludendum.-

307 572 429 596 Attamen
444 571 503 602 quia
517 577 593 594 causa
608 573 706 593 remota
720 567 818 591 ratione
838 566 958 590 materiae
971 569 1011 589 est
1024 565 1156 589 obiectum
1170 564 1274 588 alterius
1290 563 1372 588 scien-

306 607 357 631 tiae
375 606 515 638 superioris
535 604 708 636 (cognoscere
733 602 816 631 enim,
841 608 864 626 e.
877 608 918 633 g.,
938 600 1062 624 circulum
1081 600 1191 632 eiusque
1215 604 1302 631 partes
1321 606 1373 623 non

308 642 399 666 medici
419 646 458 665 est
472 640 518 664 sed
531 643 679 672 geometrae
686 637 777 670 ),*hinc
792 637 917 666 medicus,
932 636 996 660 dum
1015 636 1124 660 assumit
1142 635 1207 660 illud
1221 635 1374 667 principium

308 678 340 701 de
355 676 457 706 circulo,
473 683 524 699 non
538 674 670 707 cognoscit
683 677 711 697 ut
726 673 842 696 medicus
851 674 967 704 propter
979 670 1052 703 quid,
1063 671 1110 695 sed
1122 670 1184 702 quia
1194 675 1294 694 tantum
1305 669 1373 702 prin-

308 712 364 744 cipii
383 711 517 742 assumpti.
1352 740 1357 745 .

362 746 471 775 Quando
490 752 552 777 ergo
571 752 593 768 S.
603 743 720 767 Thomas
735 743 794 767 dicit
813 743 838 767 in
857 741 908 767 fine
927 742 1043 766 lectionis
1063 741 1134 773 quod
1152 740 1215 766 haec
1235 740 1374 765 differentia

307 782 371 814 quia
389 786 415 805 et
427 783 542 812 propter
560 779 624 811 quid
643 779 787 803 secundum
807 778 922 802 diversas
936 777 1055 802 scientias
1071 777 1215 801 continetur
1230 775 1278 800 sub
1293 776 1374 800 altero

307 817 495 849 praedictorum
510 815 658 844 modorum,
672 814 787 845 intellige
806 821 865 838 cum
886 813 1008 837 Caietano
1028 811 1070 845 (in
1089 813 1098 836 I
1118 812 1232 841 Foster„
1248 819 1303 843 cap.
1314 819 1374 841 xm,

307 852 323 884 g
336 852 413 876 Circa
426 850 590 883 particulam
611 854 667 878 etc„
679 849 723 873 fol.
736 848 776 879 58,
788 849 836 873 col.
852 844 878 882 3)
890 849 961 880 quod
975 848 1001 872 in
1015 848 1128 872 scientiis
1146 847 1254 872 diversis
1269 846 1375 871 scientia

307 887 410 911 inferior
422 886 553 918 cognoscit
567 885 630 917 quia
644 884 757 915 effectus,
771 884 876 909 scientia
887 888 974 908 autem
988 884 1106 915 superior
1120 882 1251 915 cognoscit
1260 885 1376 914 propter·

307 922 382 954 quid,
402 921 451 945 hoc
471 925 509 945 est
528 927 632 945 causam
658 924 798 950 remotam,
819 927 885 952 quae
904 919 936 943 ad
956 918 1091 944 materiam
1110 919 1235 951 applicata
1254 918 1375 942 effectum

305 957 430 990 producit.

470 1026 712 1069 Demonstratio
737 1034 758 1052 a
775 1026 952 1060 posteriori
974 1033 1032 1060 per
1051 1025 1196 1053 effectum
1220 1025 1375 1052 converti-

385 1080 418 1103 ν’
438 1035 712 1127 Σῡεῗιιιιιξιῗέὶῑαῐίο
733 1105 753 1123 a
771 1097 947 1131 posteriori
969 1104 1028 1130 per
1051 1096 1196 1123 effectum
1219 1104 1286 1123 non
1304 1103 1375 1123 con-

449 1130 458 1164 i,
514 1133 702 1160 vertibilem.

360 1204 553 1229 Demonstratio
567 1211 584 1228 a
594 1203 743 1235 posteriori
761 1210 866 1235 semper
884 1202 1001 1235 procedit
1015 1202 1047 1227 ab
1062 1202 1196 1227 effectibus
1211 1202 1243 1227 ad
1262 1209 1377 1233 causam,

308 1248 322 1264 a
340 1240 494 1272 principiatis
514 1240 546 1264 ad
565 1239 699 1271 principia;
719 1246 815 1271 nempe
833 1243 873 1263 est
891 1245 1032 1270 processus
1046 1239 1165 1263 inversus
1180 1238 1378 1262 demonstratio-

307 1276 346 1300 nis
362 1278 476 1307 propter
494 1274 567 1307 quid.
592 1274 673 1299 Porro
692 1274 717 1298 in
736 1273 784 1298 hac
803 1274 1024 1298 demonstratione
1048 1278 1092 1298 aut
1111 1273 1252 1298 assumitur
1271 1273 1378 1298 effectus

892 239 1278 279 POSTERIORUM
1305 238 1735 275 ANALYTICORUM
1763 239 1858 277 LlB.
1889 241 1903 276 I

1428 316 1601 341 convertibilis
1626 324 1686 341 cum
1705 324 1783 342 causa
1808 318 2025 348 demonstranda,
2044 322 2088 343 aut
2113 318 2220 344 effectus
2238 327 2291 344 non
2313 319 2497 344 convertibilis.

1428 351 1474 376 Ex.
1494 352 1569 384 primi
1589 352 1673 376 modi:
1694 352 1744 377 Eat
1762 352 1862 378 risibile
1868 359 1878 382 ‚·
1902 360 1968 386 ergo
1986 356 2026 378 est
2044 353 2146 378 animal
2164 354 2297 380 rationale
2302 361 2313 384 ,·
2329 354 2377 380 Ex.
2391 355 2498 380 secundi

1428 387 1513 411 modi:
1534 387 1584 412 Est
1601 387 1717 416 risibile;
1734 394 1800 421 ergo
1818 391 1859 413 est
1876 388 1986 413 animal.
2006 389 2029 413 A
2042 389 2254 414 convertibilitate
2263 389 2306 414 vel
2319 398 2372 415 non
2390 397 2498 415 conver-

1427 422 1544 447 tibilitate
1562 423 1670 447 effectus
1689 423 1799 448 sumitur
1818 424 1902 456 prima
1919 424 2011 449 divisio
2030 425 2257 450 demonstrationis
2275 433 2291 450 a
2308 426 2453 458 posteriori.

1500 529 1544 554 Vl.
1565 507 1834 586 {Demonstratio
1855 520 1875 539 a
1893 513 2068 554 posteriori
2086 514 2234 541 univoca.

1592 547 1834 575 Demonstratio
1854 556 1874 574 a
1891 549 2067 582 posteriori
2087 549 2233 583 analoga.

1482 636 1609 667 Effectus,
1629 637 1755 669 cuiusque
1773 641 1880 661 naturae
1898 637 1940 668 sit,
1959 637 2065 669 praebet
2083 638 2159 662 nobis
2177 638 2338 663 existentiam
2357 646 2421 663 suae
2439 646 2499 664 eau-

1429 679 1474 696 sae
1493 677 1598 704 propter
1622 672 1798 696 necessarium
1824 679 1919 696 nexum
1938 673 2089 698 existentem
2109 674 2175 698 inter
2194 673 2315 698 effectum
2335 678 2360 698 et
2379 682 2499 699 causam:

1430 714 1482 731 non
1501 706 1571 731 enim
1590 707 1646 731 sine
1665 714 1743 732 causa
1762 707 1815 732 dari
1829 712 1917 739 potest
1935 707 2051 733 effectus.
2069 709 2104 733 At
2123 709 2209 740 quoad
2228 709 2402 741 cognitionem
2421 713 2500 734 natu-

1430 749 1477 766 rae
1496 749 1589 767 causae
1607 750 1660 766 non
1679 743 1772 767 eodem
1792 743 1872 767 modo
1890 750 1920 767 se
1938 750 1980 767 res
2000 742 2085 768 habet.
2105 743 2207 768 Etenim
2221 745 2242 769 si
2262 744 2367 769 effectus
2387 750 2427 769 est
2441 745 2500 770 uni-

1430 784 1509 802 vocus
1529 785 1589 802 cum
1608 785 1656 802 sua
1674 785 1760 808 causa,
1779 782 1915 810 perspecta
1929 778 1985 802 eius
2000 783 2098 808 natura,
2118 784 2204 810 potest
2222 785 2348 812 quantum
2367 781 2394 804 in
2408 788 2437 805 se
2451 785 2500 811 est,

1430 818 1459 837 ut
1477 813 1593 837 medium
1612 813 1709 837 scilicet
1734 813 1886 845 cognitionis
1912 813 2082 843 obiectivum,
2101 821 2150 838 nos
2170 814 2264 839 ducere
2282 815 2308 839 in
2327 816 2500 847 cognitionem

1430 848 1485 872 sive
1499 847 1655 880 specificam,
1665 848 1720 872 sive
1734 848 1880 880 genericam
1894 853 2000 872 naturae
2015 856 2116 879 causae,
2130 849 2275 874 secundum
2289 850 2360 882 quod
2375 851 2401 874 in
2414 851 2502 882 specie

1429 883 1471 907 vel
1481 890 1577 916 genere
1587 891 1647 908 cum
1658 890 1736 908 causa
1749 884 1858 908 univoce
1873 884 2000 908 convenit.
2015 884 2051 908 lta
2065 889 2156 908 natura
2169 883 2213 908 filii
2226 885 2394 916 considerata,
2404 885 2501 910 nedum

1430 919 1591 943 existentiam
1607 919 1654 943 sed
1668 919 1745 943 etiam
1759 923 1877 943 naturam
1893 917 2040 951 specificam
2054 919 2132 951 patris
2147 919 2261 951 legitime
2273 920 2363 951 infero,
2373 928 2433 945 cum
2447 928 2502 953 quo

1430 953 1498 978 filius
1517 954 1626 978 univoce
1645 954 1772 979 convenit.
1791 954 1825 978 At
1839 954 1861 978 si
1874 962 1926 978 non
1940 954 2059 985 univoce,
2074 955 2121 979 sed
2135 955 2223 979 solum
2237 955 2369 988 analogice
2383 956 2503 980 convenit

1429 997 1490 1014 cum
1508 997 1595 1020 causa,
1610 990 1711 1014 nonnisi
1730 994 1871 1021 conceptus
1891 990 2015 1022 analogos
2035 995 2142 1015 naturae
2161 995 2186 1014 et
2204 990 2394 1023 perfectionum
2408 998 2502 1016 causae

1430 1025 1488 1049 licet
1513 1025 1629 1057 accipere
1648 1032 1679 1050 ex
1704 1025 1850 1057 cognitione
1875 1029 1981 1050 naturae
2000 1030 2026 1050 et
2050 1024 2238 1057 perfectionum
2263 1026 2380 1051 effectus.
2404 1026 2442 1052 lta
2460 1034 2503 1052 nc—

1430 1061 1489 1085 cidit
1507 1061 1533 1085 in
1552 1060 1704 1093 Theologia.
1724 1060 1791 1085 Nam
1810 1065 1942 1085 creaturae
1961 1061 1987 1085 in
2006 1059 2134 1085 infinitum
2153 1068 2167 1085 a
2186 1061 2242 1086 Deo
2261 1062 2286 1086 in
2303 1061 2502 1094 perfectionibus

1430 1096 1538 1127 distant;
1558 1100 1748 1128 consequenter
1767 1096 1879 1129 cognitio
1898 1095 2085 1128 perfectionum
2107 1101 2284 1121 creaturarum
2302 1096 2377 1122 infert
2396 1097 2503 1130 quidem

1430 1131 1591 1156 existentiam
1609 1131 1796 1164 perfectionum
1816 1132 1842 1156 in
1859 1131 1931 1162 Deo;
1951 1136 1977 1156 at
1995 1132 2056 1164 quia
2074 1131 2244 1164 perfectiones
2261 1133 2287 1156 in
2301 1132 2357 1157 Deo
2372 1137 2433 1157 sunt
2446 1131 2504 1157 infi—

1431 1167 1497 1191 nitae
1512 1172 1626 1198 naturae,
1642 1172 1667 1191 et
1681 1172 1857 1192 creaturarum
1876 1166 2046 1199 perfectiones
2066 1172 2126 1192 sunt
2145 1167 2265 1192 absolute
2283 1166 2382 1199 finitae;
2401 1166 2503 1193 finitum

1431 1207 1518 1227 autem
1537 1210 1590 1227 non
1615 1207 1701 1235 potest
1719 1203 1828 1227 univoce
1854 1202 1992 1227 convenire
2017 1210 2077 1227 cum
2101 1201 2214 1233 infinit03
2240 1204 2358 1236 sequitur
2383 1204 2454 1236 quod
2473 1211 2504 1228 ex

1431 1238 1554 1263 creaturis
1578 1245 1720 1270 possumus
1744 1238 1810 1263 scire
1830 1238 1863 1262 de
1880 1237 2081 1270 perfectionibus
2100 1237 2148 1263 Dei
2166 1238 2230 1271 quia
2247 1242 2324 1269 sunt,
2345 1247 2398 1264 non
2416 1243 2505 1264 autem

1430 1273 1496 1306 quid
1514 1274 1539 1298 in
1559 1281 1588 1298 se
1607 1278 1676 1298 sunt.
2345 1277 2349 1281 ‘
