2548 4192
932 264 986 299 IN
1018 264 1055 300 S.
1087 264 1327 301 THOMAM
1355 265 1677 312 AQUINATEM

200 341 302 371 diisse.
322 341 434 380 Neque
453 339 585 369 demum
603 339 725 378 eadem,
745 341 869 371 tametsi
888 341 998 371 omnia
1025 342 1063 371 ab
1090 341 1157 371 aliis
1178 342 1270 372 colle-

198 392 247 415 cta
266 384 451 421 dicerentur,
471 384 510 413 ab
529 383 600 423 ipso
619 384 778 424 Aquinate
798 385 931 416 omnino
951 385 1159 416 abiudicanda
1179 393 1269 417 sunt:

198 435 274 459 sunt
289 428 375 458 enim
389 432 462 467 post
490 428 593 466 ipsum
623 428 780 468 legentem
810 430 860 459 vel
873 430 1116 468 praedicantem
1136 430 1175 460 ab
1198 431 1271 461 aliis

198 473 342 509 collecta,
362 472 401 501 ab
420 471 491 510 ipso
511 471 606 501 etiam
625 472 754 502 Thoma
773 474 877 503 revisa
897 479 927 503 et
946 474 1134 513 approbata,
1151 481 1187 504 ut
1206 474 1270 504 suis

198 515 232 546 in
249 515 327 546 locis
346 514 577 545 adnotavimus.
595 515 630 545 Id
648 526 748 555 genus
768 516 874 556 Opera
890 517 950 547 dici
967 525 1201 548 consueverunt
1210 519 1270 549 Re-

192 564 345 599 portata:
363 568 445 599 quae
473 559 596 589 tametsi
624 559 761 590 aliorum
787 561 870 601 stylo
899 562 1068 601 descripta,
1088 572 1271 601 germanam

197 610 304 634 tamen
323 613 342 632 a
361 602 557 633 sanctissimo
573 604 711 634 Doctore
728 605 874 635 traditam
893 615 910 635 e
929 613 1077 645 suggestu
1095 605 1270 637 doctrinam

198 647 464 687 complectuntur.
483 647 568 677 Hinc
596 658 761 687 perperam
789 649 961 680 Dacherius
987 650 1020 680 in
1044 650 1168 680 Monito
1189 651 1269 681 etin

196 691 333 722 Postillis
353 690 576 730 marginalibus
596 692 707 722 eadem
727 693 857 732 notavit,
877 693 974 724 veluti
990 696 1118 734 spurios
1138 701 1268 734 partus,

187 735 283 776 falso
301 735 435 765 tributos
454 735 616 775 Aquinati.

264 779 302 809 11.
321 779 373 808 Ad
391 778 520 809 intimos
541 779 686 819 Operum
714 780 861 811 Thomae
892 781 1082 813 characteres
1109 783 1268 823 progredi-

195 829 247 854 tur
266 822 378 853 oratio.
398 824 495 863 Apud
515 823 686 854 Gravinam
702 824 735 854 in
754 835 813 855 suo
837 826 1016 856 Cherubino
1045 833 1075 857 et
1094 826 1268 857 Vielmium

194 866 395 907 Episcopum
411 867 649 907 Argolicensem
662 868 695 898 in
711 869 945 910 Peloponneso,
956 878 1066 910 postea
1075 871 1267 902 Aemonien-

195 921 263 941 sem
282 910 314 941 in
335 910 441 950 Istria,
461 912 494 941 in
514 911 619 952 Opere
637 913 688 943 De
706 913 851 944 doctrina
879 919 909 944 et
933 916 1060 954 scriptis
1078 916 1266 954 Aquinatis,

194 954 282 985 fuere
306 965 470 994 censores,
500 956 556 996 qui
574 957 722 987 Doctoris
751 958 850 988 nostri
878 958 997 998 stylum
1025 969 1061 989 ac
1095 959 1267 989 dictionem

194 999 480 1039 reprehendebant,
501 1010 536 1030 ac
553 1000 578 1030 si
597 1001 733 1031 barbare
757 1007 787 1032 et
806 1002 934 1032 sordide
947 1002 1121 1034 admodum
1143 1003 1267 1033 locutus

194 1042 261 1083 ipse
290 1042 383 1074 fuerit
401 1051 431 1074 et
451 1044 615 1084 scripserit.
635 1044 791 1075 Maiorem
819 1045 913 1076 etiam
939 1053 1086 1076 ornatum
1106 1054 1136 1077 et
1155 1046 1266 1086 florem

194 1087 346 1117 orationis
379 1094 410 1118 et
437 1087 608 1118 disserendi
633 1089 760 1128 copiam
788 1096 950 1129 optassent
975 1090 1132 1120 delicatuli
1160 1091 1266 1130 plures

194 1131 280 1171 apud
298 1131 505 1161 Melchiorem
529 1132 666 1162 Canum.

261 1175 393 1205 Severos
426 1185 570 1205 censores
598 1176 751 1207 advocare
779 1183 933 1217 praestat,
958 1177 1013 1217 qui
1038 1177 1193 1208 iudicium
1223 1177 1265 1208 fe-

192 1225 271 1249 rant.
291 1218 416 1249 Primus
436 1219 568 1258 prodeat
596 1220 728 1250 Iacobus
747 1221 924 1251 Bruckerus
936 1243 944 1259 ,
965 1221 1056 1251 cuius
1078 1221 1154 1251 haec
1173 1222 1266 1252 verba

192 1269 282 1293 sunt:
303 1275 318 1290 «
331 1263 406 1292 Non
422 1262 521 1293 defuit
537 1263 683 1294 Thomae
700 1264 852 1304 elegantia
870 1263 997 1304 ingenii,
1012 1265 1097 1295 unde
1112 1265 1265 1296 scribendi

195 1319 210 1334 ιο
232 1306 324 1344 ratio,
343 1313 438 1347 atque
457 1306 552 1338 dictio
571 1307 678 1338 minus
696 1308 862 1346 lutulenta,
883 1318 982 1348 quam
1005 1309 1054 1339 sui
1073 1310 1189 1340 saeculi
1208 1310 1265 1340 ho-

154 1381 158 1383 .
190 1350 526 1391 1-,mines‘p1erique...
538 1352 629 1391 sequi
643 1352 795 1383 solebant.
807 1352 855 1382 Ex
870 1362 934 1393 qua
950 1353 1095 1383 dictionis
1110 1354 1177 1384 eius
1193 1353 1264 1384 faci-

193 1405 210 1421 »
232 1394 317 1425 litate
351 1402 432 1425 recte
470 1395 630 1426 criterium
661 1396 837 1427 desumitur
874 1397 1081 1437 supppositos
1117 1398 1265 1428 Thornae

195 1450 209 1466 ιν
231 1438 329 1469 libros
353 1449 372 1469 a
399 1439 543 1479 genuinis
573 1440 785 1478 discernendi;
815 1441 960 1481 quamvis
988 1442 1170 1482 negandum
1198 1453 1265 1472 non

196 1494 210 1509 ι
233 1492 300 1513 esse
325 1490 475 1523 putemus
504 1493 571 1514 esse
598 1484 631 1514 in
659 1484 726 1514 eius
755 1484 891 1515 dictione
925 1485 1045 1524 multa,
1065 1496 1147 1526 quae
1173 1497 1263 1517 aures

194 1537 209 1553 ι
232 1526 378 1558 delicatas
397 1528 517 1566 radant,
537 1528 570 1558 in
593 1528 710 1568 quibus
733 1536 839 1559 tamen
859 1529 954 1569 longe
974 1530 1100 1560 caeteris
1120 1538 1166 1561 est
1185 1531 1263 1561 tole-

193 1581 208 1597 »
231 1571 359 1602 rabilior
372 1583 400 1602 ³.
411 1571 491 1602 Satis
507 1572 539 1602 id
557 1571 659 1611 fuerit,
676 1579 712 1603 ut
730 1573 868 1603 barbaro
883 1583 922 1604 ac
940 1574 1069 1605 sordido
1088 1575 1261 1606 admodum

190 1615 346 1645 scribendi
364 1616 464 1646 modo
484 1616 590 1656 Opera
606 1617 752 1647 Thomae
770 1617 950 1648 liberemus.

257 1659 477 1699 Impudentius
494 1670 590 1691 nemo
610 1660 766 1691 casimiro
783 1661 915 1692 Oudino
935 1661 1042 1701 Opera
1060 1664 1157 1694 sancti
1173 1664 1261 1694 Tho-

190 1713 261 1734 mae
281 1704 486 1744 contempsit:
507 1715 526 1734 a
544 1715 610 1745 quo
634 1712 740 1736 tamen
759 1705 814 1735 lux
838 1705 906 1746 ipsa
923 1706 1058 1737 veritatis
1081 1707 1167 1737 haud
1187 1718 1261 1738 con-

189 1746 399 1778 temnendum
417 1749 457 1778 de
475 1749 558 1789 stylo
578 1749 682 1789 deque
705 1749 842 1779 dictione
862 1750 929 1780 eius
950 1750 1104 1781 iudicium
1124 1752 1260 1783 extorsit.

189 1791 278 1822 Haec
297 1791 383 1822 enim
397 1792 492 1823 habet
505 1793 599 1824 verba
618 1793 719 1833 capite
735 1804 800 1832 xm,
813 1804 935 1824 canone
950 1801 980 1823 v:
1000 1807 1014 1821 α
1028 1795 1163 1826 Nullum
1178 1806 1261 1836 opus

192 1847 207 1862 ³·
229 1835 280 1866 vel
308 1836 522 1876 opusculum,
542 1837 632 1867 cuius
656 1837 791 1868 latinitas
810 1838 940 1868 barbara
963 1845 1058 1878 atque
1077 1839 1191 1870 rustica
1211 1840 1260 1879 sit,

191 1891 207 1907 a·
229 1886 369 1919 spectare
397 1880 490 1911 debet
518 1881 559 1911 ad
586 1888 731 1911 sanctum
759 1882 923 1912 Thomam
951 1882 1154 1922 Aquinatem.
1184 1885 1261 1924 Legi

191 1935 207 1952 »
229 1923 315 1954 enirn
333 1930 460 1962 attente,
480 1931 637 1965 quantum
656 1925 735 1955 mihi
753 1925 851 1963 licuit,
875 1936 972 1966 opera
991 1934 1086 1967 atque
1105 1929 1261 1968 opuscula

191 1979 206 1995 ι
228 1967 390 2008 pleraque,
409 1968 476 1998 imo
496 1969 593 2000 sancti
612 1969 758 2000 Doctoris
778 1970 920 2001 omnia...
936 1977 1030 2010 atque
1048 1971 1128 2002 inter
1156 1973 1260 2012 legen-

191 2023 206 2039 »
228 2012 309 2042 dum
323 2012 540 2051 animadverti,
561 2021 706 2044 sanctum
725 2014 899 2045 Doctorem
918 2015 1068 2055 equidem
1092 2016 1125 2046 in
1148 2017 1260 2057 Operi-

186 2068 202 2084 »
224 2056 284 2086 bus
313 2056 378 2087 suis
407 2067 474 2087 non
506 2057 664 2088 affectasse
691 2058 877 2089 latinitatem
897 2067 1061 2099 comptam
1079 2067 1174 2101 atque
1198 2062 1259 2092 ele-

186 2111 201 2127 »
224 2107 362 2140 gamem,
375 2111 441 2131 non
457 2101 629 2140 neglexisse
643 2109 782 2132 attamen
800 2102 898 2134 illam.
910 2103 955 2133 Ita
970 2111 1005 2134 ut
1024 2114 1191 2145 nunquam
1209 2107 1259 2136 vel

187 2157 202 2173 ι
224 2154 294 2175 raro
310 2145 415 2175 videre
435 2145 473 2176 sit
490 2145 524 2175 in
543 2146 759 2186 prolixissimis
784 2147 879 2177 etiam
902 2147 969 2178 eius
989 2147 1146 2188 Operibus
1166 2150 1258 2189 phra-

187 2201 202 2217 ›
226 2198 274 2219 ses
289 2189 434 2220 barbaras
449 2197 543 2230 atque
557 2190 764 2230 grammatico
780 2191 934 2230 indignas:
953 2192 1007 2222 sed
1022 2194 1195 2233 quamdam
1211 2194 1258 2224 di-

187 2245 203 2260 >
226 2232 338 2264 ctionis
353 2243 490 2264 servasse
507 2234 752 2273 congruitatem,
772 2242 867 2275 atque
883 2235 979 2266 fuisse
995 2243 1171 2278 utcumque
1190 2238 1257 2269 lati-

187 2289 202 2305 »
225 2287 315 2308 num.
333 2278 425 2308 Unde
444 2278 500 2308 ubi
515 2278 548 2308 in
567 2278 739 2319 Opusculis
755 2279 805 2309 vel
821 2289 915 2310 voces
935 2281 1082 2311 barbarae
1098 2281 1257 2313 affectatae

187 2334 203 2349 x
224 2322 275 2352 vel
293 2321 422 2362 phrases
450 2322 608 2352 eiusmodi
630 2323 796 2362 leguntur;
823 2331 945 2354 certum
970 2325 1049 2355 mihi
1077 2332 1123 2356 est
1151 2326 1257 2366 Opera

187 2378 202 2394 xv
224 2366 283 2396 ista
298 2376 363 2396 non
380 2373 519 2406 spectare
534 2367 573 2396 ad
589 2367 779 2407 Angelicum
793 2368 886 2398 illum
902 2369 1087 2408 Doctorem,
1103 2370 1159 2410 qui
1176 2381 1255 2401 sem-

187 2422 202 2437 »
226 2420 281 2451 per
299 2410 332 2440 in
351 2410 550 2450 expressione
579 2421 739 2451 congruus
772 2412 904 2451 saltem,
939 2423 1119 2454 numquam
1146 2415 1255 2445 barba-

187 2466 203 2483 »
225 2464 279 2485 rus
289 2461 343 2485 aut
353 2464 540 2494 puerascens
552 2455 611 2486 fuit
623 2467 651 2486 ιν.
661 2455 748 2486 Nihil
758 2456 918 2496 reliquum
928 2464 984 2494 est,
995 2458 1084 2498 quod
1095 2466 1255 2499 optemus.

253 2498 306 2529 111.
326 2498 477 2535 Querelas
505 2499 638 2530 miscent
660 2499 713 2530 alii
741 2500 779 2530 de
807 2500 915 2538 arido,
940 2502 1029 2542 quod
1049 2510 1174 2533 secutus
1194 2511 1254 2541 est,

185 2542 368 2583 disputandi
386 2552 498 2582 genere
524 2543 644 2583 absque
671 2544 749 2574 flore
772 2545 942 2583 orationis,
960 2546 1080 2586 absque
1103 2547 1255 2588 eloquen-

185 2587 246 2618 tiae
266 2593 391 2625 ornatu,
410 2587 530 2627 absque
557 2588 644 2618 cultu
660 2588 814 2619 dictionis.
831 2589 991 2629 Equidem
1014 2601 1106 2621 nemo
1127 2602 1147 2621 a
1169 2593 1237 2622 viro

183 2632 378 2672 gravissimo
402 2632 556 2662 orationis
578 2632 709 2663 delicias
724 2638 870 2672 quaerat,
885 2635 1053 2675 pigmenta
1074 2636 1254 2673 muliebria,

175 2675 297 2717 sucum
322 2676 482 2715 puerilem
503 2674 599 2718 (quae
621 2676 655 2706 in
678 2676 837 2717 Operibus
861 2677 928 2708 eius
958 2687 1110 2719 apparent
1135 2679 1252 2722 nulla):

185 2720 242 2751 sed
265 2729 358 2750 veras
382 2729 562 2760 gravesque
584 2722 767 2758 sententias,
787 2728 982 2762 argumenta
1003 2724 1106 2754 solida
1129 2730 1160 2755 et
1178 2734 1254 2764 pro-

179 2764 278 2804 pria,
306 2773 485 2794 sermonem
514 2765 572 2802 rei,
589 2765 628 2795 de
660 2774 724 2806 qua
753 2765 940 2804 disseritur,
969 2769 1254 2799 accommodatum.

184 2807 365 2839 Melchioris
384 2808 465 2839 Cani
487 2808 569 2839 libro
593 2810 650 2840 XII
674 2810 722 2840 De
745 2809 823 2840 locis
846 2810 1005 2851 theolog.,
1030 2812 1130 2851 capite
1153 2823 1184 2842 x1
1207 2813 1254 2843 iu-

186 2851 306 2882 dicium
321 2859 377 2890 est,
395 2853 484 2892 quod
499 2853 637 2892 prudens
652 2854 830 2894 doctusque
845 2865 941 2885 nemo
957 2866 1022 2886 non
1037 2857 1254 2896 amplectatur.

187 2895 275 2926 Haec
293 2897 401 2926 omnia
420 2896 540 2936 quippe
559 2897 638 2928 adeo
659 2899 791 2939 egregie
809 2898 902 2929 divus
928 2900 1066 2930 Thomas
1082 2902 1254 2940 praestitit,

189 2944 224 2969 ut
250 2940 279 2970 si
309 2941 384 2969 vitia
405 2941 436 2970 in
467 2950 504 2970 eo
526 2951 635 2980 pauca
664 2943 745 2979 sint,
767 2952 848 2982 quae
881 2943 921 2973 ab
949 2945 1017 2974 istis
1046 2943 1202 2985 (curiosis
1227 2952 1257 2975 et

187 2982 361 3013 delicatulis
380 2983 577 3026 hominibus)
601 2986 752 3016 invidiose
775 2993 1087 3018 commemorantur:
1108 2989 1257 3027 plurimis

187 3031 294 3057 tamen
322 3028 532 3068 maximisque
557 3030 724 3060 virtutibus
748 3031 804 3060 illa
826 3036 1014 3070 compenset.
1040 3032 1257 3072 Quamquam,

189 3075 226 3101 ut
252 3075 323 3100 erat
345 3075 375 3101 et
398 3071 558 3102 modestus
578 3078 608 3102 et
630 3074 808 3112 prudens...
826 3075 929 3114 legem
959 3075 1180 3114 disputationis
1205 3087 1257 3107 ae-

187 3115 346 3155 quabilem
374 3119 442 3145 tum
471 3116 665 3153 rudioribus,
693 3123 796 3148 tum...
824 3128 884 3148 suo
914 3119 962 3149 illi
988 3120 1116 3150 saeculo
1139 3120 1234 3151 dedit.

255 3159 307 3188 Ad
334 3158 408 3189 vitia
435 3158 579 3189 dictionis
607 3160 712 3191 referri
740 3162 820 3192 solet
848 3163 1037 3193 obscuritas:
1065 3170 1095 3193 et
1122 3164 1257 3195 obscura

187 3202 346 3243 quaedam
371 3203 403 3232 in
427 3203 492 3233 divi
520 3204 658 3234 Thomae
684 3206 956 3237 lucubrationibus
985 3216 1052 3237 csse
1076 3207 1258 3238 cavillantur

190 3246 338 3277 nonnulli
361 3247 448 3286 apud
472 3248 621 3277 eumdem
645 3248 772 3280 Canum
795 3249 868 3280 loco
892 3250 996 3281 citato.
1016 3251 1102 3281 Sane
1120 3252 1258 3291 quidem:

189 3290 314 3330 reponit
339 3290 385 3320 vir
411 3291 659 3330 sapientissimus
671 3315 680 3329 ,
711 3293 751 3322 ad
782 3293 990 3324 iudicandum
1022 3294 1158 3325 maxime
1189 3295 1258 3325 ido-

190 3345 279 3365 neus.
299 3335 371 3365 Non
396 3340 502 3365 tamen
519 3335 559 3365 ab
582 3336 638 3366 illo
652 3337 696 3366 ita
720 3336 873 3367 dicuntur
887 3337 927 3368 de
950 3338 1128 3368 industria:
1151 3340 1255 3369 necin

190 3380 319 3419 ingenio
334 3380 424 3416 inest,
432 3379 488 3410 sed
498 3380 529 3409 in
545 3379 639 3410 rebus
653 3381 728 3419 ipsis
742 3381 927 3412 obscuritas.
936 3382 978 3411 Et
983 3383 1118 3420 propria
1129 3380 1257 3423 (nempe

189 3430 386 3463 argumenta,
403 3433 439 3453 ex
458 3423 502 3453 rei
520 3423 688 3453 visceribus
703 3424 807 3462 ducta,
824 3432 859 3455 ut
874 3425 995 3464 egregie
1010 3432 1144 3464 praestat
1158 3426 1256 3466 Aqui-

191 3465 291 3509 nas),
316 3477 410 3507 quam
435 3469 638 3504 communia,
662 3467 847 3498 obscuriora
879 3473 963 3498 sunt.
994 3469 1106 3498 Vinum
1135 3479 1258 3509 quoque

189 3520 276 3551 aqua
301 3513 435 3542 mixtum
460 3512 581 3542 clarius
603 3516 650 3542 est
673 3512 811 3551 quidem,
835 3513 892 3543 sed
914 3512 1046 3542 dilutius
1069 3517 1116 3542 est
1139 3518 1258 3543 tamen:

191 3565 317 3586 merum
345 3556 388 3586 ad
419 3555 585 3586 hibendum
615 3555 780 3596 difficilius
788 3579 799 3594 ,
823 3557 901 3596 plus
933 3557 1061 3586 omnino
1090 3557 1183 3587 habet
1214 3558 1257 3588 vi-

191 3608 288 3631 rium.

2257 284 2399 310 cccxvn

1709 346 1907 384 CAPUT
1937 349 2012 384 III.

1325 439 1394 464 Num
1412 447 1518 472 graecae
1537 441 1638 473 linguae
1656 442 1745 475 peritia
1763 443 1872 475 polleret
1881 443 1996 480 Aquinas
2013 444 2138 469 dissident
2155 445 2302 478 scriptores.
2319 446 2402 472 Grae-

1397 483 1453 500 cam
1473 481 1540 500 certe
1560 477 1637 502 coluit
1661 478 1842 510 promovitque
1867 479 2051 510 eruditionem,
2077 485 2166 512 utpote
2190 480 2234 512 qui
2259 481 2397 514 scriptores

1396 518 1502 542 graecos
1513 511 1538 535 in
1549 511 1654 536 latinum
1673 513 1803 538 transferri
1824 514 1955 539 curaverit.
1976 515 2140 547 Imperfectas
2155 515 2307 548 vitiatasque
2329 517 2400 542 novit

1396 546 1494 576 latinas,
1514 554 1581 578 quae
1600 547 1747 572 ferebantur
1764 549 1910 574 versiones:
1930 549 2151 582 interpretumque
2174 550 2301 575 inscitiam
2322 552 2396 576 casti—

1395 586 1452 613 gat:
1472 587 1651 615 correctusque
1669 583 1767 615 profert
1780 584 2011 617 interpretationes.
2025 585 2188 610 Variantibus
2202 586 2301 618 passim
2321 587 2400 611 utitur

1397 616 1541 641 divinorum
1567 618 1730 650 eloquiorum
1755 619 1907 644 lectionibus
1920 639 1926 651 ‚
1956 628 2022 653 quae
2053 628 2083 645 ex
2108 621 2220 646 hebraeo
2246 626 2271 646 et
2304 629 2397 654 graeco

1396 656 1464 677 textu
1483 651 1686 684 proficiscuntur.

1325 739 1347 770 Ι.
1371 731 1592 815 Graviora,
1617 753 1698 784 quae
1723 752 1942 784 opponuntur,
1963 746 2188 785 expendamus.
2205 746 2240 776 ln
2262 747 2390 787 Elogio‚

1461 796 1527 826 quo
1551 787 1714 818 Thomam
1738 796 1866 819 exornat
1890 789 2039 820 Erasmus
2068 791 2321 828 Roterodamus‚
2347 793 2391 822 vi-

1324 837 1396 858 rum
1422 830 1584 869 appellans
1608 841 1670 861 non
1693 842 1752 862 suo
1775 837 1898 862 tantum
1923 834 2051 863 saeculo
2071 844 2238 875 magnum,
2263 836 2392 866 saniore

1322 874 1457 903 caeteris
1481 875 1609 914 ingenio
1633 880 1663 905 et
1685 876 1834 915 solidiore
1867 877 2042 907 eruditione
2060 878 2244 917 praeditum
2259 901 2267 915 ‚
2291 879 2391 918 plane

1322 915 1456 955 dignum
1473 917 1568 947 fuisse
1584 918 1636 956 ait,
1648 920 1700 949 cui
1714 920 1901 959 linguarum
1917 930 2039 960 quoque
2048 923 2165 960 peritia
2180 923 2390 962 contingeret.

1321 959 1413 990 Hanc
1436 961 1618 1000 linguarum
1642 962 1844 992 nescientiam
1859 963 1966 994 obiicit
1981 964 2128 995 Oudinus
2149 965 2281 995 omnino
2301 966 2387 996 inur-

1322 1003 1417 1033 bane:
1443 1005 1621 1042 Nesciebat,
1636 1005 1794 1045 inquiens,
1811 1008 1940 1046 linguas
1955 1018 2035 1047 quas
2049 1010 2211 1048 appellant
2235 1011 2389 1041 exoticas:

1320 1056 1442 1086 graeca
1466 1058 1524 1079 nec
1546 1050 1929 1090 tantisperintelligebat.
1949 1052 2070 1081 Eadem
2084 1059 2130 1083 est
2144 1053 2293 1083 Bruckeri
2317 1064 2387 1084 cen-

1321 1098 1412 1120 sura:
1437 1092 1545 1122 Multa
1579 1094 1608 1122 ei
1638 1093 1831 1134 defuerunt,
1857 1094 2044 1134 inquientiS,
2069 1106 2150 1135 quae
2173 1098 2281 1133 illam,
2306 1107 2388 1137 quae

1314 1134 1503 1174 philosopho
1533 1141 1660 1166 caetera
1684 1137 1774 1167 docto
1798 1143 1827 1167 et
1858 1143 1951 1168 acuto
1984 1139 2153 1177 tribuitur,
2178 1141 2303 1170 laudem
2329 1139 2397 1171 im-'

1321 1178 1479 1209 minuunt.
1508 1179 1599 1209 Inter
1622 1190 1659 1210 ea
1687 1182 1889 1219 potissimum
1925 1183 2027 1212 locum
2062 1193 2217 1223 occupare
2241 1185 2385 1221 videtur,

1319 1222 1404 1260 quod
1426 1232 1565 1262 graecae
1590 1224 1722 1264 linguae
1738 1226 1875 1264 ignarus
1890 1225 2006 1265 suerit.
2023 1227 2111 1256 Paria
2130 1227 2291 1267 scripserat
2308 1228 2386 1258 olim

1320 1265 1484 1296 Launoius
1507 1266 1540 1296 in
1564 1267 1653 1307 epist.
1672 1279 1682 1297 x
1707 1269 1746 1297 ad
1771 1269 1949 1299 Antonium
1978 1270 2137 1301 Faurum:
2168 1272 2270 1302 Nemo
2294 1272 2386 1313 affir-

1320 1315 1456 1347 masset,
1481 1310 1647 1351 inquiens,
1673 1313 1804 1342 vertisse
1833 1313 1983 1343 Thomam
2009 1324 2046 1343 ex
2069 1324 2180 1353 graeco
2213 1317 2386 1355 quemdam

1319 1363 1343 1384 S.
1362 1353 1473 1394 Cyrilli
1497 1362 1628 1393 textum,
1653 1357 1727 1396 quia
1750 1366 1868 1396 graece
1892 1367 1954 1387 non
1981 1358 2186 1398 intelligebat.

1386 1398 1421 1428 In
1444 1398 1503 1429 hac
1532 1409 1681 1430 censurae
1705 1407 1791 1439 parte
1816 1401 1969 1431 celebrare
1999 1401 2128 1432 virtutes
2158 1409 2263 1432 tamen
2287 1403 2385 1442 duas,

1318 1451 1400 1482 quae
1424 1442 1604 1481 linguarum
1629 1443 1787 1474 defectum
1812 1455 2017 1484 compensare
2040 1446 2173 1483 valeant,
2190 1446 2386 1485 dignissimas

1317 1485 1350 1515 in
1382 1487 1535 1526 Angelico
1569 1488 1707 1518 Doctore
1741 1489 2037 1526 commendatione,
2071 1499 2137 1519 non
2170 1490 2386 1529 praetermittit

1317 1529 1493 1560 Bruckerus
1531 1531 1742 1562 heterodoxus
1758 1555 1767 1570 ,
1808 1532 1914 1562 minus
1953 1533 1986 1562 in
2025 1533 2218 1573 Aquinatem
2258 1533 2386 1574 iniquus

1318 1584 1416 1614 quam
1438 1582 1581 1614 apostata
1605 1575 1779 1606 Casimirus
1803 1576 1961 1607 Oudinus.
1979 1579 2025 1607 Ac
2044 1577 2184 1617 primum
2209 1578 2383 1615 laudanda,

1317 1618 1430 1658 inquit,
1461 1619 1599 1649 Thomae
1622 1620 1800 1657 industria,
1826 1620 1910 1660 quod
1932 1631 2004 1651 cum
2038 1631 2158 1661 graeca
2183 1623 2248 1661 ipse
2271 1623 2385 1652 intelli-

1316 1672 1395 1702 gere
1419 1672 1481 1692 non
1500 1668 1619 1703 posset,
1641 1665 1802 1694 meliorem
1827 1670 2022 1704 quamtunc
2036 1666 2191 1702 exstabat,
2209 1667 2383 1696 versionem

1316 1707 1496 1737 Aristotelis
1530 1705 1743 1749 (aliorumque
1767 1708 1975 1748 scriptorum,
2007 1716 2043 1739 ut
2070 1709 2150 1739 infra
2180 1708 2383 1752 dicendum),

1316 1750 1429 1790 confici
1452 1752 1622 1781 curaverit.
1643 1753 1690 1781 Ac
1714 1751 1794 1782 illud
1818 1759 1975 1792 praeterea
1998 1753 2167 1792 praeconio
2186 1754 2319 1784 laudum
2335 1764 2382 1784 ce-

1316 1794 1523 1832 lebrandum,
1547 1795 1637 1835 quod
1659 1796 1855 1826 versionibus
1879 1796 1950 1827 licet
1973 1797 2078 1827 minus
2109 1797 2257 1828 accuratis
2282 1805 2382 1828 utere-

1316 1844 1377 1876 tur,
1398 1839 1511 1869 mentis
1532 1837 1671 1882 ὲυσοχία
1690 1841 1790 1870 multa
1814 1850 1936 1880 quoque
1959 1846 2148 1881 assequutus
2167 1846 2222 1872 est.
2245 1842 2383 1872 Noverat

1315 1882 1400 1912 istud
1424 1882 1541 1922 ingenii
1564 1894 1718 1920 acumen,
1744 1894 1809 1923 quo
1835 1885 1974 1924 pollebat
2003 1885 2164 1924 Aquinas,
2189 1885 2320 1926 eiusque
2349 1886 2382 1916 in

1315 1926 1518 1966 adsequenda
1540 1927 1667 1958 veritate
1691 1927 1870 1958 facilitatem
1886 1928 2011 1959 Gabriel
2025 1929 2205 1967 Naudaeus,
2229 1930 2283 1959 abs
2303 1930 2382 1960 Bru-

1316 1971 1408 2000 ckero
1425 1970 1500 2012 (loc.
1517 1970 1585 2012 cit.)
1601 1972 1757 2010 laudatus,
1773 1972 1828 2012 qui
1844 1972 1877 2002 in
1897 1973 2132 2012 Bibliographia
2146 1973 2290 2012 politica:
2308 1974 2381 2013 Ipse

1320 2015 1468 2052 Thomas,
1486 2015 1597 2052 aiebat,
1615 2021 1649 2046 ut
1666 2017 1697 2046 in
1714 2018 1848 2047 caeteris
1864 2017 2010 2056 operibus
2024 2018 2213 2054 Aristotelis,
2230 2018 2275 2047 sic
2285 2027 2381 2057 prae-

1314 2060 1423 2089 sertim
1440 2060 1472 2089 in
1489 2060 1557 2090 istis
1574 2058 1628 2102 (ad
1644 2060 1789 2090 Ethicam
1805 2059 2044 2102 pertinentibus)
2063 2071 2151 2091 more
2169 2071 2227 2091 suo
2237 2061 2337 2102 fecit:
2351 2067 2381 2092 et

1314 2113 1356 2133 ex
1371 2104 1630 2143 interpretatione
1647 2114 1747 2144 neque
1762 2105 1854 2141 bona,
1873 2114 1971 2145 neque
1988 2115 2081 2142 vera,
2100 2106 2213 2135 bonam
2228 2111 2333 2135 tamen
2351 2111 2381 2136 et

1314 2157 1423 2177 veram
1448 2149 1636 2178 sententiam
1662 2149 1777 2179 elicuit.
1798 2149 1857 2178 Par
1872 2156 1918 2179 est
1931 2149 2084 2179 iudicium
2107 2149 2234 2179 Eusebii
2256 2150 2380 2180 Renau-

1314 2191 1391 2221 dotii
1415 2191 1447 2221 in
1472 2202 1529 2222 sua
1552 2192 1591 2222 de
1615 2192 1780 2222 barbaricis
1803 2193 1978 2223 Aristotelis
2007 2193 2161 2223 librorum
2183 2193 2378 2224 versionibus

1312 2235 1540 2275 Disquisitione
1573 2237 1660 2276 apud
1692 2237 1736 2267 lo.
1763 2237 1930 2267 Albertum
1962 2237 2140 2267 Fabricium
2172 2237 2204 2267 in
2228 2237 2376 2268 Biblioth.

1312 2290 1422 2319 graeca
1436 2280 1516 2310 libro
1527 2281 1580 2318 VI,
1593 2281 1692 2320 capite
1702 2291 1732 2318 v,
1744 2287 1833 2311 tomo
1845 2281 1912 2311 XII.
1930 2281 2031 2311 Verba
2047 2281 2113 2311 eius
2130 2287 2203 2311 sunt
2217 2291 2306 2311 num.
2324 2289 2375 2311 20:

1312 2324 1422 2364 Neque
1446 2325 1562 2354 mirari
1583 2326 1662 2355 satis
1681 2334 1854 2364 possumus
1872 2325 1938 2355 divi
1961 2325 2098 2355 Thomae
2119 2326 2298 2365 Aquinatis,
2322 2326 2378 2365 qui

1311 2369 1512 2399 Aristotelem
1536 2370 1649 2399 talium
1675 2370 1970 2408 interpretationum
2002 2369 2141 2399 subsidio
2174 2369 2268 2399 unico
2293 2369 2376 2410 lege-

1311 2417 1375 2449 rat,
1400 2422 1534 2443 acumen
1550 2418 1580 2442 et
1594 2413 1784 2443 industriam
1795 2421 1808 2450 ;
1821 2423 1893 2443 cum
1917 2423 2011 2452 saepe
2034 2413 2234 2443 Aristotelem
2259 2414 2375 2446 verius.

1310 2457 1423 2487 saltem
1450 2458 1663 2494 verisimilius,
1679 2467 1741 2487 non
1767 2457 1859 2487 modo
1878 2467 1973 2497 quam
1999 2458 2056 2494 illi,
2074 2467 2153 2497 quos
2175 2457 2376 2496 sequebatur,

1310 2502 1470 2531 Averroes
1492 2506 1522 2531 et
1545 2501 1667 2531 Arabes
1700 2502 1832 2541 reliqui,
1857 2501 1913 2532 sed
1940 2511 2035 2541 quam
2072 2501 2188 2534 Graeci
2211 2501 2376 2537 nonnulli,

1311 2546 1539 2585 interpretatus
1561 2550 1769 2585 agnoscatur.

1377 2589 1571 2630 Aquinatem
1594 2599 1720 2629 graecae
1735 2589 1860 2629 linguae
1875 2589 2012 2629 peritum
2030 2589 2187 2619 vindicare
2211 2588 2269 2618 sibi
2292 2589 2377 2619 visus

1311 2640 1357 2664 est
1381 2641 1490 2664 contra
1506 2633 1689 2663 Launoium
1712 2643 1805 2673 posse
1829 2633 2006 2663 Bernardus
2026 2633 2154 2673 Guyard
2176 2633 2287 2672 gallus,
2303 2643 2377 2662 con-

1309 2685 1421 2708 ventus
1446 2677 1544 2708 nostri
1568 2678 1764 2707 Redonensis
1788 2677 1953 2715 alumnus,
1979 2677 2060 2707 edita
2083 2677 2205 2706 Parisiis
2235 2677 2376 2706 disserta-

1310 2722 1396 2752 tione
1411 2732 1495 2752 anno
1519 2722 1612 2763 1667,
1632 2722 1747 2752 Utrum
1763 2726 1892 2752 sanctus
1912 2722 2048 2751 Thomas
2062 2721 2209 2751 calluerit
2229 2722 2374 2760 linguam

1309 2766 1491 2807 graecam?
1505 2768 1600 2796 Anno
1624 2766 1808 2806 insequente
1837 2765 1917 2795 1668
1942 2765 2059 2794 ibidem
2078 2764 2194 2804 prodiit
2215 2764 2248 2793 in
2271 2764 2376 2794 lucem

1310 2811 1474 2841 Honorati
1498 2820 1517 2840 a
1541 2820 1566 2840 s.
1593 2810 1751 2850 Gregorio
1775 2811 1806 2839 in
1829 2809 1982 2839 Catenam
2009 2817 2142 2838 auream
2166 2809 2268 2838 sancti
2296 2809 2374 2837 Tho-

1312 2864 1383 2885 mae
1406 2865 1442 2884 ac
1464 2855 1572 2884 Patris
1587 2855 1714 2884 Nicolai
1736 2854 1901 2884 editionem
1919 2862 2032 2882 novam
2060 2853 2256 2892 apologetica
2276 2853 2373 2881 Prae-

1302 2899 1408 2940 fatio:
1432 2908 1506 2928 cum
1529 2898 1719 2938 Appendice,
1745 2907 1826 2937 quae
1849 2896 1997 2936 inscripta
2020 2896 2142 2935 legitur,
2161 2897 2192 2925 in
2214 2896 2374 2925 Disserta-

1310 2944 1426 2973 tionem
1451 2942 1490 2973 de
1502 2943 1621 2982 fictitio
1635 2943 1737 2972 sancti
1756 2942 1893 2971 Thomae
1911 2941 2091 2980 graecismo
2114 2940 2292 2969 summaria
2311 2940 2374 2978 epi-

1310 2987 1440 3017 stolaris
1454 2987 1655 3016 Dissertatio.
1670 2986 1738 3016 Sub
1754 2995 1792 3015 eo
1807 2983 1963 3014 Honorati
1978 2994 1996 3013 a
2011 2994 2035 3013 s.
2052 2982 2204 3022 Gregorio
2224 2982 2374 3012 ementito

1311 3030 1441 3060 nomine
1465 3031 1540 3060 latet
1562 3030 1630 3069 ipse
1660 3029 1760 3070 gallus
1789 3029 1865 3059 alter
1888 3027 2018 3065 sodalis,
2045 3027 2176 3056 Ioannes
2204 3026 2374 3056 Nicolaius.

1312 3074 1571 3104 Dissertationem
1604 3083 1695 3103 suam
1727 3072 1806 3103 tueri
1837 3071 2004 3112 Guyardus
2027 3080 2111 3100 anno
2139 3071 2220 3111 1670
2245 3077 2376 3100 conatus

1312 3125 1368 3155 est,
1379 3118 1441 3147 alio
1467 3118 1551 3148 edito
1576 3118 1693 3154 libello,
1712 3117 1762 3147 cui
1784 3116 1907 3146 titulus:
1932 3115 2094 3144 Adversus
2110 3115 2376 3153 metamorphoses

1311 3162 1474 3192 Honorati
1497 3171 1517 3191 a
1540 3166 1650 3192 sancto
1677 3161 1845 3200 Gregorio.
1871 3159 1979 3189 Nolim
2004 3169 2063 3198 ego
2095 3158 2283 3188 invidiosam
2307 3168 2376 3187 mo-

1311 3215 1383 3235 vere
1407 3205 1645 3245 quaestionem:
1662 3215 1760 3245 quam
1783 3203 1913 3233 fortasse
1937 3202 2067 3232 minime
2091 3202 2214 3232 dirimat
2231 3201 2375 3241 frequens

1311 3250 1344 3279 in
1367 3249 1560 3288 exponendis
1593 3249 1797 3288 etymologiis
1828 3257 1971 3277 recursus
1995 3247 2035 3276 ad
2063 3256 2212 3286 graecum
2242 3245 2374 3294 fontem,

1311 3303 1415 3333 neque
1438 3293 1649 3322 articulorum
1674 3299 1811 3332 potestas
1842 3290 1976 3320 indicata
1999 3290 2032 3320 in
2060 3297 2154 3329 caput
2176 3300 2186 3318 1
2210 3289 2373 3327 Evangeli-

1311 3344 1376 3366 stae
1396 3335 1532 3373 Ioannis,
1556 3336 1659 3373 lect.1,
1684 3345 1787 3375 neque
1803 3344 1936 3365 casuum
1961 3334 2046 3373 apud
2068 3343 2194 3373 graecos
2214 3339 2244 3362 et
2259 3332 2373 3362 latinos

1312 3379 1492 3417 differentia,
1517 3389 1598 3418 quae
1622 3379 1763 3409 innuitur
1785 3379 1854 3408 lect.
1872 3389 1905 3407 111
1929 3378 1961 3407 in
1985 3384 2079 3417 caput
2097 3388 2118 3406 11
2143 3377 2181 3406 ad
2198 3377 2370 3406 Romanos.

1311 3427 1459 3454 Attamen
1483 3432 1581 3462 neque
1613 3424 1768 3461 tantisper
1797 3421 1988 3461 Aquinatem
2019 3430 2139 3461 graeca
2163 3420 2371 3457 intellexisse,

1310 3468 1473 3503 inurbana,
1489 3473 1519 3496 et
1542 3467 1670 3503 absona,
1687 3473 1716 3495 et
1740 3465 1816 3494 falsa
1830 3465 1950 3495 Oudini
1973 3464 2125 3494 sententia
2147 3471 2202 3494 est.
2220 3463 2372 3494 Graecam

1311 3518 1392 3541 certe
1415 3509 1634 3547 eruditionem,
1659 3509 1795 3539 aliorum
1816 3518 1912 3548 opera
1935 3508 2081 3546 adhibita,
2106 3507 2250 3546 coluisse,
2275 3507 2372 3537 maxi-

1311 3564 1426 3594 meque
1450 3563 1527 3583 aevo
1558 3563 1618 3584 suo
1641 3553 1837 3593 promovisse
1860 3553 2033 3582 Doctorem
2056 3551 2288 3582 sanctissimum
2314 3552 2375 3582 du-

1311 3598 1401 3629 bium
1423 3598 1559 3628 nullum.
