2548 4192
924 294 979 330 IN
1010 293 1048 330 S.
1070 292 1313 330 THOMAM
1342 293 1667 340 AQUINATEM

197 391 213 406 ›
235 377 360 407 malum
383 375 539 405 discernat
557 381 654 414 atque
673 379 817 414 parentes
836 372 968 403 nomine
987 372 1144 412 appellare
1164 371 1268 410 norit,

197 437 212 452 »
235 421 322 462 regio
347 420 425 451 Iuda
456 419 570 450 exactis
600 418 728 449 duobus
757 417 897 457 Regibus
928 417 961 447 in
989 417 1165 447 libertatem
1189 426 1269 446 asse-

197 482 212 497 »
235 466 333 498 renda
355 470 446 502 esset,
468 463 646 504 devictique
664 463 772 493 hostes
795 462 828 491 in
844 462 993 502 praedam
1013 461 1152 501 Regibus
1175 463 1270 501 Assy-

197 526 212 542 »
235 512 299 543 riae
322 508 536 551 permittendi.
565 508 669 539 Verus
692 507 888 537 Emmanuel
911 506 962 536 ille
986 513 1048 544 est,
1069 506 1108 536 de
1131 516 1197 547 quo
1222 515 1271 535 ca-

197 570 213 586 »
235 556 300 597 pite
327 565 359 585 rx
384 553 514 584 dicitur:
546 553 591 583 Et
614 552 781 584 vocabitur
804 560 918 581 nomen
944 551 1013 581 eius
1040 550 1269 586 Admirabilis‚

198 615 214 631 2
239 599 472 635 Consiliarius,
497 598 589 628 Deus
610 597 732 638 fortis,
753 596 852 626 Pater
870 594 986 636 futuri
1008 595 1150 625 saeculi:
1174 603 1272 636 quem

198 659 214 675 ι
236 644 417 685 Principem
445 642 530 673 filius
554 641 671 680 Isaiae,
691 647 857 681 tamquam
881 639 1066 681 symbolum
1090 646 1120 670 et
1143 640 1271 681 imago,

198 704 214 719 ι
237 689 429 730 designabat.
453 699 468 715 κ
491 687 579 717 Haec
612 686 677 716 iam
700 692 792 716 antea
815 684 937 724 egregie
967 684 1135 715 tradiderat
1163 685 1272 717 omnia

197 746 222 767 s.
242 734 404 765 Thomas:
430 741 552 772 suaque
575 730 762 762 auctoritate
784 729 870 759 viam
893 729 1036 770 aperuit,
1062 739 1160 770 quam
1184 730 1271 761 dein-

197 789 272 820 ceps
294 779 400 809 maior
425 777 636 816 interpretum
656 775 886 806 catholicorum
904 783 988 814 pars
1007 780 1077 804 tuto
1103 773 1269 807 incederet.

264 823 387 855 Verum
409 821 496 852 enim
509 830 585 851 vero
608 820 732 851 iudaica
747 818 807 849 dici
826 819 879 849 illa
898 819 991 849 debet
1007 818 1173 858 expositio,
1189 830 1271 860 quae

196 869 230 900 in
253 867 366 898 veteris
386 865 582 897 Testamenti
612 863 787 905 prophetiis
806 863 885 893 nihil
904 863 990 893 aliud
1013 863 1271 903 praenuntiatum

196 919 298 954 putat,
318 911 378 942 nisi
398 910 565 948 Davidem,
581 916 636 941 aut
654 909 873 946 Salomonem,
893 914 948 938 aut
966 906 1069 938 filium
1093 907 1201 947 Isaiae,
1216 916 1272 940 aut

196 956 368 989 Ezechiam
391 956 530 995 Regem,
557 961 612 985 aut
634 954 735 985 alium
758 952 904 994 quemvis
933 952 967 982 in
990 951 1120 982 historia
1148 953 1272 984 iudaica

196 1008 323 1033 notum.
344 1000 442 1031 Haud
455 999 530 1030 satis
553 999 666 1040 procul
681 999 798 1029 abeunt
821 1007 840 1027 a
863 996 997 1027 Iudaicis
1014 997 1204 1028 commentis
1224 997 1270 1028 in-

196 1053 346 1087 terpretes
369 1045 426 1083 illi,
445 1044 502 1085 qui
525 1043 708 1084 prophetias
732 1051 845 1072 omnes
868 1047 924 1072 aut
951 1040 1015 1071 fere
1038 1050 1152 1071 omnes
1176 1042 1271 1072 unius

197 1091 288 1122 modi
311 1095 458 1126 censent,
489 1088 522 1118 in
555 1088 664 1128 eisque
694 1086 862 1126 geminum
893 1094 1024 1115 sensum
1052 1085 1270 1125 distinguunt:

197 1136 332 1167 alterum
355 1133 539 1174 proximum
554 1139 585 1162 et
607 1131 841 1167 immediatum,
856 1129 912 1170 qui
936 1129 1056 1159 factum
1080 1130 1210 1170 aliquod
1225 1130 1271 1160 hi·

197 1178 352 1210 storicum
375 1183 511 1218 spectet,
526 1176 671 1213 alterum,
687 1174 907 1206 sublimiorem
925 1173 1068 1214 quidem,
1084 1175 1139 1215 qui
1163 1174 1271 1205 medio

196 1230 304 1255 nmen
327 1221 479 1253 historico
502 1220 587 1251 facto
610 1221 643 1250 in
667 1219 833 1251 Christum
855 1217 1015 1250 referatur.
1043 1218 1130 1249 Haec
1153 1219 1273 1259 placuit

195 1266 422 1308 interpretandi
445 1265 617 1296 methodus
640 1263 828 1302 Socinianis,
847 1262 966 1303 placuit
989 1263 1121 1303 Hugoni
1146 1263 1272 1301 Grotio,

196 1311 316 1354 placuit
339 1310 476 1342 Ricardo
507 1309 673 1341 Simonio:
700 1318 784 1349 quos
806 1317 866 1348 pro
890 1306 1009 1338 meritis
1033 1308 1186 1348 castigant
1214 1308 1271 1338 viri

182 1352 502 1388 ἀετίεςίιῇἰζΡεῑι-υς
521 1354 634 1385 Daniel
657 1353 795 1384 Huetius
813 1353 847 1383 in
869 1351 1150 1384 Demonstratione
1170 1353 1272 1383 Evan-

196 1401 295 1443 gelica
323 1410 416 1442 prop.
436 1410 478 1438 rx,
498 1398 600 1439 capite
624 1408 734 1437 cam,
760 1407 850 1428 num.
879 1408 899 1439 7
925 1397 1162 1428 animadvertit:
1193 1398 1272 1428 Pro-

190 1446 322 1488 phetias
345 1443 496 1485 distingui
524 1450 690 1484 oportere,
719 1443 847 1473 unicam
880 1441 1084 1473 admittentes
1116 1443 1273 1483 interpre-

197 1491 371 1528 tationem,
390 1499 475 1531 quae
500 1488 664 1519 Christum
697 1497 785 1518 mere
807 1487 980 1527 respiciat:
998 1494 1029 1518 et
1046 1487 1185 1528 figuras
1208 1486 1273 1517 sive

196 1541 313 1577 typos,
332 1534 454 1575 duplici
484 1533 666 1575 gaudentes
697 1533 980 1572 interpretatione,
1006 1531 1073 1562 alia
1096 1531 1272 1562 secundum

198 1579 297 1613 verba
313 1584 373 1610 aut
390 1579 518 1610 litterae
535 1587 616 1609 suae
637 1587 780 1614 sensum,
800 1577 867 1607 alia
890 1578 983 1607 iuxta
1001 1586 1131 1607 sensum
1150 1576 1273 1617 allego-

197 1625 324 1656 ticum:
343 1629 374 1655 et
395 1624 512 1654 harum
546 1622 672 1663 quidem
701 1621 824 1662 duplex
846 1631 915 1653 esse
945 1631 1071 1663 genus,
1092 1631 1164 1652 cum
1188 1621 1275 1651 aliae

197 1674 286 1700 recta
310 1667 502 1709 referantur
519 1667 563 1698 ad
584 1667 759 1703 Christum,
780 1666 824 1696 ad
841 1667 908 1697 alia
929 1676 1004 1697 vero
1023 1666 1170 1706 oblique;
1187 1666 1274 1696 aliae

197 1718 312 1746 eontra
336 1713 514 1754 allegorice
531 1712 718 1752 pertineant
745 1710 790 1741 ad
815 1710 978 1742 Christum
989 1718 1002 1748 ;
1026 1711 1119 1741 iuxta
1148 1710 1272 1741 obuiam

199 1768 276 1790 ver-o
299 1763 331 1789 et
352 1757 527 1798 simplicem
548 1756 818 1797 significationem
842 1756 907 1786 alio
925 1760 1077 1796 spectent.
1097 1755 1196 1792 Quod
1219 1755 1273 1793 ait,

196 1801 456 1834 luculentissimis
479 1800 615 1832 declarat
638 1799 800 1840 exemplis.
821 1800 926 1830 Iacobi
950 1799 1083 1839 Benigni
1106 1799 1273 1837 Bossueti‚

198 1846 351 1888 Episcopi
383 1845 573 1883 Meldensis,
592 1845 776 1875 Admonitio
805 1845 838 1874 in
861 1844 1009 1875 Psalmos
1040 1850 1162 1884 prostat
1193 1843 1275 1880 inter

196 1891 366 1928 Addenda,
386 1890 442 1921 ubi
456 1900 515 1930 pro
539 1898 577 1920 ea
599 1899 664 1930 qua
678 1888 819 1929 pollebat
842 1889 1077 1929 Scripturarum
1096 1895 1127 1919 et
1141 1889 1273 1928 dogma-

197 1942 270 1968 tum
290 1935 412 1976 peritia,
431 1943 542 1975 parem
560 1933 748 1964 servandam
770 1933 803 1963 in
822 1933 1067 1974 Prophetiamm
1085 1932 1274 1973 figurarum-

162 1983 167 1985 ’
198 1990 263 2022 que
294 1990 331 2011 ac
361 1986 515 2021 typorum
549 1977 807 2019 interpretatione
835 1978 1028 2009 methodum
1060 1978 1168 2008 tradit:
1196 1978 1271 2009 Non

198 2025 441 2062 contendimus,
462 2023 630 2064 inquiens,
649 2023 678 2054 si
700 2022 779 2063 quid
810 2023 843 2054 in
876 2023 1063 2063 Prophetis,
1088 2023 1117 2053 si
1139 2022 1217 2063 quid
1240 2023 1273 2053 in

198 2069 338 2101 Psalmis
360 2078 468 2106 mere,
483 2069 653 2109 proxime,
674 2068 705 2098 vi
724 2067 894 2098 verborum
918 2077 958 2099 ac
981 2068 1109 2098 litterae
1128 2066 1275 2108 refertur

199 2114 245 2146 ad
265 2114 440 2151 Christum,
457 2113 528 2144 ideo
546 2117 646 2144 totum
661 2112 838 2150 Psalmum,
855 2117 955 2143 totum
970 2112 1150 2152 Prophetae
1168 2112 1272 2143 locum

199 2168 237 2191 eo
251 2168 320 2190 esse
334 2159 516 2190 necessario
531 2156 762 2198 referendum:
784 2158 903 2188 scimus
926 2158 1012 2188 enim
1036 2156 1163 2187 divinos
1182 2157 1274 2188 Vates

199 2204 245 2235 ita
267 2204 384 2244 spiritu
408 2203 476 2244 agi,
498 2207 534 2233 ut
555 2212 576 2233 a
601 2202 696 2233 rebus
718 2201 869 2232 humanis
887 2202 931 2232 ad
953 2201 1091 2238 divinas,
1112 2206 1210 2242 atque
1231 2201 1276 2232 ad

198 2249 302 2290 ipsum
321 2247 484 2279 Christum
504 2252 635 2288 repente
653 2248 837 2287 rapiantur.
857 2247 970 2287 Neque
983 2245 1180 2287 refugimus,
1196 2247 1273 2287 quin

198 2292 357 2335 quaedam
380 2292 421 2324 de
445 2291 575 2323 Christo
598 2291 821 2333 intelligenda,
842 2291 886 2322 ad
898 2291 1056 2322 Davidem
1076 2300 1212 2332 quoque,
1232 2291 1277 2321 ad

198 2337 424 2374 Salomonem,
450 2336 494 2368 ad
525 2337 626 2367 alium
650 2337 794 2377 quemvis
827 2341 999 2376 utcumque
1022 2336 1110 2366 trahi
1126 2337 1273 2376 possint,

199 2382 325 2423 oblique
346 2382 478 2420 scilicet,
495 2381 680 2422 improprie,
697 2381 831 2412 obscure
850 2385 881 2411 et
903 2381 997 2421 quasi
1014 2390 1079 2421 per
1102 2381 1180 2417 uim,
1202 2390 1274 2410 cum

198 2421 288 2459 recto
311 2431 351 2457 et.
359 2426 462 2467 plano
490 2435 586 2457 sensu
611 2426 643 2455 in
671 2425 834 2456 Christum
850 2424 1022 2465 ferantur.
1047 2424 1088 2455 Id
1111 2424 1274 2455 contendi-

200 2480 285 2508 mus,
305 2471 422 2502 nedum
447 2480 575 2502 necesse
596 2471 638 2500 sit
662 2475 696 2501 ut
715 2470 748 2500 hi
770 2470 894 2510 gemini
911 2479 1026 2500 sensus
1045 2469 1160 2509 ubique
1179 2478 1275 2509 quae-

201 2519 343 2552 rantur,·
362 2520 475 2546 contra
499 2519 530 2545 et
553 2524 622 2545 esse
653 2514 850 2554 oportuisse,
871 2519 902 2544 et
930 2523 998 2544 esse
1031 2523 1145 2544 revera
1179 2513 1277 2554 longe

196 2560 344 2602 plurima
368 2560 532 2596 vaticinia,
552 2568 636 2599 quae
657 2559 820 2590 Christum
834 2559 988 2598 proxime
1006 2558 1159 2598 nulloque
1173 2558 1276 2588 medio

202 2609 364 2646 tangant:
386 2613 427 2635 ac
453 2613 592 2644 peccare
615 2604 647 2633 in
675 2603 856 2640 Christum,
877 2604 933 2643 qui
955 2612 1154 2643 quocumque
1182 2602 1276 2633 modo

201 2649 347 2691 egregiis
379 2649 444 2679 illis
466 2658 486 2679 a
511 2653 577 2679 tota
613 2647 857 2679 christianitate
888 2647 1057 2678 celebratis
1080 2647 1120 2678 de
1155 2646 1276 2677 Christi

202 2693 370 2726 divinitate
392 2703 433 2724 ac
465 2693 616 2724 missione
644 2693 832 2723 testimoniis
855 2693 917 2723 vim
941 2693 1149 2732 argumenti,
1170 2692 1275 2733 legiti-

202 2747 338 2780 maeque
360 2743 391 2769 et
404 2738 543 2768 invictae
555 2737 759 2778 probationis
777 2736 959 2767 detrahant.
974 2736 1108 2767 Perinde
1123 2743 1170 2767 est
1186 2736 1276 2777 quod

202 2782 334 2814 Balthus
366 2782 400 2813 in
427 2781 571 2813 vindiciis
599 2781 844 2822 Prophetiamm
873 2781 1058 2812 christianae
1081 2781 1254 2821 Religionis
1267 2804 1275 2819 ,

203 2827 320 2869 aliique
343 2826 450 2867 plures
473 2833 639 2867 repetunt:
659 2832 755 2867 trpos
769 2836 810 2857 ac
821 2825 960 2867 figuras
977 2825 1011 2856 in
1030 2826 1142 2856 veteris
1163 2826 1273 2856 Testa-

202 2871 303 2903 menti
324 2871 411 2902 libris
426 2871 577 2911 distingui
591 2877 750 2912 oportere,
770 2881 805 2901 ac
824 2871 954 2911 insuper
977 2871 1129 2901 vaticinia
1154 2876 1184 2901 et
1197 2880 1276 2911 pro-

197 2917 326 2958 phetias
353 2925 425 2947 vere
455 2922 486 2947 et
514 2916 643 2956 proprie
674 2915 790 2946 dictas:
815 2915 883 2946 illas
912 2915 1043 2956 quidem
1071 2915 1104 2945 in
1133 2915 1277 2956 personis

203 2971 240 2992 ac
263 2970 473 3001 personarum
495 2960 609 3001 gestis,
629 2960 850 3000 historicisque
874 2959 962 2990 factis
986 2960 1104 3000 positas
1134 2967 1220 2997 esse3
1244 2959 1277 2989 in

204 3005 307 3035 verbis
331 3005 500 3036 consistere
519 3005 604 3043 istas,
624 3015 706 3046 quae
729 3004 874 3045 proxime
893 3011 924 3035 et
947 3004 1036 3035 nullo
1060 3004 1168 3035 medio
1193 3004 1278 3035 futu—

206 3058 260 3080 ros
278 3049 501 3088 praenuntiant
519 3056 669 3080 eventus:
690 3059 726 3080 ac
745 3055 867 3090 praeter
884 3048 1000 3089 figuras
1024 3055 1183 3090 typosque
1208 3049 1278 3079 Iesu

207 3092 345 3130 Christi,
364 3093 481 3133 quibus
512 3100 620 3124 totum
648 3100 745 3124 scatet
768 3094 1013 3124 Testamentum
1039 3100 1151 3131 vetus,
1171 3093 1278 3133 plures

207 3137 304 3168 etiam
326 3137 450 3167 admitti
473 3137 585 3168 debere
609 3138 811 3178 prophetias,
830 3148 913 3179 quae
935 3148 1003 3168 non
1026 3137 1059 3168 in
1083 3138 1170 3168 aliud
1192 3138 1278 3168 obie-

207 3189 296 3213 ctum
318 3181 473 3219 tendunt,
499 3181 559 3212 nisi
582 3182 731 3212 Messiam
754 3181 938 3213 Christum:
968 3192 1004 3212 ac
1027 3189 1123 3223 typos
1147 3182 1279 3212 demum

206 3226 387 3267 figurasque
410 3235 589 3263 occurrere,
609 3236 691 3267 quae
713 3233 796 3257 recta
824 3227 864 3257 ad
892 3226 1057 3257 Christum
1081 3226 1277 3264 referuntur,

207 3271 338 3312 oblique
366 3270 406 3300 ad
431 3269 531 3310 ipsius
554 3270 666 3301 veteris
686 3271 882 3302 Testamenti
902 3281 1053 3311 personas
1082 3278 1113 3301 et
1136 3278 1276 3301 eventus.

208 3316 292 3346 Inter
320 3315 541 3345 Heterodoxos
570 3314 773 3345 consentiunt
796 3315 930 3345 Ioannes
953 3315 1093 3346 Markius
1127 3315 1161 3345 in
1189 3315 1278 3345 fasci-

208 3360 281 3391 culo
296 3359 563 3390 Dissertationum
585 3359 624 3389 ad
647 3359 778 3389 selectos
805 3366 907 3390 textus
926 3359 1038 3390 veteris
1060 3359 1256 3389 Testamenti
1269 3382 1277 3397 ,

208 3404 403 3444 Campegius
422 3403 565 3443 Vitringa
586 3403 618 3433 in
644 3403 837 3443 praefatione
852 3402 1084 3434 Commentarii
1109 3403 1143 3433 in
1166 3403 1279 3433 Isaiam

206 3449 343 3490 ipsoque
366 3448 491 3488 saepius
514 3447 547 3478 in
571 3447 833 3484 Commentario,
853 3447 1008 3477 Salomon
1031 3447 1217 3487 Deylingius
1245 3447 1278 3476 in

209 3493 492 3525 Observationibus
526 3492 620 3522 sacris
643 3498 731 3532 parte
754 3502 774 3521 v
793 3491 919 3532 aliique.
956 3490 1147 3531 Aptissimae
1166 3491 1205 3521 ab
1229 3491 1278 3520 his

209 3538 411 3579 maximeque
426 3538 464 3568 ab
483 3536 669 3567 orthodoxis
689 3535 872 3566 doctoribus
894 3545 930 3565 ac
955 3535 1176 3574 interpretibus
1203 3545 1278 3565 con-

210 3582 336 3613 stitutae
355 3589 429 3613 sunt
447 3582 585 3622 regulae,
601 3580 718 3622 quibus
737 3580 826 3611 facile
844 3579 991 3610 vaticinia
1014 3589 1070 3610 seu
1094 3578 1279 3619 prophetiae

210 3626 344 3657 discerni
376 3633 494 3668 queant
517 3636 535 3656 a
558 3625 641 3667 typis
673 3624 866 3665 figurisque,
885 3624 1094 3665 ipsorumque
1126 3630 1279 3665 typorum

208 3680 309 3711 genus
333 3670 460 3711 duplex.

2338 313 2395 338 XCI

1398 374 1449 404 ΙΙΙ.
1471 374 1603 414 Egregie
1623 374 1756 405 servavit
1775 375 1855 406 hanc
1879 376 2069 406 methodum
2088 384 2198 408 auctor
2224 378 2396 411 Commen-

1329 418 1413 456 tarii,
1433 429 1499 459 quo
1524 419 1563 449 de
1586 419 1726 459 agimus,
1746 419 1810 449 sive
1834 420 1978 450 Thomas
2002 421 2161 462 Aquinas;
2181 432 2278 462 quam
2302 435 2397 456 nemo

1330 472 1396 493 non
1420 463 1505 494 videt
1528 463 1699 504 sapientiae
1723 464 1851 504 plenam
1879 464 2128 507 longissimeque
2152 466 2293 498 dissitam
2312 479 2330 499 a
2350 470 2398 500 Iu-

1330 507 1484 538 daeorum
1510 515 1540 538 et
1562 508 1792 539 iudaizantium
1812 509 2011 540 commentis.
2035 510 2187 541 Veterum
2210 512 2400 552 scriptorum

1330 552 1542 592 expositiones
1557 553 1701 583 adhibuit
1715 553 1777 592 ille,
1793 553 1934 594 despexit
1947 562 2130 595 nunquam:
2146 555 2200 585 sed
2215 556 2290 586 alias
2305 557 2399 588 etiam

1329 596 1519 627 exhibendas
1543 597 1826 639 praeferendasque
1850 598 1993 637 censuit,
2021 599 2138 640 quibus
2156 599 2397 641 frequentiori,

1329 647 1365 671 ut
1387 640 1430 671 ait
1454 640 1634 680 Calmetus,
1660 643 1870 683 interpretum
1895 643 2123 675 catholicorum
2142 646 2235 684 parti
2257 646 2397 686 praeivit.

1329 685 1395 715 Iam
1418 685 1508 716 liceat
1527 696 1601 717 vero
1626 696 1774 727 suprema
1792 687 1991 728 Prophefiae,
2017 699 2098 729 quae
2117 696 2249 720 vocatur
2266 690 2299 720 in
2323 701 2398 721 con-

1327 730 1512 760 troversiam
1524 754 1532 769 ,
1560 731 1661 771 capita
1681 731 1837 770 delibare,
1865 733 2039 774 eademque
2058 733 2206 764 Doctoris
2229 735 2397 776 Aquinatis

1327 774 1482 805 illustrare
1497 775 1706 806 documentis.
1729 776 1878 807 Iudaeam
1894 787 1929 807 ac
1949 777 2119 808 Ierusalem
2137 779 2286 810 vastaturi
2305 777 2397 810 vene-

1326 826 1396 850 rant
1420 819 1485 850 duo
1509 820 1631 859 Reges,
1655 820 1753 850 Rasin
1776 820 1872 851 Siriae
1901 828 1931 852 et
1960 822 2081 852 Phacee
2104 822 2272 854 Samariae.
2303 824 2412 858 Isaiae,

1326 863 1503 904 Prophetae
1523 864 1674 904 praecipit
1692 864 1852 895 Dominus
1867 866 1968 905 capite
1989 877 2049 904 vn,
2073 867 2109 902 ᾗ.
2133 868 2149 898 3
2170 874 2206 898 ut
2229 869 2398 909 egredere-

1326 913 1381 938 tur
1403 908 1471 948 ipse
1494 909 1527 938 in
1556 918 1724 939 occursum
1748 909 1876 950 Achaz,
1901 915 1932 940 et
1954 912 2010 951 qui
2031 911 2203 943 derelictus
2231 918 2278 943 est
2299 913 2399 944 Iasub

1315 952 1413 993 filius
1427 953 1506 990 eius,
1527 952 1616 992 signa
1635 953 1737 983 daturi
1755 953 1899 993 proxime
1918 953 2042 985 futurae
2060 955 2262 990 liberationis.
2278 958 2399 988 Textus

1326 996 1479 1027 hebraeus
1503 996 1612 1027 habet:
1642 997 1810 1038 Egredere
1834 1008 1920 1029 nunc
1950 1000 1982 1029 in
2012 1009 2180 1031 occursum
2209 1002 2318 1043 Achaz
2346 1008 2398 1040 tu,

1327 1046 1358 1071 et
1371 1041 1710 1082 Schear-Iasubfilius
1724 1047 1809 1072 tuus.
1824 1043 1984 1082 Nepotem
1999 1044 2094 1075 Isaiae
2109 1045 2252 1085 intelligit
2275 1057 2298 1077 s.
2310 1046 2399 1077 Tho-

1327 1095 1407 1122 mas,
1427 1085 1529 1115 filium
1545 1085 1645 1116 fratris
1665 1086 1744 1124 eius,
1763 1086 1865 1116 verbis
1884 1087 2048 1118 inhaerens
2067 1089 2212 1120 derelicti
2219 1090 2299 1130 filii,
2318 1101 2400 1132 quae

1327 1129 1360 1159 in
1384 1129 1510 1169 vulgata
1533 1129 1655 1169 legebat
1678 1130 1838 1161 versione:
1859 1131 1958 1171 ipsius
1986 1132 2162 1172 Prophetae
2185 1133 2289 1165 filium
2311 1135 2400 1166 intel-

1327 1173 1491 1213 ligendum
1516 1181 1643 1205 censent
1667 1175 1738 1213 alii;
1758 1185 1862 1216 neque
1886 1175 1992 1216 magni
2011 1177 2167 1208 momenti
2186 1178 2262 1209 haec
2287 1186 2332 1210 est
2356 1180 2400 1210 di-

1328 1218 1460 1248 scordia.
1490 1218 1618 1249 Nomen
1651 1226 1716 1249 erat
1738 1219 1834 1250 huius
1858 1219 1913 1250 filii
1943 1221 2198 1259 Schear-Iasub,
2228 1224 2400 1264 mysticum

1328 1262 1456 1301 scilicet,
1475 1263 1565 1303 quod
1589 1273 1626 1293 ex
1658 1264 1808 1294 mandato
1833 1264 1891 1295 Dei
1916 1265 2104 1305 impositum
2129 1266 2248 1306 fuerat,
2269 1268 2330 1299 hoc
2355 1275 2401 1300 est

1327 1307 1504 1338 Residuum
1529 1307 1653 1338 redibit.
1674 1309 1859 1339 Adductum
1879 1309 1970 1339 illum
1994 1309 2089 1340 fuisse
2115 1312 2147 1341 in
2172 1317 2280 1342 testem
2309 1313 2401 1344 docet

1327 1351 1491 1382 Thomas:
1512 1361 1616 1393 neque
1640 1359 1746 1384 tamen
1770 1354 1884 1391 obstat,
1904 1354 2079 1395 quominus
2103 1355 2135 1385 id
2163 1355 2257 1387 etiam
2281 1357 2400 1388 factum

1328 1395 1423 1427 fuerit
1445 1397 1478 1427 in
1503 1397 1756 1428 consolationem
1780 1398 1920 1438 piorum,
1940 1405 1976 1430 ut
1999 1409 2078 1439 puer
2101 1399 2164 1438 ille,
2185 1401 2235 1431 cui
2259 1401 2320 1432 hoc
2344 1412 2400 1432 no—

1328 1450 1414 1479 men,
1433 1442 1610 1473 Residuum
1635 1442 1768 1480 redibit,
1789 1442 1979 1483 impositum
2002 1450 2086 1482 erat,
2112 1451 2320 1476 ostentaretur
2342 1446 2402 1487 piis

1328 1485 1427 1517 veluti
1451 1486 1616 1528 quoddam
1640 1494 1873 1518 sacramentum
1896 1487 2079 1519 divinorum
2102 1489 2346 1529 promissorum,
2367 1501 2403 1521 ex

1329 1540 1396 1571 quo
1419 1529 1628 1571 intelligerent
1652 1541 1820 1573 nunquam
1843 1542 1910 1563 esse
1934 1540 2140 1572 eventurum,
2166 1533 2199 1564 in
2222 1535 2404 1574 gravissima

1330 1574 1425 1606 etiam
1448 1576 1550 1616 gentis
1574 1575 1760 1615 calamitate,
1781 1583 1817 1608 ut
1836 1577 1997 1618 populum
2017 1584 2122 1609 totum
2146 1578 2233 1609 Deus
2257 1580 2403 1620 reproba-

1330 1626 1385 1650 ret.
1406 1620 1486 1651 Heic
1509 1627 1625 1662 typum
1648 1628 1679 1652 et
1701 1620 1837 1661 figuram
1860 1621 1966 1652 habes.
1987 1622 2153 1654 Achazum
2173 1633 2248 1663 ergo
2273 1624 2404 1664 urgebat

1330 1664 1489 1705 Propheta
1504 1666 1540 1702 ἃ.
1559 1675 1576 1696 2
1606 1670 1642 1696 ut
1649 1671 1776 1706 peteret
1797 1668 1928 1707 signum
1943 1677 1964 1697 a
1983 1667 2124 1698 Domino
2148 1668 2180 1698 in
2198 1668 2402 1709 profundum

1330 1709 1472 1750 inferni,
1492 1711 1561 1741 sive
1583 1711 1615 1740 in
1641 1711 1802 1742 excelsum
1825 1720 1936 1751 supra.
1957 1711 2075 1743 Renuit
2097 1711 2170 1750 ille,
2197 1713 2247 1743 vel
2269 1714 2345 1754 quia
2369 1714 2402 1744 in

1330 1753 1424 1785 idolis
1447 1754 1626 1796 confidebat
1649 1752 1707 1797 (ut
1730 1755 1772 1786 ait
1795 1754 1978 1798 Thomas),
2003 1757 2054 1787 vel
2076 1757 2108 1787 in
2132 1757 2223 1798 Rege
2250 1758 2403 1799 Assyrio-

1330 1807 1415 1836 rum,
1437 1800 1488 1830 νεὶ
1510 1798 1657 1831 invidens
1678 1800 1807 1841 gloriae
1828 1800 1902 1838 Dei,
1924 1801 1974 1831 vel
1991 1802 2067 1841 quia
2087 1802 2216 1832 timebat
2238 1802 2403 1843 offendere

1329 1845 1434 1875 Deum
1451 1845 1484 1874 in
1510 1844 1665 1886 angustia
1682 1846 1841 1885 positus...
1866 1845 1931 1876 Sed
1953 1846 2038 1876 male
2065 1846 2239 1884 intellexit,
2264 1848 2340 1888 quia
2365 1847 2402 1877 li—

1329 1888 1420 1920 cebat
1443 1889 1473 1919 ei
1491 1889 1684 1920 auctoritate
1705 1889 1769 1920 Dei
1789 1895 1903 1930 petere
1924 1891 2066 1931 signum.
2095 1892 2125 1920 A
2148 1891 2234 1931 Rege
2257 1891 2402 1932 repulsus

1329 1933 1504 1973 Propheta,
1524 1934 1564 1964 ad
1578 1934 1682 1973 ipsam
1695 1933 1824 1965 domum
1838 1934 1949 1965 David
1962 1934 2168 1966 convertitur:
2178 1941 2315 1976 propter
2329 1946 2402 1967 con-

1329 1987 1458 2009 sensum
1483 1979 1516 2008 in
1541 1979 1666 2009 malitia
1685 1976 1747 2020 (ait
1765 1977 1948 2022 Thomas),
1970 1980 2020 2010 vel
2042 1980 2117 2020 quia
2136 1980 2246 2011 David
2262 1982 2402 2021 promis-

1329 2033 1386 2054 sus
1409 2028 1456 2053 est
1481 2022 1639 2054 Christus.
1659 2023 1748 2054 Tum
1771 2023 1889 2054 Achazi
1913 2023 2086 2064 pervicacia
2110 2031 2140 2055 et
2164 2024 2335 2056 rebellione
2358 2025 2404 2056 in-

1331 2067 1466 2108 crepita,
1493 2067 1536 2098 ait
1559 2069 1595 2104 y.
1627 2077 1666 2107 14
1684 2068 1821 2109 Propter
1843 2068 1903 2099 hoc
1931 2068 2019 2099 dabit
2040 2069 2201 2100 Dominus
2229 2070 2295 2110 ipse
2319 2070 2405 2101 vobis

1331 2110 1412 2154 (non
1436 2112 1577 2150 Achazo,
1597 2113 1652 2143 sed
1676 2112 1788 2143 domui
1812 2111 1937 2155 David)
1961 2114 2102 2154 signum.
2129 2114 2303 2151 Quodnam
2327 2124 2402 2145 vero

1331 2154 1481 2197 signum?
1508 2157 1584 2188 Hoc
1606 2163 1713 2188 autem
1743 2157 1871 2197 signum
1899 2163 1966 2195 est,
1993 2157 2097 2198 inquit
2125 2168 2149 2188 s.
2175 2158 2339 2197 Thomas,
2364 2159 2405 2189 de

1333 2201 1455 2232 Christi
1470 2203 1704 2233 incarnatione.
1724 2202 1848 2242 Nempe
1863 2201 2000 2232 ibidem:
2028 2203 2112 2233 Ecce
2132 2204 2226 2244 virgo
2251 2204 2405 2244 concipiet

1331 2251 1363 2277 et
1388 2247 1499 2287 pariet
1521 2247 1657 2287 filium,
1687 2252 1718 2277 et
1750 2246 1916 2277 vocabitur
1949 2256 2062 2277 nomen
2097 2248 2165 2278 eius
2197 2247 2401 2279 Emmanuel.

1331 2291 1525 2322 Vaticinium
1560 2298 1606 2322 est
1641 2291 1730 2332 quod
1753 2290 1918 2322 Christum
1941 2291 2084 2331 proxime
2113 2291 2268 2332 nulloque
2296 2292 2402 2322 medio

1331 2335 1440 2376 tangit.

1401 2380 1592 2410 ludaeorum
1608 2386 1638 2410 et
1658 2379 1897 2419 iudaizantium,
1909 2380 1964 2421 qui
1979 2379 2082 2411 filium
2098 2380 2193 2411 Isaiae
2214 2381 2403 2421 intelligunt,

1332 2424 1526 2455 obiectiones
1550 2424 1670 2464 profert
1698 2423 1858 2465 simulque
1885 2424 2076 2455 validissime
2105 2425 2233 2466 depellit
2264 2436 2288 2456 s.
2315 2426 2403 2456 Tho-

1332 2476 1419 2499 mas:
1440 2468 1651 2509 propriosque
1674 2468 1807 2499 huiusce
1836 2469 2021 2510 prophetiae
2045 2469 2236 2500 characteres
2260 2470 2402 2509 exhibet,

1331 2513 1387 2554 qui
1416 2513 1543 2544 nonnisi
1573 2513 1655 2544 Filio
1685 2513 1744 2543 Dei
1775 2513 1844 2544 lesu
1865 2513 1993 2544 Christo
2017 2514 2216 2545 conveniant.
2252 2528 2266 2542 «
2285 2515 2405 2546 Contra

1334 2571 1348 2585 »
1371 2558 1433 2588 hoc
1457 2557 1611 2588 obiiciunt
1635 2557 1741 2588 Iudaei
1760 2557 1986 2598 multipliciter.
2006 2558 2132 2598 Primo,
2152 2559 2227 2600 quia
2245 2559 2405 2590 Dominus

1334 2616 1348 2630 ιο
1372 2603 1466 2633 dabat
1489 2602 1617 2642 signum
1633 2602 1716 2633 illius
1739 2602 1943 2641 liberationis,
1963 2603 2004 2633 ad
2026 2613 2124 2644 quam
2149 2603 2226 2634 nihil
2251 2610 2405 2634 consonat

1334 2660 1348 2674 w
1372 2647 1488 2678 Christi
1512 2647 1695 2678 incarnatio.
1721 2647 1772 2677 Ad
1795 2647 1885 2688 quod
1909 2647 2100 2686 dicendum,
2120 2648 2209 2689 quod
2232 2648 2404 2679 incarnatio

1334 2704 1348 2719 ι
1372 2691 1488 2722 Christi
1504 2691 1657 2731 significat
1671 2691 1773 2732 ipsam
1788 2690 2041 2734 (liberationem)
2058 2703 2113 2732 per
2122 2693 2231 2723 locum
2250 2703 2267 2723 a
2282 2693 2404 2723 maiori:

1335 2749 1350 2764 w
1372 2736 1448 2777 quia
1463 2736 1488 2766 si
1503 2736 1590 2767 Deus
1606 2736 1692 2767 dabit
1706 2735 1824 2766 Filium
1849 2745 1945 2767 suum
1960 2737 2000 2767 ad
2014 2737 2148 2767 salutem
2169 2737 2265 2768 totius
2281 2737 2404 2775 mundi,

1335 2794 1350 2808 »
1373 2781 1477 2811 multo
1502 2781 1602 2821 magis
1625 2787 1730 2821 potest
1753 2780 1871 2811 salvare
1894 2791 1952 2812 vos
1976 2782 2014 2811 ab
2038 2781 2104 2812 istis
2128 2782 2321 2812 hostibus...
2346 2781 2406 2812 Vel

1335 2839 1350 2854 »
1373 2826 1463 2867 quasi
1488 2835 1582 2856 causa
1605 2826 1740 2856 motiva:
1766 2825 1828 2856 hoc
1858 2826 1944 2856 enirn
1967 2826 2057 2867 quasi
2082 2833 2190 2856 movet
2213 2826 2403 2863 Dominum,

1336 2883 1350 2897 »
1373 2870 1463 2911 quod
1486 2870 1587 2901 multa
1610 2871 1696 2900 bona
1727 2869 1771 2900 illi
1795 2870 1940 2910 populo,
1960 2870 2105 2911 quamvis
2135 2871 2273 2908 iniusto,
2293 2880 2404 2901 conce-

1337 2928 1351 2942 »
1374 2915 1508 2953 dantur,
1528 2914 1603 2956 quia
1627 2915 1666 2945 de
1689 2914 1744 2945 ino
1768 2915 1948 2955 providerat
1977 2915 2094 2945 Filium
2118 2925 2214 2946 suum
2241 2915 2404 2945 incarnan-

1337 2972 1351 2987 ›>
1375 2960 1463 2990 dum.
1484 2960 1563 2990 Item
1578 2959 1742 2997 obiiciunt,
1763 2959 1838 3000 quia
1852 2959 1979 2999 signum
1994 2969 2128 3000 sequens
2148 2960 2239 2990 datur
2257 2960 2296 2989 ad
2316 2969 2403 2999 prae-

1337 3017 1351 3032 »
1374 3011 1491 3034 sentes:
1512 3003 1567 3034 sed
1590 3004 1763 3034 incarnatio
1787 3014 1853 3034 non
1877 3003 1936 3034 fuit
1968 3003 2048 3034 facta
2071 3004 2268 3044 temporibus
2292 3014 2405 3034 eorum

1337 3061 1351 3076 »
1375 3055 1405 3079 et
1428 3048 1472 3079 sic
1495 3048 1620 3079 videtur
1639 3049 1728 3089 quod
1751 3048 1878 3078 nullum
1897 3048 1936 3079 sit
1959 3048 2096 3088 signum.
2116 3048 2166 3078 Ad
2186 3048 2276 3089 quod
2300 3048 2404 3079 dicen-

1337 3106 1351 3120 »
1375 3093 1464 3131 dum,
1485 3093 1575 3134 quod
1593 3093 1777 3131 incarnatio,
1797 3092 1942 3133 quamvis
1961 3102 2027 3123 non
2047 3092 2140 3123 fuerit
2162 3092 2241 3123 facta
2260 3102 2404 3132 praesen-

1337 3151 1351 3165 »
1374 3137 1459 3168 tibus
1482 3137 1543 3167 illis
1566 3137 1763 3175 hominibus,
1783 3136 1843 3167 fuit
1866 3144 1972 3167 tamen
1996 3143 2143 3167 manente
2167 3137 2266 3167 domo
2291 3137 2402 3167 David.

1337 3195 1351 3209 »
1374 3182 1467 3213 Unde
1482 3181 1570 3212 dicit:
1582 3182 1699 3212 Audite
1712 3182 1826 3212 domus
1839 3181 1957 3212 David.
1972 3194 1986 3208 2>
2000 3181 2190 3222 Aptissimae
2205 3188 2279 3212 sunt
2293 3191 2404 3212 causae

1333 3223 1421 3264 istae,
1441 3236 1523 3267 quae
1541 3226 1697 3257 rationem
1716 3225 1861 3264 reddunt,
1882 3236 1937 3256 cur
1957 3226 2060 3264 Isaias,
2080 3226 2136 3267 qui
2155 3233 2246 3257 sueto
2265 3226 2403 3266 Prophe-

1333 3277 1439 3302 tarum
1462 3280 1552 3301 more
1575 3281 1594 3300 a
1617 3271 1709 3301 rebus
1733 3270 1880 3301 humanis
1905 3270 1943 3300 ad
1968 3270 2099 3308 divinas,
2116 3277 2210 3311 atque
2234 3270 2273 3300 ad
2296 3270 2404 3310 ipsum

1334 3315 1499 3346 Christum
1527 3322 1655 3355 repente
1687 3315 1865 3355 rapiebatur
1888 3325 1906 3344 a
1934 3314 2052 3354 Spiritu
2081 3322 2211 3352 sancto,
2239 3314 2404 3344 occasione

1334 3359 1406 3389 data
1429 3359 1670 3399 praenuntiandi
1693 3359 1912 3389 liberationem
1934 3359 2052 3389 Achazi
2076 3365 2107 3389 et
2130 3359 2279 3396 Iudaeae,
2305 3358 2402 3388 totius

1333 3403 1455 3443 generis
1478 3403 1610 3433 humani
1634 3403 1853 3434 liberationem
1871 3403 2056 3433 vaticinatus
2081 3402 2188 3433 fuerit:
2213 3402 2404 3442 signumque

1335 3448 1464 3477 daturus
1488 3447 1631 3477 eiusdem
1653 3447 1845 3477 liberationis
1868 3447 1902 3476 in
1924 3457 2025 3487 puero
2044 3453 2099 3477 aut
2121 3446 2187 3476 filio
2212 3457 2283 3485 suo,
2302 3453 2339 3477 ut
2356 3446 2403 3477 in-

1334 3491 1391 3529 fra,
1411 3491 1530 3521 Filium
1551 3491 1610 3521 Dei
1630 3491 1818 3521 salvatorem
1841 3491 1964 3528 mundi,
1985 3501 2112 3521 sursum
2136 3490 2275 3528 evolans,
2295 3501 2313 3520 a
2332 3490 2401 3531 Spi-

1334 3535 1395 3565 ritu
1410 3541 1519 3565 sancto
1535 3535 1659 3573 ductus,
1679 3534 1873 3575 amplissime
1888 3534 2081 3575 praedixerit.
2104 3534 2237 3565 Divinae
2251 3535 2284 3565 id
2302 3545 2402 3575 genus

1335 3579 1487 3609 motionis
1510 3579 1542 3609 in
1566 3578 1731 3619 Prophetis
1763 3578 1900 3619 plurima
1924 3586 1954 3610 et
1977 3579 2151 3620 frequentia
2179 3579 2299 3619 profert
2325 3579 2403 3610 Bos-

1335 3630 1443 3654 suetus
1466 3623 1500 3653 in
1523 3623 1655 3654 Psalmis
1673 3630 1704 3654 et
1726 3623 1758 3654 in
1783 3623 1979 3664 expositione
2002 3623 2134 3655 huiusce
2156 3623 2310 3663 vaticinii,
2337 3634 2403 3665 quo

1337 3668 1376 3698 de
1399 3668 1534 3708 agimus,
1554 3667 1707 3708 exempla.
