2788 4204
46 482 54 491 ·
65 487 80 502 o
94 485 143 501 om.
153 478 221 506 soph.

46 534 58 544 ⁸
96 531 192 554 Scilicet
234 537 262 552 ex

49 558 127 585 codd„
142 563 192 580 exc.
202 563 246 579 aaa
256 564 261 578 :

47 585 85 608 Cf.
99 584 152 607 infr.
173 590 197 606 n.
212 590 233 611 7.
251 595 261 599 -

47 618 62 634 o
74 617 122 634 om.
133 610 221 639 qut'fit.

1107 274 1219 310 CAP.
1249 275 1336 320 ΧΠ,
1366 273 1518 310 LECT.
1548 273 1655 309 xxn

43 373 188 422 {ossgmssssg-
199 378 239 420 :x
287 360 394 409 quod
413 369 493 395 non
512 357 558 394 sit
575 355 852 406 paralogismus
866 354 887 375 ’¹'
909 359 1018 390 extra
1033 353 1256 397 dictionem
1283 352 1352 389 ibi:

44 429 55 438 ·
70 427 142 449 Num.
152 431 201 453 seq.

287 413 380 450 Non
404 417 550 460 oportet
572 415 697 447 autem
715 410 735 429 ⁹⁵
761 415 829 445 etc.
857 408 958 444 Cum
987 414 1115 443 autern
1141 407 1354 443 secundum

288 477 354 503 sex
369 466 475 502 locos
490 463 716 513 sophisticos
727 463 747 482 ³
758 462 825 498 fiat
838 460 1115 509 paralogismus
1130 459 1169 495 in
1184 459 1354 504 dictione,

290 531 336 556 ex
354 518 412 555 his
432 518 567 566 accipit
583 528 718 563 unum,
739 514 879 551 scilicet
896 512 1299 562 paralogismum*qui
1314 512 1357 549 fit

290 572 504 609 secundum
524 568 896 618 aequivocationem,
922 567 1127 603 ostendens
1147 566 1252 614 quod
1275 565 1357 602 talis

289 624 565 674 paralogismus
593 623 632 659 in
660 621 824 659 scientiis
844 619 1150 658 demonstrativis
1175 631 1258 655 esse
1278 631 1358 655 non

288 685 434 727 potest:
464 678 513 714 de
541 688 619 725 quo
647 683 779 712 tamen
807 674 927 722 magis
947 673 1109 710 videtur.
1139 672 1240 709 Dicit
1268 683 1357 719 ergo

291 902 421 926 Homero:
430 900 526 925 horum
534 908 618 925 unum
628 904 669 924 est
678 899 741 924 illud
751 899 822 932 quod
832 899 924 932 legitur
937 898 1002 923 libro
1011 898 1092 922 XXlll
1103 897 1204 927 Iliadis,
1215 904 1269 921 vss.
1279 894 1359 928 327-8

292 937 412 970 (Patavii,
436 935 511 969 1819.
522 950 555 954 —
565 936 724 966 Florentiae,
747 933 838 968 1838).

377 994 487 1027 Έστηιε
507 993 585 1024 ξύλον
604 988 668 1018 αὖον
689 990 751 1018 ὅσον
771 991 799 1018 τ’
819 988 900 1026 ὄργυι’
919 989 982 1025 ὑπὲρ
1003 989 1069 1023 α’ἱης,
1087 1021 1100 1032 ‚ae

396 1028 436 1056 Ἢ
454 1027 545 1064 δρυὸς,
564 1026 579 1061 ἢ
599 1027 703 1060 πεύκης,
723 1024 754 1053 τὸ
775 1025 819 1062 μὲν
839 1036 870 1052 ου
890 1025 1064 1052 καταπύθεται
1084 1024 1182 1060 ομβρῳ.

384 1086 446 1111 Stat
464 1086 567 1118 lignum
586 1084 694 1109 aridum
713 1086 842 1116 quantum
862 1083 925 1107 ulna
943 1089 1026 1114 supra
1045 1084 1158 1110 terram,

388 1121 433 1146 Vel
450 1127 574 1153 quercus,
594 1119 635 1144 uel
652 1119 755 1148 laricis,
774 1117 846 1151 quod
864 1117 969 1150 quidem
989 1124 1040 1142 non
1056 1115 1189 1148 putrescit
1207 1115 1297 1140 imbre.

293 1185 424 1215 Nonnulli,
443 1191 490 1216 per
508 1183 635 1208 fallaciam
654 1187 790 1213 accentus,
809 1181 1031 1215 reprehendebant
1049 1181 1204 1210 Homerum,
1224 1179 1298 1212 quasi
1318 1179 1362 1203 ab-

294 1221 373 1246 surde
396 1219 440 1244 ille
465 1219 571 1243 dixisset
589 1215 627 1243 o='›
638 1218 719 1250 (ubi)
733 1222 839 1242 accentu
858 1217 1022 1242 circumflexo
1041 1221 1066 1241 et
1084 1216 1175 1248 spiritu
1191 1222 1293 1247 aspero.
1312 1215 1363 1239 Sed

293 1254 505 1282 huic-fallaciam
523 1254 630 1286 Hippias
649 1253 771 1283 Thasius,
786 1258 814 1278 ut
825 1253 979 1277 Aristoteles
994 1251 1054 1276 dicit
1069 1252 1094 1276 in
1106 1251 1217 1281 poetica,
1232 1258 1288 1283 cap.
1297 1257 1364 1280 xxvi,

294 1299 320 1317 n.
339 1289 383 1321 18,
402 1289 520 1314 solvebat
539 1289 626 1319 dicens
646 1285 676 1314 τὸ
696 1285 727 1313 οὗ
746 1289 836 1320 (non)
855 1292 961 1312 accentu
980 1291 1056 1312 acuto
1074 1291 1100 1311 et
1118 1286 1208 1319 spiritu
1228 1286 1287 1310 leni.
1301 1299 1320 1305 —-
1335 1286 1364 1310 In

294 1326 373 1352 rebus
388 1325 420 1350 ad
433 1324 585 1350 catholicam
602 1323 682 1349 fidem
700 1323 886 1356 pertinentibus
905 1322 979 1347 abusi
998 1327 1060 1348 sunt
1073 1321 1123 1346 hoc
1141 1328 1236 1354 genere
1254 1321 1365 1346 fallacia-

295 1370 354 1387 rum
373 1360 605 1393 haereticigraeci,
623 1360 761 1392 praecipue
779 1359 913 1384 Nestorius
933 1363 958 1383 et
976 1358 1032 1383 eius
1050 1357 1160 1382 sectarii.

349 1391 591 1429 Macia‘flgurae
609 1395 733 1420 dictionis
753 1398 806 1424 est,
829 1394 913 1427 inquit
932 1394 981 1418 loc.
1000 1394 1049 1423 cit.,
1065 1401 1089 1417 n.
1104 1400 1130 1426 9,
1149 1392 1315 1423 Aristoteles,
1334 1400 1365 1417 ex

296 1438 330 1458 eo
347 1432 419 1465 quod
437 1431 531 1464 aliquis
549 1431 643 1455 eodem
663 1431 742 1455 modo
761 1430 943 1462 interpretatur
961 1429 1032 1462 quod
1051 1436 1103 1453 non
1123 1433 1161 1453 est
1180 1428 1262 1458 idem,
1280 1433 1309 1453 ut
1327 1428 1366 1453 sic

295 1473 402 1502 propter
414 1467 534 1492 eamdem
547 1466 686 1491 dictionem
700 1473 742 1490 res
757 1466 872 1490 diversas
887 1470 931 1490 aut
945 1472 1004 1490 esse
1016 1465 1131 1495 easdem,
1145 1469 1190 1489 aut
1203 1464 1235 1489 ad
1245 1464 1366 1488 eamdem

296 1503 411 1538 speciem
430 1501 558 1534 pertinere
571 1501 715 1526 concludat.
728 1501 774 1526 Ex.
789 1509 823 1534 g.:
836 1500 952 1533 sophista
967 1508 997 1525 ex
1011 1507 1043 1525 eo
1057 1500 1128 1533 quod
1143 1500 1274 1524 masculus
1289 1499 1367 1524 habet

296 1546 394 1564 nomen
416 1537 528 1562 feminae
552 1537 682 1562 concludit
706 1537 853 1561 masculum
877 1544 937 1561 esse
959 1535 1101 1566 feminam;
1127 1541 1153 1560 et
1177 1535 1308 1560 viceversa
1333 1535 1366 1559 de

297 1573 394 1600 femina
418 1573 547 1598 concludit
565 1580 626 1597 esse
643 1573 805 1603 masculum,
824 1571 885 1605 quia
903 1572 1012 1596 masculi
1031 1579 1127 1596 nomen
1147 1571 1232 1596 habet.
1251 1571 1280 1595 ln
1295 1577 1366 1595 eam-

297 1609 357 1635 dem
381 1608 508 1634 fallaciam
530 1608 654 1633 incideret
671 1608 693 1632 si
712 1607 785 1640 quis,
804 1615 827 1632 e.
840 1616 874 1640 g.‚
893 1615 924 1632 ex
943 1615 975 1632 eo
993 1607 1064 1640 quod
1084 1607 1191 1631 dicimus
1211 1614 1259 1631 nos
1278 1605 1367 1631 videre

297 1645 396 1678 aliquid
414 1649 440 1669 et
457 1649 594 1676 percutere
611 1643 723 1676 aliquid,
742 1644 908 1668 concluderet
922 1643 994 1675 quod
1013 1650 1075 1675 ergo
1090 1642 1156 1667 sicut
1174 1647 1308 1675 percutere
1327 1647 1367 1666 est

266 1677 267 1684 ¹
297 1688 375 1714 agere
392 1680 419 1704 in
437 1680 520 1711 aliud,
539 1679 656 1712 illudque
674 1677 835 1709 modificare,
854 1678 888 1703 ita
905 1678 996 1704 videre
1014 1683 1084 1703 esset
1097 1685 1174 1711 agere
1192 1678 1218 1702 in
1237 1677 1367 1703 obiectum

245 1738 251 1742 .
298 1716 384 1741 visum
403 1723 432 1740 ac
451 1714 600 1740 modificare
618 1715 689 1739 illud.

352 1751 507 1777 ramma
520 1757 606 1775 xxm
620 1755 794 1775 nimum.-
803 1750 909 1782 Septem
922 1753 1090 1774 recensentur
1103 1749 1135 1773 ab
1145 1748 1285 1774 Aristotele
1299 1748 1367 1781 (Op.

299 1787 350 1818 cit.,
369 1794 425 1820 cap.
438 1794 464 1817 v,
483 1794 509 1811 n.
523 1786 547 1819 ι)
566 1793 678 1818 nempe,
702 1785 864 1816 accidentis,
889 1785 1045 1817 simpliciter
1069 1787 1096 1810 et
1119 1784 1264 1810 secundum
1287 1784 1367 1817 quid,

300 1822 456 1857 ignorantia
475 1821 588 1851 elenchi,
607 1820 708 1846 fallacia
725 1821 915 1853 consequentis,
927 1819 1024 1853 petitio
1038 1819 1176 1852 principii,
1196 1819 1295 1845 fallacia
1314 1827 1366 1844 non

299 1865 399 1885 meae
411 1864 465 1890 pro
482 1863 574 1886 causa,
590 1855 819 1889 interrogationis.

354 1893 476 1919 Fallacia
497 1892 643 1918 accidentis
668 1896 709 1916 est
727 1891 811 1916 dicere
830 1892 862 1916 de
885 1891 1016 1922 omnibus,
1035 1898 1103 1923 quae
1122 1896 1183 1916 sunt
1206 1891 1256 1915 sub
1281 1891 1368 1923 aliquo

300 1929 426 1959 subiecto,
441 1934 612 1961 quaecunque
630 1935 683 1951 non
697 1927 784 1953 solum
798 1934 845 1959 per
858 1934 896 1958 se,
911 1926 958 1951 sed
971 1927 1065 1959 quovis
1084 1926 1134 1951 alio
1153 1927 1232 1951 modo
1251 1926 1370 1951 dicuntur

301 1966 334 1991 de
351 1963 468 1989 subiecto
485 1963 557 1995 ips0;
577 1967 603 1988 et
619 1963 752 1987 vicevessa
765 1969 936 1995 quaecunque
951 1961 1069 1987 dicuntur
1083 1962 1116 1987 de
1130 1962 1261 1987 accidente
1275 1969 1369 1986 conve-

300 2001 387 2027 niente
405 1998 479 2024 alicui
498 1997 630 2028 subiecto,
655 1997 740 2023 dicere
764 1998 798 2022 de
815 1998 874 2030 ipso
892 1997 1017 2022 subiecto.
1035 1998 1067 2022 E.
1082 2005 1122 2031 g.:
1141 1998 1222 2023 Petro
1247 1997 1370 2023 convenit

300 2041 356 2066 esse
370 2034 513 2063 musicum5
529 2033 576 2058 sed
589 2040 645 2058 esse
659 2033 787 2058 musicum
802 2036 842 2058 est
853 2033 975 2058 accidens
980 2041 989 2064 ;
1004 2041 1066 2065 ergo
1085 2033 1165 2058 Petro
1178 2033 1301 2059 convenit
1315 2040 1370 2058 esse

300 2070 431 2098 accidens.
449 2070 517 2094 Esse
535 2069 654 2094 accidens
675 2069 836 2094 concluditur
853 2069 993 2094 convenire
1011 2068 1097 2099 Petro,
1116 2068 1177 2101 quia
1196 2069 1317 2093 convenit
1333 2070 1371 2103 τῷ

301 2107 410 2136 musico,
421 2105 493 2138 quod
505 2105 538 2130 de
547 2105 624 2130 Petro
634 2103 801 2130 affirmatur.-
810 2104 933 2129 Similiter
943 2109 1013 2129 esset
1023 2103 1121 2129 fallacia
1131 2104 1267 2129 accidentis
1278 2105 1299 2129 si
1311 2105 1370 2137 quis

301 2142 352 2168 hoc
364 2141 444 2167 modo
457 2141 635 2173 syllogizaret:
653 2140 763 2165 Animal
774 2143 815 2165 est
827 2146 925 2173 genus,·
939 2140 1017 2165 homo
1029 2143 1070 2165 est
1080 2140 1194 2170 anima1;
1213 2147 1278 2173 ergo
1292 2140 1370 2165 homo

301 2181 342 2204 est
354 2184 447 2211 genus.
462 2175 529 2206 Quia
543 2176 612 2200 enim
628 2183 688 2200 esse
701 2183 784 2208 genus
799 2176 919 2200 convenit
933 2175 1044 2210 animali,
1054 2175 1215 2200 concluditur
1234 2175 1371 2201 convenire

302 2212 411 2242 homini,
431 2211 475 2244 qui
494 2211 640 2236 continetur
658 2211 707 2236 sub
725 2218 822 2244 genere
840 2211 967 2236 animalis.

356 2247 520 2280 Simpliciter
537 2249 565 2271 et
581 2247 726 2272 secundum
740 2246 806 2279 quid
822 2251 863 2271 est
880 2246 979 2271 fallacia
993 2254 1045 2279 qua
1058 2246 1166 2271 infertur
1179 2246 1283 2279 aliquod
1298 2255 1372 2279 prae—

302 2284 415 2310 dicatum
433 2282 572 2308 convenire
590 2282 646 2307 sine
665 2282 815 2307 limitatione
834 2287 860 2307 et
878 2282 996 2307 absolute
1008 2282 1132 2312 subiecto,
1147 2290 1178 2307 ex
1192 2290 1224 2307 eo
1238 2283 1309 2315 quod
1322 2283 1371 2308 sub

303 2319 392 2352 aliquo
409 2322 530 2350 respectu
554 2322 581 2342 et
599 2325 660 2342 cum
678 2318 809 2350 assignata
832 2318 982 2342 limitatione
1000 2317 1118 2342 subiecto
1142 2318 1190 2350 ipsi
1215 2325 1371 2343 concessum

303 2359 344 2380 est
352 2354 499 2380 convenire.
512 2353 604 2379 Plures
618 2353 712 2378 modos
725 2352 802 2378 huius
815 2353 929 2378 fallaciae
942 2358 1062 2378 recenset
1073 2354 1226 2378 Aristotcles
1241 2354 1307 2386 (loc.
1321 2355 1371 2384 cit.,

303 2398 330 2415 n.
345 2389 387 2422 3).
404 2389 436 2414 E.
454 2396 495 2421 g.:
513 2389 574 2414 Non
589 2395 636 2413 ens
649 2391 690 2414 est
707 2388 855 2421 opinatae,-
872 2395 938 2421 ergo
956 2396 1009 2414 non
1029 2395 1075 2414 ens
1093 2391 1141 2414 est.
1160 2389 1187 2413 ln
1206 2390 1372 2414 conclusione

303 2432 360 2451 ase
377 2424 527 2457 simpliciter
545 2422 687 2449 affirmatur
700 2424 733 2449 de
743 2432 797 2449 non
811 2429 884 2453 ente;
904 2424 929 2448 in
943 2424 1110 2449 antecedente
1126 2429 1213 2449 autem
1227 2425 1372 2450 secundum

304 2461 376 2494 quid,
388 2459 439 2485 hoc
452 2464 494 2485 est
506 2459 567 2488 tale,
582 2467 678 2492 nempe
695 2466 752 2484 esse
764 2459 905 2491 opinabile.
914 2460 1015 2484 -Alius
1029 2460 1123 2484 modus
1143 2465 1183 2484 est
1202 2468 1262 2485 cum
1281 2468 1312 2485 ex
1325 2468 1372 2493 op-

303 2496 390 2529 posito
408 2495 569 2520 concluditur
580 2495 684 2528 ,aliquid
701 2495 851 2527 simpliciter
864 2503 917 2520 non
931 2502 999 2526 esse,
1012 2502 1044 2520 ex
1055 2502 1088 2520 eo
1100 2495 1172 2527 quod
1186 2503 1238 2520 non
1253 2501 1293 2520 est
1306 2497 1372 2527 tale;

304 2532 384 2557 sicut:
403 2531 496 2563 Equus
509 2538 562 2555 non
580 2533 621 2556 est
638 2530 732 2559 homm·
750 2538 813 2563 ergo
830 2537 912 2563 equus
931 2538 983 2555 non
1003 2533 1051 2555 est.
1063 2543 1083 2550 ·-
1095 2530 1200 2555 Tertius
1219 2531 1314 2556 modus
1333 2537 1374 2556 est

303 2567 409 2600 quando
421 2574 453 2591 ex
466 2573 499 2591 eo
513 2566 584 2599 quod
598 2566 695 2599 aliquid
707 2571 748 2591 est
759 2566 812 2591 tale
829 2566 980 2598 simpliciter
993 2571 1020 2591 et
1033 2574 1085 2591 non
1104 2571 1145 2591 est
1162 2567 1214 2591 tale
1227 2567 1373 2592 secundum

303 2602 375 2636 quid,
386 2602 548 2627 concluditur
565 2601 629 2626 illud
647 2609 707 2626 esse
725 2602 804 2626 simul
817 2602 868 2626 tale
881 2606 908 2626 et
919 2609 972 2626 non
985 2602 1044 2631 tale,
1058 2601 1108 2627 hoc
1124 2606 1165 2627 est
1178 2603 1375 2628 contradictoria

304 2645 365 2664 etse
383 2637 476 2668 simu13
495 2637 576 2662 sicut:
599 2637 684 2662 Titius
702 2642 743 2662 est
761 2637 910 2669 simpliciter
923 2645 976 2662 non
989 2637 1073 2667 albus,
1083 2638 1131 2662 sed
1145 2638 1289 2663 secundum
1302 2639 1372 2671 quid,

303 2678 367 2706 puta
380 2673 531 2702 ,secundum
549 2672 648 2702 dentes,
668 2677 708 2697 est
726 2672 816 2703 albus;
831 2680 898 2706 ergo
911 2672 995 2697 Titius
1014 2677 1054 2697 est
1068 2673 1142 2698 albus
1157 2678 1183 2698 et
1196 2681 1248 2698 non
1263 2674 1374 2699 albus.—

305 2708 419 2740 Quartus
433 2708 528 2738 modus
542 2713 583 2733 est
596 2715 657 2733 cum
675 2715 707 2732 ex
724 2715 757 2733 eo
775 2708 847 2740 quod
865 2709 984 2740 opposita
997 2709 1150 2733 conveniant
1164 2709 1238 2734 alicui
1257 2709 1374 2734 subiecto

305 2744 449 2769 secundum
473 2743 551 2776 quid,
576 2743 683 2768 infertur
706 2744 826 2776 opposita
849 2744 998 2776 simpliciter
1022 2744 1109 2768 inesse
1132 2744 1217 2770 eidem
1241 2745 1372 2776 subiecto;

305 2779 386 2806 sicin:
410 2779 530 2804 Socrates
554 2779 700 2804 secundum
723 2779 786 2812 quid
809 2784 849 2804 est
867 2779 955 2810 albus,
974 2779 1119 2804 seeundum
1138 2781 1201 2813 quid
1224 2785 1264 2806 est
1285 2781 1372 2813 niger3

305 2822 370 2848 ergo
386 2814 506 2839 Socrates
525 2819 566 2839 est
583 2814 658 2839 albus
677 2819 703 2839 et
721 2815 802 2848 niger.

360 2849 520 2883 Ignorantia
538 2849 646 2875 elenchi.
665 2850 795 2875 Elenchus
815 2847 953 2885 (ἔλεγχος),
971 2855 1000 2876 ut
1017 2858 1068 2875 vox
1086 2851 1142 2883 ipsa
1160 2852 1261 2882 indicat,
1275 2857 1316 2877 est
1333 2860 1373 2877 re-

307 2885 433 2919 dargutio.
455 2883 596 2910 Definimr:
621 2886 788 2911 contradictio
805 2886 1000 2918 praeconcessi,
1019 2886 1089 2911 illata
1112 2894 1159 2919 per
1182 2888 1373 2920 syllogismum.

261 2926 264 2928 '
307 2920 480 2953 syllogismus
493 2927 557 2945 vero
575 2920 687 2945 inferens
705 2921 785 2946 talem
804 2922 1031 2947 contradictionem
1045 2922 1136 2947 dicitur
1149 2923 1318 2956 syllogismus
1333 2931 1373 2948 re-

307 2955 466 2988 dargutivus.
484 2955 628 2988 Ignorantia
645 2963 709 2989 ergo
727 2956 827 2982 elenchi
846 2956 924 2989 (quae
943 2961 983 2981 est
997 2957 1206 2990 frequentissima
1220 2959 1245 2983 in
1260 2959 1373 2991 disputa-

306 2990 431 3023 tionibus)
450 2995 490 3015 est
509 2998 570 3016 cum
588 2998 619 3016 ex
636 2998 669 3016 eo
687 2992 759 3024 quod
777 2992 836 3024 quis
854 2992 955 3024 ignorat
973 2992 1036 3025 quid
1052 2993 1085 3017 sit
1099 2993 1267 3026 syllogismus
1286 2995 1373 3019 redar-

307 3026 425 3059 gutivus,
439 3030 466 3050 et
481 3026 544 3058 quid
557 3025 682 3052 elenchus
699 3034 747 3052 seu
761 3027 916 3059 redargutio,
930 3027 1031 3052 videtur
1045 3035 1137 3061 cogere
1151 3030 1328 3054 adversarium
1341 3030 1375 3054 ad

308 3061 543 3092 contradictionem,
554 3062 617 3094 quin
627 3065 715 3087 tamen
725 3069 787 3087 vere
796 3067 879 3095 cogat.
890 3060 940 3098 (Cf.
951 3063 1063 3095 Sylvest.
1074 3064 1156 3089 Maur.
1166 3065 1193 3089 in
1203 3064 1213 3089 1
1225 3065 1373 3097 Henchor„

309 3104 365 3129 cap.
378 3103 419 3126 w,
438 3104 464 3120 n,
476 3104 503 3129 9,
521 3092 646 3131 seqq.).-
663 3097 777 3122 Eatenus
794 3105 858 3122 vero
876 3097 983 3123 infertur
1001 3099 1167 3124 contradictio
1185 3100 1229 3124 ubi
1247 3108 1301 3125 non
1319 3105 1374 3131 est,

309 3132 370 3165 quia
387 3139 440 3156 non
457 3132 628 3157 observantur
646 3132 718 3165 leges
741 3133 947 3157 contradictionis
966 3132 1017 3165 (Cf.
1031 3134 1041 3158 1
1055 3134 1153 3164 Perih„
1172 3135 1231 3160 lect.
1244 3143 1278 3166 1x,
1292 3144 1318 3160 n.
1332 3135 1374 3168 8):

309 3167 476 3192 cono-adictio
493 3167 563 3192 enim
581 3172 622 3192 est
638 3167 682 3192 ubi
700 3167 856 3201 affirmatur
868 3168 948 3193 simul
961 3171 988 3193 et
1003 3172 1119 3202 negatur
1131 3178 1213 3195 unum
1232 3170 1266 3195 de
1283 3171 1374 3196 eodem

309 3205 335 3228 et
352 3202 400 3227 sub
418 3202 509 3227 eodem
527 3205 656 3234 respectu.
675 3203 819 3236 Ignorantia
836 3204 912 3236 igitur
930 3203 1030 3229 elenchi
1054 3209 1124 3229 esset
1142 3206 1164 3230 si
1187 3206 1246 3238 quis
1265 3213 1296 3230 ex
1314 3214 1375 3230 con·

310 3238 406 3263 cessis:
425 3238 522 3263 Petrus
539 3237 598 3263 heri
614 3238 747 3268 currebat,
766 3238 862 3263 Petrus
880 3238 959 3264 hodie
973 3243 1014 3264 est
1027 3243 1148 3265 mortuus
1154 3247 1164 3270 ‚·
1181 3241 1278 3265 Petrus
1296 3241 1374 3270 vivit,

309 3274 410 3298 Paulus
428 3276 470 3298 est
482 3276 604 3298 mortuus
608 3280 618 3302 ,·
635 3273 739 3298 inferret
758 3274 986 3299 contradictiones:
1004 3275 1114 3300 Petrum
1132 3283 1242 3301 currere
1259 3279 1286 3301 et
1304 3283 1375 3301 mor-

309 3312 384 3334 tuum
404 3315 466 3338 esse,
485 3308 536 3339 vel,
549 3315 605 3333 esse
622 3308 711 3334 uiuum
725 3311 752 3334 et
764 3312 907 3340 mortuum,
927 3310 1097 3340 etc-*Addiu
1112 3315 1139 3335 et
1155 3311 1256 3341 merito,
1275 3312 1375 3336 Aristo-

309 3344 388 3369 teles:
408 3343 463 3369 Sed
477 3344 643 3369 revocaverit
652 3345 730 3377 sorte
747 3344 844 3377 aliquis
860 3344 930 3370 hunc
943 3345 1157 3378 paralogismum
1171 3346 1209 3371 ad
1221 3353 1273 3376 eos,
1288 3347 1335 3379 qui
1348 3347 1375 3372 in

310 3379 427 3405 dictione
443 3379 607 3408 consistunt,
626 3383 688 3412 puta
706 3379 739 3404 ad
757 3380 1003 3412 aequivocationem,
1022 3385 1071 3406 etc.

363 3414 462 3440 Petitio
476 3414 607 3446 principii
625 3419 666 3439 est
683 3422 744 3439 cum
762 3415 904 3440 assumitur
921 3416 947 3440 in
962 3416 1112 3448 praemissis
1131 3416 1157 3440 id
1175 3416 1290 3448 praecise
1305 3416 1377 3449 quod

311 3450 389 3475 debet
406 3450 518 3482 probari.
542 3450 609 3475 Hinc
627 3449 744 3483 sophista
768 3450 878 3475 assumit
895 3458 986 3475 revera
1003 3451 1210 3481 conclusionem,
1229 3452 1266 3476 uti
1284 3452 1377 3484 princi-

310 3486 383 3519 pium
401 3493 569 3516 concessum,
588 3486 660 3518 quod
677 3490 765 3510 tamen
783 3493 938 3510 concessum
956 3493 1008 3510 non
1027 3491 1075 3511 est.
1093 3486 1183 3518 Ezg„
1198 3487 1220 3511 si
1239 3487 1298 3519 quis
1317 3495 1377 3519 pro-

310 3521 384 3546 baret
397 3521 554 3553 triangulum
567 3520 663 3546 habere
676 3525 730 3546 tres
749 3518 858 3554 angulos
877 3521 999 3553 aequales
1018 3521 1120 3546 duobus
1138 3522 1215 3555 rectis
1233 3521 1284 3547 hoc
1297 3523 1377 3555 syllo-

294 3557 409 3590 ,gismoz
437 3556 530 3581 Omnis
546 3556 643 3589 figura
667 3556 791 3581 trilatera
814 3556 893 3581 habet
917 3559 971 3581 tres
994 3557 1108 3590 angulos
1131 3557 1255 3589 aequales
1277 3557 1378 3582 duobus

311 3592 407 3621 rectis,-
425 3592 473 3617 sed
486 3592 638 3625 triangulus
656 3594 697 3617 at
703 3592 800 3625 figura
818 3591 942 3617 trilatera
947 3598 956 3620 ς
974 3598 1039 3625 ergo
1057 3592 1209 3626 triangulus
1227 3592 1306 3618 habet
1323 3596 1378 3618 tres

311 3627 426 3661 ungulos
444 3628 567 3660 aequales
585 3627 687 3652 duobus
705 3627 798 3652 rectis:
817 3632 888 3652 esset
906 3627 993 3660 petitio
1011 3628 1134 3660 principii,
1147 3628 1209 3661 qula
1227 3628 1338 3653 sumitur
1349 3633 1380 3653 ut

454 3680 524 3713 Opp.
543 3680 575 3705 D.
589 3680 703 3705 'ruomn
722 3680 754 3705 T.
773 3680 790 3705 1.

2399 272 2472 308 225

1409 352 1515 402 quod
1544 352 1580 388 in
1615 351 1792 388 doctrinis
1825 362 1899 387 non
1934 350 1979 387 sit
2005 349 2309 399 paralogismus,
2340 350 2477 387 scilicet

1410 404 1650 454 syllogismus
1678 416 1842 454 peccans
1870 404 1909 440 in
1929 404 2065 451 forma,
2086 403 2182 440 sicut
2200 403 2237 439 in
2263 403 2474 440 dialecticis.

1411 460 1454 495 In
1484 458 1792 495 demonstrativis
1826 457 1928 494 enim
1958 457 2145 506 oportet*
2173 456 2345 493 medium
2374 456 2476 494 idem

1412 523 1565 560 semper
1594 524 1675 548 esse
1709 511 1906 560 dupliciter
1923 517 1964 558 μ,
1994 509 2090 548 idest
2122 510 2171 547 ad
2199 510 2276 547 duo
2311 517 2478 546 extrema

1414 565 1649 613 comparari:
1679 565 1768 614 quia
1801 572 1839 601 et
1866 564 1913 601 de
1948 564 2077 601 medio
2112 563 2235 600 maior
2263 563 2479 600 extremitas

1413 618 1674 655 universaliter
1701 618 1950 667 praedicatur,
1973 625 2009 654 et
2036 617 2208 655 medium
2237 617 2374 653 iterum
2396 616 2480 653 uni-

1413 672 1609 708 versaliter
1626 671 1866 720 praedicatur
1884 672 1931 708 de
1951 670 2091 708 minori
2111 670 2342 707 extremitate
2357 675 2381 706 '.
2404 670 2481 707 Sed

1417 896 1577 929 principium,
1589 897 1685 929 figura
1705 897 1829 922 trilatera
1847 902 1904 927 etc„
1920 898 1990 930 quod
2010 906 2092 930 aeque
2106 898 2268 930 probandum
2283 903 2323 922 est
2335 905 2378 928 ac,
2398 897 2483 922 trian-

1417 933 1496 965 gulus
1510 932 1588 956 habet
1602 935 1656 956 tres
1674 933 1788 965 angulos
1807 934 1930 965 aequales
1949 933 2050 958 duobus
2066 934 2153 958 rectis.
2172 934 2269 958 Pariter
2283 934 2305 958 si
2319 934 2378 965 quis
2393 940 2483 965 argue—

1418 972 1469 991 ret:
1489 967 1585 991 Petrus
1603 967 1711 996 existit5
1729 975 1794 1001 ergo
1809 968 1958 993 necessario
1976 969 2084 997 existit;
2103 969 2223 1001 probaret
2241 974 2327 993 autem
2341 968 2390 993 hoc
2405 968 2484 993 modo

1419 1001 1645 1034 consequentiam:
1669 1002 1753 1027 Omne
1771 1003 1842 1035 quod
1855 1003 1951 1028 existit
1965 1004 2113 1028 necessario
2127 1004 2236 1033 existit;
2254 1004 2301 1029 sed
2315 1005 2410 1029 Petrus
2424 1004 2484 1028 exi-

1418 1037 1479 1065 stit;
1498 1044 1563 1070 ergo
1582 1038 1678 1062 Petrus
1704 1039 1852 1063 necessario
1875 1039 1978 1063 existit.
2002 1039 2156 1071 Principium
2175 1045 2338 1072 assumptum
2363 1040 2485 1071 supponit

1419 1080 1533 1097 connexa
1552 1080 1611 1097 esse
1629 1073 1747 1098 existere
1766 1079 1791 1098 et
1810 1074 1958 1099 necessario
1972 1075 2101 1099 existere:
2120 1083 2186 1107 quae
2200 1075 2323 1100 connexio
2337 1080 2444 1106 negatur
2458 1075 2484 1099 in

1419 1108 1497 1140 priori
1516 1108 1682 1140 syllogismo,
1702 1113 1728 1133 et
1745 1113 1832 1133 tamen
1852 1110 1992 1134 assumitur
2010 1115 2039 1134 ut
2053 1115 2122 1135 certa
2135 1111 2160 1134 in
2174 1111 2332 1142 probatione.
2357 1110 2485 1135 Videntur

1419 1146 1522 1172 autem,
1537 1144 1619 1175 inquit
1632 1144 1784 1168 Aristoteles
1805 1142 1869 1177 (loc.
1879 1145 1930 1175 cit.,
1945 1153 1970 1169 n.
1982 1144 2026 1177 5),
2046 1145 2209 1179 redarguere
2229 1145 2403 1178 (sophistae),
2422 1146 2486 1178 quia

1420 1178 1537 1203 discerni
1555 1185 1606 1202 non
1622 1181 1713 1210 potest
1731 1179 1800 1204 idem
1820 1182 1846 1204 et
1864 1180 2007 1205 diversum.

1474 1213 1594 1238 Fallacia
1607 1214 1789 1246 consequentis
1799 1215 1889 1239 accidit
1903 1222 1933 1239 ex
1947 1223 1979 1239 eo
1994 1217 2065 1248 quod
2074 1221 2182 1258 ¹putatur
2197 1223 2359 1248 consequens
2373 1216 2485 1248 recipro-

1420 1249 1471 1273 cari
1490 1256 1537 1273 seu
1556 1250 1669 1274 converti
1689 1257 1748 1274 cum
1765 1251 1931 1275 antecedente
1946 1248 1997 1283 (διὰ
2013 1248 2043 1276 τὸ
2059 1250 2157 1277 οιεσθαι
2172 1246 2342 1285 ἀντιστρέφειν
2357 1248 2401 1282 τὴν
2423 1249 2487 1278 nixo-

1419 1282 1566 1316 λούθησιν);
1586 1290 1714 1317 quatenus
1739 1293 1833 1318 nempe
1857 1293 1887 1310 ex
1906 1293 1937 1310 eo
1956 1287 2027 1319 quod
2046 1288 2141 1320 aliquid
2166 1288 2332 1320 consequitur
2351 1293 2381 1310 ex
2400 1290 2486 1321 aliquo

1420 1320 1594 1350 antecedente,
1614 1320 1727 1353 arguitur
1746 1326 1771 1345 et
1789 1321 1943 1346 antecedens
1958 1322 2032 1355 sequi
2047 1330 2077 1347 ex
2090 1323 2134 1347 illo
2149 1328 2332 1355 consequente.
2351 1322 2404 1354 (De
2423 1324 2487 1349 reci-

1420 1355 1611 1388 procationibus
1629 1357 1800 1381 terminorum
1819 1357 1851 1381 cf.
1866 1357 1886 1381 11
1900 1357 2026 1382 Pri'orum
2040 1358 2177 1392 analytic„
2194 1366 2248 1390 cap.
2260 1358 2343 1391 xxw).
2358 1361 2385 1385 ln
2400 1367 2487 1384 exem-

1421 1391 1493 1424 plum
1512 1390 1589 1416 huius
1606 1391 1719 1416 fallaciae
1733 1392 1886 1417 Aristoteles
1901 1393 1974 1418 affert
1988 1394 2236 1426 argumentationem
2250 1394 2355 1426 Melissi,
2370 1395 2487 1420 conantis

1421 1427 1532 1459 probare
1541 1427 1669 1451 mundum
1683 1435 1735 1451 non
1749 1427 1845 1452 habere
1859 1435 1944 1460 neque
1958 1429 2109 1461 principium
2120 1437 2205 1462 neque
2219 1428 2306 1459 finem,
2321 1435 2346 1454 et
2360 1431 2418 1456 ideo
2429 1437 2488 1455 esse

1421 1461 1557 1487 infinitum.
1572 1462 1648 1492 Quod
1663 1463 1758 1487 factum
1771 1469 1819 1494 est,
1834 1463 1917 1488 aiebat
1929 1464 2059 1495 Melissus,
2068 1464 2145 1489 habet
2159 1465 2325 1498 principium;
2341 1474 2403 1499 ergo
2417 1466 2488 1498 quod

1422 1506 1474 1523 non
1493 1503 1533 1522 est
1547 1498 1642 1522 sactum
1658 1506 1709 1522 non
1724 1498 1801 1524 habet
1813 1499 1980 1531 principium;
1995 1500 2043 1524 sed
2057 1501 2169 1525 mundus
2185 1509 2236 1525 non
2251 1506 2291 1525 est
2309 1501 2406 1532 factus;
2426 1509 2488 1534 ergo

1422 1542 1475 1558 non
1493 1533 1571 1558 habet
1589 1534 1742 1566 principium
1761 1539 1786 1559 et
1805 1542 1851 1566 per
1869 1542 2032 1567 consequens
2051 1543 2104 1560 non
2117 1535 2195 1561 habet
2209 1535 2295 1561 finem.
2311 1537 2388 1567 Quod
2402 1542 2489 1561 autem

1423 1574 1463 1594 est
1481 1569 1532 1593 tale
1551 1574 1590 1593 est
1608 1568 1743 1594 infinitum.
1757 1570 1869 1594 Mundus
1888 1578 1950 1603 ergo
1970 1577 2009 1596 est
2023 1570 2144 1596 infinitus.
2157 1584 2177 1592 ·-
2191 1572 2262 1596 Haec
2276 1573 2377 1597 subtilis
2391 1572 2489 1597 Melissi

1423 1605 1548 1629 cavillatio
1562 1605 1648 1629 nititur
1662 1605 1804 1637 principiis:
1820 1605 1896 1635 Quod
1911 1606 2007 1631 factum
2017 1611 2056 1631 est
2070 1606 2147 1632 habet
2160 1608 2327 1640 principium;
2342 1616 2404 1641 ergo
2417 1608 2491 1640 quod

1423 1648 1475 1665 non
1489 1645 1529 1665 est
1542 1640 1638 1664 factum
1653 1648 1706 1665 non
1719 1640 1797 1665 habet
1809 1641 1969 1673 principium.
1985 1642 2041 1667 Hoc
2053 1647 2152 1672 autem,
2167 1643 2249 1675 inquit
2263 1651 2285 1668 s.
2295 1643 2421 1674 Thomas,
2437 1651 2489 1667 non

1423 1676 1548 1708 sequitur,
1567 1676 1614 1700 sed
1631 1681 1671 1700 est
1684 1676 1783 1701 fallacia
1797 1678 1988 1709 consequentis.
2006 1678 2098 1710 Arguit
2116 1679 2184 1703 enim
2199 1686 2214 1704 a
2227 1679 2400 1704 destructione
2418 1684 2490 1704 ante-

1423 1712 1536 1736 cedentis
1550 1711 1582 1735 ad
1596 1711 1797 1736 destructionem
1816 1713 2007 1745 consequentis,
2026 1721 2085 1738 cum
2104 1719 2173 1738 recta
2191 1713 2274 1739 forma
2294 1714 2488 1746 argumentandi

1424 1748 1457 1771 sit
1470 1754 1485 1771 e
1499 1754 1626 1771 converso
1640 1754 1748 1779 arguere
1763 1746 1812 1780 (Cf.
1827 1747 1898 1777 infra,
1912 1756 1938 1772 n.
1949 1748 1985 1781 9).
2000 1748 2075 1773 Unde
2089 1757 2140 1773 non
2155 1750 2284 1782 sequitur:
2299 1751 2325 1774 Si
2340 1755 2379 1774 est
2393 1750 2489 1774 factum

1424 1782 1501 1807 habet
1526 1782 1692 1814 principium;
1711 1790 1774 1814 ergo
1792 1783 1814 1807 si
1839 1791 1891 1807 non
1910 1788 1949 1808 est
1968 1783 2064 1809 factum
2082 1792 2134 1809 non
2152 1784 2230 1810 habet
2253 1786 2414 1818 principium.
2438 1785 2489 1810 Sed

1425 1822 1592 1850 sequeretur:
1612 1825 1674 1849 ergo
1693 1818 1763 1850 quod
1782 1826 1834 1843 non
1853 1818 1930 1843 habet
1948 1819 2101 1852 principium
2120 1828 2171 1845 non
2186 1826 2226 1845 est
2240 1821 2335 1845 factum
2350 1821 2400 1855 (Cf.
2411 1820 2489 1845 s.Th.

1423 1853 1450 1878 in
1468 1853 1478 1878 l
1498 1853 1612 1886 Pltysic„
1632 1853 1689 1878 lect.
1701 1849 1738 1888 v).

1480 1889 1600 1913 Fallacia
1619 1896 1671 1913 non
1691 1896 1787 1914 causae
1801 1896 1854 1922 pro
1872 1897 1954 1915 causa
1974 1896 2014 1915 est
2032 1892 2136 1924 quando
2151 1891 2274 1924 sophista,
2289 1892 2320 1916 ad
2334 1892 2491 1924 redarguen-

1426 1924 1488 1949 dum
1507 1931 1598 1949 secum
1617 1925 1805 1956 disputantem,
1825 1926 1934 1950 assumit
1952 1926 2047 1959 aliquid
2066 1927 2145 1952 veluti
2164 1935 2270 1952 causam
2289 1927 2409 1957 alicuius,
2429 1934 2490 1951 cum

1425 1965 1513 1985 tamen
1531 1967 1584 1984 non
1598 1960 1631 1984 sit
1645 1968 1731 1985 causa.
1749 1961 1848 1986 Accidit
1861 1968 1923 1985 vero
1936 1961 1999 1986 haec
2013 1962 2111 1987 fallacia
2125 1963 2276 1994 praesertim
2292 1963 2317 1987 in
2331 1962 2490 1995 syllogismis

1426 1996 1459 2021 ad
1477 1995 1637 2028 impossibile
1657 1996 1821 2026 ducentibus,
1841 2002 1870 2021 ut
1888 1997 1922 2021 ait
1939 1998 2101 2029 Aristoteles,
2118 1998 2160 2029 ib„
2180 2006 2206 2022 n.
2220 2006 2250 2031 9:
2269 2006 2330 2023 nam
2348 1999 2373 2023 in
2392 1997 2432 2022 his
2446 2005 2491 2022 ne-

1427 2039 1501 2056 cesse
1515 2035 1555 2055 est
1568 2031 1687 2056 refellere
1699 2032 1795 2064 aliquid
1809 2039 1901 2057 eorum
1915 2040 1983 2065 quae
1998 2033 2082 2065 posita
2095 2038 2168 2064 sunt;
2188 2034 2312 2058 refellitur
2326 2038 2413 2058 autem
2431 2041 2491 2065 pro-

1426 2067 1512 2092 bando
1551 2067 1611 2098 uod,
1631 2074 1663 2091 eo
1681 2067 1775 2099 posito,
1794 2068 1912 2100 sequitur
1930 2068 2090 2101 impossibile
2111 2067 2165 2105 (Cf.
2180 2069 2200 2093 11
2214 2069 2339 2094 Priorum
2353 2068 2490 2102 analytic„

1427 2110 1482 2135 cap.
1495 2110 1535 2127 xnt
1554 2120 1561 2128 .
1575 2101 1702 2134 Affirmat,
1714 2110 1737 2127 e.
1746 2111 1780 2136 g.,
1791 2103 1883 2136 aliquis
1899 2104 2011 2129 animam
2025 2109 2050 2128 et
2063 2105 2142 2129 vitam
2157 2105 2226 2129 idem
2240 2112 2312 2135 esse;
2328 2109 2354 2129 et
2368 2104 2491 2136 sophista,

1427 2143 1455 2163 ut
1474 2138 1609 2163 concludat
1628 2146 1680 2162 non
1694 2138 1763 2163 idem
1778 2139 1962 2164 esseanimam
1977 2144 2002 2164 et
2015 2140 2103 2171 vitam,
2113 2140 2242 2173 redarguit
2257 2139 2427 2165 affirmantem
2441 2139 2491 2164 hoc

1427 2174 1520 2198 modo:
1539 2174 1565 2198 Si
1584 2173 1671 2199 anima
1688 2174 1757 2198 idem
1777 2179 1817 2198 est
1835 2182 1864 2199 ac
1883 2175 1941 2205 vita,
1961 2180 1987 2199 et
2005 2175 2114 2200 interitui
2134 2176 2303 2200 contrariatur
2319 2180 2408 2205 ortus;
2429 2182 2492 2207 ergo

1428 2210 1529 2234 cuidam
1554 2209 1663 2234 interitui
1683 2210 1730 2234 erit
1750 2210 1856 2242 quidam
1874 2215 1947 2234 ortus
1967 2211 2122 2241 contrarius;
2142 2211 2212 2243 atqui
2232 2219 2303 2235 mors
2323 2215 2362 2235 est
2376 2211 2492 2234 interitus

1428 2250 1454 2270 et
1469 2245 1637 2270 contrariatur
1655 2245 1735 2275 vitae;
1755 2252 1817 2277 ergo
1836 2250 1909 2270 ortus
1929 2250 1969 2270 est
1986 2246 2051 2276 vita,
2071 2251 2096 2270 et
2114 2246 2200 2271 vivere
2219 2251 2259 2271 est
2277 2246 2352 2274 oriri:
2377 2246 2424 2270 sed
2442 2245 2492 2270 hoc

1428 2285 1468 2305 est
1486 2280 1660 2313 impossibile;
1680 2288 1742 2313 ergo
1761 2288 1813 2305 non
1831 2281 1900 2306 idem
1919 2286 1980 2306 sunt
1998 2282 2082 2306 anima
2101 2286 2126 2306 et
2145 2282 2204 2306 vita.
2222 2295 2241 2301 —
2259 2282 2287 2306 ln
2305 2281 2355 2306 hoc
2373 2281 2492 2313 exemplo

1427 2321 1499 2341 notat
1521 2316 1675 2340 Aristoteles
1701 2317 1772 2348 quod
1796 2324 1848 2340 non
1873 2321 1914 2341 est
1938 2317 2091 2341 conclusum
2114 2317 2229 2349 praefato
2252 2317 2405 2349 syllogismo
2429 2317 2493 2341 illud

1428 2352 1499 2384 quod
1518 2356 1669 2384 susceptum
1688 2357 1728 2376 est
1746 2352 1917 2384 probandum.
1937 2352 2002 2376 Illud
2022 2353 2090 2377 enim
2109 2352 2269 2385 impossibile
2288 2352 2359 2385 quod
2377 2352 2492 2382 infertur,

1427 2394 1492 2421 ergo
1511 2390 1587 2412 ortus
1605 2390 1645 2412 est
1658 2387 1722 2417 vita,
1737 2390 1764 2412 et
1777 2387 1866 2412 vivere
1878 2390 1919 2412 est
1936 2387 2006 2412 oriri
2023 2387 2066 2420 (ex
2084 2395 2137 2420 quo
2155 2393 2246 2420 postea
2264 2388 2423 2412 concluditur
2441 2395 2494 2412 non

1427 2424 1497 2448 idem
1516 2430 1575 2448 esse
1594 2423 1706 2447 animam
1726 2427 1751 2447 et
1768 2423 1872 2455 vitam),
1892 2423 2089 2448 concluderetur
2107 2423 2200 2448 eodem
2213 2424 2301 2454 modo,
2321 2423 2421 2448 etiamsi
2440 2431 2493 2447 non

1427 2459 1519 2483 fuisset
1537 2463 1667 2483 assertum
1685 2459 1764 2483 vitam
1788 2465 1848 2483 esse
1866 2459 1935 2483 idem
1954 2463 2032 2491 atque
2050 2459 2175 2483 animam:
2195 2459 2347 2484 conclusum
2366 2463 2407 2483 est
2425 2459 2494 2483 enim

1427 2499 1528 2519 tantum
1541 2494 1621 2518 vitam
1635 2501 1695 2518 esse
1709 2494 1862 2518 contrariam
1876 2494 1953 2518 morti
1967 2499 1996 2518 ut
2009 2494 2128 2525 interitui,
2138 2495 2248 2519 interitui
2263 2499 2350 2519 autem
2360 2501 2419 2518 esse
2433 2501 2494 2518 con-

1427 2530 1535 2554 trarium
1553 2534 1655 2560 ortum;
1674 2537 1726 2554 non
1745 2535 1832 2559 autem
1851 2530 1964 2554 animam
1983 2535 2008 2554 et
2025 2530 2105 2554 vitam
2124 2537 2184 2554 esse
2201 2530 2270 2554 idem
2285 2535 2328 2554 aut
2346 2537 2398 2554 non
2417 2529 2494 2554 idem.

1428 2566 1536 2598 Signum
1555 2570 1596 2589 est
1614 2572 1676 2597 ergo
1696 2565 1767 2597 quod
1786 2570 1889 2598 accepta
1908 2570 1980 2596 sunt,
1999 2570 2029 2590 ut
2047 2566 2328 2596 causa'conclusionis‚
2352 2565 2495 2597 praemissa

1428 2608 1495 2634 quae
1514 2608 1605 2626 revera
1623 2609 1675 2625 non
1694 2605 1755 2625 sunt
1777 2608 1863 2625 causa.
1878 2613 1899 2620 ·-
1914 2600 2039 2631 Quamvis
2059 2606 2147 2625 autem
2164 2600 2313 2625 huiusmodi
2331 2605 2494 2633 argumenta-

1427 2637 1511 2662 tiones
1529 2644 1583 2661 non
1601 2636 1755 2661 concludant
1773 2637 1944 2669 propositum,
1963 2644 2016 2661 non
2034 2641 2096 2661 sunt
2113 2641 2200 2661 tamen
2218 2637 2324 2661 omnino
2342 2637 2443 2668 ineptae
2462 2636 2494 2660 ad

1428 2673 1524 2705 aliquid
1543 2672 1749 2697 concludendum
1760 2690 1767 2703 ,
1786 2677 1815 2696 ut
1832 2672 1858 2696 in
1877 2672 1996 2704 exemplo
2014 2672 2125 2697 adducto
2143 2672 2231 2696 videre
2250 2677 2298 2696 est.

1483 2707 1604 2732 Fallacia
1622 2707 1843 2740 interrogationis
1862 2712 1903 2732 est
1916 2715 1947 2732 ex
1960 2715 1992 2732 eo
2011 2708 2082 2740 quod
2097 2708 2129 2732 de
2143 2707 2246 2732 duobus
2263 2708 2305 2732 vel
2323 2706 2441 2739 pluribus
2457 2706 2494 2730 di-

1428 2744 1511 2768 versis
1521 2743 1563 2768 vel
1578 2743 1655 2768 etiam
1668 2743 1794 2775 oppositis
1809 2743 1886 2768 simul
1901 2743 2071 2776 interrogatur
2076 2751 2083 2774 ;
2094 2748 2128 2774 et,
2138 2751 2199 2768 cum
2213 2750 2264 2767 non
2279 2742 2495 2767 animadvertatur

1428 2779 1560 2812 pluralitas
1579 2779 1823 2811 interrogationum,
1841 2779 1916 2803 unica
1939 2779 2076 2811 responsio
2094 2779 2176 2803 datur.
2195 2778 2292 2803 Exinde
2317 2777 2434 2810 sophista
2452 2784 2494 2801 re-

1429 2815 1530 2847 darguit
1547 2815 1758 2847 respondentem.
1776 2814 1835 2839 Ex.:
1851 2814 1923 2839 Num
1943 2814 1985 2839 hie
2003 2817 2029 2839 et
2047 2814 2089 2839 hic
2101 2817 2141 2839 est
2154 2814 2255 2838 homo?
2269 2814 2295 2838 Si
2309 2813 2495 2845 respondeatur

1429 2849 1593 2881 affirmative;
1609 2849 1725 2882 sophista
1737 2849 1828 2874 infert:
1843 2849 1891 2875 sed
1909 2849 1951 2875 hic
1968 2853 1996 2874 et
2012 2849 2055 2874 hic
2072 2849 2173 2874 occisus
2191 2852 2245 2878 est‚·
2263 2848 2364 2873 occisus
2376 2855 2441 2880 ergo
2455 2850 2495 2872 est

1429 2886 1507 2911 homo
1525 2886 1595 2918 (non
1614 2885 1695 2910 occisi
1711 2888 1775 2910 sunt
1792 2885 1937 2917 homines).
1956 2885 2171 2917 Nonnumquam,
2191 2885 2224 2909 ait
2242 2884 2407 2914 Aristoteles,
2422 2883 2495 2907 facile

1429 2922 1536 2954 quidem
1555 2926 1595 2946 est
1618 2921 1751 2946 advertere
1774 2921 1862 2953 plures
1881 2928 1940 2945 esse
1964 2921 2188 2953 interrogationes;
2214 2920 2239 2944 in
2257 2919 2386 2943 nonnullis
2407 2923 2495 2943 autem

1429 2958 1455 2982 id
1473 2957 1559 2982 minus
1578 2957 1738 2989 perspicitur.

1483 2992 1512 3027 μ.)
1532 2993 1644 3024 Semper
1661 2999 1718 3017 esse
1736 2992 1913 3024 dupliciter.·-·
1926 2991 2008 3016 Codd.
2022 2990 2300 3020 BCDEILMNOQST:
2323 2996 2427 3021 semper
2445 2989 2495 3014 du-

1425 3028 1534 3061 pliciter
1552 3035 1623 3057 esse‚·
1642 3027 1706 3052 Cod.
1720 3028 1756 3052 A:
1775 3034 1879 3059 semper
1896 3027 2052 3059 simpliciter
2069 3033 2132 3051 esse.
2150 3027 2184 3050 At
2197 3025 2352 3057 simpliciter
2370 3025 2428 3049 loco
2446 3025 2495 3049 τοῦ

1430 3063 1572 3095 dupliciter
1585 3068 1626 3087 est
1639 3063 1715 3088 lectio
1729 3070 1848 3088 erronea:
1867 3063 1923 3087 vult
1936 3063 2005 3087 enirn
2018 3062 2170 3086 Aristoteles
2190 3061 2304 3086 medium
2319 3060 2387 3085 idem
2402 3060 2427 3084 in
2442 3060 2495 3092 syl-

1430 3099 1547 3132 logismis
1566 3099 1774 3123 demonstrativis
1788 3098 1827 3123 bis
1842 3098 1949 3128 assumi,
1964 3094 1994 3122 τὸ
2010 3096 2087 3131 μέσον
2102 3094 2170 3122 ἐστὶν
2184 3091 2222 3121 ἀεὶ
2237 3094 2334 3127 διττόν,
2351 3095 2495 3120 secundum

1431 3135 1501 3167 quod
1520 3134 1552 3159 ad
1571 3134 1623 3158 duo
1642 3138 1755 3158 extrema
1771 3133 1918 3166 singillatim
1932 3138 2103 3165 comparatur,
2118 3137 2146 3157 ut
2159 3132 2200 3156 hic
2218 3132 2295 3156 habet
2313 3139 2335 3155 s.
2345 3130 2471 3155 Thomas.

1484 3170 1507 3201 ν)
1529 3169 1600 3199 Quia
1615 3172 1641 3194 et
1655 3169 1688 3194 de
1702 3169 1814 3194 medio...
1829 3172 1856 3194 et
1870 3168 1985 3193 medium
2000 3168 2095 3193 iterum
2107 3168 2256 3192 ete-Hanc
2269 3167 2406 3191 lectionem
2419 3166 2495 3190 codd.

1430 3204 1664 3229 ACDEHLNOST
1686 3204 1855 3236 praetulimus
1880 3204 1981 3228 lectioni
2006 3204 2052 3228 PG
2069 3211 2122 3228 om.
2142 3203 2237 3228 iterum
2257 3207 2283 3227 et
2302 3201 2494 3234 praedicatur,

1430 3241 1452 3264 B
1470 3245 1531 3272 post
1549 3239 1645 3264 iterum
1664 3247 1718 3264 om.
1737 3239 1938 3269 uniuersaliter,·
1951 3239 1977 3263 M
1991 3246 2044 3263 om.
2060 3239 2118 3263 iter.
2133 3238 2247 3263 univers.
2258 3237 2389 3269 praedic.‚·
2404 3236 2428 3260 R
2441 3244 2496 3261 om.

1432 3275 1611 3300 iterum—K:
1629 3274 1693 3306 quia
1711 3277 1738 3299 et
1751 3274 1784 3299 de
1798 3274 1885 3299 medio
1903 3274 2091 3299 uniuersaliter
2105 3274 2191 3298 maior
2209 3273 2368 3298 extremitas
2384 3271 2495 3304 praedi-

1431 3313 1509 3335 catur
1527 3314 1585 3340 etc„
1599 3314 1629 3334 ut
1641 3309 1740 3342 priores
1759 3309 1843 3340 codd-3
1858 3314 1884 3334 et
1897 3309 1963 3334 forte
1977 3317 2071 3334 sensus
2086 3308 2231 3333 s.Thomae
2246 3313 2286 3332 est
2299 3308 2381 3340 magis
2395 3307 2495 3339 perspi-

1430 3353 1533 3371 cuus.·—
1542 3345 1565 3369 1:
1580 3344 1644 3377 quia
1657 3345 1683 3369 in
1699 3344 1925 3369 demonstratione
1939 3345 2026 3369 maior
2039 3344 2199 3369 extremitas
2218 3343 2405 3368 universaliter
2413 3349 2495 3374 prae-

1432 3381 1539 3406 dicatur
1561 3380 1595 3404 de
1618 3379 1720 3409 medio,
1740 3383 1767 3404 et
1785 3380 1900 3405 medium
1914 3380 2092 3411 praedicatur
2110 3379 2295 3404 universaliter
2314 3383 2362 3403 etc.

1485 3416 1526 3440 Ad
1543 3423 1601 3439 rem
1619 3420 1706 3439 autem
1723 3415 1793 3447 quod
1812 3415 1913 3445 attinet,
1927 3415 2000 3440 facile
2015 3420 2055 3439 est
2069 3414 2271 3439 animadvertere
2290 3414 2360 3446 quod
2379 3421 2410 3438 ea
2428 3420 2497 3446 quae

1431 3451 1473 3476 hic
1491 3451 1643 3475 Aristoteles
1662 3450 1773 3482 profert,
1797 3450 1911 3482 primum
1930 3450 2038 3474 modum
2055 3450 2154 3482 primae
2172 3448 2269 3482 figurae
2287 3449 2426 3481 respiciunt
2444 3448 2495 3481 (ef.

1432 3487 1490 3511 lect.
1504 3493 1559 3516 vm,
1578 3490 1632 3510 not.
1646 3485 1686 3518 τ).
1705 3485 1738 3510 Et
1755 3493 1845 3510 revera
1862 3493 1955 3510 omnes
1974 3485 2043 3510 modi
2062 3485 2220 3509 reducuntur
2235 3485 2267 3509 ad
2285 3485 2379 3509 modos
2397 3484 2496 3517 primae

1432 3521 1537 3555 figurae,
1553 3528 1621 3553 quos
1636 3521 1700 3545 inter
1713 3521 1812 3552 primus
1826 3521 1920 3545 modus
1935 3520 2071 3552 (barbara)
2089 3525 2130 3545 est
2142 3527 2290 3552 supremus.
2305 3520 2335 3544 E.
2346 3527 2383 3552 g.:
2402 3519 2496 3544 Omnis

1432 3556 1582 3582 substantia
1603 3556 1751 3588 spiritualis
1770 3559 1810 3581 est
1827 3556 2003 3581 essentialiter
2022 3555 2194 3585 immortalis;
2212 3555 2260 3580 sed
2277 3562 2367 3580 omnes
2389 3555 2496 3580 animae

1433 3593 1566 3617 humanae
1583 3594 1646 3616 sunt
1663 3591 1827 3616 substantiae
1849 3591 2016 3624 spirituales,·
2039 3598 2104 3624 ergo
2126 3597 2216 3616 omnes
2239 3591 2347 3615 animae
2365 3590 2498 3615 humanae

1433 3631 1497 3653 sunt
1514 3627 1690 3652 essentialiter
1708 3627 1880 3652 immortales.
1898 3627 1946 3652 Est
1961 3621 2129 3660 syllogismus
2145 3627 2171 3651 in
2190 3627 2274 3659 prImo
2295 3626 2375 3651 modo
2399 3626 2503 3658 primae.

2296 3680 2353 3713 29*

2505 463 2514 473 ⁸
2525 469 2552 493 n:
2568 463 2591 483 in
2606 462 2665 484 dem.
2683 469 2720 484 en.

2505 489 2608 510 scientiis
2623 495 2661 517 op.
