2548 4192
189 286 329 311 CCCXXlI

187 354 339 384 Erasmus
364 353 397 383 in
421 353 470 391 iis,
492 363 574 394 quos
598 353 630 383 in
653 353 751 384 libros
775 353 853 383 novi
879 359 909 383 et
932 353 1043 383 veteris
1068 351 1267 382 Testamenti

188 398 383 428 elucubravit
408 398 676 428 Commentarios,
703 397 871 428 Genuinus
906 397 1010 427 foetus
1035 397 1102 427 eius
1126 396 1265 427 vindica-

187 443 293 473 vimus
318 442 541 482 expositiones,
559 452 640 482 quae
665 448 810 482 prostant
832 441 864 470 in
882 442 1013 471 Librum
1038 441 1106 478 Iob,
1124 441 1156 470 in
1181 441 1265 481 prio-

188 498 236 517 res
260 488 493 528 quinquaginta
518 487 684 523 Psalmos,
716 486 749 516 in
777 486 945 515 Canticum
979 485 1206 523 Canticorum,
1231 486 1264 516 in

187 532 308 562 Isaiam
329 532 530 570 Prophetam,
548 531 579 560 in
596 530 768 560 Ieremiam
787 531 917 569 eiusque
938 530 1090 566 Threnos,
1106 529 1139 559 in
1156 530 1264 560 Evan-

187 577 310 617 gelium
336 576 494 605 Matthaei
517 580 547 604 et
567 574 716 611 Ioannis,
745 584 819 604 cum
838 573 958 603 Catena
981 584 1035 603 seu
1064 574 1170 614 Opere
1189 584 1262 605 con-

188 622 276 651 tinuo
293 621 324 650 in
342 624 482 659 quatuor
496 619 690 659 Evangelia,
707 618 740 648 in
756 618 920 658 Epistolas
935 620 1039 648 sancti
1058 619 1154 648 Pauli
1173 619 1262 649 alias-

187 675 250 705 que
265 673 367 694 sacrae
383 663 559 703 Scripturae
575 663 751 702 particulas.
765 662 871 702 Opera
887 669 971 699 sunt,
989 663 1120 703 proprio
1137 673 1160 693 s.
1173 663 1262 693 Tho-

187 708 367 748 mae-stylo
392 714 422 737 et
454 707 579 737 calamo
608 707 722 747 scripta
751 707 922 747 pleraque,
948 707 1053 747 aliqua
1084 713 1260 747 reportata,

187 760 222 783 ut
245 753 350 788 aiunt,
378 758 450 791 post
482 751 590 791 ipsum
614 761 631 781 e
655 758 804 791 suggestu
830 750 1011 782 dictantem.
1039 752 1127 782 Haec
1151 752 1260 783 animo

185 804 296 837 pacato
321 803 351 825 et
374 802 479 825 mente
502 795 607 825 lucida
630 796 742 836 legisse
769 806 950 838 numquam
974 803 1102 837 oportet
1126 796 1261 827 Casimi-

185 851 257 871 rum
272 840 452 878 Oudinum⁷
466 839 521 880 qui
539 841 624 870 viros
641 842 769 871 narium
788 846 1011 872 emunctarum
1030 841 1162 878 inducit,
1174 842 1262 881 apud

184 895 263 926 quos
287 885 336 915 vel
352 885 473 914 nullam
491 885 541 914 vel
557 885 714 915 modicam
732 887 941 917 eruditionem
960 896 1001 916 ex
1024 886 1157 916 lectione
1177 885 1259 926 Ope-

185 940 256 960 rum
287 930 427 959 Thomae
450 929 577 958 hauriri
599 930 753 960 creditur.

250 974 340 1003 Hanc
364 973 422 1003 sibi
446 973 637 1004 methodum
661 975 849 1005 servandam
873 974 1015 1015 praefixit
1038 974 1195 1011 Thomas,
1223 981 1258 1005 ut

184 1018 378 1058 Scripturam
401 1018 561 1058 Scriptura
585 1026 765 1059 exponeret,
781 1020 975 1050 variantibus
993 1019 1188 1060 frequentius
1205 1019 1259 1049 ad-

183 1063 284 1093 ductis
301 1062 499 1099 lectionibus,
517 1072 599 1102 quae
614 1063 665 1093 vel
682 1074 718 1094 ex
741 1064 885 1094 hebraica
901 1064 1030 1094 veritate
1052 1063 1258 1104 proficiscun-

182 1115 243 1145 tur,
255 1107 303 1137 vel
314 1117 350 1137 ex
366 1117 476 1146 graeca
490 1106 557 1138 τῶν
577 1108 663 1138 LXX
673 1108 827 1146 versione,
838 1109 888 1139 vel
905 1119 941 1139 ex
951 1109 1021 1149 ipso
1032 1116 1117 1139 textu
1134 1118 1258 1148 graeco,

182 1153 232 1183 vel
256 1162 293 1182 ex
315 1151 540 1192 antiquissimis
570 1152 732 1183 codicibus
760 1153 882 1184 latinis:
915 1163 994 1194 quas
1023 1153 1259 1193 diligentissime

182 1197 222 1227 ad
246 1206 376 1226 examen
404 1203 511 1234 vocat,
536 1196 634 1227 reiicit
661 1197 797 1238 aliquas,
827 1198 982 1238 adprobat
1005 1197 1090 1228 alias.
1120 1197 1152 1228 Si
1177 1208 1258 1239 quae

181 1241 327 1271 videntur
349 1240 383 1270 in
406 1240 520 1270 divinis
544 1241 679 1281 eloquiis
703 1241 880 1282 antilogiae,
907 1242 1054 1272 conciliat
1073 1250 1202 1273 omnes:
1229 1249 1259 1273 et

182 1286 317 1316 obscura
336 1295 483 1325 quaeque
498 1285 569 1315 loca
594 1285 723 1316 clariore
747 1293 831 1317 textu
856 1286 999 1317 illustrat.
1025 1287 1155 1316 Nullam
1170 1297 1258 1326 prae-

181 1330 269 1368 terit,
299 1339 397 1370 quam
416 1330 542 1360 ¹vetusti
573 1330 738 1370 scriptores
770 1330 989 1362 difficultatem
1012 1331 1254 1370 proposuerint:

182 1384 285 1415 neque
305 1374 369 1404 ulla
384 1374 491 1414 magni
507 1375 663 1405 momenti
687 1381 807 1414 prostat
830 1375 862 1405 in
887 1375 1133 1406 Commentariis
1153 1385 1258 1406 recen-

181 1419 311 1455 tiorum,
337 1428 435 1458 quam
459 1428 525 1448 non
549 1419 835 1459 praeoccupaverit.
866 1420 1146 1450 Heterodoxorum
1171 1429 1258 1450 com-

182 1471 289 1494 menta
310 1472 369 1502 pro
392 1463 463 1493 data
484 1463 650 1493 occasione
670 1463 830 1503 profligat,
856 1464 1006 1504 dogmata
1032 1463 1199 1494 confirmat
1222 1463 1258 1494 fi-

182 1508 232 1538 dei
257 1507 440 1538 christianae
461 1517 630 1548 moresque
652 1508 822 1538 hominum
846 1507 1074 1548 sapientissime
1096 1507 1256 1539 informat.

180 1552 266 1582 Nihil
296 1551 416 1582 dictum
445 1552 534 1592 quod
558 1552 590 1582 in
619 1552 686 1582 eius
716 1552 961 1583 Commentariis
985 1551 1115 1592 proprio
1140 1553 1258 1592 experi-

184 1604 292 1627 mento
318 1606 383 1626 non
406 1596 631 1636 deprehendas.

250 1641 339 1682 Stylo
356 1640 454 1670 utitur
477 1647 508 1670 et
530 1640 660 1671 artificio
680 1650 716 1671 ea
731 1647 831 1672 aetate
851 1641 1107 1682 frequentissimo
1130 1641 1256 1672 divisio—

183 1696 259 1716 num
275 1693 306 1716 et
318 1685 587 1716 subdivisionum:
603 1685 845 1726 Scripturaeque
866 1693 989 1716 sanctae
1011 1686 1105 1715 verba
1125 1693 1156 1716 et
1170 1696 1257 1716 com—

181 1738 265 1760 mata
281 1729 460 1769 explanans,
478 1737 682 1769 emergentes,
700 1729 725 1760 si
742 1740 823 1771 quae
835 1737 919 1768 sunt,
935 1730 1042 1760 inserit
1059 1729 1256 1761 difficultates

180 1785 216 1805 ac
240 1774 346 1804 solvit:
371 1774 411 1803 ad
435 1773 559 1814 aliaque
582 1781 653 1804 tum
676 1774 829 1814 procedit,
847 1784 930 1815 quae
953 1781 1142 1815 sequuntur,
1161 1785 1256 1815 expo-

181 1819 283 1849 nenda
307 1825 476 1849 commata.
505 1822 548 1848 At
570 1818 790 1857 individuum,
816 1819 879 1849 divi
904 1819 1052 1850 Thomae
1076 1819 1255 1859 proprium,

180 1863 223 1893 sic
247 1863 374 1903 effulget
397 1863 591 1893 eiuscemodi
615 1863 792 1901 artificium,
817 1873 920 1903 grave,
946 1863 1102 1901 solidum,
1127 1863 1255 1895 didacti-

181 1918 270 1945 cum,
295 1914 331 1938 ut
355 1918 391 1938 ex
415 1917 453 1937 eo
477 1907 637 1938 criterium
670 1908 793 1938 desumi
817 1915 927 1948 queat,
952 1908 991 1938 ad
1015 1908 1083 1938 eius
1106 1917 1256 1948 germana

180 1952 407 1983 commentaria
431 1950 633 1982 discernenda
657 1952 711 1982 abs
735 1952 850 1992 spuriis
874 1952 1123 1993 suppositisque.

248 1997 283 2026 In
299 1997 523 2027 Dissertatione
543 1997 583 2026 111
603 1997 668 2027 lato
693 1997 985 2037 sermonezegimus
1009 1997 1048 2027 de
1071 1996 1192 2028 ratione
1215 1998 1254 2028 ab

180 2041 339 2082 Aquinate
363 2041 517 2078 adhibita,
542 2048 680 2071 veterem
711 2041 860 2081 paginam
888 2041 1131 2081 interpretandi,
1155 2051 1255 2082 quam

180 2086 362 2126 posterioris
386 2085 494 2116 aetatis
517 2085 699 2125 interpretes
724 2085 886 2125 peritiores
910 2086 1036 2127 sequuti
1060 2093 1143 2116 sunt.
1168 2086 1255 2117 Nihil

180 2130 266 2160 aliud
290 2130 322 2160 in
350 2129 523 2170 prophetiis
547 2130 651 2160 videre
679 2130 793 2161 volunt
816 2130 938 2161 recutiti
966 2137 1253 2169 commentatores,

180 2174 239 2205 nisi
263 2184 338 2205 suae
361 2174 461 2214 gentis
485 2181 615 2204 eventus
638 2184 675 2205 ac
697 2174 857 2205 historias:
882 2175 1047 2214 geminum
1071 2184 1201 2205 sensum
1221 2175 1253 2205 in

180 2219 330 2250 omnibus
354 2226 409 2249 aut
433 2218 495 2249 fere
519 2218 668 2249 omnibus
689 2218 841 2249 vaticiniis
861 2219 1059 2259 distinguunt
1079 2219 1160 2250 inter
1175 2219 1254 2250 chri—

179 2264 297 2294 stianos
313 2263 459 2294 nonnulli
479 2263 682 2300 iudaizantes,
693 2263 879 2294 historicum
898 2264 1033 2294 alterum
1054 2263 1254 2305 alterumque

179 2308 395 2347 allegoricum,
413 2307 478 2337 vim
502 2307 568 2337 sine
585 2307 683 2338 dubio
697 2307 830 2338 invictae
846 2308 1042 2348 probationis
1057 2308 1253 2340 detrahentes

181 2351 310 2392 egregiis
339 2363 357 2382 a
385 2359 452 2383 tota
485 2351 706 2382 christianitate
736 2352 896 2393 celebratis
925 2353 966 2383 de
993 2352 1120 2384 Christo
1149 2353 1254 2394 deque

180 2397 248 2427 eius
272 2396 431 2427 divinitate
460 2406 495 2426 ac
518 2396 668 2426 missione
693 2396 894 2427 testimoniis:
919 2407 956 2428 ac
980 2398 1113 2428 demum
1135 2397 1252 2437 allego-

180 2441 245 2471 rico
269 2441 375 2471 sensui
398 2441 471 2480 plus
494 2440 578 2470 iusto
596 2440 757 2471 inhaerent
776 2441 827 2471 alii
849 2441 958 2472 omnia
977 2442 1016 2472 ad
1039 2443 1144 2473 lesum
1161 2442 1252 2473 Chri-

181 2492 267 2516 stum
299 2484 479 2515 immediate
510 2484 686 2515 referentes.
721 2485 911 2516 Felicissime
942 2486 1086 2517 Thomas
1115 2486 1254 2518 distinxit

175 2530 362 2570 prophetias
390 2534 419 2559 et
443 2530 591 2559 vaticinia
624 2529 752 2568 proprie
777 2529 875 2567 dicta,
906 2530 1023 2571 quibus
1056 2531 1199 2571 proxime
1223 2538 1254 2562 et

182 2574 271 2604 nullo
296 2573 402 2604 medio
426 2572 702 2613 praenunciantur,
723 2583 805 2613 quae
821 2574 860 2604 ad
877 2574 1024 2605 Messiam
1040 2575 1146 2606 Iesum
1162 2575 1252 2606 Chri—

181 2625 267 2649 stum
291 2618 447 2658 pertinent
470 2617 602 2658 eiusque
625 2617 664 2647 ad
681 2618 867 2648 Ecclesiam:
891 2618 1032 2659 itemque
1052 2620 1190 2660 figuras
1213 2629 1253 2650 ac

181 2668 276 2704 typos
306 2672 447 2703 quorum
470 2661 521 2692 alii
546 2661 688 2701 proxime
712 2661 825 2693 sistunt
855 2662 888 2692 in
913 2663 1000 2693 factis
1025 2671 1080 2694 aut
1109 2664 1253 2703 personis

182 2706 397 2747 praesentibus
420 2706 470 2736 vel
499 2705 612 2736 futuris
643 2705 743 2746 ipsius
766 2706 877 2737 veteris
901 2707 1117 2746 Testamenti;
1142 2714 1172 2738 et
1200 2707 1252 2738 alii

180 2751 335 2782 Davidem
352 2751 493 2791 quidem,
513 2761 542 2780 v.
554 2760 597 2789 g„
614 2757 669 2781 aut
685 2751 902 2788 Salomonem,
919 2758 974 2782 aut
992 2751 1091 2782 alium
1108 2751 1252 2792 quemvis

180 2796 369 2826 adumbrant
392 2795 532 2835 oblique,
556 2794 741 2834 improprie,
766 2795 899 2826 obscure
923 2802 954 2826 et
977 2796 1067 2835 quasi
1090 2806 1148 2836 per
1169 2795 1251 2833 vim,

180 2850 255 2871 cum
284 2846 369 2870 recto
393 2847 424 2870 et
447 2839 543 2879 plano
575 2849 669 2869 sensu
694 2839 726 2869 in
751 2839 915 2870 Christum
938 2839 1086 2871 ferantur.
1121 2840 1253 2880 Egregia

181 2885 310 2915 consule
335 2894 442 2924 opera,
467 2893 549 2924 quae
572 2883 630 2914 hac
655 2883 693 2914 de
717 2893 749 2914 re
768 2884 992 2914 elucubrarunt
1009 2884 1157 2921 Huetius,
1172 2884 1252 2915 Bos-

179 2936 299 2966 suetus,
323 2928 464 2965 Balthus,
490 2927 653 2959 calmetus
676 2938 712 2958 ac
735 2927 815 2959 inter
839 2928 1050 2959 heterodoxos
1072 2928 1248 2967 Marchius,

180 2973 320 3013 Vitringa
344 2973 459 3013 aliique
482 2973 599 3012 plures.
625 2972 715 3003 Hanc
739 2972 823 3003 viam
846 2980 952 3004 tamen
967 2972 1085 3013 regiam
1103 2980 1135 3004 et
1149 2980 1252 3004 tutam

180 3017 244 3048 suis
267 3017 299 3047 in
324 3017 569 3048 Commentariis
593 3017 737 3049 Thomas
759 3017 892 3057 aperuit.

248 3062 284 3092 ll.
310 3062 357 3092 De
382 3062 539 3101 Operibus
564 3061 596 3091 id
615 3071 714 3101 genus
737 3062 776 3091 ab
801 3061 960 3102 Aquinate
983 3061 1134 3092 confectis
1158 3061 1250 3092 liber-

180 3106 258 3136 rime
281 3106 435 3136 iudicium
459 3106 517 3136 fert
541 3105 715 3136 Richardus
739 3105 902 3136 Simonius
926 3105 958 3136 in
981 3106 1122 3137 Historia
1145 3105 1249 3136 critica

180 3150 387 3190 interpretum
410 3150 485 3180 novi
509 3149 719 3180 Testamenti:
745 3150 932 3191 cogiturque
947 3151 997 3181 vel
1012 3150 1128 3181 invitus
1146 3149 1248 3181 fateri:

183 3195 337 3225 Catenam
370 3204 505 3225 auream
539 3199 569 3224 et
601 3195 827 3234 expositionem
861 3196 893 3225 in
918 3195 1080 3235 Epistolas
1107 3195 1251 3235 Apostoli

180 3240 285 3276 Pauli,
309 3239 425 3280 dignos
448 3248 516 3269 esse
534 3239 692 3278 Aquinate
700 3238 824 3279 foetus,
840 3240 872 3270 in
889 3240 1001 3280 quibus
1013 3240 1157 3279 plurima
1176 3248 1251 3270 eru-

179 3283 255 3313 ditio
271 3283 404 3324 fulget:
426 3283 722 3323 sanctissimumque
738 3283 912 3314 Doctorem
936 3284 1052 3325 legisse
1071 3284 1184 3321 multa,
1201 3292 1250 3314 ve-

180 3333 283 3358 terum
317 3329 597 3358 commentationes
624 3329 818 3368 praecipuas
840 3328 928 3358 haud
951 3329 1120 3369 ignorasse
1143 3328 1249 3366 ullas,

180 3382 300 3411 quaeve
314 3373 410 3402 sumit
426 3377 621 3413 argumenta
633 3372 865 3412 pertractanda
880 3373 1063 3403 exhaurire.
1091 3372 1249 3404 Censuras

180 3415 275 3446 inurit
298 3416 436 3457 aliquas,
460 3416 581 3456 ineptas
605 3426 720 3456 nempe
744 3423 774 3447 et
797 3416 932 3458 iniquas,
958 3424 992 3448 ut
1016 3417 1089 3448 alibi
1113 3415 1250 3447 ostendi-

180 3470 262 3490 muS.
288 3461 401 3500 Elogio
426 3471 497 3497 suo,
521 3460 610 3501 quod
634 3460 697 3491 iarn
721 3461 896 3498 attulimus,
921 3461 1082 3492 Thomam
1108 3460 1249 3501 Aquina-

181 3509 245 3533 tem
276 3511 404 3534 exornat
427 3505 577 3535 Erasmus
610 3504 641 3535 in
675 3512 795 3545 caput!
819 3506 858 3536 ad
883 3506 1064 3536 Romanos:
1090 3505 1249 3545 simulque

181 3557 239 3585 pro
263 3547 399 3585 acriore,
433 3559 499 3589 quo
523 3549 662 3588 pollebat
690 3549 836 3589 ingenio,
862 3550 1036 3581 Doctorem
1060 3549 1249 3589 Angelicum

181 3590 311 3628 inducit,
328 3602 384 3622 ceu
405 3598 552 3631 proteum
569 3594 747 3632 quempiam
763 3599 861 3624 semet
878 3596 909 3624 in
927 3595 1035 3624 omnia
1055 3598 1247 3630 versantem,

180 3635 209 3664 si
231 3645 294 3675 qua
312 3637 412 3675 possit
436 3637 517 3666 elabi
530 3636 563 3666 in
580 3646 616 3667 ea
629 3637 800 3667 verborum
816 3638 963 3677 Apostoli
980 3637 1248 3677 interpretatione,

930 273 1392 311 DISSERTATIONES
1423 275 1673 313 CRITICAE

1323 353 1440 393 quibus
1470 356 1556 385 Iesus
1581 356 1725 387 Christus
1759 357 1871 388 dicitur
1895 359 2159 398 praedestinatus
2190 360 2294 391 Filius
2325 361 2397 392 Dei.

1322 398 1469 429 Thomae
1493 400 1724 431 enarrationem
1748 402 1944 442 diligentiore
1968 413 2026 433 nos
2051 413 2148 443 opera
2172 395 2397 444 expendimus:

1322 443 1493 484 nullusque
1518 444 1649 483 dubito,
1674 445 1706 476 in
1737 446 1769 476 id
1793 457 1905 477 omnes
1930 458 2141 478 consensuros
2172 449 2398 480 accuratissimi

1321 486 1554 527 Scripturarum
1578 489 1753 529 interpretis
1777 498 1880 530 partes
1904 502 2016 522 omnes
2034 493 2174 532 explesse
2189 493 2395 534 Aquinatem,

1320 531 1376 571 qui
1410 533 1572 564 variantes
1603 534 1752 565 lectiones
1785 535 1890 573 affert,
1923 543 2067 566 veterum
2095 537 2226 568 Patrum
2258 545 2399 569 recenset

1320 577 1565 607 commentarios
1590 585 1620 608 et
1643 579 1804 618 expendit:
1829 580 2037 620 interpretum
2057 581 2211 621 sequioris
2231 582 2339 613 aetatis
2357 583 2397 613 ad

1319 629 1450 651 examen
1473 629 1566 652 vocat
1585 623 1764 662 sententias,
1787 634 1822 654 ac
1839 625 2004 655 certiorem
2020 625 2168 666 denique,
2189 637 2212 656 s.
2225 627 2396 667 Augustini

1318 664 1417 694 menti
1441 665 1552 705 utique
1577 676 1764 706 consonam,
1789 668 1891 708 seligit
1913 676 1944 699 et
1969 669 2114 700 vindicat.

1384 709 1497 749 Neque
1515 711 1622 740 solum
1638 711 1871 752 Scripturarum
1887 713 2007 753 peritia,
2026 724 2090 754 qua
2106 715 2230 746 valebat
2241 715 2395 756 Aquinas,

1318 752 1417 792 fulget
1431 753 1463 783 in
1483 753 1748 787 Commentariis:
1767 757 1935 796 aptissimis
1951 757 2261 798 interpretationibus
2277 766 2396 790 caetera

1316 797 1411 836 plena
1435 805 1510 828 sunt
1533 799 1642 829 omnia
1662 800 1769 840 Opera
1792 800 1859 831 eius
1876 801 2063 842 theologica.
2090 803 2249 834 Laborem
2273 804 2396 835 censuit

1317 841 1522 872 utilissimum
1546 843 1647 873 David
1672 844 1807 875 Lenfant
1829 846 1947 885 galluS,
1972 854 2147 877 conventus
2172 848 2270 878 nostri
2295 848 2395 879 Com-

1316 885 1495 925 pendiensis
1520 887 1681 926 alumnus,
1706 888 1762 929 qui
1786 896 1834 920 tot
1847 890 1880 920 in
1896 889 2045 929 operibus
2063 890 2217 931 dispersas
2234 892 2396 932 colligeret

1316 930 1544 970 expositiones:
1570 932 1780 973 collectasque
1805 934 1991 974 complexus
2015 941 2062 965 est
2085 945 2138 965 sex
2160 936 2390 976 voluminibus,

1316 985 1457 1015 quorum
1473 975 1531 1006 tria
1549 976 1581 1006 in
1597 984 1688 1008 vetus
1704 978 1948 1009 Testamentum
1964 978 2152 1018 prodierunt
2175 980 2298 1010 Parisiis
2321 980 2355 1010 in
2370 990 2392 1021 4

1315 1020 1402 1059 apud
1426 1020 1579 1051 Ioannem
1595 1021 1737 1052 Henault
1758 1023 1840 1064 1657
1856 1030 1886 1054 et
1905 1022 1965 1053 alia
1981 1030 2145 1054 servantur
2168 1024 2391 1065 manuscripta.

1666 1123 1878 1161 CAPUT
1905 1124 1978 1161 VI.

1315 1218 1402 1251 Opera
1421 1218 1501 1243 sancti
1521 1218 1639 1244 Thomae
1654 1219 1798 1252 theologica
1813 1228 1950 1254 perperam
1964 1228 1994 1245 ac
2008 1220 2075 1246 falso
2089 1226 2188 1246 scatere
2199 1221 2317 1247 dicuntur
2327 1223 2391 1248 locis

1387 1254 1490 1287 topicis:
1506 1254 1651 1287 topicorum
1667 1256 1737 1280 notio
1752 1256 1854 1288 duplex.
1875 1257 2014 1289 Perperam
2031 1257 2107 1281 etiam
2127 1257 2230 1282 inutiles
2250 1257 2390 1291 fistilesque

1385 1290 1553 1314 traducuntur
1571 1291 1736 1323 quaestiones
1752 1292 1879 1324 plurimae
1894 1297 2069 1325 pertractatae.
2089 1292 2123 1317 Ut
2141 1300 2187 1317 eae
2206 1298 2391 1325 pertractaren-

1386 1330 1427 1349 tur
1445 1330 1548 1358 praesto
1567 1331 1640 1351 erant
1658 1332 1775 1352 veterum
1794 1329 1912 1361 exempla
1931 1333 1957 1352 et
1975 1327 2087 1353 rationes
2106 1328 2282 1361 gravissimae.

1315 1414 1338 1444 I.
1362 1408 1528 1490 Opera
1544 1418 1718 1449 succedunt
1733 1418 1921 1459 theologica,
1938 1429 2079 1460 quorum
2095 1419 2232 1459 pretium
2249 1430 2285 1451 ac
2301 1430 2390 1461 prae·-

1453 1461 1600 1492 stantiam
1623 1469 1660 1493 ut
1681 1463 1889 1501 imminuant,
1914 1464 2041 1494 nullum
2067 1474 2133 1494 non
2157 1472 2288 1496 movent
2310 1465 2389 1505 lapi-

1314 1502 1388 1533 dem
1420 1506 1541 1536 adversi
1575 1516 1730 1538 censores.
1765 1507 1886 1538 Oudini
1913 1509 2007 1538 verba
2031 1515 2123 1539 sunt:
2157 1509 2387 1541 Scholasticam

1313 1548 1470 1579 trutinam
1495 1555 1524 1580 et
1547 1551 1776 1591 garrulitatem
1801 1553 1928 1583 unicam
1952 1553 2081 1590 sciebat,
2097 1563 2135 1583 ea
2158 1558 2264 1584 aetate
2287 1554 2388 1584 omni-

1313 1591 1372 1622 bus
1390 1592 1593 1625 Scholasticis
1616 1604 1816 1626 communem
1841 1601 1871 1626 et
1878 1596 2034 1638 facilem:
2048 1597 2133 1627 unde
2148 1598 2273 1628 nullum
2289 1599 2390 1638 ipsius

1312 1636 1374 1666 hac
1396 1638 1428 1667 in
1447 1644 1546 1678 parte
1569 1641 1718 1670 meritum
1742 1641 1877 1681 agnosci
1893 1646 2016 1681 potest,
2040 1651 2113 1672 cum
2136 1646 2214 1672 tunc
2236 1643 2390 1683 temporis·

1313 1683 1494 1714 tonsoribus
1516 1685 1612 1714 etiam
1636 1685 1766 1725 cognita
1790 1689 1880 1715 esset.
1916 1684 2094 1715 Censuram
2117 1685 2224 1726 accipe
2251 1685 2390 1717 auctoris

1313 1725 1472 1757 Historiae
1497 1727 1618 1758 criticae
1641 1729 1878 1769 philosophiae:
1906 1729 1988 1759 Cum
2011 1734 2115 1760 artem
2147 1731 2284 1770 topicam
2315 1731 2389 1761 Ari-

1312 1771 1434 1802 stotelis
1456 1771 1616 1803 didicisset
1648 1778 1678 1803 et
1700 1773 1878 1804 disserendi
1905 1774 2037 1804 solertia
2055 1774 2214 1814 polleret,
2239 1775 2390 1814 lectiones

1313 1814 1408 1845 edere
1430 1818 1530 1856 coepit
1553 1818 1584 1847 in
1609 1818 1808 1858 Magistrum
1824 1818 2098 1849 Sententiarum...
2116 1819 2286 1860 Integrum
2301 1819 2390 1850 theo-

1313 1859 1421 1900 logiae
1442 1870 1560 1901 corpus
1583 1863 1769 1902 composuit,
1794 1863 1826 1892 in
1850 1872 1912 1903 quo
1936 1864 2049 1894 inanes
2072 1868 2101 1893 et
2129 1873 2391 1904 supervacaneae

1312 1905 1512 1943 quaestiones
1535 1906 1640 1936 locum
1665 1907 1804 1946 eripiunt
1828 1907 1957 1938 utilibus
1980 1911 2010 1937 et
2029 1909 2228 1939 necessariis.
2251 1908 2391 1939 Brucke-

1312 1957 1385 1978 rum
1408 1949 1545 1990 denique
1573 1950 1758 1981 audiamus:
1788 1951 1974 1982 Methodum
2008 1953 2388 1992 saracenico-peripateti-

1311 2002 1382 2022 cam
1401 1995 1595 2033 promovit...
1619 1994 1701 2025 Cum
1725 2004 1815 2026 more
1832 1996 1976 2026 Arabum
1992 1996 2216 2027 subtilissimas
2229 1998 2386 2038 quaestio-

1311 2046 1368 2067 nes
1384 2042 1414 2068 et
1429 2039 1600 2080 ambiguas
1615 2039 1655 2070 de
1677 2039 1792 2070 divinis
1805 2040 2036 2080 disputationes
2053 2045 2248 2078 annecteret,
2259 2042 2386 2082 perspi-

1310 2091 1406 2112 cuum
1422 2083 1496 2114 inde
1510 2088 1567 2121 est,
1580 2084 1786 2115 scholasticae
1794 2085 2015 2125 philosophiae
2029 2085 2104 2116 vitia
2121 2094 2192 2116 eum
2204 2095 2266 2116 non
2280 2091 2387 2117 sustu-

1312 2126 1395 2163 lisse,
1419 2127 1477 2158 sed
1499 2129 1639 2159 auxisse.

1378 2171 1444 2202 Nae
1468 2171 1759 2212 impudentissimas
1783 2182 1940 2204 censuras.
1967 2173 2003 2204 In
2027 2183 2079 2204 eas
2094 2173 2157 2204 lata
2171 2173 2295 2204 videtur
2313 2183 2385 2205 cen-

1311 2224 1384 2245 sura
1407 2217 1561 2258 anonymi
1589 2216 1766 2257 scriptoris,
1792 2217 1848 2258 qui
1871 2217 2023 2248 vitiorum
2046 2218 2226 2258 theologiae
2255 2227 2387 2254 examen

1310 2259 1458 2291 instituit:
1487 2261 1650 2292 «Summa
1678 2262 1877 2303 theologica,
1903 2263 2068 2303 inquiens,
2094 2262 2194 2294 sancti
2217 2262 2386 2302 Thomae,

1313 2316 1327 2331 »
1346 2302 1459 2345 (quam
1476 2306 1562 2336 inter
1584 2311 1712 2337 caetera
1738 2307 1807 2337 eius
1833 2305 1941 2347 Opera
1965 2306 2097 2338 adducit
2119 2308 2152 2337 in
2173 2306 2384 2350 exemplum),

1313 2360 1327 2375 »
1347 2348 1481 2389 dignum
1509 2350 1602 2381 laude
1627 2361 1710 2390 opus
1740 2358 1786 2382 est
1788 2373 1854 2382 ......
1881 2351 1916 2381 In
1939 2350 2098 2382 Secunda·
2113 2358 2200 2392 parte
2224 2351 2388 2382 Secundae

1312 2405 1326 2419 ›
1347 2393 1469 2425 disserit
1493 2395 1532 2425 de
1554 2394 1722 2426 virtutibus
1739 2395 1943 2436 theologicis,
1967 2396 2070 2436 deque
2090 2395 2264 2426 moralibus
2285 2395 2387 2437 iisque

1313 2447 1326 2464 »
1346 2437 1386 2468 de
1409 2439 1602 2479 argumentis
1633 2439 1784 2470 omnibus
1815 2450 1898 2480 quae
1928 2447 2004 2471 sunt
2035 2439 2141 2471 affinia
2171 2447 2202 2471 et
2233 2449 2393 2472 connexa.·

1313 2493 1327 2509 »
1347 2483 1583 2520 Quaestionum
1611 2494 1764 2515 numerus
1791 2483 1939 2515 definitus
1973 2491 2037 2521 est,
2061 2484 2225 2516 inutilibus
2249 2492 2384 2525 praeter-

1312 2538 1327 2553 »
1347 2527 1465 2558 missis:
1490 2538 1611 2568 quaeve
1634 2528 1802 2569 agitantur,
1827 2538 1945 2559 nexum
1965 2528 2102 2560 invicem
2125 2529 2256 2560 habent:
2281 2538 2387 2570 neque

1312 2583 1326 2598 »
1347 2572 1387 2602 ad
1410 2573 1540 2603 alteram
1573 2572 1609 2603 fit
1635 2573 1766 2613 gradus,
1796 2573 1855 2603 nisi
1878 2573 1983 2613 priore
2016 2573 2152 2604 dilucide
2185 2573 2327 2613 exposita
2343 2578 2387 2605 ‚et

1312 2627 1326 2641 »
1346 2616 1446 2647 solide
1470 2617 1636 2657 dirempta.
1655 2617 1784 2648 Inutiles
1799 2617 1930 2648 fortasse
1946 2627 2078 2648 moroso
2094 2617 2217 2648 censori
2231 2617 2384 2650 videbun-

1312 2671 1326 2686 »
1346 2667 1398 2690 tur
1421 2661 1633 2701 quaestiones,
1657 2661 1690 2691 in
1714 2661 1831 2702 quibus
1855 2661 1957 2701 agitur
1971 2661 2011 2692 de
2025 2661 2194 2698 habitibus,
2211 2661 2314 2702 deque
2330 2670 2383 2692 νο-

1313 2715 1327 2730 »
1346 2704 1487 2735 luntario
1512 2710 1541 2735 et
1566 2706 1794 2742 involuntario,
1811 2705 2073 2745 singularumque
2096 2705 2250 2736 virtutum
2273 2703 2384 2736 defini-

1313 2759 1327 2774 »
1345 2748 1447 2779 tiones
1475 2749 1515 2779 ad
1539 2759 1670 2780 examen
1693 2756 1858 2787 vocantur,
1882 2749 1979 2790 idque
2003 2759 2104 2789 genus
2128 2748 2313 2780 subtilitates
2332 2758 2383 2780 ex-

1312 2804 1326 2818 »
1346 2793 1540 2832 penduntur.
1574 2795 1616 2824 At
1642 2799 1767 2833 praesto
1801 2799 1847 2824 est
1874 2793 2060 2833 responsio,
2089 2793 2129 2824 ad
2157 2793 2384 2825 accuratiorem

1311 2847 1325 2862 »
1346 2847 1451 2867 rerum
1475 2837 1749 2877 pertractationem
1772 2836 1927 2877 pertinere
1950 2837 2137 2868 huiusmodi
2161 2837 2382 2878 quaestiones:

1311 2892 1325 2907 ι
1346 2891 1462 2922 easque
1486 2891 1732 2921 supervacaneas
1756 2881 1793 2912 iis
1817 2882 1980 2913 dumtaxat
1998 2881 2096 2912 videri
2115 2891 2221 2922 posse,
2245 2881 2302 2923 qui
2317 2892 2384 2913 ees-

1310 2938 1324 2954 »
1345 2925 1418 2956 dem
1437 2936 1493 2966 per
1512 2936 1578 2956 sese
1598 2933 1741 2966 sumptas
1764 2925 1936 2966 inspiciunt
1951 2936 1988 2959 ac
2002 2926 2116 2966 procul
2131 2926 2169 2956 ab
2185 2936 2224 2957 eo
2238 2933 2384 2966 tempore

1309 2982 1323 2997 »
1344 2970 1477 3008 dissitas,
1501 2980 1569 3011 quo
1593 2970 1738 3001 Thomas
1762 2980 1894 3001 munere
1918 2974 1979 3001 s‘uo
1995 2980 2055 3011 pro
2070 2970 2151 3001 virili
2169 2970 2298 3010 defungi
2315 2980 2383 3002 non

1310 3027 1323 3042 s
1342 3022 1484 3054 poterat,
1510 3014 1588 3056 quin
1611 3024 1754 3055 pugnam
1787 3014 1961 3046 institueret
1990 3015 2159 3046 adversum
2192 3014 2382 3055 multiplices

1310 3072 1323 3087 »
1344 3059 1523 3099 opiniones,
1540 3069 1620 3100 quas
1639 3059 1755 3099 garruli
1780 3066 1811 3090 et
1833 3059 2012 3090 subtiliores
2029 3059 2096 3090 eius
2113 3058 2180 3090 aevi
2197 3058 2382 3091 Scholastici

1309 3117 1323 3132 2
1343 3104 1556 3144 vulgaverant.
1583 3103 1666 3134 Hinc
1690 3103 1795 3134 futiles
1818 3111 1849 3135 et
1872 3113 2122 3144 supervacaneae
2149 3104 2249 3134 modo
2273 3103 2381 3134 viden·

1308 3161 1323 3176 »
1342 3155 1394 3179 tur
1417 3147 1676 3188 disceptationes,
1700 3157 1783 3188 quae
1814 3155 1914 3179 aetate
1946 3148 2000 3179 illa
2023 3157 2088 3178 non
2113 3148 2233 3189 absque
2256 3147 2380 3180 emolu-

1308 3206 1322 3221 »
1342 3199 1452 3223 mento
1475 3192 1639 3232 agitandae
1663 3191 1795 3223 fuerant.
1810 3205 1824 3220 »
1853 3192 1982 3223 Validae
2001 3200 2085 3231 sunt,
2101 3202 2181 3233 quas
2195 3202 2255 3233 pro
2271 3191 2379 3234 aequi-

1305 3244 1367 3269 tate
1390 3236 1540 3267 vindicias
1564 3236 1627 3276 agit
1649 3246 1841 3277 anonymus.

1372 3281 1534 3312 Censurae
1553 3287 1675 3321 partem
1698 3280 1786 3311 illam
1802 3280 1957 3312 severiore
1975 3280 2118 3312 examine
2134 3280 2281 3319 discutio,
2297 3289 2380 3321 quae

1305 3325 1484 3366 theologica
1516 3325 1663 3356 Thomae
1697 3324 1823 3365 Opera,
1853 3325 1950 3356 veluti
1982 3325 2131 3356 scatentia
2165 3326 2242 3356 locis
2269 3324 2380 3365 topicis

1305 3377 1450 3411 praestat,
1465 3369 1505 3400 ad
1529 3369 1766 3400 contentionem
1784 3370 1963 3400 ducendam
1978 3369 2178 3410 comparatis.
2193 3367 2380 3400 Dialecticae

1305 3422 1427 3455 partem
1449 3414 1553 3445 innuit
1576 3423 1698 3451 censor,
1722 3423 1821 3454 quam
1844 3413 2028 3445 Aristoteles
2051 3414 2216 3454 amplexus
2239 3419 2286 3443 est
2308 3417 2378 3443 octo

1305 3461 1482 3499 topicorum
1516 3459 1614 3489 libris.
1651 3458 1759 3489 Latius
1801 3465 1886 3498 patet
1922 3458 2088 3489 dialectica
2127 3466 2226 3498 quam
2262 3457 2378 3496 topica.

1305 3503 1396 3544 Regit
1418 3503 1471 3534 illa
1494 3502 1608 3534 mentis
1632 3502 1831 3542 operationes
1854 3512 1890 3533 ac
1913 3509 2079 3542 praecepta
2106 3500 2199 3533 tradit
2222 3499 2378 3531 definitio-

1304 3557 1402 3585 num,
1427 3547 1650 3588 partitionum,
1675 3546 2001 3586 argumentationum:
2026 3546 2097 3576 loca
2119 3554 2194 3576 vero
2217 3544 2377 3584 quaedam

1304 3591 1489 3623 communia
1518 3590 1638 3631 profert
1661 3592 1784 3631 topica,
1812 3590 1853 3621 ad
1876 3590 2085 3630 probabiliter
2112 3588 2374 3630 syllogizandum

1303 3636 1344 3667 de
1353 3635 1603 3676 problematibus
1621 3636 1763 3666 omnium
1778 3635 1984 3665 scientiarum
2001 3634 2033 3664 in
2049 3637 2219 3673 utramque
2227 3637 2368 3672 partem.
