2548 4192
218 259 251 284 IV

219 341 397 375 omnes
431 338 524 387 per
557 315 776 367 Litteras
823 308 1126 377 Encyclicas
1173 302 1376 383 allocuti
1416 315 1617 366 sumus;
1657 296 1752 375 sed
1792 294 1953 347 modo
2004 292 2075 343 rei
2123 293 2401 372 gravitate,

220 405 269 445 et
306 404 594 458 temporum
634 382 927 436 conditione
967 376 1323 454 compelllmur
1366 391 1539 424 rursus
1584 368 1878 443 Voblscum
1900 383 2058 432 agere
2081 363 2148 415 de
2175 366 2403 418 meunda

219 459 692 533 philosophicorum
731 452 1014 505 studiorum
1053 458 1273 513 rat1one,
1306 463 1437 511 quae
1470 452 1519 492 et
1557 440 1700 491 bono
1741 436 1862 488 fide1
1900 446 2020 503 apte
2060 436 2402 506 respondeat,

222 545 270 586 et
314 532 407 601 ipsi
447 530 778 581 humanarum
813 520 1135 574 scientiarum
1175 513 1404 584 dignitati
1445 512 1507 564 sit
1545 518 1923 587 consentanea..

324 602 379 654 Si
408 600 519 668 quis
547 599 595 649 in
624 593 950 648 acerbitatem
981 600 1273 641 nostrorum
1313 597 1605 651 temporum
1645 595 1872 631 anlmum
1912 577 2164 647 mtendat,
2201 599 2401 632 earum-

220 694 320 742 que
350 690 516 723 rerum
546 667 806 730 rationem,
839 681 970 729 quae
1003 658 1212 728 publice
1253 667 1302 707 et
1338 653 1575 723 privatim
1604 660 1875 720 geruntur,
1908 649 2225 718 cogitatione
2258 671 2399 703 com-

218 745 463 813 plectatur
516 739 555 790 is
593 735 824 805 profecto
865 729 1170 799 comperiet,
1201 725 1475 778 fecundam
1506 723 1759 775 malorum
1786 740 2020 799 causam,
2058 742 2176 774 cum
2218 743 2401 775 eorum

219 833 348 882 quae
378 782 628 879 preinunt,
658 818 763 858 tum
793 823 971 855 eorum
993 820 1125 868 quae
1145 795 1568 867 pertimescimuS,
1587 793 1636 844 in
1660 812 1723 871 eo
1747 802 2047 860 cons1stere,
2071 794 2217 861 quod
2238 815 2403 863 prava

219 885 282 937 de
321 880 505 934 divinis
544 876 880 943 humanisque
919 872 1073 924 rebus
1112 869 1264 936 scita,
1307 888 1334 918 e
1373 865 1562 918 scholis
1601 863 2039 932 phllosophorum
2089 865 2400 934 iampridem

215 953 442 1023 profecta
505 950 553 1001 in
576 968 754 1000 omnes
786 944 995 997 civitatis
1035 941 1242 994 ordines
1271 936 1593 1006 irrepserint,
1630 934 1894 987 communi
1932 935 2277 1004 plurimorum
2297 937 2399 990 suf-

215 1024 374 1092 fragio
405 994 621 1089 re'cepta.
649 1018 785 1071 Cum
821 1016 953 1068 enim
983 1013 1185 1065 insitum
1216 1008 1408 1062 homini
1437 1018 1616 1059 natura
1643 1006 1721 1075 sit,
1747 1018 1803 1058 ut
1832 1006 1881 1058 in
1912 1007 2123 1076 agendo
2146 1008 2400 1061 rationem

217 1095 401 1147 ducem
428 1102 682 1159 sequatur,
704 1088 744 1141 si
773 1086 896 1155 quid
917 1083 1245 1152 intelligentia
1273 1090 1474 1150 peccat,
1506 1079 1555 1131 in
1586 1077 1639 1130 id
1671 1089 1721 1130 et
1750 1078 1990 1131 voluntas
2018 1078 2164 1132 facile
2190 1080 2400 1133 labitur:

216 1176 367 1233 atque
405 1164 470 1215 ita
509 1159 774 1228 contingit,
810 1169 863 1210 ut
903 1155 1126 1225 pravitas
1161 1153 1487 1222 opinionum,
1511 1170 1730 1218 quarum
1771 1150 1919 1203 estin
1959 1150 2295 1221 intelligentia
2319 1172 2398 1204 se-

216 1237 323 1303 des,
345 1235 393 1286 in
415 1234 659 1285 humanas
687 1230 919 1283 actiones,
942 1227 1129 1293 influat,
1153 1244 1343 1292 easque
1371 1233 1645 1292 pervertat.
1666 1221 1750 1273 Ex
1771 1222 2014 1291 adverso,
2036 1223 2077 1275 si
2104 1244 2230 1275 sana
2250 1244 2399 1276 mens

215 1305 476 1358 hominum
509 1303 669 1370 fuerit,
706 1312 754 1352 et
786 1298 961 1352 solidis
988 1297 1226 1364 verisque
1256 1293 1518 1364 principiis
1547 1293 1760 1345 firmiter
1798 1293 2019 1363 insistat,
2064 1306 2172 1347 tum
2197 1315 2325 1347 vero
2348 1295 2399 1347 in

213 1376 474 1446 publicum
511 1374 868 1442 privatumque
908 1368 1241 1421 commodum
1275 1365 1494 1435 plurima
1533 1364 1792 1418 beneficia
1830 1365 2398 1435 progignet.—Equi-

214 1447 332 1499 dem
367 1466 469 1497 non
512 1455 699 1496 tantam
733 1443 982 1494 humanae
1012 1437 1372 1508 philosophiae
1393 1437 1498 1488 vim
1535 1448 1586 1488 et
1613 1436 1971 1490 auctoritatem
2011 1437 2309 1507 tribuimus,
2346 1449 2401 1491 ut

214 1506 404 1570 cunctis
444 1515 650 1568 omnino
691 1513 946 1565 erroribus
976 1509 1366 1579 propulsandis,
1402 1508 1483 1560 vel
1525 1508 1810 1561 evellendis
1840 1530 2022 1578 parem
2053 1530 2167 1562 esse
2203 1509 2398 1562 iudice-

199 1580 345 1640 'must
376 1587 503 1639 sicut
545 1586 696 1653 enim,
733 1605 847 1636 cum
886 1582 1106 1651 primurn
1147 1592 1223 1633 est
1260 1580 1440 1649 religio
1481 1579 1756 1632 christiana
1795 1581 2074 1633 constituta
2107 1602 2206 1650 per
2235 1581 2398 1634 admi-

212 1659 368 1711 rabile
399 1657 516 1710 fidei
546 1657 714 1708 lumen
737 1675 837 1707 nen
854 1653 1285 1722 persuasibilibus
1316 1652 1584 1704 humanae
1613 1653 1903 1720 sapientiae
1928 1653 2098 1704 verbis
2134 1652 2397 1722 diffusum,

209 1730 307 1781 sed
335 1730 390 1780 in
426 1728 704 1780 ostensione
738 1727 952 1794 spiritus
988 1734 1037 1776 et
1073 1725 1282 1776 virtutis
1320 1723 1385 1793 (I.
1410 1723 1534 1777 Cor.
1554 1723 1615 1792 II,
1637 1727 1712 1793 4),
1736 1723 1850 1776 orbi
1891 1735 2142 1776 terrarum
2183 1724 2401 1794 contigit

210 1811 263 1851 ut
298 1799 587 1867 primaevae
627 1797 854 1866 dignitati
890 1796 1257 1863 restitueretur,
1288 1795 1356 1847 ita
1395 1795 1548 1847 etiam
1579 1795 1628 1847 in
1663 1815 1913 1864 praesens
1952 1796 2019 1848 ab
2052 1795 2398 1865 omnipotenti

209 1870 527 1939 potissimum
564 1869 745 1920 virtute
786 1880 834 1920 et
870 1868 1054 1919 auxilio
1092 1867 1196 1919 Dei
1238 1866 1622 1936 expectandum
1652 1878 1743 1935 est,
1771 1878 1826 1919 ut
1850 1867 2143 1920 mortalium
2172 1879 2397 1937 mentes,

209 1941 416 1993 sublatis
439 1960 664 1992 errorum
695 1939 936 2007 tenebris,
968 1938 1279 2007 resipiscant.
1320 1938 1431 1991 Sed
1472 1959 1644 2007 neque
1684 1939 2012 2008 spernenda,
2047 1959 2150 1992 neu
2184 1939 2398 2009 postha-

210 2011 380 2064 benda
417 2022 532 2063 sunt
568 2011 809 2063 naturalia
845 2010 1152 2079 adiumenta,
1184 2030 1318 2078 quae
1355 2010 1563 2063 divinae
1588 2010 1872 2080 sapientiae
1895 2010 2180 2080 beneficio,
2202 2010 2400 2065 fortiter

208 2082 529 2150 suaviterque
569 2082 737 2134 omnia
775 2082 1108 2151 disponentis,
1149 2082 1418 2134 hominurn
1448 2082 1628 2151 generi
1668 2093 1978 2152 suppetunt3
2019 2082 2212 2151 quibus
2232 2082 2285 2136 in
2304 2082 2396 2136 ad-

207 2153 439 2205 iumentis
478 2164 670 2205 rectum
713 2153 1068 2222 philosophiae
1115 2174 1265 2206 usum
1306 2164 1515 2224 constat
1547 2174 1662 2206 esse
1696 2154 2051 2223 praecipuum.
2091 2154 2218 2206 Non
2258 2153 2399 2208 enim

206 2224 384 2276 frustra
421 2224 624 2276 rationis
663 2224 833 2276 lumen
873 2225 1123 2277 humanae
1163 2225 1321 2277 menti
1360 2225 1512 2277 Deus
1551 2225 1788 2293 inseruit;
1819 2237 1870 2278 et
1908 2236 2106 2278 tantum
2145 2226 2311 2295 abest,
2342 2237 2400 2279 ut

207 2294 534 2362 superaddita
562 2295 681 2347 fidei
721 2295 805 2347 lux
834 2296 1193 2365 intelligentiae
1233 2296 1474 2349 virtutem
1497 2297 1763 2366 extinguat
1790 2308 1879 2349 aut
1906 2297 2189 2366 imminuat,
2220 2308 2277 2350 ut
2299 2317 2396 2367 po-

207 2365 302 2417 tius
340 2365 589 2434 perficiat,
627 2367 890 2435 auctisque
928 2367 1147 2436 viribus,
1188 2368 1415 2420 habilem
1453 2368 1521 2420 ad
1568 2369 1765 2421 maiora
1803 2368 2272 2438 reddat—Igitur
2299 2389 2396 2439 po-

207 2436 355 2487 stulat
391 2436 547 2504 ipsius
586 2437 787 2489 divinae
824 2438 1185 2492 Providentiae
1227 2440 1377 2508 ratiO,
1410 2450 1465 2493 ut
1503 2439 1552 2492 in
1584 2440 1896 2492 revocandis
1935 2440 2003 2493 ad
2037 2440 2199 2493 fidem
2239 2451 2290 2493 et
2326 2440 2396 2493 ad

208 2506 419 2558 salutem
457 2507 660 2575 populis
700 2508 848 2561 etiarn
869 2510 934 2561 ab
956 2511 1178 2563 humana
1212 2511 1425 2564 scientia
1454 2511 1773 2580 praesidium
1803 2523 2103 2580 quaeratur:
2132 2532 2291 2580 quam
2322 2511 2396 2564 in-

209 2577 474 2644 dustriam,
513 2579 836 2646 probabilem
874 2601 933 2632 ac
971 2582 1280 2651 sapientem,
1310 2583 1358 2635 in
1400 2603 1546 2635 more
1586 2583 1810 2652 positam
1850 2583 2006 2636 fuisse
2046 2583 2394 2652 praeclarissi-

209 2667 409 2699 morum
446 2648 709 2702 Ecclesiae
735 2651 956 2721 Patrum,
986 2654 1293 2722 antiquitatis
1316 2666 1654 2707 monumenta
1692 2666 1953 2707 testantur.
1985 2654 2059 2707 Illi
2090 2654 2286 2708 scilicet
2305 2675 2394 2708 ne-

211 2738 310 2786 que
348 2739 552 2788 paucas,
591 2741 759 2789 neque
798 2734 976 2775 tenues
1015 2725 1193 2778 rationi
1232 2738 1405 2795 partes
1445 2726 1570 2779 dare
1610 2737 2011 2795 consueverunt,
2051 2746 2183 2794 quas
2210 2746 2395 2780 omnes

211 2789 527 2856 perbreviter
565 2793 863 2861 complexus
903 2806 979 2847 est
1024 2816 1241 2865 magnus
1280 2798 1638 2867 Augustinus,
1668 2798 1792 2851 huie
1828 2798 2074 2850 scientiae
2112 2798 2393 2851 tribuens...

211 2859 350 2912 illud
369 2881 465 2928 quo
477 2862 619 2930 fides
654 2864 1041 2919 saluberrima...
1069 2870 1324 2938 gignitur,
1356 2871 1605 2939 nutritur,
1627 2869 1942 2939 dmndz‘tur,
1965 2869 2244 2922 roboratur
2269 2869 2393 2940 (De

212 2930 387 2983 Trinit.
410 2932 478 2984 lib
500 2933 647 3002 XIV,
669 2955 707 2986 c.
739 2938 813 3005 1.).

316 3002 404 3054 Ac
442 3004 607 3071 primo
647 3005 856 3073 quidem
894 3009 1236 3080 philosophia,
1275 3012 1316 3064 si
1355 3012 1841 3082 riteasapientibus
1880 3023 2173 3082 usurpetur,
2214 3012 2309 3065 iter
2327 3012 2396 3066 ad

213 3091 386 3124 veram
413 3073 580 3152 ’fidem
619 3077 1009 3144 quodammodo
1048 3092 1274 3135 sternere
1306 3095 1356 3136 et
1380 3084 1579 3137 munire
1618 3085 1770 3153 valet,
1810 3104 2132 3152 suorumque
2161 3084 2396 3137 alumno-

214 3162 325 3194 rum
345 3163 540 3197 an1mos
564 3147 630 3198 ad
651 3149 1014 3203 revelationem
1035 3153 1417 3222 suscipiendam
1449 3156 1821 3209 convenienter
1847 3175 2183 3225 praeparare:
2215 3175 2396 3225 quam·

216 3212 396 3265 obrem
433 3235 463 3266 a
499 3218 758 3271 veteribus
779 3221 938 3273 modo
958 3226 1229 3290 praeviam
1267 3227 1345 3279 ad
1375 3227 1720 3281 clim'stz‘anam
1731 3227 1901 3297 fidem
1921 3228 2179 3280 institutio
2199 3227 2394 3298 (Clem.

214 3283 486 3366 Alexand,
507 3286 691 3341 Strom.
713 3290 795 3343 lib.
817 3291 854 3359 I,
876 3313 915 3345 c.
945 3300 1028 3361 163
1049 3294 1131 3347 lib.
1154 3296 1269 3365 VII,
1292 3318 1331 3349 c.
1357 3302 1427 3369 3),
1451 3299 1614 3352 modo
1649 3299 2034 3352 climstianismi
2054 3298 2396 3368 praeludium

215 3362 264 3405 et
297 3356 553 3410 auxilium
585 3359 759 3430 (Orig.
782 3363 847 3415 ad
871 3363 1089 3434 Gregor.
1111 3366 1374 3439 Thaum.),
1396 3370 1557 3423 modo
1587 3371 1666 3424 ad
1678 3371 2034 3440 Evangelium
2053 3370 2397 3440 paedagogus

217 3423 403 3492 (Clem.
434 3427 602 3498 Alex.,
632 3430 818 3510 Suom.
840 3434 876 3503 I,
907 3441 995 3488 e.5
1030 3479 1044 3507 ,
1083 3458 1187 3491 non
1226 3439 1479 3494 immerito
1519 3443 1779 3512 appellata
1818 3454 1907 3496 est.

319 3495 389 3547 Et
407 3517 527 3551 sane
549 3500 944 3581 benignissimus
1042 3529 1147 3578 euS,
1187 3510 1238 3562 in
1273 3531 1336 3563 eo
1359 3513 1504 3580 quod
1543 3514 1767 3583 pertinet
1803 3515 1872 3567 ad
1911 3535 1994 3567 res
2033 3513 2259 3582 divinas,
2289 3532 2396 3566 non

220 3582 304 3616 eas
342 3576 530 3621 tantum
567 3584 802 3628 ventates
840 3576 1028 3630 lumine
1068 3580 1189 3632 fidei
1228 3583 1481 3652 patefecit,
1522 3586 1713 3653 quibus
1752 3585 2066 3656 attingendis
2099 3585 2266 3654 impar
2303 3584 2396 3637 hu-
