2788 4204
331 236 407 271 244
916 223 1301 261 POSTERIORUM
1329 223 1760 262 ANALYTICORUM
1788 226 1881 262 ΜΒ.
1914 228 1927 263 1

384 304 415 340 5.
446 303 595 340 Deinde
616 315 703 339 cum
724 302 827 339 dicit:
857 303 960 339 Sicut
977 308 1102 339 autem
1121 313 1199 337 esse
1218 309 1302 348 etc.,
1324 301 1391 338 do-

327 363 386 392 cet
414 356 612 404 quomodo
640 356 849 404 propositio
879 355 1053 402 negativa
1080 354 1200 402 possit
1220 366 1302 390 esse
1321 354 1391 390 irn-

1447 302 1532 339 terit
1560 303 1665 351 quod
1684 305 1719 340 A
1739 304 1786 340 sit
1803 304 1843 341 in
1868 306 1972 342 nullo
1992 307 2036 343 B.
2058 307 2108 343 Ut
2135 307 2182 343 sit
2200 309 2235 344 A
2255 308 2276 329 *
2295 309 2515 357 substantia,
2545 322 2553 330 ·
2569 322 2690 352 alneum:
2706 325 2762 344 ut..

2543 347 2562 368 A
2578 349 2618 368 stt.

1446 356 1477 391 B
1498 355 1608 403 linea,
1625 357 1659 393 D
1676 357 1880 405 quantitas;
1903 366 1940 395 et
1957 359 2024 396 fiat
2039 361 2057 379 ³⁹
2074 360 2315 408 syllogismus
2333 362 2373 398 in
2390 362 2517 410 prima
2543 374 2552 384 ·
2567 379 2595 395 o:
2612 376 2635 395 et
2648 375 2733 402 sistat-

84 474 225 501 Codd.,exc.
235 480 257 501 p.
267 480 298 495 m.

86 506 161 521 ›c-r:
173 501 276 522 omneA.
288 512 298 516 -

85 527 122 549 Cf.
132 531 187 548 text.

87 688 95 694 ¹
111 691 139 706 n:
155 685 194 706 sit.

86 714 105 721 '¹
120 718 148 733 a:
165 714 194 733 et.

84 797 93 804 '¹
109 801 144 816 ot:
158 795 281 822 probatur.

79 1007 89 1016 ¹⁸
104 1006 142 1027 Sit
155 1011 202 1026 om.
213 1011 256 1026 an
271 1008 293 1026 et

79 1038 174 1080 Βιῗίἱιῗιῖ
186 1058 208 1079 8.

79 1165 90 1175 ⁴*
105 1164 175 1185 Num.
186 1168 234 1190 seq.

79 1214 87 1222 ¹
95 1212 174 1233 Primo
182 1217 229 1233 om.
237 1216 290 1231 aaa.

78 1325 86 1332 ¹
97 1330 139 1344 aaa
149 1330 153 1343 ε
183 1322 292 1343 extremi-

75 1431 85 1441 “
93 1428 167 1452 Codd.
176 1434 224 1449 exc.
235 1434 271 1448 EG.
279 1439 289 1443 -

74 1462 101 1477 p:
111 1461 201 1483 genere
211 1454 290 1476 diver-

73 1593 85 1603 *
96 1591 170 1613 Codd.
178 1597 226 1611 -Ρε
242 1589 288 1611 sci-

75 1619 188 1665 reest.
209 1655 224 1658 -

74 1672 174 1719 lncssad.
189 1708 205 1711 -
221 1702 247 1717 p:
271 1695 290 1716 c

74 1726 159 1745 aulem

73 1752 84 1762 ⁴⁵
94 1750 161 1772 Enim
172 1756 199 1771 ex
210 1748 288 1771 codd..

74 1783 181 1836 fgoci‘d„
191 1810 224 1824 pa:
234 1802 284 1824 nul-

72 1831 163 1878 {¹727ss
178 1863 205 1878 ex
217 1856 285 1877 codd.

71 2017 82 2027 ⁴
93 2023 106 2037 L
117 2022 222 2037 erronee:
234 2021 284 2036 ma-

70 2043 158 2067 1'or,·o:
175 2043 199 2063 si
209 2042 286 2063 minor

71 2069 217 2090 extremitas.

327 409 502 446 mediata.
524 410 572 445 Et
592 408 689 445 circa
716 409 790 444 hoc
819 408 895 445 duo
925 408 1021 444 facit.
1043 406 1190 451 Primo,
1211 407 1391 455 proponit

326 462 523 509 intentum,
546 461 673 498 dicens
694 461 798 509 quod
817 461 911 497 sicut
930 460 1113 508 contingit
1127 459 1284 496 A*esse
1298 460 1335 496 in
1354 462 1391 496 B

326 515 611 559 individualiter,
641 514 736 550 idest
763 513 1002 558 immediate,
1032 513 1085 548 sic
1112 518 1149 548 et
1175 513 1390 550 conceditur

326 580 400 605 non
429 579 521 612 esse,
555 567 651 603 idest
677 566 727 602 ita
763 573 888 614 potest
916 565 1074 602 concedi
1108 565 1214 614 quod
1246 578 1388 614 propo-

325 621 408 658 sitio
437 620 650 667 significans
678 620 712 654 A
741 630 815 654 non
849 630 926 655 esse
953 618 992 654 in
1020 619 1051 654 B
1080 618 1126 654 sit
1153 618 1386 656 immediata.

324 674 435 711 Unde
456 672 618 721 exponit,
641 671 732 719 quid
753 679 807 708 est
829 672 848 692 *
867 671 1143 708 individualiter
1162 683 1240 707 esse
1257 673 1320 708 vel
1345 673 1387 694 *²¹*

323 739 397 763 non
418 738 505 770 esse,
535 724 673 761 scilicet
692 724 847 773 quando
877 724 1106 761 affirmativa
1123 725 1187 761 vel
1211 725 1388 772 negativa

322 791 400 816 non
427 779 542 815 habet
569 777 741 814 medium
769 790 838 826 per
867 778 972 826 quod
999 778 1184 826 probetur
1202 778 1232 814 *.

376 833 410 868 6.
442 830 637 876 Secundo;
658 830 725 867 ibi:
752 832 847 867 Cum
868 831 984 880 igitur
1002 832 1117 867 autA
1132 831 1280 878 quidem
1301 839 1384 878 etc.,

322 884 535 921 manifestat
567 884 820 932 propositum.
857 885 905 921 Et
933 884 1031 921 circa
1065 885 1140 920 hoc
1174 884 1251 921 duo
1282 885 1384 922 facit:

319 938 460 986 primo,
492 937 655 974 ostendit
683 938 882 986 quomodo
906 937 1116 986 propositio
1145 937 1321 985 negativa
1341 939 1387 975 sit

320 990 502 1036 mediata;
532 990 713 1037 secundo,
736 991 935 1040 quomodo
956 991 1034 1028 sit*
1048 991 1286 1038 immediata;
1316 991 1384 1029 ibi:

319 1044 361 1079 Si
385 1055 476 1081 vero
506 1050 679 1081 neutrum
701 1045 721 1066 '¹‘
750 1052 818 1081 etc.
841 1045 951 1081 Circa
973 1044 1143 1093 primurn
1173 1044 1250 1081 duo
1280 1045 1383 1083 facit:

317 1097 455 1145 primo,
486 1097 700 1134 manifestat
727 1099 985 1147 propositum3
1016 1098 1199 1144 secundo,
1222 1099 1386 1136 ostendit

319 1150 517 1199 quoddam
545 1150 651 1199 quod
679 1159 952 1200 supposuerat;
982 1151 1051 1188 ibi:
1082 1152 1102 1172 ’¹‘
1123 1152 1233 1193 Quod
1258 1158 1384 1189 autem

318 1204 501 1254 contingit
516 1206 551 1240 B
570 1216 644 1241 non
664 1217 742 1241 esse
761 1212 863 1242 etc.-
879 1205 979 1242 Dicit
992 1217 1082 1252 ergo
1101 1205 1227 1253 primo
1244 1206 1264 1226 *²
1279 1206 1385 1254 quod

319 1269 407 1293 cum
427 1259 479 1305 A,
509 1258 605 1295 idest
624 1258 748 1295 maior
766 1259 962 1305 terminus,
983 1265 1048 1294 aut
1066 1259 1114 1304 B,
1144 1258 1242 1295 idest
1260 1260 1386 1296 minor

318 1311 502 1348 terminus
516 1311 547 1357 ³³²,
578 1319 664 1347 sunt
683 1311 720 1347 in
741 1312 910 1360 quodam
939 1319 1035 1357 toto,
1058 1311 1153 1347 sicut
1172 1312 1317 1360 species
1346 1313 1384 1350 in

318 1376 477 1411 genere,
513 1372 577 1401 aut
606 1364 719 1400 etiam
749 1366 864 1401 ambo
894 1372 981 1401 sunt
1015 1365 1085 1401 sub
1115 1364 1241 1413 aliquo
1270 1378 1384 1413 gene-

318 1430 358 1454 re
378 1418 416 1464 *,
447 1431 525 1455 non
550 1417 730 1465 contingit
757 1419 791 1454 A
819 1431 898 1455 non
927 1430 1009 1455 esse
1038 1417 1076 1454 in
1105 1418 1135 1453 B
1154 1418 1298 1466 primo,
1329 1419 1383 1456 id—

318 1479 374 1507 est
402 1484 480 1508 non
510 1471 689 1519 contingit
717 1471 822 1519 quod
849 1473 945 1509 haec
973 1470 1206 1519 propositio,
1237 1472 1381 1509 nullum

316 1526 352 1560 B
369 1530 424 1561 est
439 1525 492 1571 A,
523 1525 568 1562 sit
587 1524 819 1562 immediata.
849 1526 899 1562 Et
920 1524 1046 1573 primo
1073 1524 1287 1561 manifestat
1310 1526 1385 1563 hoc

317 1579 471 1626 quando
491 1579 526 1614 A
553 1586 608 1615 est
626 1579 646 1599 *
669 1578 707 1614 in
727 1578 897 1626 quodam
925 1585 1005 1614 toto
1022 1607 1030 1624 ,
1061 1577 1201 1614 scilicet
1220 1579 1251 1615 C
1267 1579 1330 1625 ”;
1351 1580 1382 1616 B

316 1639 444 1668 autem
460 1631 498 1667 in
517 1632 638 1677 nullo;
654 1638 695 1667 ut
708 1638 811 1679 puta,
832 1631 862 1669 si
877 1633 911 1668 A
927 1631 973 1669 sit
990 1632 1115 1677 homo,
1133 1632 1164 1668 C
1183 1632 1202 1653 *
1215 1632 1383 1669 substan-

315 1685 384 1731 tia,
405 1686 436 1721 Β
465 1685 673 1733 quantitas:
701 1692 827 1734 potest
860 1685 962 1722 enim
982 1686 1002 1704 ⁴*
1031 1685 1272 1733 syllogismus
1300 1686 1383 1723 fieri

315 1737 363 1774 ad
382 1738 628 1787 probandum
649 1739 754 1787 quod
769 1739 804 1775 A
823 1738 914 1775 nulli
934 1739 964 1775 B
984 1738 1070 1775 insit
1088 1750 1157 1787 per
1175 1739 1261 1785 hoc,
1279 1739 1384 1788 quod

315 1792 346 1828 C
377 1791 482 1828 omni
511 1794 545 1828 A
574 1793 689 1839 inest,
720 1794 750 1829 Β
780 1800 908 1829 autem
938 1792 1080 1837 nulli*;
1109 1799 1152 1828 ut
1175 1793 1205 1829 si
1225 1792 1292 1829 fiat
1310 1794 1382 1841 syl-

313 1845 496 1893 logismus
525 1846 564 1882 in
592 1846 761 1884 secunda
788 1846 926 1894 figura,
952 1845 1033 1882 talis
1051 1846 1087 1882 *z
1118 1846 1247 1884 Omnis
1269 1847 1382 1883 homo

313 1905 367 1936 est
382 1900 610 1946 substantia,·
638 1900 742 1937 nulla
761 1900 948 1948 quantitas
967 1905 1022 1936 est
1036 1900 1242 1937 substantia
1252 1913 1265 1943 ,·
1287 1911 1381 1949 ergo

314 1952 416 1990 nulla
446 1955 631 2001 quantitas
651 1960 705 1991 est
721 1955 881 1992 Immo.-
902 1955 952 1991 Et
979 1953 1149 1990 similiter
1177 1960 1243 2000 est,
1274 1953 1304 1990 si
1332 1955 1380 2000 B,

313 2007 410 2043 idest
437 2007 563 2043 minor
581 2009 601 2028 ⁴
621 2008 817 2055 terminus,
839 2007 885 2045 sit
903 2007 941 2044 in
970 2007 1141 2056 quodam
1170 2014 1262 2053 toto,
1283 2013 1325 2043 ut
1343 2006 1381 2043 in

312 2061 364 2108 D,
386 2062 420 2097 A
440 2068 568 2098 autem
589 2073 668 2098 non
688 2061 733 2098 sit
752 2061 790 2098 in
810 2061 937 2110 aliquo
959 2068 1058 2106 toto;
1081 2060 1293 2109 syllogizari
1312 2072 1381 2109 po-

311 2232 392 2264 figura
412 2230 513 2255 medius
532 2229 661 2254 terminus
679 2230 705 2254 in
725 2229 813 2254 maieri
833 2234 872 2254 cst
891 2229 955 2254 infra
973 2229 1191 2254 universalitatem
1207 2229 1318 2255 maioris
1332 2236 1381 2254 ex-

313 2267 398 2295 tremi,
414 2271 439 2290 et
453 2266 477 2290 in
493 2265 586 2290 minori
601 2270 641 2289 est
655 2273 734 2298 supra
752 2264 970 2290 universalitatem
985 2265 1096 2290 minoris
1114 2265 1239 2290 extremi.
1258 2265 1305 2290 Est
1319 2273 1381 2298 ergo

312 2310 401 2328 revera
416 2302 486 2326 inter
499 2306 619 2325 extrema.
629 2315 649 2319 —
661 2301 711 2325 Sed
726 2301 751 2325 in
766 2300 879 2325 secunda
897 2299 978 2331 figura
997 2306 1037 2325 est
1055 2304 1137 2326 extra
1156 2308 1203 2325 seu
1221 2308 1304 2333 supra
1322 2301 1380 2326 uni-

311 2338 483 2363 versalitatem
497 2336 632 2369 utriusque
644 2336 758 2366 extremi,
769 2336 829 2368 quia
842 2336 977 2368 utriusque
989 2341 1028 2360 est
1040 2336 1223 2369 praedicatum.
1233 2351 1253 2356 -
1262 2337 1381 2369 Denique

313 2374 338 2398 in
357 2373 429 2397 tertia
441 2371 522 2404 figura
537 2377 576 2396 est
590 2372 735 2396 subiectum
752 2371 887 2404 utriusque
905 2371 1019 2402 extremi,
1035 2376 1060 2396 et
1078 2372 1136 2396 ideo
1155 2371 1228 2406 insra
1245 2372 1381 2405 utriusque

313 2409 418 2434 extremi
437 2407 663 2432 universalitatem.

367 2445 407 2468 Ad
426 2443 568 2476 pleniorem
584 2447 671 2473 autem
684 2442 760 2467 huius
775 2442 865 2467 tertiae
878 2442 983 2467 rationis
999 2443 1201 2475 intelligentiam,
1214 2444 1380 2476 praemitten-

313 2480 375 2504 dum
387 2485 426 2503 est
440 2478 554 2503 medium
569 2478 595 2502 in
605 2478 763 2510 syllogismis
778 2477 986 2503 demonstrativis
1006 2486 1020 2502 a
1034 2478 1111 2510 priori
1126 2486 1185 2503 esse
1200 2487 1306 2504 causam
1319 2487 1380 2503 con-

314 2515 444 2540 clusionis,
468 2514 506 2538 Ex
525 2521 556 2538 eo
575 2514 644 2538 enim
662 2513 702 2537 bis
728 2518 862 2545 assumpto
888 2514 1079 2538 constituuntur
1103 2515 1262 2546 praemissae
1285 2522 1381 2547 propo-

313 2551 433 2579 sitiones,
459 2556 526 2582 quae
545 2549 577 2573 ad
596 2548 790 2573 conclusionem
815 2556 843 2574 se
866 2548 962 2573 habent
981 2549 1047 2573 sicut
1071 2557 1164 2574 causae
1190 2549 1329 2575 efficientes
1349 2550 1380 2574 ad

314 2586 432 2611 effectum
448 2582 498 2620 (Cf.
514 2585 572 2609 lect.
584 2591 626 2614 111,
645 2592 670 2608 n.
685 2584 717 2616 1).
733 2584 810 2614 Quod
828 2584 994 2616 potissimum
1013 2584 1038 2608 in
1057 2585 1215 2617 syllogismis
1234 2585 1332 2617 primae
1350 2584 1380 2610 fi-

313 2628 393 2654 gurae
406 2619 559 2650 verificatur,
569 2625 598 2644 ut
612 2627 697 2651 supra,
712 2624 764 2644 not.
781 2618 795 2652 β
808 2620 961 2652 explicatum
975 2624 1023 2644 est.
1043 2620 1177 2645 Praeterea
1191 2620 1326 2653 proprium
1340 2626 1381 2646 est

313 2657 339 2681 in
358 2656 429 2681 hisce
447 2655 606 2688 syllogismis
626 2655 834 2679 demonstrativis
853 2659 881 2679 ut
899 2654 1053 2686 procedatur
1067 2655 1098 2679 ab
1118 2655 1158 2679 his
1173 2663 1240 2688 quae
1259 2661 1320 2680 sunt
1334 2663 1381 2688 per

313 2699 343 2716 se
362 2696 387 2716 et
401 2691 548 2716 immediata
567 2690 616 2722 (Cf.
628 2690 685 2715 lect.
696 2697 722 2714 ιν
738 2695 763 2715 et
774 2687 841 2724 xiv);
861 2695 886 2714 et
900 2695 1090 2722 consequenter
1104 2690 1162 2715 ideo
1176 2691 1201 2715 in
1215 2691 1381 2716 conclusione

313 2727 399 2759 passio
418 2725 558 2751 affirmatur
576 2733 623 2758 per
641 2733 670 2750 se
690 2726 722 2750 de
740 2725 870 2755 subiecto,
890 2725 951 2757 quia
969 2725 1024 2757 ipsa
1038 2724 1163 2751 affirmata
1185 2734 1232 2758 per
1247 2734 1275 2751 se
1290 2731 1330 2751 est
1349 2727 1381 2751 de

313 2763 399 2787 medio
409 2763 433 2786 in
444 2761 602 2794 praemissis.
613 2761 726 2786 Ponatur
741 2768 803 2793 ergo
816 2760 887 2793 quod
901 2761 1016 2784 medium
1031 2761 1051 2785 C
1066 2760 1106 2792 (in
1121 2762 1205 2793 primo
1215 2762 1380 2794 syllogismo)

313 2797 415 2822 nonnisi
437 2797 547 2822 mediate
570 2797 602 2821 sit
625 2803 702 2821 causa
725 2797 852 2828 passionis
876 2795 920 2827 (A)
940 2795 1046 2820 subiecti
1072 2795 1114 2828 (E)
1140 2797 1324 2828 conclusionis;
1351 2805 1381 2822 ex

256 2828 260 2831 ⁵
313 2833 482 2865 consequenti
496 2832 605 2857 habetur
614 2832 686 2864 quod
697 2839 748 2855 non
758 2832 903 2864 assignetur
917 2836 1022 2871 propter
1032 2831 1094 2864 quid
1108 2831 1286 2857 immediatum
1300 2833 1380 2864 ipsius

313 2868 484 2893 conclusionis
500 2867 533 2899 (Α
554 2868 579 2892 in
594 2867 635 2899 E),
655 2872 680 2891 et
699 2872 780 2891 restat
797 2867 926 2899 inquirere
945 2875 974 2891 το
985 2869 1100 2898 propter
1119 2867 1184 2899 quid
1203 2868 1380 2892 immediatum

313 2904 407 2929 faciens
422 2904 487 2928 scire
497 2903 689 2927 conclusionem
704 2903 796 2935 ipsam.
815 2902 921 2934 Optime
936 2909 998 2934 ergo
1013 2901 1104 2926 dicitur
1123 2909 1137 2926 a
1156 2910 1178 2927 s.
1189 2902 1299 2934 Thoma,
1310 2903 1380 2936 quod

312 2944 414 2971 oportet
433 2939 463 2963 ad
479 2938 619 2970 perfectam
635 2938 767 2963 scientiam
782 2938 941 2968 habendam,
960 2937 1031 2970 quod
1046 2938 1235 2969 propositiones
1254 2938 1381 2963 mediatae

313 2975 440 3007 (quarum
465 2982 558 3006 nempe
584 2974 758 3006 praedicatum
778 2981 831 2998 non
856 2978 895 2997 est
914 2973 946 2998 de
970 2973 1068 2997 ratione
1087 2973 1224 3006 subiecti),
1250 2982 1317 3006 quae
1337 2982 1381 2999 su-

312 3015 418 3034 muntur
435 3010 461 3034 in
480 3009 752 3039 demonstrationibus,
766 3009 920 3034 reducantur
939 3009 971 3033 ad
990 3008 1160 3033 immediatas.
1181 3008 1321 3039 Quomodo
1340 3017 1380 3034 re-

313 3043 456 3070 ducuntur?
481 3044 627 3069 Densando
647 3050 672 3069 et
695 3044 896 3077 augmentando
919 3044 1036 3068 media.—
1049 3044 1195 3069 Densando
1219 3045 1312 3075 media,
1331 3044 1381 3070 hoc

313 3086 360 3110 est,
376 3080 563 3112 interponendo
576 3080 625 3104 alia
639 3080 722 3104 media
738 3080 803 3104 inter
822 3079 936 3104 medium
952 3084 977 3104 et
991 3084 1104 3104 extrema
1122 3079 1215 3112 prioris
1235 3080 1379 3113 syllogismi

313 3115 415 3140 mediati
431 3123 569 3148 quousque
588 3115 619 3139 ad
633 3115 780 3140 immediata
798 3114 987 3147 perveniamus,
1004 3122 1071 3147 quae
1090 3115 1250 3147 interpositio
1265 3120 1290 3140 et
1304 3120 1381 3147 auget

313 3151 404 3180 media,
420 3156 447 3175 ut
461 3155 538 3182 patet,
558 3155 583 3174 et
601 3150 796 3182 quodammodo
816 3151 968 3181 condensat,
988 3155 1016 3174 ut
1035 3150 1100 3175 inter
1118 3157 1147 3174 se
1166 3151 1271 3176 demum
1291 3151 1316 3176 in
1335 3151 1380 3176 ali-

313 3194 365 3218 qua
384 3186 531 3210 immediata
555 3186 729 3218 propositione
748 3186 900 3217 copulentur
919 3186 1003 3210 media
1022 3186 1077 3217 ipsa
1096 3191 1122 3211 et
1140 3192 1261 3211 extrema.
1274 3199 1293 3205 —-
1306 3187 1380 3219 Aug-

313 3221 464 3250 mentando,
485 3221 597 3253 quando,
617 3221 674 3246 data
694 3221 785 3245 minori
801 3221 960 3251 immediata,
981 3221 1095 3246 medium
1111 3225 1151 3247 est
1165 3222 1308 3247 mediatum
1324 3229 1380 3247 ma·-

314 3256 372 3286 iori,
389 3264 454 3289 quae
473 3257 531 3281 ideo
545 3261 586 3281 est
598 3257 741 3289 propositio
761 3256 879 3281 mediata.
889 3257 963 3281 Tunc
978 3256 1047 3281 enim
1066 3262 1168 3289 oportet
1193 3258 1308 3290 accipere
1332 3257 1380 3282 alia

313 3292 396 3316 media
415 3299 493 3324 supra
508 3292 622 3316 medium
647 3297 794 3324 acceptum,
814 3291 863 3316 hoc
878 3297 918 3316 est
937 3292 1019 3324 magis
1034 3293 1195 3323 universalia,
1211 3293 1305 3325 quibus
1320 3301 1379 3325 pro-

313 3326 387 3351 betur
406 3327 579 3359 praedicatum
594 3327 698 3352 maioris
713 3335 803 3352 revera
817 3328 954 3352 convenire
969 3327 1092 3358 subiecto,
1111 3333 1140 3353 ut
1152 3329 1265 3360 primum
1280 3336 1380 3353 assere-

313 3361 387 3386 batur
405 3363 430 3386 in
450 3363 538 3386 maiori
558 3363 732 3395 propositione
749 3363 867 3387 mediata.
883 3363 920 3387 Sit
935 3371 957 3387 e.
968 3371 993 3396 g.
1008 3371 1122 3396 sequens
1141 3364 1325 3396 syllogismus:

353 3414 448 3439 Omnes
462 3415 507 3446 qui
520 3415 624 3440 ratione
633 3415 776 3446 potiuntur
789 3418 875 3448 agunt
887 3423 969 3448 opera
984 3416 1122 3441 meritoria
1136 3417 1177 3442 vel
1192 3417 1382 3446 demeritorie:

350 3450 404 3474 Sed
422 3450 539 3475 homines
557 3450 662 3475 ratione
676 3451 836 3482 potiuntur,-

352 3485 424 3517 Ergo
443 3485 560 3510 homines
579 3489 664 3518 agunt
682 3493 764 3517 opera
783 3486 922 3511 meritoria
941 3486 982 3511 vel
1000 3486 1182 3512 demeritoria.

314 3534 396 3558 Minor
415 3535 557 3568 syllogismi
582 3542 621 3561 est
639 3537 800 3568 immediata3
820 3538 866 3562 sed
885 3546 937 3562 non
957 3542 996 3562 est
1015 3537 1162 3563 immediata
1185 3539 1267 3563 maior
1285 3546 1379 3571 propo-

315 3570 381 3594 sitio.
401 3570 483 3595 Debet
501 3571 576 3603 igitur
595 3572 696 3604 probari
716 3572 748 3596 de
767 3573 852 3596 medio
878 3573 986 3603 (omnes
1012 3573 1058 3602 qui
1076 3573 1182 3598 ratione
1202 3573 1378 3606 potiuntur),

1445 408 1568 455 figura
1596 409 1666 446 sic:
1695 410 1816 447 Nulla
1844 412 2031 459 quantitas
2059 419 2114 449 est
2137 414 2343 451 substantia
2352 428 2366 460 ,·
2394 416 2515 452 omnis

1445 461 1544 498 linea
1559 468 1614 499 est
1625 463 1832 511 quantitas;
1851 476 1944 514 ergo
1964 465 2068 502 nulla
2088 466 2186 503 linea
2206 473 2261 503 est
2275 468 2514 505 substantia.-

1445 514 1598 552 Eodern
1618 523 1747 553 autern
1767 517 1887 554 modo
1914 519 2054 566 poterit
2082 519 2335 557 demonstrari
2361 522 2513 558 conclu-

1444 567 1500 603 sio
1530 569 1721 616 negativa,
1749 569 1779 606 si
1807 578 2012 620 utrumque
2034 572 2054 593 *
2081 572 2127 609 sit
2154 573 2192 609 in
2221 573 2392 622 quodam
2412 581 2512 621 tot03

1443 627 1485 656 ut
1513 621 1578 657 si*
1606 622 1652 659 sit
1678 624 1713 659 A
1741 622 1858 670 linea,
1889 625 1919 660 C
1949 625 2153 673 quantitas,
2180 627 2211 662 Β
2241 627 2397 673 albedo,
2420 634 2457 664 et
2474 628 2510 664 D

1443 674 1620 721 qualitas;
1648 683 1775 724 potest
1803 677 2014 724 syllogizari
2042 678 2080 714 in
2109 679 2278 716 secunda
2306 680 2444 727 figura,
2476 687 2513 716 et

1442 725 1480 763 in
1511 727 1648 775 prima.
1679 730 1722 765 In
1750 729 1918 766 secunda
1952 730 2075 778 figura
2093 731 2113 752 *
2141 732 2215 768 sic:
2250 733 2379 769 Omnis
2413 733 2511 769 linea

1442 785 1496 816 est
1513 782 1719 828 quantitas;
1738 782 1842 818 nulla
1856 783 1988 819 albedo
2004 789 2059 820 est
2070 785 2279 832 quantitas;
2298 797 2392 835 ergo
2407 786 2511 822 nulla

1440 833 1573 870 albedo
1593 840 1648 870 est
1669 834 1778 871 linea.
1802 836 1844 871 In
1862 835 1988 883 prima
2007 836 2130 884 figura
2148 842 2162 860 n
2182 837 2256 874 sic:
2276 838 2397 875 Nulla
2418 850 2509 886 qua-

1441 886 1523 922 litas
1538 892 1593 923 est
1605 887 1704 924 linea
1713 901 1727 931 ,·
1746 888 1867 924 omnis
1881 888 2012 925 albedo
2028 895 2084 926 est
2095 890 2255 938 qualitas
2263 904 2278 935 ;
2296 902 2391 940 ergo
2407 891 2510 929 nulla

1440 939 1572 976 albedo
1601 946 1656 976 est
1681 941 1825 977 linea.-
1841 942 1910 978 Est
1938 949 2067 979 autem
2095 943 2393 991 intelligendum,
2422 956 2510 993 pro-

1438 993 1671 1041 positionem
1686 994 1904 1041 negativam
1925 1007 2009 1032 esse
2024 996 2244 1044 mediatam,
2259 1004 2423 1046 utroque
2438 1005 2510 1035 ter-

1440 1046 1636 1083 minorum
1666 1048 1848 1084 existente
1867 1047 1906 1084 in
1926 1049 2097 1097 quodam
2125 1057 2217 1096 toto,
2248 1063 2327 1087 non
2353 1051 2510 1099 quidem

1439 1099 1478 1135 in
1498 1100 1650 1147 eodem,
1671 1101 1740 1138 sed
1755 1100 1793 1137 in
1810 1100 1979 1138 diversis.
2002 1102 2042 1139 Si
2062 1102 2165 1140 enim
2185 1103 2258 1140 sint
2273 1106 2291 1123 ’
2311 1103 2350 1141 in
2371 1104 2510 1146 eodem

1439 1160 1531 1200 toto,
1554 1153 1622 1190 erit
1639 1154 1659 1175 *
1672 1153 1884 1202 propositio
1904 1154 2138 1203 immediata,
2159 1156 2266 1204 sicut,
2283 1157 2428 1194 nullum
2448 1169 2510 1194 ra-

1439 1206 1577 1243 tionale
1604 1213 1659 1244 est
1685 1207 1916 1253 irrationale,
1945 1209 2008 1245 vel
2036 1209 2181 1246 nullum
2210 1211 2312 1258 bipes
2339 1216 2394 1247 est
2419 1222 2510 1259 qua-

1439 1261 1588 1309 drupes.
1616 1274 1620 1277 ’

1494 1325 1529 1361 7.
1554 1313 1705 1350 Deinde
1722 1326 1811 1350 cum
1828 1313 1931 1351 dicit:
1958 1315 2068 1356 Quod
2084 1321 2209 1352 autem
2230 1316 2414 1366 contingit
2426 1323 2509 1363 etc.,

1439 1366 1656 1403 manifestat
1675 1367 1781 1415 quod
1805 1375 2071 1416 supposuerat,
2093 1368 2233 1405 scilicet
2253 1369 2371 1418 quod,
2393 1369 2510 1405 altero

1440 1427 1698 1456 extremorum
1720 1419 1900 1457 existente
1920 1420 1958 1457 in
1979 1420 2106 1470 aliquo
2126 1429 2219 1468 toto,
2250 1423 2411 1459 alterum
2431 1434 2511 1473 non

1439 1471 1486 1508 sit
1504 1472 1543 1509 in
1559 1472 1710 1519 eodem,
1728 1473 1858 1510 dicens
1874 1474 1980 1522 quod
1999 1475 2246 1511 manifestum
2267 1483 2323 1512 est
2338 1488 2384 1512 ex
2403 1487 2511 1512 coor—

1439 1525 1701 1571 dinationibus,
1718 1525 1858 1562 scilicet
1873 1528 1892 1546 ⁴*
1906 1527 2311 1575 praedicamentorum
2325 1529 2366 1550 *³*
2385 1528 2509 1566 diver-

1439 1591 1583 1625 sorum,
1596 1591 1695 1627 quae
1710 1590 1786 1615 non
1801 1586 2083 1617 commutantur
2101 1581 2153 1618 ad
2170 1582 2342 1630 invicem.
2359 1581 2510 1619 Scilicet

1439 1632 1528 1680 quia
1547 1632 1585 1669 id
1601 1632 1707 1681 quod
1723 1639 1779 1669 est
1792 1631 1831 1668 in
1849 1645 1928 1669 uno
1949 1633 2275 1682 praedicamento,
2297 1646 2376 1671 non
2395 1642 2452 1671 est
2469 1634 2509 1672 in

1438 1686 1568 1732 altero,
1585 1685 1831 1723 manifestum
1847 1693 1904 1722 est
1917 1684 1930 1706 ⁰
1945 1687 2051 1735 quod
2067 1687 2259 1735 contingat
2273 1688 2304 1724 B
2321 1700 2400 1725 non
2421 1700 2506 1726 esse

1438 1738 1476 1775 in
1495 1746 1588 1786 toto,
1618 1738 1657 1775 in
1677 1751 1754 1788 quo
1776 1746 1832 1775 est
1850 1741 1902 1786 A,
1925 1747 1990 1777 aut
2014 1752 2033 1776 e
2055 1753 2258 1788 converso,
2284 1741 2373 1790 quia
2399 1741 2507 1778 vide—

1437 1792 1523 1829 licet
1551 1792 1732 1840 contingit
1762 1805 1885 1829 unum
1917 1793 2170 1830 terminorum
2204 1794 2324 1843 accipi
2356 1794 2394 1831 in
2426 1806 2506 1831 uno

1436 1845 1768 1895 praedicamento,
1802 1845 1841 1882 in
1875 1858 1952 1895 quo
1985 1859 2065 1883 non
2094 1854 2150 1884 est
2178 1847 2283 1885 alius.
2320 1847 2375 1885 Sit
2403 1847 2506 1884 enim

1435 1912 1513 1936 una
1533 1899 1768 1936 coordinatio
1788 1899 2087 1948 praedicamenti
2102 1902 2136 1937 A
2148 1901 2179 1937 C
2191 1902 2238 1948 D,
2250 1908 2343 1950 puta
2356 1900 2506 1950 praedi-

1437 1960 1657 1990 camentum
1673 1953 1915 1999 substantiae;
1928 1961 1965 1990 et
1975 1953 2047 1990 alia
2062 1953 2298 1991 coordinatio
2314 1954 2360 1991 sit
2373 1955 2404 1991 B
2416 1954 2449 1991 E
2461 1954 2504 2000 F,

1435 2013 1528 2055 puta
1546 2006 1902 2055 praedicamentum
1931 2006 2158 2055 quantitatis.
2190 2007 2231 2044 Si
2255 2019 2344 2055 ergo
2365 2007 2386 2028 *
2415 2007 2506 2044 nihil
2531 2013 2543 2025 ⁹

1437 2072 1588 2107 eorum,
1619 2071 1718 2108 quae
1747 2067 1834 2096 sunt
1854 2059 1900 2107 in
1930 2060 2219 2098 coordinatione
2242 2062 2278 2097 A
2294 2061 2324 2098 C
2341 2062 2376 2098 D
2395 2067 2404 2081 ¹
2417 2089 2426 2107 ,
2457 2059 2505 2098 de

1435 2230 1505 2262 quod
1525 2230 1572 2254 sibi
1592 2231 1726 2255 conveniat
1749 2231 1933 2262 praedicatum.
1957 2231 2084 2255 Probatur
2107 2235 2194 2255 autem
2213 2230 2372 2255 assumendo
2391 2230 2505 2256 medium

1435 2266 1538 2298 aliquod
1558 2266 1640 2298 magis
1659 2266 1814 2290 universale.
1833 2267 1910 2291 Puta:

1474 2336 1585 2366 Omnes,
1605 2337 1698 2369 quibus
1718 2337 1886 2369 imputantur
1900 2337 2031 2370 propriae
2049 2337 2176 2366 actiones,
2191 2339 2279 2370 agunt
2297 2343 2379 2369 opera
2398 2337 2506 2363 merito—

1542 2372 1585 2396 ria
1603 2373 1644 2397 vel
1663 2372 1851 2402 demeritoria;

1471 2407 1526 2432 Sed
1539 2408 1675 2437 omnibus,
1696 2408 1742 2440 qui
1756 2408 1862 2433 ratione
1877 2408 2029 2440 potiuntur,
2047 2407 2216 2440 imputantur
2230 2407 2362 2440 propricxe
2375 2408 2507 2437 actionem·

1470 2443 1545 2476 Ergo
1564 2450 1662 2471 omnes,
1682 2444 1728 2476 qui
1746 2443 1851 2469 ratione
1864 2444 2016 2476 potiuntur,
2036 2446 2123 2477 agunt
2141 2450 2225 2475 opera
2243 2443 2384 2468 meritoria
2403 2443 2443 2468 uel
2460 2443 2505 2468 de-

1542 2478 1690 2504 meritoria.

1434 2549 1467 2574 Et
1485 2549 1522 2574 sic
1537 2549 1657 2581 deinceps
1672 2554 1827 2582 augerentur
1842 2549 1933 2578 media,
1949 2549 1970 2573 si
1986 2549 2072 2574 maior
2090 2549 2184 2574 iterum
2202 2554 2273 2574 esset
2287 2548 2427 2581 probanda,
2442 2553 2505 2581 puta

1434 2592 1465 2609 ex
1479 2584 1561 2609 libero
1573 2585 1678 2609 arbitrio
1688 2589 1737 2609 etc.
1747 2585 1826 2617 Atqui
1840 2584 1903 2609 haec
1917 2585 2033 2610 densatio
2050 2590 2076 2609 et
2090 2585 2265 2616 augmentatio
2278 2584 2505 2616 (καταπυκνοῢται

1434 2617 1476 2644 καὶ
1497 2617 1626 2652 αὔξεται),
1645 2619 1748 2652 quoties
1773 2625 1863 2652 agatur
1886 2620 1918 2645 de
1940 2620 2059 2644 mediatis
2083 2619 2241 2644 affirmativis
2267 2624 2293 2643 et
2315 2618 2505 2644 universalibus

1434 2655 1575 2686 assumptis
1595 2655 1620 2679 in
1639 2656 1722 2687 prima
1744 2654 1827 2686 figura
1845 2660 1870 2679 et
1889 2655 2027 2687 probandis
2047 2662 2093 2687 per
2116 2655 2277 2679 immediatas
2303 2654 2503 2686 propositiones,

1435 2690 1536 2714 nonnisi
1555 2690 1580 2714 in
1595 2691 1650 2722 ipsa
1665 2691 1746 2722 prima
1760 2689 1843 2722 figura
1857 2689 1911 2714 fieri
1926 2695 2025 2722 potest:
2044 2691 2129 2723 prima
2142 2690 2211 2714 enim
2230 2689 2326 2723 figura,
2351 2689 2412 2722 quia
2425 2689 2505 2715 habet

1435 2725 1550 2750 medium
1565 2725 1629 2750 inter
1643 2731 1765 2756 extrema,
1776 2731 1861 2757 potest
1876 2726 2029 2750 concludere
2043 2725 2233 2758 propositiones
2249 2724 2422 2755 affirmativas,
2437 2732 2505 2758 quae

1435 2760 1512 2785 simul
1527 2761 1578 2785 sint
1596 2761 1787 2793 propositiones
1800 2761 1968 2785 universales.
1983 2761 2106 2785 Formula
2125 2761 2221 2785 scilicet
2236 2760 2394 2785 reductionis
2409 2761 2441 2785 ad
2455 2761 2506 2785 im—

1434 2796 1545 2820 mediata
1564 2796 1589 2820 in
1608 2795 1745 2828 hypothesi
1764 2802 1852 2820 nostra
1867 2797 1924 2827 erit,
1943 2804 1991 2828 pro
2010 2797 2113 2821 maiori:
2137 2796 2220 2821 Omne
2240 2796 2267 2820 D
2280 2799 2320 2821 est
2332 2797 2372 2823 A:
2390 2803 2468 2821 omne
2484 2796 2508 2821 C

1434 2834 1473 2856 est
1493 2831 1533 2859 D;
1551 2838 1629 2856 omne
1650 2832 1674 2856 C
1689 2834 1729 2856 est
1746 2832 1779 2856 A.
1798 2832 1849 2856 Pro
1871 2832 1964 2856 minori
1989 2837 2090 2856 autem:
2114 2831 2198 2856 Omne
2221 2831 2251 2856 Β
2268 2834 2308 2856 est
2329 2831 2352 2856 C
2356 2838 2364 2860 ,¹
2383 2838 2461 2856 omne
2481 2831 2508 2856 E

1434 2869 1474 2891 est
1488 2866 1525 2896 B,·
1543 2873 1621 2891 omne
1637 2867 1663 2891 E
1673 2870 1712 2892 est
1731 2867 1758 2892 C.
1773 2867 1843 2899 Ergo
1855 2867 1880 2891 in
1895 2867 2083 2892 condensandis
2103 2871 2129 2891 et
2147 2867 2344 2899 augmentandis
2359 2867 2460 2898 mediis,
2475 2871 2507 2892 ut

1434 2902 1582 2926 immediata
1596 2902 1747 2932 habeantur,
1757 2903 1840 2934 prima
1854 2901 1935 2934 figura
1949 2910 2001 2927 non
2015 2903 2111 2935 indiget
2123 2903 2217 2927 aliis.-
2226 2902 2384 2935 Oppositum
2396 2901 2504 2927 omnino

1435 2945 1464 2961 se
1482 2937 1559 2962 habet
1572 2937 1597 2961 in
1612 2937 1667 2962 aliis
1682 2937 1783 2970 figuris,
1803 2938 1905 2970 quoties
1920 2938 2030 2963 occurrit
2044 2938 2190 2962 reducenda
2209 2938 2241 2962 ad
2255 2938 2430 2962 immediatam
2444 2945 2505 2970 pro-

1434 2973 1528 3005 positio
1546 2973 1699 2998 universalis
1718 2972 1877 2998 affirmativa.
1903 2973 1968 2998 Nam
1988 2974 2120 2998 conclusio
2137 2972 2287 2998 affirmativa
2307 2978 2333 2998 et
2350 2973 2505 2998 universalis

1434 3008 1535 3032 nonnisi
1554 3009 1580 3032 in
1598 3009 1681 3040 prima
1699 3007 1781 3041 figura
1795 3007 1850 3033 fieri
1866 3013 1960 3041 potest.
1980 3009 2049 3041 Ergo
2068 3009 2182 3036 secunda
2200 3007 2282 3041 figura
2297 3009 2393 3040 indiget
2411 3008 2503 3041 prima.

1434 3043 1521 3068 Tertia
1540 3048 1626 3068 autem
1646 3042 1727 3076 figura
1746 3044 1875 3068 concludit
1893 3044 2091 3076 particulariter;
2118 3051 2181 3076 ergo
2199 3045 2221 3069 si
2240 3044 2383 3076 propositio
2402 3044 2504 3069 univer-

1434 3079 1496 3103 salis
1515 3078 1666 3103 affirmativa
1685 3079 1796 3104 mediata
1814 3085 1962 3104 assumatur
1981 3080 2006 3104 in
2026 3079 2192 3112 praemissis,
2211 3080 2313 3104 nonnisi
2332 3087 2379 3112 per
2392 3079 2504 3112 primam

1433 3113 1543 3147 figuram
1562 3114 1664 3147 probari
1684 3119 1777 3147 potest.

1487 3149 1514 3184 η)
1535 3150 1565 3174 In
1579 3150 1672 3182 prima
1683 3150 1780 3183 figura
1799 3151 1933 3175 ete—Hoc
1952 3151 2101 3183 exemplum
2115 3150 2141 3175 in
2159 3150 2243 3184 prima
2261 3149 2343 3182 figura
2356 3149 2429 3183 quod
2443 3157 2504 3174 cum

1434 3185 1508 3211 codd.
1522 3185 1601 3210 refert
1614 3185 1691 3210 editio
1711 3185 1796 3216 Pinna,
1811 3186 1950 3211 oscitanter
1966 3186 2060 3211 omittit
2078 3186 2243 3211 amanuensis
2257 3186 2313 3210 cod.
2328 3185 2505 3210 B.-Codices

1434 3225 1520 3245 tamen
1539 3220 1661 3245 omittunt
1679 3221 1781 3254 figura.
1795 3234 1815 3240 —-
1828 3222 1911 3253 Supra
1928 3229 1991 3246 vero
2011 3222 2085 3246 codd.
2105 3221 2394 3251 CEGHIMNOQRST:
2413 3222 2505 3253 potest

1433 3256 1593 3289 syllogizari
1606 3259 1632 3281 et
1646 3256 1688 3288 (et
1701 3264 1754 3280 orn.
1770 3257 1844 3289 INO)
1861 3257 1886 3281 in
1898 3257 1990 3289 prima
2005 3260 2031 3282 et
2045 3257 2071 3282 in
2086 3257 2203 3282 secunda
2211 3257 2313 3290 figura.
2329 3256 2358 3281 In
2374 3260 2431 3287 etc.;
2445 3255 2503 3280 AB:

1429 3294 1545 3323 potest...
1560 3295 1586 3316 et
1600 3291 1626 3316 in
1636 3292 1728 3323 prima
1740 3292 1835 3325 figura
1847 3295 1873 3317 et
1885 3293 2010 3317 secunda.
2031 3293 2061 3317 In
2076 3297 2133 3324 etc.;
2147 3292 2183 3317 D:
2194 3295 2310 3324 potest...
2321 3292 2363 3317 vel
2375 3291 2400 3316 in
2411 3290 2503 3323 prima

1434 3327 1475 3352 vel
1489 3327 1515 3352 in
1530 3327 1647 3352 secunda
1678 3334 1757 3360 gur-a.
1778 3328 1807 3352 In
1823 3333 1886 3358 etc.;
1906 3328 1966 3353 KL:
1980 3330 2071 3360 potest
2089 3331 2115 3353 et
2134 3327 2160 3352 in
2171 3327 2264 3360 prima
2274 3327 2369 3361 figura
2382 3329 2409 3352 et
2422 3326 2448 3351 in
2462 3331 2502 3350 se-

1433 3363 1521 3387 cunda
1533 3362 1630 3395 figura
1661 3363 1683 3387 K
1701 3370 1755 3388 om.
1767 3360 1841 3398 fig).
1863 3363 1892 3388 In
1912 3368 1960 3388 etc.

1488 3396 1512 3430 Θ)
1532 3398 1706 3431 Manifestum
1726 3401 1766 3423 est
1788 3398 1860 3431 quod
1882 3399 2023 3432 contingat
2037 3398 2159 3424 etc.-D:
2178 3397 2250 3431 quod
2270 3397 2367 3430 (marg.
2389 3396 2447 3421 add.
2462 3403 2502 3420 er-

1434 3441 1525 3458 ronee:
1545 3434 1609 3466 non)
1623 3433 1757 3466 contingit
1771 3434 1795 3458 B
1809 3432 1877 3467 (add.
1892 3442 1989 3467 marg.:
2008 3441 2063 3459 esse
2077 3434 2103 3459 in
2117 3434 2232 3466 quodam
2247 3429 2315 3467 toto)
2332 3432 2358 3457 t'n
2378 3438 2429 3464 quo
2435 3439 2445 3462 ‚·
2463 3431 2501 3456 H:

1433 3469 1566 3500 quomodo
1589 3469 1742 3502 contingat‚·
1761 3469 1783 3494 1:
1803 3469 1874 3502 quod
1893 3477 1944 3494 non
1964 3469 2111 3503 contingit,·
2130 3469 2189 3493 LR:
2208 3468 2280 3501 quod
2297 3467 2442 3500 contingit5
2461 3466 2500 3490 M:

1434 3504 1504 3536 quod
1523 3511 1575 3529 non
1595 3505 1742 3537 contingat.
1756 3517 1775 3524 —-
1791 3504 1872 3529 Codd.
1893 3503 1962 3538 (exc.
1975 3505 2028 3537 D):
2048 3505 2072 3529 Β
2090 3511 2143 3529 non
2158 3511 2227 3534 esse,-
2245 3503 2278 3528 P:
2297 3503 2322 3527 Β
2338 3509 2394 3527 esse
2413 3509 2503 3526 nom—-

1434 3539 1525 3569 Codd.,
1545 3547 1599 3564 exc.
1614 3539 1674 3564 GK:
1694 3540 1720 3564 in
1740 3547 1791 3572 quo
1805 3543 1861 3565 toto
1880 3543 1920 3564 est
1933 3541 1970 3570 A,·
1990 3539 2071 3564 PGK:
2087 3540 2113 3564 in
2133 3542 2197 3568 toto,
2218 3539 2244 3563 in
2263 3544 2315 3571 quo
2333 3540 2374 3562 est
2391 3538 2424 3562 A.

1487 3573 1506 3608 ι)
1528 3575 1557 3599 In
1577 3574 1778 3600 coordinatione
1793 3576 1817 3599 Α
1841 3576 1863 3600 C
1882 3575 1921 3603 D,
1943 3580 1990 3599 etc.
2006 3588 2024 3594 -
2042 3575 2129 3599 Codex
2143 3575 2163 3598 B
2178 3579 2218 3598 est
2238 3573 2287 3598 hoc
2307 3572 2333 3597 in
2354 3572 2412 3597 loco
2428 3580 2502 3597 men-

2541 584 2552 595 '
2558 584 2644 631 ‘3⁰5⁶‘
2651 591 2671 606 ιιι
2681 589 2759 607 unum-

2541 616 2595 658 qligi
2605 617 2656 659 {¹1⁴5ss
2664 644 2756 660 aneton.

2540 743 2549 751 ‘
2565 741 2596 762 Fi
2614 748 2658 763 ura
2676 749 2724 764 om.

2540 748 2613 789 coddg.

2537 1114 2547 1124 ⁸
2555 1120 2582 1145 a:
2598 1117 2666 1140 sunt,-
2679 1122 2707 1137 u:
2718 1116 2754 1138 sic

2537 1142 2592 1161 sint.

2538 1169 2546 1175 '
2560 1173 2586 1188 o:
2602 1170 2672 1190 esset.

2538 1539 2547 1547 ¹
2562 1537 2659 1561 Scilicet
2671 1546 2709 1561 *ex

2536 1564 2608 1586 codd.
2625 1571 2675 1588 ne.
2686 1573 2708 1588 a.

2535 1593 2558 1601 '⁸
2576 1581 2616 1613 cf]
2631 1593 2684 1615 leet.
2703 1599 2748 1620 xv,

2536 1626 2588 1644 not.
2603 1619 2627 1653 β.
