2788 4204
128 426 148 451 l(

31 473 44 504 ⁸.
57 479 89 497 oz
116 472 180 494 Unde
203 473 246 494 hu-

33 505 101 521 num.
116 505 165 520 res.

34 526 43 535 ·
57 525 119 547 Sunt
131 532 181 547 om.
195 531 219 547 o.

131 573 149 608 ψ

991 272 1102 309 CAP.
1131 272 1253 318 XXII,
1282 271 1433 308 LECT.
1462 271 1625 307 XXXIII

272 347 456 389 cundum‘
470 351 687 388 Platonicos
704 351 848 387 habent
865 350 1020 399 aliquod
1039 349 1202 386 nobilius
1232 361 1314 385 esse
1326 378 1335 396 ,

273 417 389 453 quam
428 417 486 441 res
524 404 634 441 nobis
672 411 784 441 notae
821 404 1008 440 naturales
1040 407 1069 438 χ.
1105 401 1337 438 Huiusmodi

275 457 377 494 enim
393 458 413 479 *
433 470 494 494 res
513 465 601 494 sunt
618 456 861 505 particulares
877 463 914 505 et
928 455 1153 500 materiales,
1168 454 1252 491 illae
1272 466 1336 490 au-

274 518 352 548 tem
372 518 459 547 sunt
473 510 493 531 *
508 509 740 546 universales
760 515 798 544 et
815 507 1094 544 immateriales.
1120 508 1217 544 Sunt
1236 506 1337 543 enim

276 563 467 612 quaedam
481 560 870 611 praemonstrationes
881 559 897 588 Ψ
908 567 1082 608 respectu
1097 559 1336 606 naturalium,

276 616 374 653 idest
395 614 587 664 quaedam
613 613 842 662 exemplaria
860 613 1019 649 horum:
1043 620 1086 649 ut
1109 612 1339 661 accipiantur

276 669 338 706 hic
356 675 527 706 monstra
544 667 607 703 vel
626 666 1012 714 praemonstrationes
1028 665 1123 702 sicut
1136 677 1338 714 praemon-

277 728 413 758 stratur
437 719 579 768 aliquid
603 719 652 755 ad
676 718 817 767 aliquid
840 719 1097 767 probandum.
1124 718 1225 765 Quia
1249 729 1338 764 ergo

277 780 364 810 sunt
373 771 761 820 praemonstrationes
771 772 833 808 vel
845 772 1075 820 exemplaria
1090 783 1217 807 rerum
1234 777 1340 807 natu-

276 825 424 871 ralium,
445 837 601 861 necesse
622 832 678 861 est
697 824 802 873 quod
822 825 859 861 in
879 825 956 861 istis
976 826 1089 861 rebus
1109 823 1340 860 naturalibus

277 877 517 915 inveniantur
536 877 683 926 aliquae
707 878 1012 927 participationes
1031 878 1179 914 illarum
1199 875 1341 924 specie-

278 943 376 978 rum,
405 942 504 979 quae
522 931 710 979 pertinent
738 931 787 968 ad
816 931 1019 969 essentiam
1048 931 1185 967 harum
1213 941 1341 966 rerum

279 1096 382 1121 Festive
400 1103 494 1128 nempe
511 1094 666 1120 Aristoteles
685 1094 756 1120 ideas
776 1095 916 1128 platonicas
934 1096 1051 1126 traducit,
1070 1095 1249 1127 rationemque
1262 1093 1344 1118 addit:

279 1128 448 1166 τερετίσματά
461 1139 487 1156 τε
497 1127 546 1165 γάρ
557 1128 619 1156 ἐστι.
629 1131 670 1155 Ad
680 1139 747 1164 quae
758 1132 836 1156 verba
847 1132 964 1156 alludens
974 1131 1135 1156 Themistius
1146 1130 1243 1162 inquit:
1256 1139 1268 1151 ‹
1282 1129 1345 1153 Por-

281 1176 295 1190 ,
310 1171 380 1191 tenna
394 1166 449 1197 illa,
462 1166 589 1196 hercules,
605 1171 672 1197 sunt,
694 1173 761 1198 quae
780 1166 858 1199 aliqui
877 1171 1011 1191 autumant
1029 1165 1186 1194 albedinem,
1208 1163 1344 1196 nigritiam,

281 1211 295 1225 ι
308 1201 439 1232 ruborem,
454 1209 601 1232 numerum,
616 1201 826 1232 ambulationem,
841 1202 982 1226 doctrinam
998 1209 1118 1225 seorsum
1132 1208 1146 1225 a
1160 1200 1238 1224 rebus
1253 1204 1343 1224 stare»

280 1237 325 1270 (ln
339 1237 349 1262 1
363 1237 466 1262 Poster-
473 1255 481 1267 ‚
502 1245 557 1269 cap.
573 1244 675 1262 xxxvm.
688 1250 708 1256 -
722 1237 770 1262 Ed.
785 1238 825 1262 cit.
846 1245 904 1269 pag.
920 1236 974 1270 24).
993 1237 1083 1261 Pacius
1105 1240 1191 1260 autem
1205 1235 1271 1267 (loc.
1286 1234 1344 1266 cit.)

279 1271 373 1298 vertit:
394 1281 407 1295 c
424 1272 491 1297 Nihil
515 1273 585 1297 enim
608 1272 676 1297 aliud
701 1280 781 1305 quam
806 1280 890 1313 nugae
902 1290 909 1302 ,
934 1278 960 1296 et
989 1272 1063 1304 quasi
1094 1271 1183 1295 inanes
1214 1270 1346 1295 cantiones

281 1317 295 1332 ι
311 1311 381 1333 sunt.
393 1317 406 1331 ι
416 1308 519 1332 —Hunc
537 1308 625 1332 locum
639 1308 676 1332 sic
689 1307 791 1340 exponit
809 1307 983 1341 philoponus:
998 1316 1011 1329 ‹
1026 1306 1129 1339 Species
1149 1305 1218 1330 enim
1236 1306 1345 1336 valeant,

282 1352 296 1366 ι
311 1347 428 1368 monstra
445 1343 515 1368 enim
534 1348 621 1368 sunt..
631 1360 638 1367 .
652 1343 767 1367 Monstra
780 1348 866 1368 autem
883 1348 1008 1367 vocantur
1019 1347 1172 1374 praecautus
1187 1340 1346 1365 citharoedo-

270 1386 297 1402 .»
310 1385 371 1403 rum
403 1376 572 1412 τερετίσματα
585 1375 612 1402 δὲ
627 1377 768 1402 καλοῦνται
786 1376 818 1403 τὰ
833 1373 1013 1412 προψάλματα
1028 1379 1078 1402 τῶν
1091 1375 1263 1410 κιθαρῳδῶν),
1278 1384 1345 1408 quos

281 1412 469 1439 »anai-aculam
488 1417 591 1444 canunt,
605 1418 634 1438 ut
647 1413 808 1445 experiantur
822 1413 1020 1438 discordantiam
1035 1412 1198 1442 chordarum,
1214 1411 1235 1436 si
1254 1419 1347 1436 secun-

281 1457 296 1472 »
311 1449 375 1474 dum
394 1450 590 1474 convenientem
602 1448 729 1473 melodiae
740 1449 866 1474 rationem
881 1454 1002 1473 extensae
1020 1448 1080 1473 sint.
1095 1449 1152 1472 Hoc
1165 1452 1250 1472 autem
1266 1447 1348 1480 inquit

282 1492 296 1507 s
311 1483 502 1516 (Aristoteles)
521 1492 550 1509 ac
569 1485 590 1508 si
609 1483 713 1513 diceret,
727 1484 839 1509 rationes
859 1484 975 1509 idearum
989 1489 1049 1508 sunt
1066 1483 1206 1508 verborum
1221 1482 1346 1513 tenuium,

282 1529 297 1543 ι
311 1526 380 1552 quae
396 1525 478 1547 vacua
496 1519 548 1544 sint
565 1519 730 1551 intelligentia
741 1528 755 1542 »
777 1520 822 1552 (In
840 1519 849 1543 1
864 1519 974 1549 Foster„
995 1519 1011 1552 ξ
1022 1518 1143 1551 Amplius
1162 1518 1345 1547 substantiam,

280 1554 329 1580 Ed.
343 1555 388 1582 lat·
401 1562 460 1587 pag.
475 1562 518 1588 79,
531 1555 579 1580 col.
596 1562 624 1585 23
643 1562 691 1586 gr„
704 1563 764 1587 pag.
782 1553 850 1587 136).
869 1555 902 1579 Et
920 1554 983 1579 haec
1001 1560 1041 1579 est
1059 1554 1142 1587 prima
1160 1561 1220 1586 pars
1238 1561 1346 1585 respon-

281 1589 377 1620 sionis,
396 1597 476 1622 quam
494 1590 646 1615 Aristoteles
667 1590 710 1615 dat
728 1591 760 1614 ad
779 1589 950 1614 obiectionem
976 1590 1112 1614 deductam
1133 1597 1163 1614 ex
1182 1589 1245 1613 ideis
1264 1589 1347 1621 plato-

281 1625 354 1650 nicis.
369 1639 388 1646 --
401 1625 429 1649 ln
447 1626 561 1651 secunda
578 1630 665 1650 autem
684 1630 755 1657 parte
774 1624 847 1657 fingit
864 1625 1017 1650 Aristoteles
1038 1624 1204 1658 hypothesim
1226 1624 1347 1648 reiectam

220 1670 230 1675 -
281 1660 308 1686 ln
325 1661 409 1694 prima
426 1665 507 1693 parte,
527 1668 621 1693 nempe
640 1661 711 1692 quod
730 1661 802 1685 ideae
820 1660 964 1693 platonicae
984 1661 1084 1690 dentur,
1103 1665 1129 1684 et
1146 1659 1287 1691 respondet
1299 1659 1347 1684 hu-

281 1695 395 1721 iusmodi
413 1695 484 1720 ideas
503 1701 572 1720 extra
591 1696 753 1738 propositum
773 1696 863 1721 adduci
883 1701 908 1720 et
926 1696 998 1720 nullo
1017 1696 1097 1720 modo
1116 1696 1147 1720 ad
1161 1694 1255 1719 thesim
1274 1702 1347 1727 prae-

282 1736 384 1757 sentem
403 1732 546 1772 pertinere:
565 1728 608 1755 καὶ
627 1739 648 1757 ει
667 1728 751 1763 ἔστιν,
772 1727 845 1756 οὗδὲν
863 1727 927 1763 πρὸς
946 1727 992 1756 τὸν
1003 1729 1085 1764 λόγον
1104 1727 1182 1755 ἐστίν.
1202 1730 1276 1754 Ratio
1295 1735 1347 1755 est:

283 1764 310 1792 αἱ
328 1764 378 1801 γὰρ
398 1764 538 1796 αποδείξεις
554 1763 611 1800 περὶ
626 1768 677 1791 τῶν
690 1765 815 1791 τοιούτων
829 1761 900 1791 εἰσίν.
910 1767 965 1801 -5,
975 1766 1092 1791 Thomas
1111 1773 1171 1790 cum
1189 1771 1278 1790 nostra
1290 1773 1348 1790 ver-

282 1801 356 1827 sione
374 1802 470 1836 legisse
489 1802 591 1826 videtur
614 1805 735 1827 monstra
754 1808 779 1826 et
798 1802 1089 1833 praemonstrationes,
1109 1801 1156 1825 sed
1179 1808 1210 1825 ex
1228 1805 1348 1825 contextu

282 1833 453 1872 τερετίσματά
473 1837 604 1870 intelligit:
628 1845 688 1862 nam
712 1838 815 1870 exponit
838 1837 909 1870 quod
928 1837 1076 1861 huiusmodi
1099 1836 1172 1860 ideae
1197 1836 1347 1868 platonicae,

282 1873 306 1898 si
324 1872 460 1903 darentur,
475 1877 563 1897 essent
581 1873 736 1905 exemplaria
754 1880 842 1896 rerum
861 1872 1022 1896 naturalium.
1042 1872 1080 1896 Ex
1098 1879 1152 1903 quo
1171 1871 1258 1902 infert,
1278 1871 1348 1903 quod

281 1906 437 1933 Aristoteles
462 1907 633 1940 principaliter
651 1907 759 1932 intendit
777 1907 803 1931 in
822 1907 936 1932 secunda
954 1912 1034 1940 parte,
1054 1914 1148 1939 nempe
1167 1907 1239 1939 quod
1257 1906 1279 1931 si
1298 1907 1349 1930 sint

272 1942 432 1968 ‘huiusmodi
455 1943 555 1975 species
580 1947 725 1983 separatae,
747 1942 809 1967 nihil
828 1943 955 1974 pertinent
975 1943 1007 1967 ad
1025 1942 1152 1967 rationem
1171 1946 1349 1974 praesentem,

282 1973 326 2003 καὶ
345 1973 366 2002 εἷ
384 1975 462 2009 ἔστιν,
484 1974 556 2002 οὐδὲν
575 1985 639 2011 προς
658 1986 702 2003 τον
721 1975 803 2011 λόγον
823 1975 890 2002 ἐστίν
897 1986 904 2008 ;
929 1977 989 2010 quia
1007 1985 1056 2002 nos
1075 1977 1231 2002 intendimus
1251 1977 1283 2002 de
1301 1977 1349 2001 hu-

282 2013 395 2039 iusmodi
409 2013 496 2043 rebus,
512 2013 544 2038 de
563 2013 658 2045 quibus
677 2013 703 2038 in
721 2013 797 2037 nobis
812 2012 917 2038 scientia
930 2021 977 2045 per
995 2013 1243 2037 demonstrationem
1262 2012 1349 2045 acqui-

282 2048 361 2080 ritur,
381 2047 407 2074 αἱ
426 2046 476 2082 γὰρ
495 2043 636 2078 ἀποδείξεις
654 2046 711 2082 περὶ
730 2049 780 2073 τῶν
800 2046 925 2073 τοιούτων
944 2043 1015 2073 εἰσίν.

336 2083 496 2116 Philoponus
519 2083 569 2108 hoc
588 2084 646 2109 loco
666 2084 745 2116 tangit
770 2083 950 2116 quaestionem
974 2083 1242 2114 historico-criticam,
1261 2087 1350 2108 utrum

282 2125 378 2152 nempe
387 2119 462 2144 Plato
471 2126 562 2144 revera
575 2119 690 2144 docuerit
708 2119 778 2143 ideas
793 2123 923 2151 separatas
934 2126 949 2143 a
961 2118 1039 2143 rebus
1054 2118 1212 2143 naturalibus
1227 2123 1252 2143 et
1266 2126 1312 2151 per
1321 2126 1350 2143 se

283 2153 471 2186 subsistentes;
490 2155 623 2188 relataque
637 2154 759 2188 opinione
778 2154 917 2179 dicentium
935 2154 998 2178 illud
1018 2154 1112 2186 dogma
1130 2161 1182 2178 non
1198 2154 1278 2178 fuisse
1291 2154 1350 2178 Pla-

283 2190 360 2221 tonis,
375 2190 421 2215 sed
436 2190 611 2223 quorumdam
630 2189 815 2222 discipulorum
835 2189 899 2220 eius,
914 2189 1049 2214 Platonem
1062 2196 1125 2214 vero
1141 2197 1193 2213 non
1212 2189 1238 2213 in
1257 2190 1349 2222 seipsis

284 2225 332 2250 sed
346 2225 372 2250 in
381 2225 438 2250 Deo
453 2225 624 2250 subsistentes
638 2226 709 2250 ideas
723 2225 852 2257 posuisse,
863 2232 938 2249 suam
951 2225 1103 2249 sententiam
1118 2224 1248 2249 enunciat:
1265 2233 1278 2248 ε
1290 2224 1350 2248 Mihi

286 2270 299 2283 ι
315 2264 403 2286 autem
421 2261 528 2286 omnino
546 2261 724 2293 improbabilis
737 2261 839 2285 videtur
857 2259 920 2285 haec
938 2260 1058 2293 apologia
1076 2257 1146 2293 (ἐμοὶ
1159 2257 1186 2283 δὲ
1199 2255 1266 2284 πάνυ
1281 2259 1352 2284 δοκεῖ

287 2304 300 2319 ²
315 2290 466 2328 ἇπίθανοςὴ
481 2294 588 2328 τοιαύτη
603 2290 758 2330 ἀπολογία).
778 2296 804 2320 Si
823 2295 892 2320 enim
907 2294 1012 2328 Opificis
1032 2295 1110 2325 ideas,
1130 2303 1197 2327 quae
1216 2303 1311 2327 nempe
1325 2296 1350 2319 in

286 2338 300 2354 s
315 2329 423 2363 Opificis
441 2336 528 2356 mente
547 2336 622 2362 sunt,
642 2331 714 2356 Plato
739 2330 917 2363 supponebat,
936 2338 1071 2363 nunquam
1095 2335 1183 2355 contra
1205 2330 1255 2355 hoc
1280 2330 1350 2354 insti-

287 2375 301 2389 »
314 2366 389 2391 tisset
405 2366 573 2391 Aristoteles:
591 2367 689 2399 ubique
708 2367 777 2391 enim
796 2366 853 2398 ipse
871 2366 963 2390 eadem
986 2366 1046 2391 dicit
1065 2366 1208 2390 secundum
1227 2365 1292 2390 hanc
1311 2373 1351 2390 ra—

287 2411 301 2427 »
317 2401 423 2428 dono..
442 2401 501 2426 Non
515 2406 618 2427 notatur
633 2407 720 2427 autem
733 2401 783 2426 hoc
802 2401 896 2434 ipsum,
909 2402 980 2434 quod
999 2401 1074 2426 Plato
1092 2401 1198 2434 quidem
1216 2401 1300 2426 taliter
1314 2401 1351 2425 di—

2375 269 2448 315 275

1392 349 1631 386 naturalium.
1662 349 1712 385 Et
1730 347 1816 385 ideo
1838 348 1868 384 si
1888 347 1960 384 sint
1979 346 2198 383 huiusmodi
2224 346 2368 394 species
2397 358 2453 382 se-

1391 409 1556 450 paratae,
1578 402 1672 438 sicut
1687 401 1869 438 Platonici
1882 408 2094 449 posuerunt
2106 400 2136 446 *,
2157 399 2247 436 nihil
2266 399 2454 447 pertinent

1393 454 1442 491 ad
1461 454 1647 491 rationem
1661 462 1914 503 praesentem.
1935 454 2019 490 Nos
2035 453 2136 489 enim
2156 452 2386 488 intendimus
2406 451 2453 488 de

1392 507 1613 543 huiusmodi
1634 508 1764 554 rebus,
1781 508 1828 544 de
1845 504 1982 555 quibus
1998 506 2036 543 in
2051 505 2161 542 nobis
2181 505 2335 542 scientia
2350 511 2368 525 ⁰
2383 516 2455 552 per

1394 560 1758 596 demonstrationem
1774 560 1988 608 acquiritur.
2001 560 2050 596 Et
2064 557 2284 595 huiusmodi
2300 565 2385 594 sunt
2396 569 2455 593 res

1394 612 1432 648 in
1460 619 1592 648 natura
1621 613 1820 649 existentes
1848 613 1958 649 nobis
1987 620 2118 658 notae,
2149 611 2197 647 de
2226 610 2362 659 quibus
2393 610 2455 646 de-

1395 665 1687 702 monstrationes
1706 665 1812 702 fiunt.
1834 667 1883 702 Et
1902 666 1988 703 ideo
2014 666 2044 702 si
2064 665 2172 701 detur
2190 662 2458 712 quodssanimal

1396 717 1441 754 sit
1459 718 1656 766 quoddam
1677 726 1904 767 separatum,
1925 718 2032 767 quasi
2045 716 2360 766 praemonstratio
2382 715 2456 752 exi-

1396 777 1497 806 stens
1517 770 1737 807 animalium
1757 771 2001 817 naturalium,
2018 778 2107 807 tunc
2127 782 2215 806 cum
2231 769 2328 816 dico,
2345 770 2456 806 homo

1396 828 1450 858 est
1466 823 1624 868 animal,
1646 824 1859 861 secundum
1879 824 1985 872 quod
2008 824 2080 860 hac
2104 823 2364 872 propositione
2387 821 2457 859 uti-

1397 887 1484 911 mur
1503 875 1541 911 in
1557 876 1853 913 demonstrando
1869 877 1899 922 ³⁸,
1916 878 1954 925 ly
1968 876 2112 913 animal
2130 876 2314 923 significat
2333 887 2458 912 essen-

1393 928 1488 964 tiam
1508 928 1561 964 rei
1581 929 1770 976 naturalis,
1792 930 1839 966 de
1858 941 1934 977 qua
1953 930 1995 966 fit
2015 929 2298 966 demonstratio.

1399 1101 1413 1115 »
1429 1097 1498 1116 ceret
1517 1093 1549 1117 de
1568 1093 1647 1122 ideis,
1671 1094 1734 1118 socii
1759 1099 1844 1118 autem
1867 1094 1935 1118 male
1961 1093 2112 1125 exciperent.
2138 1093 2212 1117 Nunc
2230 1098 2316 1117 autem
2334 1093 2384 1117 hoc
2408 1101 2461 1117 non

1401 1137 1413 1150 »
1430 1127 1496 1157 fecit,
1515 1128 1616 1152 videtur
1635 1134 1721 1153 autem
1740 1136 1845 1161 semper
1863 1136 1976 1160 pugnare
1996 1134 2084 1153 contra
2102 1129 2196 1160 dogma
2215 1128 2303 1152 datum
2322 1135 2337 1153 a
2354 1129 2462 1153 Platone

1401 1171 1414 1185 »
1431 1163 1463 1187 de
1481 1163 1530 1193 his,
1549 1171 1602 1187 non
1621 1169 1709 1188 contra
1727 1164 1812 1196 ipsum
1832 1164 1900 1188 male
1918 1164 2096 1195 intelligentes.
2116 1164 2143 1187 ln
2162 1163 2344 1195 metaphysicis
2368 1164 2461 1188 multas

1402 1207 1414 1219 »
1431 1203 1456 1222 et
1475 1198 1566 1229 longas
1580 1204 1668 1223 contra
1684 1199 1779 1231 dogma
1797 1200 1909 1223 extendit
1923 1200 2044 1224 rationes.
2063 1199 2184 1223 Narratur
2198 1199 2278 1230 quod,
2290 1200 2391 1223 vivente
2404 1199 2461 1223 Pla-

1402 1243 1416 1255 »
1431 1238 1499 1262 tone,
1515 1233 1655 1258 fortissime
1674 1234 1706 1258 de
1725 1234 1774 1258 hoc
1793 1235 1913 1267 dogmate
1932 1235 2021 1258 institit
2038 1234 2190 1258 Aristoteles
2210 1239 2298 1258 contra
2313 1234 2461 1260 Platonem:

1402 1277 1416 1291 :v
1432 1273 1458 1292 et
1475 1268 1576 1293 videtur
1590 1276 1680 1293 revera
1698 1269 1772 1294 Plato
1791 1277 1843 1293 non
1862 1269 1974 1293 rationes
1989 1269 2147 1301 simpliciter,
2161 1276 2227 1301 quae
2240 1274 2302 1293 sunt
2316 1269 2341 1293 in
2354 1267 2462 1301 Opifice,

1403 1313 1415 1325 ι
1430 1303 1514 1328 dicere
1528 1311 1586 1328 esse
1601 1305 1710 1336 species,
1725 1305 1772 1329 sed
1785 1305 1845 1329 dare
1860 1305 1922 1336 ipsis
1935 1304 2128 1329 subsistentiam
2143 1312 2190 1336 per
2204 1310 2240 1334 se,
2256 1309 2281 1328 et
2295 1311 2353 1328 esse
2367 1304 2463 1336 aliquid

1403 1348 1416 1361 »
1431 1346 1477 1371 per
1495 1346 1524 1363 se
1543 1340 1659 1372 aequale,
1673 1345 1698 1364 et
1716 1347 1763 1372 per
1781 1347 1810 1364 se
1829 1340 1931 1370 animal,
1947 1346 1972 1364 et
1990 1339 2145 1369 huiusmodi,
2160 1340 2192 1364 ad
2205 1346 2272 1370 quae
2290 1345 2315 1364 et
2328 1338 2463 1371 Opificem,

1402 1383 1416 1397 ³
1432 1379 1459 1398 ut
1477 1382 1507 1398 ex
1527 1375 1717 1407 exemplaribus
1740 1375 1803 1405 illis,
1823 1383 1910 1399 creare
1933 1383 2000 1407 quae
2019 1375 2059 1399 hic
2078 1380 2146 1399 sunt.
2166 1371 2236 1407 Πρὸς
2256 1371 2271 1398 ἃ
2291 1372 2333 1399 καὶ
2357 1369 2401 1399 τὸν
2420 1373 2463 1405 δη-

1403 1418 1416 1432 »
1434 1406 1555 1443 μιουργὸν
1573 1409 1608 1439 ὡς
1627 1408 1654 1435 ἐκ
1673 1406 1886 1444 παραδειγμάτων
1911 1407 2009 1435 ἐκείνων
2034 1409 2219 1445 δημιουργῆσαι
2239 1407 2271 1434 τὰ
2291 1408 2348 1443 τῇδε
2364 1418 2378 1432 s
2400 1407 2463 1442 (Op.

1401 1450 1427 1469 et
1444 1445 1493 1469 loc.
1508 1445 1569 1477 cit.).

1454 1478 1484 1514 χ)
1504 1480 1558 1505 Res
1573 1480 1646 1506 nobis
1659 1484 1738 1505 notae
1749 1481 1893 1505 naturales.
1903 1496 1922 1500 —
1933 1480 2058 1508 Existimo
2071 1480 2104 1504 ita
2119 1487 2177 1505 esse
2190 1480 2328 1512 legendum
2347 1487 2406 1503 cum
2421 1487 2464 1503 co-

1402 1515 1515 1545 dicibus‚
1541 1521 1646 1548 excepto
1664 1517 1699 1547 B,
1719 1516 1764 1548 qui
1787 1524 1846 1540 cum
1865 1516 1943 1540 Piana
1964 1515 2054 1540 habet:
2078 1523 2120 1540 res
2146 1515 2219 1540 nobis
2238 1518 2318 1540 notae
2340 1514 2465 1539 materia-

1401 1551 1447 1576 les.
1465 1551 1500 1575 At
1518 1551 1590 1576 facile
1609 1556 1649 1576 est
1667 1556 1755 1576 notare
1774 1551 1920 1583 sequentia:
1939 1551 2101 1576 Huiusmodi
2119 1551 2188 1575 enim
2208 1557 2250 1575 res
2268 1553 2330 1575 sunt
2343 1550 2465 1582 particu-

1401 1587 1472 1611 lares
1490 1589 1516 1611 et
1535 1587 1701 1615 materiales,·
1720 1594 1786 1619 quae
1805 1586 1890 1619 inepte
1914 1591 2084 1619 ponerentur,
2104 1586 2125 1610 si
2144 1594 2210 1616 non,
2230 1586 2379 1613 naturales,
2404 1585 2465 1616 sed,

1402 1621 1552 1646 materiales
1571 1622 1657 1654 legere
1673 1622 1834 1646 deberemus.
1855 1622 1942 1654 Inepte
1961 1622 2030 1646 enim
2045 1621 2171 1646 diceretur
2185 1628 2227 1645 res
2240 1621 2390 1645 materiales
2404 1623 2467 1645 sunt

1396 1657 1577 1689 particulares
1595 1661 1619 1682 et
1640 1657 1798 1682 materiales.
1819 1657 1893 1681 Adde
1912 1657 1981 1689 quod
2000 1656 2064 1681 infra
2083 1662 2137 1681 tum
2153 1656 2252 1681 codices
2267 1655 2396 1689 praecitati
2410 1661 2466 1680 tum

1403 1692 1479 1717 editio
1492 1692 1569 1717 Piana
1583 1692 1743 1717 concorditer
1761 1693 1849 1724 legunt
1862 1692 1997 1724 (respectu
2017 1692 2123 1723 rerum)
2137 1691 2316 1720 naturalium
2330 1691 2465 1722 exempla-

1403 1728 1445 1752 ria
1458 1735 1547 1752 rerum
1567 1728 1738 1756 naturalium,
1752 1733 1799 1752 etc.
1808 1727 1935 1752 —Eadem
1949 1727 1981 1751 de
1995 1735 2079 1758 causa,
2094 1732 2122 1751 ut
2135 1727 2223 1751 omnia
2241 1726 2289 1751 sibi
2304 1726 2464 1755 cohaereant,

1402 1763 1510 1796 praetuli
1523 1763 1660 1788 lectionem
1671 1763 1759 1788 codd.:
1776 1764 1811 1787 Et
1820 1762 1971 1788 huiusmodi
1984 1766 2046 1787 sunt
2057 1769 2098 1787 res
2111 1762 2137 1786 in
2153 1765 2251 1786 natura
2265 1761 2417 1790 existentes,
2429 1761 2465 1785 le·-

1403 1798 1478 1822 ctioni
1489 1798 1508 1822 P
1519 1803 1545 1822 et
1554 1806 1575 1822 s.
1583 1806 1618 1822 m.
1628 1798 1663 1822 R:
1677 1798 1713 1823 Et
1725 1798 1878 1823 huiusmodi
1890 1801 1952 1822 sunt
1962 1805 2003 1822 res
2014 1798 2039 1822 in
2051 1797 2164 1822 materia
2173 1797 2334 1822 existentes:
2346 1796 2465 1829 quamvis

1403 1833 1466 1858 haec
1476 1833 1559 1863 lectio,
1569 1833 1748 1866 philosophice
1762 1834 1899 1866 loquendo,
1912 1833 2045 1857 veritatem
2055 1838 2081 1857 et
2093 1833 2149 1865 ipsa
2162 1840 2224 1865 prae
2238 1840 2267 1857 se
2278 1832 2374 1856 ferat.—
2383 1832 2466 1863 Supra

1403 1869 1479 1894 codd.
1497 1869 1560 1899 HIQ
1578 1869 1668 1900 legunt
1687 1869 1868 1900 particulares
1891 1871 1917 1893 et
1941 1869 2091 1897 naturales,
2118 1868 2165 1892 sed
2184 1875 2237 1893 non
2254 1872 2338 1898 recte;
2361 1874 2422 1892 nam
2441 1871 2467 1891 et

1403 1904 1452 1936 ipsi
1471 1909 1562 1937 postea
1579 1904 1675 1929 habent
1693 1904 1855 1929 universales
1873 1907 1900 1928 et
1919 1903 2115 1928 immateriales.

1457 1938 1486 1974 ψ)
1507 1939 1577 1964 Sunt
1595 1940 1664 1964 enim
1682 1939 1813 1972 quaedam
1833 1939 2024 1963 ete-intricati
2043 1943 2102 1963 sunt
2120 1937 2168 1962 hoc
2188 1938 2246 1962 loco
2265 1937 2365 1962 codices
2372 1945 2384 1968 ;-
2398 1937 2467 1961 unde

1404 1982 1495 1999 eorurn
1515 1975 1637 1999 lectiones
1661 1974 1801 2005 adnotabo,
1826 1974 1931 1999 Pianam
1956 1974 2098 2004 recitando:
2119 1983 2132 1995 α
2153 1974 2217 1998 Sunt
2242 1971 2275 2005 (l,
2294 1971 2377 2006 sicut)
2398 1972 2467 1996 enim

1406 2020 1418 2032 ν
1434 2011 1562 2042 quaedam
1580 2010 1841 2042 praemonstrationes
1861 2009 1988 2041 (AGHRS
2001 2014 2026 2033 et
2039 2016 2065 2041 p.
2078 2016 2114 2033 m.
2125 2009 2158 2039 C,
2174 2008 2413 2033 demonstrationes
2419 2015 2428 2041 ,j
2447 2007 2467 2031 C

1406 2054 1419 2068 »
1435 2054 1456 2071 s.
1470 2054 1521 2076 m.,
1534 2046 1576 2070 vel
1589 2045 1863 2077 praemonstrationes
1869 2052 1879 2073 ‚¹
1892 2045 1951 2075 BN,
1970 2044 2105 2075 monstra)
2124 2048 2244 2076 respectu
2259 2043 2358 2075 (ABGI,
2377 2050 2467 2067 rerum

1407 2091 1419 2103 ι
1435 2083 1493 2106 loco
1512 2081 1648 2113 respectu)
1667 2080 1836 2110 naturalium,
1856 2080 1922 2104 idest
1940 2079 2040 2111 (codd.,
2059 2087 2113 2104 exc.
2127 2080 2157 2109 B,
2176 2079 2216 2111 et)
2237 2079 2363 2111 quaedam
2382 2085 2468 2102 exem-

1406 2125 1420 2140 >>
1436 2117 1515 2150 plaria
1528 2116 1636 2141 horum:
1649 2121 1677 2140 ut
1691 2115 1846 2148 accipiantur
1857 2114 1903 2148 (B,
1918 2115 2049 2146 accipitur
2053 2123 2062 2144 ‚¹
2077 2114 2111 2144 N,
2126 2113 2284 2147 accipiatur)
2298 2113 2338 2138 hic
2353 2118 2468 2138 monstra

1406 2161 1420 2175 ›
1435 2153 1477 2177 vel
1497 2151 1760 2184 praemonstrationes
1785 2151 1838 2183 (G,
1858 2150 2124 2182 demonstrationes),
2148 2150 2214 2174 sicut
2236 2157 2314 2181 supra
2331 2156 2469 2180 praemon-

1407 2197 1419 2210 »
1436 2192 1529 2212 stratur
1542 2185 1627 2220 (codd.
1641 2194 1694 2211 om.
1709 2193 1805 2218 supra;
1819 2186 1855 2216 G,
1868 2186 1937 2210 sicut
1945 2185 2037 2217 primo
2050 2185 2250 2210 demonstratur
2255 2192 2264 2214 ;
2277 2185 2310 2214 H,
2319 2184 2388 2208 sicut
2401 2190 2469 2215 quae

1407 2232 1420 2246 2
1431 2221 1609 2255 praemonst.)
1624 2222 1719 2253 aliquid
1739 2222 1783 2253 (B,
1804 2221 1913 2253 aliquod
1916 2228 1926 2250 ;
1944 2221 1975 2251 D,
1990 2219 2064 2254 quid)
2084 2220 2116 2244 ad
2129 2220 2224 2252 aliquid
2237 2219 2399 2252 probandum
2413 2219 2468 2250 (AB

1408 2269 1420 2280 »
1437 2257 1686 2283 CDEGHKLMST:
1706 2257 1743 2282 ad
1762 2257 1840 2288 prob.
1847 2264 1856 2286 ;
1879 2256 1901 2285 1,
1920 2258 2157 2288 praemonstratur
2175 2255 2212 2279 ad
2225 2255 2316 2287 prob.;
2336 2254 2372 2284 N,
2387 2260 2469 2286 prae-

1408 2304 1420 2315 »
1437 2296 1589 2318 monstrant
1602 2292 1639 2317 ad
1649 2292 1848 2324 procedendum
1869 2291 1923 2324 (?);
1943 2291 1966 2315 R
1976 2299 1998 2315 s.
2009 2299 2053 2321 m.,
2066 2291 2107 2315 vel
2116 2289 2392 2322 praemonstrationes
2405 2289 2468 2320 (om.

1408 2339 1420 2351 ›
1437 2329 1501 2361 cet.)
1516 2328 1554 2352 ad
1567 2327 1738 2360 probandum
1761 2326 1885 2359 aliquid).
1899 2335 1913 2350 v
1935 2325 1988 2356 OQ
2004 2334 2057 2350 om.
2075 2325 2154 2350 verba
2172 2326 2241 2350 sicut
2259 2330 2315 2356 etc„
2334 2332 2419 2356 usque
2438 2324 2469 2348 ad

1405 2367 1469 2390 sunt
1483 2363 1758 2396 praemonstrationes
1777 2362 1910 2386 inclusive.

1459 2400 1492 2432 ω)
1512 2399 1542 2423 In
1558 2398 1632 2424 nobis
1645 2398 1763 2423 scientia.
1775 2411 1794 2418 -·
1805 2397 1871 2422 Vide
1889 2404 1956 2429 quae
1974 2397 2007 2421 de
2025 2397 2082 2421 cod.
2097 2396 2120 2421 R
2134 2395 2243 2420 diximus
2258 2395 2284 2420 in
2302 2394 2469 2422 Praefatione.

2482 410 2489 417 '¹
2508 407 2601 429 Codd.-
2616 406 2696 428 1²:⁴11*-

2480 436 2568 455 xerunt
2585 434 2635 455 sive
2650 438 2695 461 po-

2481 466 2544 481 suer.

2576 518 2596 532 ω

2485 891 2494 898 ”
2508 895 2529 910 1:
2552 889 2699 910 demonstra-

2486 916 2586 937 tionibus
2594 924 2601 939 :
2609 922 2639 937 ou
2650 922 2699 937 om.

2487 944 2510 970 ly
2518 950 2527 968 ,-
2539 949 2568 964 Αε
2583 942 2652 963 idest.
