2548 4192
211 269 340 295 CCXVIII

211 349 228 365 ι»
250 337 418 379 dequaque
438 338 538 379 ipsius
559 339 711 370 Summae
734 339 827 369 variis
852 339 1024 377 codicibus,
1049 345 1120 369 tum
1141 338 1278 379 antiquis

211 393 226 409 a
250 382 492 423 manuscriptis,
522 390 593 414 tum
616 383 650 414 in
674 383 742 424 ipsa
769 383 1015 424 typographicae
1045 382 1117 412 artis
1147 382 1279 413 infantia

212 438 227 454 >
249 426 419 467 impressis.
443 429 487 458 At
511 427 685 458 Lucarinus
711 437 829 458 errores
848 427 996 467 antiquos
1012 433 1151 457 recenset
1165 433 1196 457 et
1210 437 1277 457 cor-

211 483 227 498 »
249 471 396 501 rectionis
419 471 483 501 iam
513 471 668 502 adhibitae
697 482 764 502 non
790 471 951 501 meminit:
981 471 1049 500 imo
1075 470 1277 510 corrigendos

210 526 226 542 >
249 522 360 546 monet
382 515 477 546 etiam
499 515 582 553 illos,
608 515 664 556 qui
688 515 817 546 correcti
840 515 914 545 su'nt
929 514 962 544 in
979 515 1116 545 editione
1128 515 1277 546 Romana

211 571 226 587 x»
249 561 329 589 anni
351 558 450 600 1619:
479 559 567 600 quod
591 566 671 590 certe
694 559 739 589 illi
770 565 886 589 notum
908 558 969 589 fuit
990 558 1041 589 vel
1071 565 1186 589 notum
1210 569 1277 590 esse

210 616 226 631 ›
249 603 366 634 debuit.
382 603 472 633 Alios
491 603 585 633 etiam
600 613 718 633 errores
734 603 864 643 profert,
881 603 937 643 qui
953 612 1059 633 revera
1074 613 1193 634 errores
1209 614 1276 634 non

209 659 224 675 2
247 654 335 678 sunt:
350 647 474 687 illisque
489 647 697 677 correctiones
709 647 888 677 nullatenus
904 646 1045 677 ferendas
1060 648 1274 687 praescribit...

209 704 225 719 >
247 692 340 722 Plura
363 690 458 721 etiam
477 690 612 730 corrigit,
627 700 709 732 quae
726 698 862 732 utroque
878 691 978 721 modo
993 701 1093 732 aeque
1118 692 1198 722 bene
1214 692 1275 733 legi

209 748 225 763 ι
247 741 390 776 possunt.
413 747 428 762 a

273 779 437 809 Errantem
461 778 656 809 Lucerinum
686 778 720 809 in
742 779 821 810 locis
844 789 926 819 quae
958 779 1141 819 com‘genda
1170 788 1275 813 censet

204 823 254 853 vel
275 832 376 863 pauca
397 822 537 862 produnt
552 833 634 863 quae
648 823 776 863 profero
793 824 946 864 exempla.
965 824 976 854 1
993 835 1037 864 p.,
1054 834 1084 864 q.
1100 834 1170 863 xm,
1187 832 1243 856 art.
1254 836 1275 856 v

204 868 244 897 ad
259 874 281 897 1:
300 867 412 907 Agens
434 876 510 897 vero
534 868 704 898 univocum
729 878 792 898 non
817 873 864 898 est
887 878 986 899 causa
1011 869 1205 900 universalis
1228 875 1273 901 to-

204 913 267 942 tius
289 911 449 950 speciei....
473 911 530 941 sed
553 917 600 942 est
615 921 714 943 causa
722 912 938 952 particularis
952 917 1098 953 respectu
1112 914 1209 944 huius
1224 915 1272 945 in-

203 955 342 992 dividui,
367 954 452 995 quod
475 956 507 985 in
530 957 782 996 participatione
812 958 928 997 speciei
951 958 1125 988 constituit.
1150 958 1272 998 Legen-

204 999 292 1037 dum,
318 999 361 1030 ait
384 999 447 1037 ille,
474 1001 633 1031 consistit:
646 1000 845 1041 apertissimo
861 1001 978 1032 scilicet
993 1001 1178 1041 sphalmate.
1196 1003 1272 1034 Sen-

202 1043 298 1074 tentia
321 1053 460 1084 namque
481 1044 628 1075 Thomae
654 1051 714 1075 est:
731 1047 837 1085 Agens
854 1045 1028 1076 univocum
1047 1056 1114 1076 non
1133 1056 1223 1086 agere
1239 1048 1272 1078 in

201 1087 304 1127 ipsam
329 1087 484 1118 rationem
509 1088 635 1129 speciei,
652 1089 708 1119 sed
725 1089 928 1120 individuum
944 1091 1138 1121 constituere
1153 1091 1186 1121 in
1202 1102 1272 1132 par-

201 1131 383 1172 ticipatione
403 1132 527 1172 speciei.
545 1133 585 1170 Q.
596 1142 699 1171 xxx1v,
710 1140 766 1164 art.
781 1143 794 1164 1
809 1134 850 1164 ad
866 1141 894 1164 2:
910 1134 969 1164 Per
983 1135 1126 1165 eumdem
1143 1136 1271 1167 modum

194 1181 303 1216 potest
336 1177 476 1217 intelligi
506 1177 592 1218 quod
622 1178 730 1208 dicere
760 1178 831 1209 Deo
858 1180 900 1209 sit
937 1179 1109 1220 cogitando
1142 1181 1270 1212 intueri.

200 1220 307 1251 Aliam
336 1220 404 1260 ipse
427 1221 563 1261 praefert
590 1222 776 1260 lectionem,
799 1223 908 1253 dicere
929 1223 970 1253 de
990 1224 1080 1254 Deo:
1103 1224 1271 1255 absurdam

201 1265 268 1295 sine
291 1265 390 1295 dubio
413 1271 443 1295 et
465 1266 618 1306 Angelico
643 1266 775 1297 Doctori
798 1274 1039 1307 repugnantem,
1056 1268 1111 1308 qui
1127 1268 1204 1300 haec
1218 1270 1271 1300 ad-

201 1309 263 1339 dit:
293 1309 333 1339 In
357 1315 512 1349 quantum
536 1311 656 1341 scilicet
679 1312 796 1342 intuitu
820 1312 1024 1352 cogitationis
1046 1312 1176 1343 divinae
1198 1323 1271 1344 con-

201 1354 319 1393 cipitur
357 1354 490 1384 Verbum
523 1355 596 1385 Dei.
621 1354 705 1385 Hinc
727 1365 790 1385 vox
813 1355 882 1394 ina,
906 1356 994 1393 Deo,
1019 1355 1053 1386 in
1077 1357 1172 1387 dandi
1196 1368 1270 1389 casu

200 1397 299 1438 accipi
329 1398 431 1428 debet.
460 1398 704 1440 Verborumque
732 1399 880 1430 Thomae
912 1409 1023 1430 sensus
1054 1407 1121 1431 est:
1152 1402 1271 1433 Dicere

199 1452 255 1473 seu
279 1442 454 1482 producere
477 1443 629 1481 Verbum,
654 1443 743 1483 quod
769 1443 917 1474 convenit
938 1445 1020 1482 Deo,
1037 1451 1084 1475 est
1097 1446 1270 1486 cogitando

200 1487 329 1517 intueri.
347 1486 387 1524 Q.
406 1496 490 1524 ΗΜ,
511 1487 595 1518 artic.
615 1497 641 1517 11
656 1488 695 1517 ad
719 1495 745 1518 1:
765 1488 839 1518 Non
864 1489 947 1518 enim
972 1488 1126 1519 mundum
1151 1495 1269 1530 tempo-

199 1532 246 1561 ris
269 1531 381 1561 volunt
403 1529 562 1573 (quidam)
586 1531 722 1569 habere,
746 1532 803 1563 sed
825 1542 905 1562 suae
934 1534 1108 1563 creationis
1131 1534 1267 1565 initium.

199 1575 340 1615 Reponit
362 1575 413 1605 ille
446 1575 600 1606 mundum
633 1581 776 1616 tempus:
807 1575 869 1607 hoc
898 1583 961 1615 est,
992 1576 1106 1608 volunt
1137 1578 1269 1619 quidam

199 1619 360 1649 mundum
383 1629 449 1649 non
474 1619 587 1650 habere
612 1626 749 1660 tempus.
773 1621 849 1651 Non
872 1620 915 1651 ita
938 1621 1154 1661 Augustinus,
1179 1623 1268 1654 cuius

197 1664 292 1693 verba
315 1663 441 1694 adhibet
463 1664 622 1704 Aquinas,
647 1665 702 1705 qui
726 1665 806 1695 libro
837 1665 880 1695 XI
904 1665 952 1695 De
975 1665 1098 1696 civitate
1122 1666 1192 1705 Dei,
1219 1677 1269 1698 ca-

197 1707 262 1747 pite
280 1717 324 1745 1v,
342 1717 431 1738 num.
451 1717 468 1737 2
492 1708 535 1738 sic
552 1708 609 1739 ait:
639 1708 704 1746 Qui
725 1715 833 1740 autem
858 1719 878 1740 a
901 1710 972 1740 Deo
995 1710 1120 1750 quidem
1135 1711 1268 1752 factum

197 1751 357 1782 mundum
370 1751 543 1792 fatentur,
569 1763 632 1783 non
658 1758 765 1784 tamen
792 1763 864 1784 eum
885 1754 996 1785 volunt
1011 1756 1162 1795 temporis
1176 1757 1269 1787 habe-

196 1805 243 1833 re,
268 1795 325 1826 sed
346 1805 426 1827 suae
449 1798 622 1827 creationis
645 1798 783 1835 initium,
811 1803 847 1829 ut
870 1799 964 1829 modo
989 1799 1127 1839 quodam
1147 1801 1204 1830 vix
1221 1802 1269 1831 in-

197 1840 357 1880 telligibili
379 1850 505 1881 semper
528 1842 570 1872 sit
585 1841 711 1882 factus.
737 1842 845 1873 Minus
869 1842 978 1874 attenti
1004 1850 1035 1873 et
1052 1843 1112 1883 ipsi
1127 1844 1268 1875 Patavini

197 1884 332 1914 editores
346 1894 460 1915 vocem
476 1887 627 1926 temporis
649 1893 814 1917 mutarunt
828 1887 861 1917 in
879 1892 1012 1927 tempus.
1034 1887 1060 1917 1·
1075 1888 1141 1926 11⁸²,
1161 1899 1193 1930 q.
1212 1898 1268 1927 xn,

197 1935 253 1959 art.
273 1939 293 1958 v
311 1928 351 1958 ad
370 1929 403 1959 3:
418 1929 525 1960 Bruta
541 1931 698 1961 animalia
723 1936 893 1962 moventur
908 1931 952 1962 ad
955 1931 1081 1972 finem;
1097 1942 1160 1963 non
1175 1934 1270 1974 quasi

197 1972 446 2011 considerantia,
473 1974 558 2014 quod
574 1984 639 2014 per
661 1981 780 2006 motum
804 1985 898 2006 suum
918 1977 1045 2016 possint
1063 1979 1214 2018 consequi
1221 1978 1268 2019 fi-

198 2027 280 2055 nem,
305 2017 391 2058 quod
413 2023 460 2048 est
479 2020 611 2058 proprie
632 2020 841 2051 intendentis:
863 2020 921 2051 sed
935 2021 1029 2061 quasi
1043 2023 1267 2062 concupiscen-

197 2062 254 2098 tia,
281 2062 426 2092 naturali
449 2063 600 2093 instinctu
625 2069 794 2094 moventur
818 2065 862 2095 ad
876 2065 993 2106 finem.
1019 2065 1094 2102 Quo
1114 2066 1187 2096 loco
1206 2066 1267 2106 legi

196 2105 285 2136 iubet
307 2106 497 2137 Lucarinus:
515 2107 580 2138 Sed
601 2110 695 2148 quasi
717 2110 975 2149 concupiscentes
987 2109 1104 2150 finem,
1123 2111 1269 2142 naturali

197 2150 350 2180 instinctu
374 2156 542 2182 moventur
565 2152 609 2183 ad
627 2153 744 2193 finem.
769 2155 812 2184 At
835 2154 991 2184 animalia
1015 2154 1110 2184 bruta
1134 2154 1159 2185 si
1183 2155 1267 2186 dicas

196 2191 453 2234 concupiscentes
465 2195 587 2236 finem,
613 2196 809 2227 Priscianum
833 2197 955 2238 egregie
976 2198 1136 2229 verberas:
1161 2199 1268 2240 itaque

195 2238 293 2269 retine
309 2240 576 2279 concupiscentia,
592 2251 628 2271 ac
643 2241 852 2282 subintellige,
868 2249 904 2273 ut
919 2243 1065 2282 pervium
1081 2250 1137 2282 est,
1149 2244 1265 2284 finem.

263 2282 393 2313 Generis
413 2283 539 2315 alterius
562 2285 748 2324 lectionum,
773 2296 852 2326 quas
878 2297 1008 2327 prorsus
1029 2287 1155 2318 inutiles
1171 2288 1267 2328 Capi-

195 2337 308 2357 succus
331 2327 435 2368 habet,
460 2329 537 2367 duo,
562 2340 643 2370 quae
668 2338 855 2371 sequuntur,
881 2331 1025 2371 exempla
1048 2331 1164 2372 accipe.
1191 2333 1202 2362 1
1222 2343 1267 2373 p.,

195 2381 227 2411 q.
247 2381 338 2410 wa,
362 2378 418 2402 art.
442 2382 455 2403 1
479 2381 517 2403 c.:
538 2374 628 2405 Nihil
645 2379 751 2414 potest
777 2381 914 2415 praeter
935 2376 1040 2406 Deum
1066 2376 1107 2406 ab
1135 2382 1268 2408 aeterno

185 2414 310 2456 fuisse:
333 2422 362 2446 et
385 2426 416 2456 q.
436 2428 466 2455 L,
487 2424 542 2448 art.
562 2428 582 2448 v
601 2419 641 2448 ad
663 2419 691 2449 3:
716 2418 832 2450 Omnia
856 2420 1039 2451 deciderent
1062 2421 1094 2451 in
1119 2422 1264 2459 nihilum,

198 2460 261 2489 nisi
284 2461 526 2492 continerentur
548 2472 569 2492 a
591 2463 670 2493 Deo.
696 2463 785 2494 Loco
802 2464 907 2504 priore
922 2464 1017 2494 aliam
1032 2465 1207 2496 Lucarinus
1223 2466 1267 2496 le-

198 2502 337 2534 ctionem
359 2503 456 2543 affert,
482 2506 561 2536 nihil
585 2512 708 2546 oportet
728 2513 863 2547 praeter
885 2509 990 2539 Deum
1016 2516 1046 2540 et
1069 2510 1142 2540 loco
1157 2510 1267 2549 altero,

199 2548 261 2578 nisi
283 2555 555 2581 conservarentur
577 2561 597 2581 a
615 2551 694 2582 Deo.
711 2551 838 2583 Nullius
854 2563 970 2593 nempe
986 2554 1143 2585 momenti
1159 2555 1267 2586 obtru-

197 2591 243 2622 dit
265 2591 426 2625 lectiones.

569 2719 780 2758 CAPUT
815 2722 895 2758 111.

194 2823 410 2849 Accuratissimae
428 2824 553 2849 editiones
572 2824 709 2850 Patavinae
728 2826 807 2850 duae:
827 2834 895 2859 quae
915 2826 1026 2851 invicem
1045 2832 1226 2860 comparantur
1244 2832 1270 2852 et

266 2859 452 2892 expenduntur.
473 2860 669 2885 Emendatiores
688 2861 769 2886 curari
789 2861 872 2886 adhuc
891 2867 1010 2895 possunt.
1031 2862 1195 2887 Novissime
1213 2870 1268 2887 cor-

265 2895 392 2920 rectiones
411 2895 530 2921 Thomae
548 2896 697 2921 Madalenae
716 2896 821 2922 Ordinis
844 2897 1061 2929 praedicatorum,
1076 2905 1136 2923 cum
1155 2898 1269 2923 animad-

265 2930 437 2956 versionibus.

200 3039 222 3069 1.
315 3037 437 3068 atavina
455 3038 597 3079 sequitur
611 3039 708 3070 editio
725 3049 806 3080 quae
825 3049 912 3070 anno
925 3038 1013 3081 1698
1025 3039 1142 3080 prodiit
1161 3050 1203 3071 ex
1217 3046 1269 3082 tr-

309 3083 494 3123 pographia
518 3082 702 3121 Seminarii,
722 3084 865 3125 quinque
888 3083 1106 3115 voluminibus
1125 3094 1268 3125 compre-

200 3127 298 3158 hensa
320 3126 352 3156 in
377 3126 464 3157 folio.
496 3127 531 3157 ln
554 3127 748 3167 praefatione
772 3128 812 3158 ad
834 3128 986 3159 lectorem
1017 3128 1094 3159 haec
1121 3135 1195 3160 sunt
1222 3136 1268 3170 ty-

199 3170 355 3213 pographi
378 3170 518 3201 monita:
551 3182 576 3202 1.
603 3172 704 3203 Multa
732 3172 921 3213 exemplaria
944 3172 1124 3213 diligentius
1156 3173 1270 3205 collata

200 3227 277 3255 esse,
302 3221 338 3247 ut
360 3225 441 3255 quae
465 3215 497 3245 in
517 3215 646 3255 singulis
670 3216 809 3257 dispersa
831 3223 1029 3247 venustatem
1047 3217 1188 3258 aliquam
1207 3217 1269 3248 sin-

199 3261 281 3301 gulis
305 3258 496 3291 editionibus
519 3259 677 3297 afferrent,
707 3271 742 3290 ea
766 3261 798 3291 in
822 3261 903 3291 hanc
926 3261 1022 3292 simul
1046 3261 1176 3292 collecta
1199 3262 1269 3292 uni-

198 3315 297 3343 versa,
313 3305 400 3335 illam
420 3314 493 3344 prae
515 3304 641 3334 caeteris
660 3304 863 3335 illustriorem
881 3305 1045 3336 redderent
1063 3312 1157 3346 atque
1177 3315 1268 3336 orna-

200 3349 328 3380 tiorem:
346 3358 376 3379 2.
387 3348 530 3379 Tantum
544 3348 577 3378 in
592 3348 748 3379 erroribus
766 3349 957 3389 corrigendis
972 3359 1086 3390 operae
1101 3360 1136 3380 ac
1151 3350 1267 3381 laboris

199 3393 351 3433 positum,
375 3399 532 3433 quantum
556 3393 594 3423 ab
618 3392 749 3423 homine
773 3403 855 3424 navo
875 3400 969 3434 atque
993 3394 1147 3425 industrio
1167 3393 1267 3425 afferri

199 3444 320 3477 potest:
346 3437 513 3478 multoque
546 3443 627 3467 certe
659 3437 692 3467 in
725 3437 782 3468 hac
806 3437 944 3468 editione
968 3438 1074 3469 futura
1102 3438 1267 3479 pauciora,

199 3491 280 3521 quae
303 3481 414 3521 corrigi
439 3481 582 3519 debeant,
598 3491 696 3522 quarn
712 3481 744 3512 in
769 3481 932 3523 quibusvis
952 3482 1001 3513 vel
1018 3482 1188 3523 peregrinis
1202 3483 1267 3513 edi—

200 3525 355 3555 tionibus:
380 3535 483 3566 neque
502 3532 608 3556 tamen
625 3526 734 3556 omnia
753 3526 891 3557 sublata:
911 3527 939 3557 3.
957 3526 1168 3558 Summorum
1184 3527 1267 3558 Pon-

200 3567 336 3607 tificum,
361 3569 599 3607 Conciliorum‚
624 3577 806 3601 sanctorum
837 3571 966 3601 Patrum
990 3571 1190 3612 aliorumque
1215 3572 1266 3602 de-

201 3611 296 3653 nique
322 3613 512 3653 scriptorum
543 3614 692 3644 omnium
723 3614 926 3653 testimonia,
956 3624 1097 3655 quorum
1129 3615 1266 3656 plurima

942 259 1401 297 DISSERTATIONES
1431 260 1679 298 CRITICAE

1334 339 1496 369 mendosis
1528 340 1568 370 ad
1600 341 1776 381 marginem
1807 342 1891 373 notis
1919 342 1952 372 in
1983 343 2133 377 omnibus
2166 344 2405 384 propemodum

1335 382 1525 414 editionibus
1554 384 1756 424 legebantur,
1785 386 1825 416 ad
1849 397 1924 417 suos
1948 387 2052 417 fontes
2076 395 2238 426 revocata,
2261 388 2405 419 laborem

1333 426 1367 456 in
1395 434 1534 467 quatuor
1561 428 1697 459 maxime
1720 436 1794 469 post
1821 430 1962 470 primum
1989 432 2207 462 voluminibus
2240 432 2405 463 alleviante

1335 471 1461 501 Ioannis
1484 472 1607 502 Nicolai
1631 472 1801 513 diligentia.
1829 474 1920 511 Quae
1944 475 2068 506 disserit
2091 477 2327 517 typographus,
2354 486 2405 507 ac-

1333 515 1527 546 curatissime
1551 517 1696 556 praestita
1720 517 1816 548 fuisse
1839 518 2028 550 inficiabitur
2050 530 2158 559 nemo,
2178 521 2231 562 qui
2252 521 2334 551 hanc
2358 530 2405 551 se-

1332 559 1408 589 dula
1430 570 1527 590 manu
1554 561 1730 592 tractaverit
1755 571 1790 592 ac
1813 563 1938 593 attentis
1961 563 2138 595 lustraverit
2162 565 2263 595 oculis
2288 575 2403 605 expen-

1332 603 1474 644 deritque
1493 604 1682 635 editionem:
1698 615 1796 646 quam
1815 616 1921 637 revera
1939 607 2094 638 illustrem
2113 616 2321 650 ornatamque
2336 609 2402 639 red-

1332 647 1480 678 diderunt
1510 649 1651 679 Patavini
1679 650 1833 688 editores,
1857 651 2014 690 germanis
2045 662 2064 682 a
2092 653 2258 684 Francisco
2292 653 2403 684 Garcia

1331 691 1480 722 restitutis
1502 692 1690 724 lectionibus
1711 694 1858 725 adhibitis
1879 695 2064 736 collatisque
2081 697 2212 727 vetustis
2236 707 2272 728 ac
2295 707 2402 728 recen-

1330 735 1414 765 tibus
1437 735 1661 776 insignioribus
1685 737 1774 768 editis
1798 739 2039 779 exemplaribus,
2058 740 2270 782 locorumque
2292 741 2401 772 indici-

1330 779 1389 809 bus
1414 777 1593 821 (quantum
1617 781 1735 821 patitur
1757 782 1898 813 humana
1928 783 2110 826 diligentia)
2134 786 2174 815 ad
2198 795 2273 816 suos
2297 786 2401 816 fontes

1330 824 1491 854 revocatis.
1516 824 1549 855 Si
1573 834 1654 865 quae
1677 825 1780 855 variae
1803 828 2009 858 occurrebant
2031 828 2199 867 lectiones,
2225 829 2288 859 divi
2312 830 2400 860 Tho-

1329 877 1400 897 mae
1423 868 1522 898 menti
1546 878 1582 899 ac
1605 869 1765 899 doctrinae
1789 870 1949 901 contextui
1973 880 2151 910 consonae;
2181 883 2253 903 earn
2275 874 2401 904 retineri

1328 911 1361 941 in
1385 918 1470 943 textu
1493 912 1600 943 visum
1623 919 1680 951 est,
1699 923 1781 953 quae
1798 914 2036 945 convenientior
2051 916 2248 947 credebatur:
2265 917 2299 948 in
2318 928 2401 948 mar-

1328 956 1435 995 ginem
1459 956 1519 987 alia
1538 957 1600 987 alio
1626 957 1800 988 charactere
1817 958 1930 989 reiecta
1945 965 2000 989 est.
2022 959 2055 989 Si
2074 970 2156 1000 quae
2175 960 2307 991 demum
2325 971 2400 1001 sup-

1328 1000 1406 1040 pleri
1429 1001 1601 1042 aliquando
1625 1001 1787 1041 oportuit,
1807 1012 1889 1043 quae
1918 1003 2190 1042 desiderabantur;
2213 1004 2291 1035 haec
2318 1011 2415 1045 aste--

1328 1046 1412 1075 risco
1440 1045 1490 1075 vel
1522 1046 1676 1076 cruculae
1708 1045 1799 1086 signo
1833 1047 1982 1078 adnotata
2014 1054 2108 1086 sunt,
2138 1055 2175 1079 ut
2202 1058 2220 1078 a
2247 1058 2400 1089 germano

1328 1089 1426 1120 sancti
1455 1089 1603 1120 Doctoris
1636 1096 1721 1120 textu
1754 1100 1977 1132 quaecumque
2009 1091 2275 1132 distinguerentur
2306 1094 2400 1125 adsu-

1328 1140 1453 1164 menta:
1478 1134 1538 1164 alia
1561 1135 1704 1173 demum,
1729 1141 1841 1174 utpote
1864 1135 2034 1175 superflua,
2059 1137 2287 1176 praetermissa.

1402 1178 1520 1217 Iterum
1551 1178 1670 1209 Patavii
1703 1179 1787 1220 typis
1820 1179 1963 1210 eiusdem
1995 1180 2160 1211 Seminarii
2193 1191 2279 1212 anno
2316 1191 2398 1223 1712

1327 1222 1444 1262 prodiit
1459 1223 1651 1264 Theologica
1665 1223 1810 1261 Summa,
1825 1223 1859 1254 in
1870 1224 2044 1255 ⁴duodecim
2059 1225 2223 1256 distributa
2234 1226 2401 1256 volumina

1326 1266 1359 1296 in
1388 1277 1436 1297 12.
1454 1267 1542 1305 Quid
1560 1277 1674 1307 operae
1691 1277 1726 1298 ac
1742 1268 1914 1298 industriae
1938 1269 2084 1299 secundis
2108 1269 2190 1300 curis
2213 1270 2401 1310 praestitum

1326 1310 1431 1349 fuerit,
1455 1311 1673 1352 typographus
1690 1318 1807 1342 narrat:
1830 1323 1856 1343 1.
1872 1313 1924 1343 Ad
1940 1312 2101 1344 internum
2125 1313 2262 1344 nitorem
2285 1314 2399 1355 Operis

1326 1355 1416 1395 quod
1448 1356 1558 1386 attinet
1581 1366 1616 1386 ac
1639 1356 1886 1396 perfectionem,
1907 1367 1965 1387 nec
1997 1357 2128 1388 antehac
2151 1357 2184 1388 in
2207 1358 2313 1398 priore
2344 1369 2399 1389 an-

1326 1399 1358 1429 ni
1380 1399 1461 1439 1698
1479 1400 1618 1430 editione
1635 1400 1796 1439 Patavina,
1813 1411 1871 1432 nec
1894 1402 1933 1432 ab
1951 1401 2020 1432 aliis
2037 1412 2181 1442 unquam
2197 1403 2270 1443 plus
2284 1413 2400 1443 operae

1326 1453 1362 1473 ac
1381 1444 1476 1474 studii
1500 1444 1714 1475 emendationi
1743 1445 1810 1475 eius
1829 1445 2000 1476 tributum:
2021 1456 2050 1476 2.
2067 1446 2198 1476 Nullam
2220 1457 2287 1477 non
2310 1447 2399 1478 adhi-

1325 1487 1425 1517 bitam
1448 1488 1654 1527 diligentiam,
1678 1495 1715 1519 ut
1737 1499 1804 1519 non
1827 1490 1921 1520 verba
1944 1491 2044 1521 modo
2073 1490 2137 1521 divi
2160 1490 2318 1530 Thomae,
2343 1491 2400 1522 sed

1325 1531 1394 1571 ipsa
1417 1531 1470 1562 illa
1500 1541 1556 1572 per
1586 1532 1697 1563 divum
1728 1533 1892 1563 Thomam
1925 1534 2053 1565 aliunde
2085 1535 2202 1574 accita,
2225 1534 2299 1566 fidei
2322 1545 2400 1566 suae

1325 1575 1577 1606 restituerentur:
1601 1577 1629 1607 3.
1648 1577 1683 1606 Id
1706 1586 1803 1616 porro
1826 1578 1963 1608 maxime
1991 1585 2193 1618 accuratum,
2217 1586 2254 1610 ut
2276 1580 2400 1620 optima

1325 1626 1356 1650 et
1379 1620 1600 1660 probatissima
1619 1620 1738 1661 ubique
1753 1621 1847 1652 lectio
1863 1622 2063 1653 retineretur:
2081 1629 2152 1653 tum
2170 1623 2196 1653 si
2219 1633 2283 1664 qua
2301 1624 2399 1654 dubia

1324 1664 1391 1694 visa
1424 1671 1489 1702 est,
1514 1665 1681 1695 adderetur
1708 1665 1819 1696 altera:
1845 1673 2065 1707 caeteraeque,
2094 1667 2180 1697 unde
2212 1667 2320 1698 nullus
2352 1674 2400 1699 est

1324 1718 1412 1747 usus,
1429 1709 1564 1739 omnino
1581 1709 1794 1740 reiicerentur:
1810 1719 1842 1749 4.
1863 1710 1962 1751 quue
1981 1720 2048 1740 non
2064 1721 2123 1751 pro
2142 1711 2236 1751 genio
2255 1711 2399 1751 ingenio-

1324 1763 1387 1793 que
1416 1763 1435 1783 a
1457 1753 1614 1783 Patavinis
1644 1753 1816 1784 editoribus
1844 1754 2051 1794 praestitum,
2075 1755 2131 1786 sed
2163 1755 2243 1786 inito
2267 1756 2400 1796 diligen-

1324 1797 1403 1828 tiore
1426 1804 1627 1828 vetustorum
1650 1798 1879 1838 exemplarium
1902 1799 2045 1830 examine
2069 1800 2286 1841 consultisque
2308 1810 2399 1841 prae-

1324 1841 1591 1872 stantissimorum
1609 1841 1752 1872 virorum
1774 1842 2064 1882 lucubrationibus,
2087 1854 2166 1884 quas
2186 1844 2284 1875 editas
2303 1844 2343 1875 ad
2365 1844 2400 1876 id

1323 1885 1559 1926 perficiundum
1583 1886 1785 1917 correctionis
1809 1896 1892 1926 opus
1910 1887 1974 1917 iarn
1991 1888 2251 1919 memoravimus.
2268 1889 2399 1919 Maioris

1324 1930 1480 1961 adhibitae
1503 1930 1536 1960 in
1559 1930 1618 1961 hac
1635 1930 1773 1962 editione
1797 1941 1815 1961 a
1835 1931 1993 1962 Patavinis
2012 1932 2191 1972 diligentiae
2207 1942 2308 1973 pauca
2324 1932 2399 1964 satis

1324 1974 1441 2005 fuerint
1459 1975 1612 2015 exempla.
1634 1975 1645 2005 1
1662 1985 1705 2015 p.,
1723 1985 1777 2016 qu.
1794 1985 1825 2013 v,
1842 1982 1898 2006 art.
1916 1986 1936 2006 v
1958 1985 1985 2007 c.
2011 1975 2108 2007 editio
2128 1976 2215 2016 prior
2230 1977 2274 2007 sic
2292 1977 2397 2008 habet:

1322 2018 1375 2049 Ad
1396 2019 1456 2049 hoc
1477 2019 1564 2059 quod
1585 2019 1709 2059 aliquid
1730 2020 1773 2050 sit
1789 2019 1973 2060 perfectum
1997 2025 2028 2051 et
2050 2021 2179 2058 bonum,
2200 2030 2328 2052 necesse
2351 2027 2399 2052 est

1322 2063 1408 2103 quod
1420 2062 1569 2103 formam
1593 2063 1709 2094 habeat
1731 2069 1762 2094 et
1783 2073 1867 2104 quae
1890 2070 2130 2105 consequuntur
2155 2065 2199 2096 ad
2230 2066 2342 2098 istam:
2366 2072 2400 2097 at

1323 2107 1479 2148 posterior
1502 2112 1532 2138 et
1555 2117 1592 2138 ea
1615 2117 1699 2148 quae
1715 2109 1959 2148 praeexistunt,
1981 2114 2011 2139 et
2029 2118 2068 2139 ea
2090 2118 2175 2149 quae
2197 2119 2398 2150 consequun-

1322 2157 1378 2182 tur
1399 2152 1444 2182 ad
1473 2153 1566 2182 istam
1577 2159 1590 2189 ,·
1618 2158 1654 2183 ut
1681 2151 1714 2182 in
1747 2151 1886 2183 editione
1919 2152 2063 2192 Gregorii
2091 2152 2209 2184 Donati
2233 2163 2271 2184 ac
2296 2154 2399 2185 Lova-

1322 2196 1483 2227 niensium
1506 2196 1733 2236 theologorum
1756 2203 1787 2227 et
1811 2196 2037 2227 Duacensium.
2055 2197 2095 2234 Q.
2112 2207 2169 2236 xv,
2186 2204 2243 2228 art.
2273 2208 2283 2228 1
2313 2207 2340 2229 c.
2365 2197 2400 2229 in

1322 2240 1426 2281 priore
1450 2240 1588 2271 editione
1612 2241 1758 2272 Mundus
1769 2240 1885 2281 factus
1909 2241 2022 2272 dicitur
2044 2251 2065 2272 a
2088 2241 2159 2272 Deo
2181 2251 2246 2282 per
2274 2242 2399 2274 intelle-

1322 2290 1407 2315 ctum
1436 2290 1606 2326 agentem:
1627 2285 1661 2315 in
1685 2286 1780 2316 altera
1803 2295 1824 2316 a
1852 2286 1923 2316 Deo
1949 2295 2014 2326 per
2045 2286 2240 2317 intellectum
2269 2291 2398 2328 agente.

1323 2329 1363 2366 Q.
1381 2339 1469 2367 xnvr,
1497 2336 1552 2360 art.
1580 2340 1602 2359 11
1630 2330 1670 2360 ad
1689 2340 1699 2360 1
1722 2329 1755 2360 in
1774 2329 1845 2360 illa:
1876 2330 1951 2360 Non
1975 2331 2059 2360 enim
2089 2330 2244 2361 mundum
2275 2335 2400 2371 tempus

1324 2373 1435 2404 volunt
1458 2374 1595 2404 habere:
1617 2374 1650 2404 in
1678 2374 1756 2411 ista,
1781 2383 1844 2405 non
1869 2375 1953 2405 enim
1977 2374 2132 2405 mundum
2157 2376 2309 2415 temporis
2324 2373 2398 2418 (ini-

1323 2417 1405 2448 tium
1424 2416 1555 2461 scilicet)
1575 2419 1687 2449 volunt
1709 2418 1844 2456 habere,
1862 2425 1898 2449 ut
1917 2419 2003 2458 apud
2026 2418 2244 2459 Augustinum
2258 2419 2340 2450 libro
2353 2419 2398 2451 xl

1323 2462 1371 2493 De
1395 2462 1518 2493 civitate
1546 2462 1622 2501 Dei,
1646 2462 1747 2503 capite
1771 2473 1811 2493 1v.
1840 2462 1902 2494 Sed
1925 2462 1984 2493 hac
2016 2463 2174 2503 praeclara
2201 2463 2234 2494 in
2258 2463 2398 2495 editione

1323 2506 1394 2547 quis
1422 2516 1513 2546 aegre
1544 2517 1610 2537 non
1634 2507 1712 2538 ferat
1743 2508 1914 2544 cruculas,
1941 2507 2095 2544 tineolas,
2123 2509 2315 2545 asteriscos,
2340 2507 2397 2539 ubi

1323 2551 1544 2591 supplementa
1559 2558 1739 2589 occurrunt,
1750 2551 1987 2592 praetermissos
2003 2550 2110 2589 fuisse,
2126 2558 2162 2582 ut
2178 2552 2205 2582 1·
2220 2552 2286 2590 11¹0,
2297 2562 2328 2594 q.
2339 2561 2397 2591 cu,

1323 2602 1379 2626 art.
1400 2605 1431 2625 v¹
1451 2596 1491 2625 ad
1518 2605 1565 2626 10.
1596 2596 1672 2633 Quo
1695 2596 1768 2627 loco
1801 2596 1953 2626 admonet
1984 2595 2177 2635 Seraphinus
2206 2595 2355 2637 Capponi
2378 2606 2398 2627 a

1323 2639 1470 2670 Porrecta
1493 2639 1687 2670 solutionem
1711 2640 1798 2670 illam
1825 2640 1865 2670 ad
1884 2646 2109 2679 argumentum
2126 2640 2297 2678 decimum,
2313 2649 2398 2681 quae

1323 2693 1344 2713 a
1359 2689 1471 2714 sancto
1485 2684 1626 2714 Doctore
1644 2684 1720 2714 data
1736 2683 1866 2723 fuerat,
1883 2684 2084 2724 negligentia
2099 2684 2330 2715 nonnullorum
2345 2694 2396 2715 ex-

1324 2726 1454 2757 cidisse:
1474 2734 1506 2757 at
1529 2727 1627 2757 dubio
1661 2727 1773 2767 procul
1805 2737 1887 2767 quae
1919 2727 2020 2758 modo
2043 2727 2174 2767 legitur,
2198 2737 2266 2758 non
2288 2727 2397 2768 ipsum

1323 2771 1528 2811 Aquinatem,
1544 2771 1599 2801 sed
1622 2771 1769 2802 Garciam
1787 2778 1819 2802 et
1831 2771 1997 2802 Donatum
2020 2778 2163 2802 auctores
2185 2771 2296 2810 habet;
2311 2773 2397 2803 unde

1324 2816 1477 2845 asterisco
1500 2821 1555 2845 aut
1573 2815 1699 2846 lineolis
1721 2814 1920 2855 insignienda
1942 2815 2060 2854 fuerat,
2083 2825 2124 2846 ne
2154 2825 2213 2856 pro
2243 2826 2395 2856 germano

1325 2858 1388 2889 divi
1411 2859 1559 2890 Thomae
1582 2866 1667 2890 textu
1691 2859 1892 2899 acciperetur.

1391 2903 1428 2934 11.
1452 2904 1564 2944 Neque
1596 2910 1702 2934 tamen
1729 2903 1763 2934 in
1791 2903 1839 2934 his
1867 2902 2024 2934 Patavinis
2057 2903 2248 2934 editionibus
2275 2903 2396 2936 inficias

1324 2947 1484 2985 iverimus,
1508 2947 1611 2978 adhuc
1635 2947 1740 2988 aliqua
1754 2954 1872 2978 exstare
1895 2948 2021 2985 menda,
2037 2958 2119 2988 quae
2143 2948 2395 2988 diligentioribus

1325 2992 1406 3023 curis
1430 2992 1617 3032 detergenda
1641 2991 1752 3023 forent.
1775 2992 1998 3032 Sphalmatum
2020 2992 2227 3031 huiusmodi,
2252 3002 2291 3023 ne
2314 2993 2395 3025 velle

1323 3037 1488 3067 videamur
1503 3035 1614 3067 fucum
1630 3036 1740 3074 facere,
1765 3036 1869 3076 accipe
1886 3036 2038 3076 exempla.
2059 3036 2101 3067 11·
2116 3037 2181 3075 11⁸0,
2198 3047 2229 3078 q.
2244 3046 2281 3074 11,
2296 3043 2352 3068 art.
2369 3046 2395 3069 n

1324 3081 1364 3112 ad
1389 3091 1407 3112 2
1432 3081 1508 3111 haec
1530 3080 1686 3112 habentur
1708 3081 1741 3111 in
1773 3080 1911 3111 editione
1943 3080 2092 3111 Patavina
2116 3080 2172 3112 fol.
2196 3081 2271 3112 anni
2295 3081 2393 3122 1698:

1328 3140 1343 3154 ι
1362 3125 1454 3156 Unde
1478 3125 1545 3156 Leo
1573 3125 1658 3165 Papa
1685 3124 1717 3155 in
1741 3126 1880 3166 quadam
1908 3125 2041 3165 epistola
2065 3125 2104 3156 ad
2127 3125 2299 3156 Procerum
2323 3124 2392 3169 (al.

1326 3182 1341 3198 »
1360 3167 1552 3211 Proterium)
1569 3169 1767 3210 Episcopum
1785 3169 2034 3200 Alexandrinum
2054 3169 2145 3200 dicit:
2164 3169 2260 3207 Quod
2273 3170 2395 3201 inivnici

1325 3226 1340 3242 ›
1362 3214 1478 3245 Crucis
1503 3213 1623 3244 Christi
1646 3221 1704 3244 etc.
1724 3226 1738 3241 »
1762 3213 1795 3244 In
1819 3213 1879 3244 alia
1895 3213 2033 3244 editione
2055 3213 2130 3244 anni
2159 3223 2241 3255 ¹7¹²
2261 3213 2294 3244 in
2311 3213 2330 3244 8
2348 3213 2392 3245 le-

1323 3259 1443 3299 gimus:
1473 3271 1488 3286 «
1511 3258 1603 3288 Unde
1627 3258 1693 3288 Leo
1717 3258 1802 3298 Papa
1829 3258 1862 3288 in
1891 3259 2030 3298 quadam
2053 3258 2187 3299 epistola
2218 3258 2259 3288 ad
2285 3258 2393 3289 Prote·

1325 3315 1340 3330 ι
1360 3303 1444 3334 rium
1466 3302 1665 3343 Episcopum
1681 3302 1930 3333 Alexandrinum
1947 3301 2047 3343 (quae
2071 3303 2205 3343 epistola
2221 3311 2308 3334 nunc
2327 3311 2392 3333 non

1326 3360 1341 3375 ι
1361 3346 1466 3389 extat)
1486 3346 1577 3377 dicit:
1602 3347 1700 3384 Quod
1720 3348 1840 3377 inimici
1858 3346 1974 3378 Crucis
1991 3347 2112 3378 Christi
2134 3353 2216 3378 etc.»
2242 3346 2313 3377 Vox
2326 3345 2392 3384 illa,

1322 3392 1518 3429 Procerum,
1553 3397 1664 3431 utpote
1692 3397 1859 3431 corrupta,
1893 3391 2027 3422 omnino
2060 3390 2242 3422 reiicienda:
2273 3389 2391 3420 Leonis

1323 3446 1398 3466 vero
1426 3435 1533 3475 Magni
1566 3435 1698 3476 epistola
1726 3435 1766 3466 ad
1794 3435 1886 3466 illum
1914 3435 2164 3466 Alexandrinum
2191 3433 2392 3475 Episcopum

1323 3481 1405 3518 data,
1425 3490 1589 3520 perperam
1606 3479 1720 3511 dicitur
1736 3489 1822 3511 nunc
1845 3489 1908 3510 non
1932 3485 2056 3516 extare,
2073 3489 2148 3510 cum
2167 3488 2237 3509 eam
2255 3483 2303 3508 tot
2319 3484 2391 3508 ante

1322 3534 1423 3555 annos
1439 3535 1475 3555 ex
1491 3524 1605 3564 insigni
1622 3524 1730 3555 codice
1747 3523 1907 3554 Dominici
1923 3523 2066 3555 Grimani
2082 3521 2275 3553 Patriarchae
2291 3522 2390 3562 Aqui-

1321 3569 1445 3600 leiensis
1469 3575 1500 3599 et
1522 3569 1553 3599 S.
1577 3569 1614 3599 R.
1638 3568 1674 3599 E.
1699 3567 1874 3599 Cardinalis
1900 3568 1984 3609 typis
2007 3565 2180 3606 vulgaverit
2207 3565 2390 3597 Paschasius

1321 3613 1534 3651 Quesnellius.
1558 3612 1662 3643 Allata
1685 3612 1723 3642 ab
1746 3612 1906 3653 Aquinate
1928 3611 2023 3642 verba
2045 3610 2200 3641 habentur
2228 3609 2328 3650 capite
2351 3619 2389 3642 11.
