2548 4192
203 260 284 286 CXIV

202 329 277 369 gnis
291 327 411 364 audivi,
421 326 525 367 quod
515 336 580 366 ipse
593 326 756 366 scripserit
765 334 863 365 super
876 335 985 355 omnes
994 325 1156 364 Epistolas
1169 324 1274 354 Pauli.

204 371 498 402 Commentationes
513 371 658 400 Thomae
673 369 835 409 intellige'
827 379 859 398 m
876 379 987 398 omnes
1001 368 1090 398 Pauli
1104 368 1273 407 Epistolas,

202 416 253 446 vel
276 416 314 446 ab
338 415 408 455 ipso
439 424 544 445 revera
568 414 714 454 scriptas,
745 413 795 443 vel
824 423 841 443 e
865 419 1013 452 suggestu
1043 412 1171 442 dictatas
1203 418 1234 442 et
1257 422 1275 442 a

202 460 377 500 Reginaldo
402 459 488 489 socio
513 465 664 498 exceptas,

271 505 346 541 Quo
370 513 462 533 sensu
487 512 542 553 par
566 509 611 532 est
634 501 805 540 intelligere
828 500 1010 539 Pignonum
1035 506 1065 530 et
1084 500 1273 531 Valleoleta-

203 559 293 587 num,
312 548 367 589 qui
386 548 550 587 scripsisse
568 546 729 576 Thomam
744 555 842 584 super
866 554 975 574 omnes
995 545 1159 584 Epistolas
1177 545 1274 575 Pauli

204 593 316 623 dixere.
342 593 376 621 In
399 591 436 621 iis
460 600 554 630 porro
579 589 716 620 Paulinis
740 588 891 628 Epistolis
923 588 1137 628 explanandis,
1163 589 1271 619 divino

202 637 323 667 lumine
353 642 496 665 sanctum
520 635 692 664 Doctorem
723 633 894 684 aliquando
924 633 1144 663 collustratum
1175 633 1271 663 fuisse

202 681 294 712 tradit
317 679 506 710 Guillelmus
530 679 568 708 de
591 678 700 708 Tocco
732 678 764 707 in
795 677 862 707 eius
886 676 958 707 Vita
986 677 1058 707 loco
1092 677 1205 708 citato:
1229 678 1269 708 In

201 734 337 766 quarum
357 723 574 763 Expositione,
600 722 765 762 inquiens,
789 721 925 751 Parisiis
949 722 1099 752 visionem
1123 721 1272 762 praefati

200 768 343 809 Apostoli
365 768 482 798 dicitur
500 767 655 797 habuisse.
676 766 765 796 Paria
780 772 854 796 sunt
876 775 957 806 quae
977 765 1099 805 scripsit
1112 766 1270 796 Valleole-

201 819 308 844 tanus:
329 812 432 851 Super
451 821 532 851 quas
546 811 707 851 Epistolas
726 821 796 841 cum
812 810 947 841 Parisiis
961 811 1113 841 scriberet
1132 815 1163 840 et
1180 811 1269 861 quid-

200 867 294 898 quam
318 856 377 886 sibi
399 855 564 885 obscurius
588 855 792 892 occurrebat,
819 856 943 885 omissis
965 855 1210 894 scriptionibus,
1237 856 1269 885 in

200 902 345 932 oratione
358 909 392 930 se
404 899 639 939 prosternebat,
661 905 691 930 et
710 905 787 930 tunc
805 899 930 929 clarum
951 900 1000 929 illi
1023 905 1094 929 erat
1116 900 1200 939 quod
1219 900 1269 930 ob-

199 955 328 976 scurum
353 949 459 974 antea.
481 944 647 975 Visionem
668 944 841 984 quamdam
861 943 897 974 fr.
913 943 1002 974 Pauli
1018 944 1055 974 de
1070 943 1197 984 Aquila,
1213 944 1270 974 viri

200 999 331 1029 magnae
346 988 509 1028 probitatis
525 995 555 1019 et
569 988 681 1026 famae,
698 998 779 1029 quae
803 998 870 1018 rem
893 988 973 1018 hanc
989 987 1164 1026 confirmat,
1181 988 1270 1019 Guil-

199 1035 313 1064 lelmus
337 1033 375 1062 de
405 1033 515 1063 Tocco
545 1032 637 1063 refert
655 1033 687 1062 in
711 1032 784 1063 Vita
806 1032 896 1062 citata
921 1032 1020 1072 capite
1042 1043 1080 1071 x,
1105 1043 1194 1063 num.
1216 1033 1269 1071 61,

199 1079 285 1118 apud
314 1076 460 1107 Bollandi
489 1077 745 1108 Continuatores.
771 1077 846 1116 Ipso
870 1075 1026 1119 (Thoma)
1051 1078 1214 1117 migrante
1237 1079 1269 1107 in

198 1124 383 1153 Fossanova
408 1119 571 1163 (extremis
594 1121 675 1151 vitae
700 1119 829 1163 diebus)
848 1121 903 1161 fr.
926 1122 1048 1152 Paulus
1073 1121 1112 1151 de
1130 1122 1269 1162 Aquila,

199 1169 250 1198 vir
268 1175 408 1207 magnae
422 1167 592 1206 probitatis
606 1171 636 1196 et
649 1165 778 1206 famae,
796 1167 936 1196 existens
955 1168 988 1196 in
1010 1171 1166 1196 conventu
1184 1167 1270 1196 Nea-

193 1212 351 1252 politano,
369 1210 446 1241 vidit
465 1212 497 1240 in
519 1211 638 1241 visione
658 1211 855 1251 imaginaria
874 1211 1077 1250 praedictum
1097 1211 1268 1241 Doctorem

199 1258 231 1286 in
262 1255 378 1286 scholis
409 1255 566 1296 legentem
597 1255 735 1294 Neapoli
765 1264 874 1285 coram
906 1255 1110 1285 multitudine
1143 1256 1269 1295 copiosa

198 1301 391 1331 scholarium
418 1305 447 1330 et
471 1300 596 1329 beatum
616 1299 753 1329 Paulum
774 1300 843 1329 eius
861 1299 986 1330 scholas
1004 1300 1176 1329 intrantem
1197 1309 1268 1330 cum

197 1346 347 1375 societate
369 1342 572 1374 Sanctorum.
596 1343 658 1373 Cui
683 1353 753 1374 cum
774 1343 891 1374 Lector
908 1344 948 1373 de
966 1343 1119 1374 cathedra
1139 1344 1269 1374 descen-

198 1390 276 1420 dens
300 1390 394 1420 vellet
416 1398 604 1425 occurrere,
629 1388 780 1427 Apostolo
804 1389 834 1417 ei
857 1389 1010 1418 innuente
1038 1387 1124 1428 quod
1146 1388 1270 1429 legeret

198 1439 228 1464 et
250 1434 334 1473 quod
359 1438 611 1474 prosequeretur
640 1442 735 1472 quam
768 1437 915 1471 coeperat
937 1433 1122 1469 lectionem,
1147 1432 1270 1462 Doctor

198 1479 327 1519 rogavit
349 1478 554 1518 Apostolum,
580 1482 615 1507 ut
638 1478 667 1506 ei
689 1476 824 1513 diceret,
849 1477 878 1506 si
905 1476 1066 1506 habuisset
1094 1485 1204 1506 verum
1228 1477 1269 1507 de

197 1524 266 1553 suis
287 1522 439 1562 Epistolis
470 1522 662 1551 intellectum
670 1528 684 1558 ;
705 1521 761 1560 qui
790 1520 972 1560 respondit:
994 1521 1097 1557 Bene,
1121 1521 1204 1551 sicut
1234 1522 1266 1551 in

197 1567 258 1597 hac
281 1567 345 1597 vita
369 1567 461 1596 homo
485 1567 594 1596 vivens
624 1566 656 1596 in
689 1574 822 1604 corpore
846 1570 953 1604 potest
974 1566 1059 1595 scire
1086 1570 1144 1595 etc,
1169 1565 1266 1603 Loca,

195 1618 251 1641 aut
274 1611 409 1648 scholae,
434 1617 488 1640 aut
511 1610 603 1639 urbes
626 1609 699 1639 hinc
723 1608 796 1639 satis
820 1608 1033 1647 innotescunt,
1058 1608 1113 1638 ubi
1138 1619 1209 1639 suas
1233 1609 1266 1639 in

193 1655 351 1695 Epistolas
374 1654 463 1684 Pauli
487 1653 714 1684 elucubraverit
741 1653 886 1683 Thomas
917 1653 1140 1693 Expositiones
1172 1660 1226 1684 aut
1249 1663 1266 1684 e

192 1707 340 1740 suggestu
365 1698 540 1729 dictaverit:
557 1698 671 1737 partim
695 1697 811 1728 scilicet
829 1697 965 1735 Parisiis,
982 1708 1056 1728 cum
1080 1697 1175 1728 altera
1198 1697 1266 1728 vice

192 1743 224 1774 in
249 1754 318 1774 eam
342 1744 453 1773 urbem
476 1742 652 1782 Reginaldo
677 1742 792 1772 comite
817 1742 977 1782 profectus
1002 1749 1065 1780 est,
1091 1741 1265 1772 Guillelmo

192 1788 230 1818 de
254 1789 362 1818 Tocco
387 1794 417 1817 et
440 1787 658 1818 Valleoletano
682 1786 832 1825 testibus;
857 1787 973 1827 partim
995 1797 1070 1817 vero
1095 1793 1169 1826 post
1190 1786 1265 1817 alte-

190 1842 263 1862 rum
287 1832 353 1863 eius
382 1831 518 1862 reditum
546 1831 579 1861 in
609 1831 748 1869 ltaliam,
773 1830 838 1861 sive
862 1831 984 1862 Romae
1023 1831 1088 1861 sive
1110 1831 1264 1871 Neapoli,

191 1883 227 1907 ut
257 1877 330 1907 satis
361 1876 477 1906 indicat
507 1876 653 1906 laudatus
685 1854 877 1906 Guillelmus
905 1876 939 1906 in
962 1875 1084 1906 visione
1113 1874 1149 1905 fr.
1174 1875 1265 1905 Pauli

193 1921 231 1951 de
254 1921 380 1962 Aquila.
781 1940 786 1947 .

260 1966 296 1996 11.
323 1966 463 1995 Iamvero
489 1964 580 1994 allata
612 1963 636 1993 si
663 1963 865 1995 conferantur
895 1964 1031 1995 invicem
1054 1970 1197 1994 veterum
1221 1970 1264 1994 te-

193 2009 359 2047 stimonia,
383 2015 496 2048 sponte
520 2008 590 2038 fluit
613 2008 702 2048 quod
726 2008 796 2038 ferri
821 2009 860 2039 de
883 2007 1152 2049 praestantissimo
1176 2008 1265 2039 Tho-

192 2054 382 2093 manpere
402 2053 434 2082 in
453 2053 615 2093 Epistolas
629 2053 724 2083 Pauli
742 2052 897 2083 iudicium
913 2053 1039 2083 debeat:
1066 2063 1091 2083 ι.
1109 2052 1265 2093 Integram

193 2098 370 2138 Epistolam
388 2097 431 2127 ad
448 2098 620 2134 Romanos,
637 2107 673 2127 ac
690 2097 795 2137 priora
814 2097 925 2128 saltem
943 2097 1052 2127 decem
1072 2097 1172 2137 capita
1189 2097 1264 2138 Epi-

192 2142 290 2172 stolae
308 2142 427 2182 primae
445 2142 489 2172 ad
510 2141 702 2179 Corinthios,
719 2141 960 2172 Commentario
980 2141 1146 2172 illustravit
1164 2141 1264 2182 Aqui—

190 2197 261 2224 nas,
286 2196 383 2227 quem
407 2185 536 2226 proprio
566 2186 648 2226 stylo
673 2185 804 2226 scripsit.
831 2186 865 2216 Id
889 2196 955 2217 uno
981 2195 1137 2216 consensu
1162 2186 1264 2226 perhi-

177 2231 266 2261 vbent
287 2237 405 2261 veteres
422 2237 550 2260 omnes:
579 2239 607 2260 2.
630 2230 665 2259 In
689 2230 791 2270 ipsam
816 2230 946 2261 fortasse
966 2230 1121 2270 integram
1139 2231 1183 2261 ad
1204 2230 1263 2261 Co-

190 2275 326 2306 rinthios
340 2274 476 2315 primam
486 2273 674 2314 Epistolam,
690 2284 726 2304 ac
741 2274 851 2305 decem
866 2275 971 2315 priora
986 2275 1088 2314 capita
1102 2275 1264 2315 Epistolae

190 2320 233 2350 ad
262 2319 430 2349 Hebraeos
461 2318 560 2348 editae
592 2318 722 2358 proprio
752 2319 835 2360 stylo
864 2319 963 2359 ipsius
993 2319 1140 2349 Thomae
1164 2319 1263 2350 Com-

191 2364 399 2394 mentationes
418 2363 559 2394 fuerunt:
576 2363 665 2403 quod
688 2370 831 2394 asserunt
854 2363 1032 2394 Bernardus
1056 2363 1214 2394 Guidonis
1233 2370 1264 2394 et

189 2408 382 2446 Antoninus,
398 2418 433 2438 ac
452 2407 587 2437 indicare
610 2407 757 2438 videntur
776 2408 885 2438 Petrus
905 2407 1060 2448 Rogerius
1080 2414 1110 2439 et
1130 2408 1263 2439 loannes

191 2453 229 2482 de
245 2452 421 2483 Columna:
445 2453 472 2482 3.
490 2452 580 2488 Quae
596 2458 766 2492 supersunt
779 2452 812 2482 in
829 2459 963 2483 caeteras
978 2453 1141 2492 Epistolas
1155 2453 1261 2490 Pauli,

192 2507 229 2527 ex
252 2506 306 2527 ore
329 2497 474 2527 Thomae
499 2496 642 2527 dictantis
658 2506 674 2527 e
692 2503 840 2536 suggestu
860 2497 1006 2527 Postillas
1026 2496 1148 2537 excepit
1171 2497 1264 2527 frater

191 2540 400 2581 Reginaldus3
421 2541 610 2581 easdemque
634 2541 725 2571 novis
749 2541 831 2571 curis
856 2541 1004 2581 expendit
1021 2541 1089 2581 ipse
1108 2541 1263 2582 Aquinas,

192 2585 323 2616 correxit
354 2585 623 2625 adprobavitque:
653 2595 717 2626 qua
754 2585 792 2616 de
823 2595 856 2615 re
887 2585 1030 2616 dubitare
1061 2595 1127 2616 non
1156 2586 1264 2616 sinunt

190 2630 394 2660 Ptolomaeus
418 2629 579 2668 Lucensis,
598 2630 787 2670 Logotheta,
807 2629 967 2668 Trivetus,
985 2630 1174 2660 Bernardus·
1186 2630 1264 2661 Gui-

191 2674 294 2712 donis,
319 2681 443 2704 sanctus
467 2674 659 2705 Antoninus.

258 2719 308 2749 111.
334 2719 368 2748 ln
392 2718 632 2749 Commentario
652 2718 736 2760 typis
761 2717 858 2756 edito,
879 2728 946 2759 quo
966 2717 1067 2758 prima
1091 2718 1131 2748 ad
1151 2717 1264 2749 Corin-

190 2763 272 2794 thios
292 2763 435 2803 Epistola
455 2763 648 2803 explanatur,
664 2762 806 2803 prolixus
826 2762 964 2793 occurrit
982 2762 1084 2800 locus,
1102 2772 1120 2792 a
1139 2762 1264 2793 decimo

188 2807 306 2838 scilicet
321 2814 477 2838 commate
493 2807 619 2847 septimi
634 2807 743 2848 capitis
758 2807 798 2837 ad
813 2806 1022 2837 undecimum
1041 2816 1143 2847 usque
1158 2813 1264 2847 caput,

189 2851 243 2892 qui
269 2852 405 2882 revocari
430 2852 462 2882 in
487 2852 621 2882 dubium
645 2858 750 2892 potest
778 2861 859 2882 num
889 2861 1058 2891 germanus
1082 2851 1188 2881 haberi
1213 2851 1264 2882 de-

188 2896 260 2927 beat
283 2896 450 2937 Aquinatis
474 2896 587 2927 foetus.
613 2896 663 2926 Ad
686 2896 772 2926 hunc
796 2895 917 2936 quippe
941 2895 1050 2926 locum
1074 2902 1185 2926 notam
1209 2905 1264 2935 ap-

190 2940 291 2981 pingit
314 2941 346 2970 in
370 2941 510 2981 margine
524 2940 689 2980 Remigius
704 2939 908 2970 Florentinus
931 2939 964 2970 in
984 2940 1104 2971 Veneta
1127 2939 1265 2970 editione

189 2995 290 3025 quarn
313 2985 379 3025 ipse
403 2995 489 3015 anno
508 2983 589 3015 1562
608 2985 696 3025 apud
710 2984 826 3015 luntas
845 2984 980 3015 curavit:
1000 2997 1014 3012 α
1032 2984 1196 3022 Advertas,
1217 2985 1264 3015 in-

194 3041 208 3055 »
231 3030 360 3070 quiens,
379 3027 521 3059 'candide
553 3029 665 3067 lector,
698 3028 788 3070 quod
818 3028 851 3059 in
880 3029 1023 3069 quodam
1047 3028 1264 3069 manuscripto

194 3085 208 3100 >v
232 3073 419 3113 exemplari,
443 3074 532 3114 quod
555 3073 694 3104 Venetiis
718 3072 751 3103 in
776 3072 839 3103 divi
863 3073 1026 3103 Dominici
1050 3071 1084 3115 (a
1111 3072 1263 3111 Castello‚

195 3129 209 3144 »
233 3123 268 3147 ut
290 3115 391 3159 aiunt)
411 3117 598 3148 bibliotheca
623 3124 715 3155 extat,
735 3117 931 3148 habebantur
945 3117 1022 3148 haec
1038 3117 1149 3148 verba:
1165 3117 1262 3155 Nota,

196 3173 211 3188 ›
234 3161 318 3202 quod
340 3162 414 3192 hinc
436 3171 535 3202 usque
557 3162 600 3192 ad
622 3172 653 3192 x1
677 3167 773 3202 caput
792 3162 967 3199 exclusive,
993 3171 1056 3192 non
1077 3166 1124 3193 est
1140 3162 1264 3202 exposi-

196 3218 210 3232 »
233 3211 299 3236 tum
328 3205 501 3236 secundum
525 3216 559 3237 s..
580 3207 750 3244 Thomam;
772 3206 829 3236 sed
851 3211 1012 3246 sumptum
1037 3211 1084 3237 est
1106 3206 1146 3245 de
1170 3206 1264 3237 verbo

196 3262 210 3277 »
233 3249 276 3280 ad
300 3250 427 3280 verbum
443 3250 483 3280 de
496 3250 704 3290 Expositione
723 3251 889 3281 cuiusdam
902 3250 1029 3291 fratris
1042 3250 1172 3281 Nicolai
1188 3250 1264 3281 Ga1-

196 3306 210 3321 x·
232 3294 285 3324 lici
307 3293 439 3324 Ordinis
459 3294 734 3331 Praedicatorum,
750 3295 805 3335 qui
824 3300 930 3325 tamen
950 3295 1030 3325 satis
1047 3295 1138 3326 docte
1161 3299 1191 3325 et
1214 3294 1263 3325 lu-

195 3351 210 3366 »
234 3338 303 3369 cide
325 3348 434 3369 omnes
456 3339 618 3379 Epistolas
641 3339 836 3379 explanavit.
862 3339 961 3376 Quod
983 3349 1094 3370 verum
1118 3348 1202 3378 esse,
1227 3348 1264 3369 ex

197 3395 211 3410 »
234 3381 338 3422 phrasi
362 3389 392 3413 et
415 3383 514 3413 modo
539 3382 715 3423 exponendi
736 3389 829 3423 patet.
851 3383 892 3414 Et
910 3393 970 3423 ego
995 3393 1051 3414 nec
1075 3382 1186 3422 labori,
1206 3393 1264 3414 nec

160 3456 166 3460 ,
196 3439 210 3453 »
233 3427 373 3467 sumptui
389 3437 526 3467 parcam,
537 3434 572 3458 ut
585 3426 798 3467 fragmentum
813 3427 921 3467 ipsum
935 3427 1098 3467 reperiam.
1110 3440 1124 3455 »
1142 3427 1263 3458 Eadem

195 3477 268 3501 nota
293 3471 405 3510 legitur
428 3471 460 3501 in
484 3471 622 3502 Parisina
647 3471 772 3502 loannis
795 3471 919 3502 Nicolai
944 3471 1091 3503 editione.

260 3514 483 3546 Difficultatem
497 3516 608 3556 ingerit
632 3526 705 3546 sane
729 3515 801 3557 styli
826 3516 916 3554 ratio,
932 3526 1013 3557 quae
1038 3516 1178 3547 multum
1202 3515 1263 3546 dis-

195 3557 304 3588 similis
337 3569 375 3589 eo
412 3559 473 3590 loci
506 3569 654 3600 apparere
691 3560 818 3600 incipit:
853 3567 1009 3601 augetque
1045 3559 1263 3591 difficultatem

201 3602 317 3632 Thema
348 3603 511 3643 quoddam
542 3605 574 3634 in
588 3603 679 3644 festo
710 3604 822 3634 beatae
855 3604 1015 3635 Caeciliae
1045 3614 1103 3644 pro
1127 3604 1262 3635 texendo

927 243 1385 282 DISSERTATIONES
1416 243 1663 281 CRITICAE

1331 332 1478 353 sermone
1501 324 1534 354 in
1558 324 1702 354 eiusdem
1724 324 1837 355 Beatae
1867 325 2014 363 laudem,
2039 325 2127 365 quod
2151 324 2183 354 in
2208 324 2405 365 expositione

1330 367 1548 407 quartidecimi
1573 368 1740 399 commatis
1763 368 1922 399 intrusum
1945 369 2043 399 videri
2067 375 2183 409 potest,
2206 379 2280 399 cum
2304 369 2406 399 simile

1330 412 1513 451 exemplum
1544 419 1688 443 occurrat
1718 413 1866 453 nuspiam
1897 413 1930 443 in
1960 413 2106 453 genuinis
2135 413 2282 454 Thomae
2306 414 2405 445 Com-

1329 455 1499 486 mentariis.
1515 457 1561 486 Ea
1580 467 1655 487 vero
1680 457 1812 487 demum
1831 458 1869 487 ab
1890 457 2049 498 Aquinate
2067 458 2185 498 passim
2209 465 2239 488 et
2259 465 2405 489 constan-

1329 499 1448 530 tissime
1471 508 1591 531 servata
1609 501 1781 531 methodus
1805 508 1900 541 patet,
1917 509 1952 532 ut
1971 502 2149 542 Scripturae
2167 509 2291 533 sanctae
2310 504 2405 533 verba

1329 550 1358 574 et
1382 551 1542 575 commata
1566 545 1754 585 explanans,
1779 553 1991 586 emergentes,
2016 546 2041 576 si
2065 556 2146 587 quae
2170 554 2260 585 sunt,
2291 547 2406 578 inserat

1328 587 1527 619 difficultates
1563 596 1594 619 et
1622 589 1741 628 solvat;
1771 597 2020 631 argumentaque
2052 598 2229 630 proponat,
2266 591 2291 621 si
2322 602 2404 632 quae

1328 631 1422 671 digna
1437 639 1541 663 censet
1560 633 1849 664 animadversione:
1865 634 1905 664 ad
1919 634 2043 675 aliaque
2061 642 2131 665 tum
2145 636 2306 675 procedat,
2322 646 2404 677 quae

1327 683 1513 716 sequuntur,
1535 678 1721 717 exponenda
1741 685 1910 709 commata.
1927 678 2018 709 Alius
2043 685 2089 709 est
2112 679 2192 709 ordo
2216 679 2248 709 in
2274 690 2312 710 eo
2336 691 2402 721 quo

1327 719 1365 749 de
1389 719 1512 759 agimus
1543 721 1626 752 loco.
1659 722 1697 752 V.
1718 732 1747 762 g.
1768 722 1862 753 lectio
1893 723 2032 753 secunda
2054 723 2087 753 in
2111 723 2285 763 septimum
2309 731 2404 765 caput

1326 764 1456 804 exponit
1479 772 1639 796 commata
1663 766 1839 804 decimum,
1864 767 2087 806 undecimum,
2111 767 2403 799 tertiumdecimum

1326 815 1357 838 et
1380 808 1710 850 decimumquartum.
1736 817 1767 840 et
1797 810 1933 841 lectione
1963 811 2053 841 tertia
2083 812 2291 851 explanantur
2314 823 2402 843 com-

1326 858 1410 882 mata
1425 863 1477 883 sex
1492 863 1573 894 quae
1589 860 1775 894 sequuntur.
1791 855 1890 884 Porro
1910 855 1943 884 in
1963 855 2106 885 eiusdem
2128 855 2273 886 lectionis
2295 857 2402 887 tertiae

1327 896 1410 927 calce
1434 897 1685 928 obiectiunculae
1709 898 1815 938 plures
1839 905 2066 938 proponuntur
2089 909 2164 930 cum
2188 901 2403 940 responsioni-

1326 941 1396 979 buS,
1412 952 1494 982 quae
1513 942 1553 972 ad
1571 942 1679 982 ipsum
1694 953 1822 973 comma
1836 942 1998 973 decimum
2018 950 2175 983 spectant:
2195 957 2209 971 «
2227 944 2289 975 Hic
2308 955 2404 986 quae-

1329 998 1343 1013 »
1366 985 1444 1016 ritur
1467 996 1563 1026 super
1585 986 1657 1025 illo,
1686 987 1827 1017 Uxorem
1857 997 1876 1017 a
1902 988 1971 1018 viro
2001 997 2063 1017 non
2088 988 2252 1018 discedere
2280 987 2323 1030 (v.
2350 987 2402 1031 ιο)

1329 1043 1343 1057 »
1366 1039 1463 1070 quare
1488 1031 1590 1061 solam
1615 1041 1743 1062 causam
1767 1031 1984 1062 fornicationis
2006 1031 2166 1062 Dominus
2186 1032 2314 1072 excipit,
2335 1043 2402 1063 cae-

1329 1087 1343 1102 »
1367 1080 1446 1105 teras
1468 1085 1543 1106 vero
1566 1086 1679 1106 omnes
1703 1076 1864 1106 molestias
1887 1076 1974 1106 iubet
1995 1076 2117 1106 fortiter
2138 1076 2293 1107 sustineri.
2315 1077 2402 1108 Con-

1329 1132 1343 1146 »
1366 1125 1412 1149 tra
1436 1126 1493 1150 etc.
1518 1133 1531 1147 »
1555 1120 1663 1150 Lectio
1684 1121 1786 1160 prima
1804 1120 1836 1150 in
1858 1127 1953 1161 caput
1972 1131 2097 1151 nonum
2117 1121 2222 1161 priora
2242 1128 2402 1152 commata

1327 1164 1436 1194 decem
1460 1165 1690 1204 complectitur.
1714 1165 1880 1196 Continuo
1905 1165 2134 1195 commentario
2159 1172 2281 1205 septem
2305 1176 2401 1206 expo-

1325 1215 1446 1239 nuntur
1460 1215 1633 1240 commata:
1654 1216 1725 1240 tum
1740 1209 1817 1240 serie
1831 1209 2016 1250 interrupta,
2034 1209 2255 1240 adnotationes
2273 1210 2401 1240 interse-

1326 1260 1448 1291 runtur,
1460 1263 1541 1294 quae
1562 1263 1688 1284 comma
1704 1254 1845 1294 primum
1863 1254 1964 1294 magis
1984 1254 2159 1284 declarant:
2183 1267 2197 1282 «
2210 1255 2399 1285 Notandum

1329 1310 1343 1324 »
1367 1307 1462 1337 super
1475 1297 1565 1336 illud,
1582 1308 1688 1328 nonne
1701 1299 1875 1329 Dominum
1892 1298 1998 1332 Iesum
2015 1298 2080 1330 vidi
2094 1296 2136 1340 (v.
2155 1296 2196 1341 1),
2212 1299 2303 1339 quod
2316 1299 2400 1330 mul-

1328 1354 1342 1369 »
1365 1341 1506 1382 tiplicem
1525 1342 1657 1373 Domini
1676 1343 1811 1383 legimus
1830 1342 1987 1373 visionem
2007 1349 2064 1373 etc.
2083 1355 2098 1370 »
2116 1343 2211 1373 Plura
2230 1350 2402 1374 occurrunt

1325 1385 1440 1416 similia
1459 1387 1613 1427 exempla,
1633 1397 1774 1427 quorum
1793 1387 1853 1417 alia
1872 1387 1910 1417 ab
1930 1387 1991 1417 illis
2010 1387 2179 1418 ordiuntur
2197 1387 2314 1418 verbis:
2334 1388 2402 1419 Hic

1324 1431 1494 1470 quaeritur
1515 1441 1614 1471 super
1627 1432 1700 1462 illo:
1718 1432 1756 1462 ab
1776 1431 1814 1462 iis
1837 1431 1908 1470 alia,
1928 1432 2113 1462 Notandum
2133 1432 2195 1470 hic,
2212 1432 2263 1462 vel
2277 1432 2400 1463 Notan-

1324 1474 1399 1504 dum
1419 1484 1518 1514 super
1536 1475 1618 1506 illud
1621 1483 1635 1513 ;
1648 1485 1731 1516 quae
1750 1476 1869 1516 stylum
1892 1476 2146 1517 methodumque
2169 1476 2233 1506 divi
2252 1476 2400 1507 Thomae

1324 1518 1456 1548 minime
1480 1519 1616 1559 sapiunt.

1391 1563 1533 1594 Huiusce
1560 1563 1699 1604 prolixae
1728 1563 1959 1595 Commentarii
1982 1564 2079 1604 partis
2107 1571 2270 1595 auctorem
2294 1564 2400 1606 prodit

1323 1607 1493 1638 Nicolaum
1511 1608 1671 1639 Gallicum
1690 1608 1823 1639 Ordinis
1841 1608 2106 1639 Praedicatorum
2126 1609 2302 1648 adnotatio,
2317 1618 2399 1650 quae

1322 1651 1436 1691 legitur
1455 1662 1473 1682 a
1498 1652 1646 1693 Remigio
1666 1652 1852 1683 Florentino
1876 1653 1916 1683 ad
1936 1653 2086 1683 eumdem
2109 1652 2255 1693 apposita
2277 1653 2398 1684 locum.

1321 1696 1493 1727 Nicolaum
1515 1696 1645 1728 indicari
1670 1707 1728 1737 pro
1753 1704 1837 1728 certo
1861 1697 1982 1735 habeo,
2002 1697 2124 1730 dictum
2146 1697 2187 1728 de
2211 1697 2322 1728 Gor-an
2349 1697 2400 1729 vel
2438 1704 2441 1710 ⁴

1321 1740 1361 1771 de
1387 1740 1510 1771 Gorain
1542 1752 1560 1771 a
1583 1741 1656 1772 loco
1681 1741 1794 1780 natali,
1813 1742 1864 1772 vel
1888 1741 1983 1772 etiam
2007 1751 2044 1772 ex
2063 1741 2159 1782 stirpe
2182 1741 2400 1783 Dominorum

1322 1784 1394 1815 loci.
1419 1786 1562 1825 Anglum
1593 1785 1759 1816 hominem
1790 1786 1933 1826 plerique
1963 1792 2099 1826 putant,
2133 1785 2293 1817 flandrum
2322 1785 2399 1817 alii:

1323 1829 1451 1870 suisque
1471 1829 1651 1871 Symmistis
1670 1837 1813 1861 accenset
1829 1830 1923 1861 illum
1941 1829 2147 1870 Wadingus
2139 1840 2172 1860 m
2191 1829 2398 1862 Bibliotheca.

1321 1873 1410 1904 Turn
1440 1874 1561 1914 gallum
1593 1874 1722 1905 natione
1737 1897 1745 1912 ,
1781 1881 1852 1905 tum
1882 1874 2140 1905 Praedicatorum
2170 1874 2300 1906 Ordinis
2330 1875 2398 1906 alu·

1322 1928 1436 1948 mnum
1460 1918 1568 1949 solidis
1591 1918 1784 1959 argumentis
1807 1919 1923 1950 evincit
1946 1919 2079 1949 lacobus
2102 1918 2265 1950 Echardus
2283 1919 2325 1950 ad
2343 1929 2398 1950 an-

1321 1972 1401 1993 num
1431 1964 1524 2003 ¹295,
1548 1964 1638 2004 quod
1669 1970 1840 2004 utrumque
1865 1962 2032 1994 confirmat
2055 1962 2200 2003 superius
2224 1963 2318 1994 allata
2340 1973 2395 1994 co-

1321 2006 1398 2037 dicis
1422 2017 1496 2037 mss.
1522 2014 1598 2038 nota
1629 2018 1647 2038 a
1670 2007 1817 2047 Remigio
1843 2007 2029 2038 Florentino
2049 2007 2081 2038 in
2100 2007 2206 2038 lucem
2230 2007 2322 2039 edita.
2346 2008 2396 2039 De

1320 2050 1388 2081 viro
1413 2051 1616 2082 ornatissimo
1640 2051 1759 2082 fusiore
1783 2052 1862 2082 mihi
1881 2052 2041 2092 agendum
2063 2061 2210 2082 sermone
2228 2051 2262 2082 in
2281 2052 2393 2083 disser-

1320 2095 1438 2126 tatione
1462 2096 1502 2126 de
1524 2095 1766 2127 Commentario
1783 2096 1815 2126 in
1835 2096 1994 2136 Epistolas
2011 2095 2190 2127 Canonicas
2210 2095 2284 2127 divo
2303 2096 2395 2128 Tho-

1320 2149 1391 2170 mae
1423 2140 1552 2171 tributo.
1578 2140 1723 2171 Postillas
1752 2141 1784 2171 in
1812 2141 1975 2181 Epistolas
1998 2141 2094 2171 Pauli
2125 2150 2236 2172 omnes
2261 2141 2300 2171 ab
2323 2140 2396 2182 ipso

1320 2184 1516 2215 elucubratas
1540 2191 1693 2216 testantur
1720 2185 1898 2216 Bernardus
1927 2184 2105 2223 Guidonis,
2130 2184 2319 2216 Laurentius
2343 2185 2396 2217 Pi·

1319 2238 1418 2268 gnon,
1443 2227 1584 2260 Lea'nder
1603 2229 1761 2260 Albertus.
1787 2229 1893 2270 Vulgo
1917 2229 1982 2260 iarn
2001 2229 2062 2269 ipsi
2077 2228 2338 2270 Commentarius
2357 2228 2392 2261 in

1320 2273 1447 2303 easdem
1465 2273 1625 2314 Epistolas
1640 2273 1847 2312 adiudicatur,
1868 2274 1958 2304 cuius
1977 2273 2124 2304 initium:
2147 2274 2234 2305 Dedi
2247 2279 2278 2305 te
2297 2274 2330 2305 in
2345 2273 2395 2305 lu-

1319 2327 1386 2348 cem
1409 2319 1574 2359 gentium:
1597 2318 1653 2359 qui
1677 2318 1795 2358 pluries
1818 2318 1902 2359 typis
1926 2317 2060 2358 prodiit,
2086 2317 2262 2357 Coloniae,
2288 2318 2396 2358 Hage-

1319 2371 1420 2399 noae,
1450 2362 1590 2400 Parisiis,
1622 2362 1815 2403 Antuerpiae
1851 2369 1882 2393 et
1904 2362 2055 2403 Lugduni
2078 2372 2164 2393 anno
2202 2363 2283 2403 1692
2307 2362 2396 2404 apud

1318 2407 1521 2444 Anissonios,
1538 2407 1630 2438 Ioan.
1646 2407 1763 2438 Posuel
1781 2412 1811 2438 et
1832 2407 1948 2438 Claud.
1968 2407 2112 2448 Rigaud,
2128 2406 2225 2438 tomis
2239 2407 2266 2437 11
2285 2406 2319 2438 in
2338 2406 2395 2439 fol.

1319 2451 1378 2481 sub
1402 2450 1464 2482 hoc
1487 2451 1599 2482 titulo:
1619 2451 1658 2482 R.
1670 2452 1704 2482 P.
1716 2452 1845 2482 Nicolai
1861 2451 2005 2482 Gor-rani
2018 2451 2097 2482 Ora.
2103 2451 2256 2492 fratrum
2276 2451 2394 2483 Praed.

1320 2496 1352 2525 in
1381 2505 1492 2526 omnes
1519 2495 1586 2526 divi
1613 2496 1709 2527 Pauli
1731 2496 1895 2537 Epistolas
1923 2496 2090 2527 enarratio
2119 2502 2177 2526 etc.
2202 2496 2396 2537 invigilante

1318 2539 1357 2570 R.
1374 2539 1408 2570 P.
1423 2540 1461 2570 F.
1486 2540 1603 2571 Iacobo
1627 2541 1657 2571 le
1682 2540 1768 2578 Gall,
1789 2540 1930 2571 eiusdem
1958 2539 2092 2571 Ordinis
2115 2540 2297 2582 theologiae
2312 2549 2394 2581 pro-

1308 2583 1442 2624 fessore
1465 2591 1522 2615 etc.
1548 2585 1635 2616 Haec
1659 2585 1756 2616 editio
1781 2584 2022 2625 diligentissimo
2037 2583 2150 2615 excidit
2163 2584 2322 2622 Echardo;
2337 2583 2395 2625 qui

1319 2634 1436 2666 tamen,
1461 2638 1501 2658 an
1525 2628 1683 2666 Gorrano,
1707 2639 1747 2659 an
1771 2629 1879 2669 potius
1902 2629 1996 2659 Petro
2020 2628 2058 2658 de
2072 2627 2267 2666 Tarentasia„
2283 2634 2394 2668 postea

1320 2672 1506 2703 Innocentio
1522 2673 1562 2710 V,
1585 2673 1742 2713 praedicta
1757 2673 1852 2703 tribui
1872 2673 1983 2703 debeat
2000 2671 2132 2702 Postilla
2145 2681 2262 2712 anceps
2275 2671 2392 2704 haeret.

1319 2715 1456 2747 Codices
1479 2726 1554 2747 mss·
1575 2717 1695 2756 profert
1718 2716 1858 2757 optimae
1882 2723 1988 2754 notae,
2011 2715 2068 2757 qui
2092 2716 2151 2746 sub
2175 2715 2311 2747 Gorrani
2334 2725 2391 2746 no-

1319 2759 1405 2790 mine
1420 2759 1679 2791 Commentarios
1693 2761 1727 2791 in
1741 2760 1900 2801 Epistolas
1914 2759 2005 2791 Pauli
2025 2759 2282 2800 complectuntur
2296 2759 2392 2800 longe

1320 2804 1470 2842 diversos,
1488 2815 1629 2846 quorum
1647 2805 1790 2835 initium:
1817 2805 1887 2836 Vidi
1899 2805 2038 2835 alterum
2053 2804 2215 2845 Angelum
2231 2804 2391 2835 volantem

1314 2858 1378 2889 per
1401 2849 1539 2880 medium
1564 2850 1656 2886 caeli,
1677 2849 1842 2880 habentem
1857 2849 2074 2890 Evangelium
2093 2853 2283 2879 aeternum:
2306 2847 2392 2879 codi-

1321 2902 1435 2934 cesque
1458 2893 1545 2924 affert
1566 2893 1656 2932 alios,
1672 2893 1705 2924 in
1720 2893 1836 2934 quibus
1850 2894 1943 2924 Petro
1958 2893 1997 2923 de
2011 2892 2196 2924 Tarentasia
2217 2892 2392 2924 Commen-

1319 2937 1416 2968 tarius
1439 2937 1648 2976 adiudicatur‚
1667 2937 1724 2978 qui
1743 2937 1869 2978 incipit:
1893 2937 1978 2968 Dedi
2001 2942 2032 2968 te
2054 2938 2087 2967 in
2106 2937 2208 2968 lucem
2227 2938 2393 2978 gentium:

1319 2981 1521 3023 similemque
1545 2981 1618 3012 satis
1641 2988 1803 3013 vetustum
1826 2988 1927 3012 servat
1950 2980 2178 3012 Foroiuliensis
2201 2980 2392 3013 bibliotheca

1319 3025 1448 3057 Ordinis
1467 3025 1724 3057 Praedicatorum
1738 3036 1755 3057 e
1770 3025 2025 3066 Congregatione
2039 3026 2070 3056 b.
2084 3025 2188 3056 lacobi
2203 3024 2392 3065 Salomoni,

1319 3080 1417 3112 quem
1441 3070 1576 3111 propriis
1600 3070 1702 3102 oculis
1725 3070 1856 3101 lustrare
1879 3069 1977 3101 licuit.

1386 3114 1618 3146 Commentarii
1642 3121 1775 3155 partem,
1799 3125 1863 3156 qua
1882 3115 1921 3145 de
1941 3113 2076 3154 agimus,
2091 3113 2237 3144 eamdem
2256 3113 2392 3145 omnino

1318 3159 1351 3189 in
1375 3158 1466 3190 editis
1489 3159 1641 3200 exemplis
1664 3159 1723 3190 sub
1743 3159 1874 3190 nomine
1893 3158 1957 3189 divi
1977 3157 2124 3189 Thomae
2139 3168 2175 3189 ac
2193 3157 2294 3199 ipsius
2308 3157 2390 3190 Gor-

1318 3202 1386 3234 rani
1408 3203 1459 3234 vel
1482 3203 1564 3235 Petri
1589 3203 1628 3234 de
1650 3203 1853 3242 Tarentasia‚
1878 3212 1996 3256 ponere
2015 3202 2074 3233 sub
2099 3202 2212 3234 oculos
2235 3202 2326 3233 licent
2353 3211 2391 3233 ac

1318 3247 1455 3278 invicem
1478 3257 1671 3288 comparare.

1876 3336 1971 3377 Apud
1994 3336 2165 3367 Nicolaum
2191 3334 2387 3366 Gorranum.

1920 3386 1949 3412 ν.
1979 3387 2036 3411 10:
2065 3393 2078 3408 α
2094 3380 2160 3411 His
2181 3383 2310 3415 autem,
2334 3378 2390 3417 qui

1876 3425 2081 3456 matrimonio
2111 3423 2215 3454 iuncti
2233 3426 2309 3453 sunt
2328 3427 2387 3452 etc.

1876 3469 2028 3510 Superius
2040 3468 2104 3508 egit
2124 3467 2163 3498 de
2183 3464 2389 3497 matrimonio

1876 3520 2034 3555 quantum
2051 3511 2092 3542 ad
2107 3510 2263 3542 carnalem
2287 3518 2388 3549 copu-

1877 3558 1960 3588 lam:
1985 3556 2036 3588 hic
2059 3555 2123 3595 agit
2144 3553 2209 3584 de
2201 3563 2272 3594 ipso
2289 3563 2388 3594 quan-

1876 3608 1947 3632 tum
1965 3600 2006 3631 ad
2024 3597 2331 3639 inseparabilitatem.
2348 3597 2389 3628 Et

1317 3336 1413 3377 Apud
1430 3336 1615 3367 &Thomam
1626 3336 1828 3377 Aquinatem.

1361 3386 1390 3411 ν.
1422 3387 1476 3411 10:
1505 3393 1519 3408 α
1536 3381 1602 3412 His
1624 3385 1751 3418 autem,
1776 3382 1832 3421 qui

1318 3426 1523 3456 matrimonio
1549 3426 1649 3456 iuncti
1675 3430 1752 3456 sunt
1771 3431 1828 3456 etc.

1318 3469 1420 3510 Supra
1427 3469 1604 3510 Apostolus
1614 3469 1723 3510 posuit
1733 3469 1830 3500 docu-

1318 3520 1424 3544 menta
1435 3514 1474 3544 de
1489 3520 1651 3545 contractu
1667 3513 1830 3544 matrimo-

1318 3558 1376 3588 nii:
1401 3557 1452 3588 hic
1470 3558 1597 3589 instruit
1615 3568 1682 3596 eos,
1697 3557 1752 3599 qui
1766 3557 1831 3588 iam

1317 3601 1559 3633 matrimonium
1588 3608 1830 3640 contraxerunt,
