2548 4192
922 262 978 298 IN
1008 263 1048 299 S.
1072 262 1313 299 THOMAM
1341 264 1664 310 AQUINATEM

193 353 366 385 exaratum,
391 356 424 376 se
446 345 563 376 vidisse
600 351 731 377 testatur
752 346 839 377 idem
862 347 1025 378 Echardus
1048 347 1081 377 in
1105 347 1270 377 Parisiensi

193 390 377 421 Colbertina
405 390 615 428 bibliotheca,
644 390 678 420 in
707 401 774 431 quo
807 391 950 431 singulae
978 391 1111 432 paginae
1140 401 1196 431 per
1219 402 1270 422 co-

192 435 319 465 lumnas
343 434 461 465 divisae
484 434 647 474 duplicem
670 434 818 465 exhibent
842 435 1074 475 expositionem
1090 435 1123 465 in
1141 436 1271 466 eosdem

192 479 318 510 Boethii
342 479 439 509 libros
462 478 503 509 de
521 478 759 509 Consolatione.
785 479 877 516 Quae
900 479 1015 520 legitur
1029 480 1063 510 in
1079 479 1203 510 sinistra
1218 490 1270 510 co-

193 524 305 554 lumna
327 522 447 563 incipit,
466 523 760 563 Explanationem,·
782 524 958 565 eademque
974 524 1122 554 tribuitur
1136 524 1270 554 Nicolao

193 568 333 598 Triveto.
352 567 444 604 Quae
460 577 536 597 vero
552 566 586 596 in
602 567 709 598 dextra
724 567 853 607 legitur,
870 568 956 599 hunc
973 568 1104 599 titulum
1119 567 1270 609 praefert:

192 612 354 652 Prologus
364 612 450 642 atius
460 612 492 641 in
504 611 621 642 librum
630 611 757 642 Boethii
766 612 806 642 de
817 612 1044 643 Consolatione
1048 613 1271 653 philosophiae

193 656 367 687 secundum
391 665 418 686 s.
440 656 593 686 Tkomam
617 655 658 686 de
678 657 806 697 Aquino
829 656 963 687 Ordinis
981 657 1046 688 FF.
1066 658 1270 688 Praedicato-

193 710 266 730 rum
272 707 286 737 ;
308 700 458 740 idemque
471 700 629 740 prologus
646 700 689 731 sic
706 700 832 741 incipit:
858 701 948 732 Sicut
966 701 1043 732 dicit
1061 702 1271 742 Philosophus

186 746 296 785 primo
323 745 553 776 mineorum:
584 755 621 775 ac
648 744 776 775 initium
805 745 943 786 denique
973 746 1179 786 expositionis
1203 752 1270 785 est,

195 789 351 819 Carmina
367 790 423 829 qui
437 788 610 830 quondam.
621 807 634 811 -
650 789 771 820 Modus
791 795 898 820 autem
919 791 1083 822 tractandi
1099 792 1130 821 in
1147 800 1270 832 genere

192 838 240 864 est
270 833 495 864 didascalicus.
526 833 610 864 Hinc
640 833 808 865 innotescit
846 833 928 865 hanc
952 845 1010 865 ms.
1036 835 1270 875 expositionem

191 877 287 917 longe
310 878 349 908 ab
369 887 406 907 ea
423 877 556 916 differre,
581 888 680 918 quam
703 878 829 919 saepius
852 879 936 919 typis
960 879 1078 909 editam
1106 879 1269 910 adnotavi-

192 931 275 952 mus·
301 921 460 962 Equidem
482 922 563 953 inter
583 922 690 963 Opera
711 922 854 962 Angelici
876 923 1025 954 Doctoris
1050 930 1197 954 numerat
1218 933 1268 953 ex-

192 965 387 1006 positionem
412 966 519 1006 Super
536 967 705 997 Boethium
731 967 772 997 de
803 967 1030 998 Consolatione
1047 968 1270 1008 philosophiae

148 1027 151 1029 -
193 1010 383 1041 Laurentius
406 1010 586 1050 Pignonus‚
615 1011 671 1052 qui
695 1011 754 1041 sub
778 1010 876 1041 finem
905 1012 1021 1042 saeculi
1050 1011 1269 1052 quartidecimi

193 1054 339 1085 florebat:
364 1061 395 1085 at
419 1061 575 1093 neutram,
600 1055 664 1085 sive
681 1065 779 1085 manu
796 1055 828 1084 in
845 1055 940 1086 citato
958 1055 1144 1086 Colbertino
1161 1055 1268 1085 codice

194 1098 344 1139 scriptam
367 1098 433 1129 sive
461 1099 545 1140 typis
565 1109 724 1137 excusam,
744 1099 891 1130 Thomae
910 1109 1057 1130 asserere
1075 1099 1180 1129 audeo
1204 1097 1268 1141 (ait

193 1141 376 1184 Echardus)
391 1144 467 1182 quia
487 1143 598 1173 nullus
617 1148 759 1174 veterum
780 1144 864 1174 inter
882 1142 991 1183 Opera
1014 1153 1039 1173 s.
1061 1144 1200 1173 Thomae
1219 1153 1268 1173 re-

193 1192 309 1218 censet.
327 1186 478 1226 Negantis
498 1187 631 1218 huiusce
654 1187 831 1228 argumenti
850 1187 931 1218 vires
952 1187 1017 1218 iam
1040 1187 1165 1228 saepius
1189 1197 1269 1227 pon-

193 1230 382 1263 (texavimus.

259 1275 385 1306 Eodem
407 1275 524 1316 pariter
544 1275 671 1306 silentio
694 1282 838 1306 veterum
857 1275 1013 1315 adigente,
1037 1275 1205 1306 reiicienda
1223 1281 1270 1306 est

193 1319 609 1363 expositiohquaedicitur,
633 1321 666 1351 in
689 1320 843 1351 fractam
861 1320 988 1351 Boethii
1007 1319 1047 1350 de
1065 1319 1267 1350 Scholarium

2251 283 2395 310 CXXXVH

1326 343 1505 383 disciplina.
1530 343 1786 384 Peremptorium
1805 345 1878 375 inde
1898 346 2034 376 sumitur
2055 354 2288 387 argumentum,
2308 352 2398 391 quod

1325 386 1392 427 ipse
1416 387 1541 418 libellus
1565 389 1731 419 communi
1760 389 1855 420 hodie
1880 389 2062 420 criticorum
2090 392 2242 422 sententia
2268 402 2398 433 negatur

1326 441 1408 471 opus
1430 432 1566 463 Boethii.
1593 433 1702 463 loanni
1720 433 1816 464 Scoto
1831 434 1984 474 Erigenae
2006 434 2098 465 illurn
2121 435 2301 467 adiudicant
2318 448 2396 468 non-

1325 475 1425 514 nulli,
1453 476 1506 506 alii
1535 476 1693 518 Dionysio
1722 477 1953 517 Carthusiano;
1981 479 2031 508 vel
2062 479 2154 509 Petro
2184 479 2324 511 Blesensi
2349 482 2399 512 vel

1325 520 1458 560 Hugoni
1474 521 1646 551 Heteriano
1663 522 1733 560 alii3
1757 533 1792 553 ac
1814 523 1865 553 alii
1891 523 2022 553 demum
2039 523 2186 554 Thomae
2207 524 2399 556 Brabantino

1325 574 1381 594 seu
1399 564 1672 606 Cantimpratano.
1698 567 1744 597 Io.
1762 567 1910 598 Albertus
1932 567 2093 598 Fabricius
2109 568 2186 598 haec
2202 569 2262 599 late
2279 577 2400 600 enarrat

1325 609 1434 639 omnia
1463 609 1612 651 affertque
1641 609 1759 642 librum
1788 621 1940 642 excusum
1969 622 2054 642 anno
2083 614 2177 653 1509,
2199 622 2244 652 4.‚
2269 613 2324 654 qui
2350 613 2397 643 in-

1325 653 1479 692 scribitur,
1502 655 1689 686 Auctoritas
1711 656 1892 687 Aristotelis
1913 662 1943 687 et
1958 657 2096 687 aliorum
2115 657 2400 697 philosophorum;

1324 697 1357 727 in
1381 707 1484 738 eoque
1509 699 1697 730 adnotatum
1721 700 1781 740 legi
1807 700 1868 739 ait,
1896 701 1991 738 Quod
2014 701 2094 731 liber
2123 701 2162 731 de
2191 701 2398 732 Institutione

1323 742 1514 774 scholastica
1527 744 1661 774 Boethio
1676 745 1867 775 humilitatis
1886 750 1917 776 et
1932 746 2064 776 maioris
2080 747 2284 776 auctoritatis
2299 756 2398 777 causa

1324 787 1505 827 adscriptus
1527 789 1569 818 sit
1597 798 1617 818 a
1652 789 1771 819 Th⁰ma
1794 789 2012 827 Brabantino,
2041 800 2162 831 graece
2190 800 2231 821 ac
2253 791 2399 821 hebraice

1323 831 1426 868 docto,
1451 833 1507 871 qui
1530 841 1572 862 ex
1593 841 1715 873 graeco
1734 834 1905 864 transtulit
1928 834 2026 864 libros
2047 835 2239 865 Aristotelis.
2263 837 2307 865 At
2322 835 2396 865 Bra-

1324 875 1472 905 bantinus
1488 875 1541 906 ille
1558 876 1701 916 scriptor,
1717 877 1742 906 si
1754 877 1838 907 ullus
1855 878 1986 918 quidem
2002 878 2072 916 fuit,
2088 878 2144 919 qui
2158 878 2293 909 Boethio
2308 889 2397 919 prae-

1325 919 1446 949 dictum
1469 920 1614 950 libellum
1629 921 1828 961 ’supposuit‚
1858 931 1924 951 non
1948 929 1995 952 est
2017 922 2161 952 Thomas
2191 923 2229 953 de
2253 923 2396 953 Cantim-

1324 969 1425 1003 prato,
1446 964 1501 994 sed
1521 964 1713 995 Guillelmus
1731 965 1768 995 de
1785 966 1955 995 Moerbeka
1971 966 2035 996 sive
2051 967 2217 1005 Morbeka,
2235 967 2278 997 sic
2295 967 2397 998 dictus

1323 1017 1341 1036 a
1365 1007 1438 1037 loco
1462 1008 1558 1038 natali
1581 1008 1614 1038 in
1638 1009 1823 1039 Brabantiae
1847 1016 1877 1040 et
1900 1010 2065 1040 Flandriae
2089 1011 2250 1049 confiniis,
2276 1018 2306 1042 et
2329 1011 2397 1052 ipse

1324 1051 1401 1081 Ord.
1419 1052 1675 1083 Praedicatorurn
1699 1053 1829 1093 insignis
1853 1054 2018 1092 alumnus,
2047 1064 2170 1094 graece,
2199 1055 2342 1086 hebraice
2366 1063 2397 1087 et

1323 1095 1444 1126 arabice
1461 1096 1585 1134 doctus,
1609 1097 1664 1137 qui
1689 1097 1786 1127 libros
1803 1098 1981 1128 Aristotelis
1998 1099 2103 1138 plures
2119 1100 2159 1128 ad
2180 1109 2287 1139 preces
2306 1100 2396 1130 Tho-

1324 1149 1394 1169 mae
1410 1140 1578 1180 Aquinatis
1598 1141 1777 1171 consodalis
1794 1141 1889 1172 latine
1905 1143 2072 1173 transtulit.
2096 1143 2238 1174 Consule
2255 1144 2396 1184 elogium

1324 1183 1392 1213 eius
1420 1185 1507 1224 apud
1535 1185 1726 1216 Echardum.
1758 1186 1895 1216 Foetum
1925 1196 1999 1226 ergo
2024 1187 2186 1217 Guillelmi
2215 1187 2396 1218 Brabantini

1324 1228 1491 1259 coniectari
1515 1228 1587 1259 licet
1617 1229 1761 1260 libellum
1784 1230 1824 1260 de
1847 1230 2048 1262 scholarium
2076 1231 2265 1272 disciplina:
2288 1239 2319 1262 at
2342 1232 2394 1262 ha-

1323 1272 1465 1303 bendum
1494 1283 1553 1313 pro
1583 1280 1668 1304 certo
1699 1281 1928 1315 compertoque
1957 1275 2020 1305 divi
2053 1275 2200 1306 Thomae
2229 1286 2295 1306 non
2328 1286 2394 1307 esse

1324 1317 1572 1358 expositionem,
1597 1328 1679 1359 quae
1704 1318 1815 1358 fertur,
1839 1319 1872 1349 in
1895 1319 1982 1350 idem
2005 1330 2098 1360 opus.

333 3675 404 3708 Opp.
422 3676 454 3701 D.
467 3676 583 3700 Tuomst
601 3675 633 3700 T.
653 3676 672 3699 1.

2210 3674 2240 3701 18
