2788 4204
151 347 167 363 α

51 393 59 400 ’
70 391 268 417 Cf.lib.ll,lcct.1,

53 424 75 438 n.
86 424 105 438 2.

56 548 64 555 ·
78 546 152 567 Codd.
186 551 268 566 sccun-

54 573 107 594 dum
121 572 267 594 divisionem.

54 763 63 773 ⁶
72 767 116 783 ,mc
126 761 235 782 omittunt
245 766 269 781 a-

51 790 134 816 ptum,·
148 791 169 809 et
188 787 218 808 ita
233 787 268 808 in—

55 815 108 836 sta.-
120 814 156 836 Cf.
168 817 222 835 text.

292 246 343 294 46

351 338 385 362 2.
415 325 637 362 Subiectum
658 332 786 361 autem
808 322 1081 360 enunciationis
1100 328 1117 343 ‘’-
1144 328 1199 357 est
1218 332 1362 357 nomen

294 380 357 416 vel
387 378 529 427 aliquid
557 379 642 414 loco
663 377 829 414 nominis
850 383 1058 424 sumptum.
1083 375 1239 410 Nomen
1258 374 1278 394 ³³²
1299 386 1364 410 au-

295 440 373 469 tem
404 440 459 468 est
487 444 563 468 vox
601 430 848 478 significativa
882 429 930 465 ad
967 427 1148 476 placitum
1184 426 1364 475 simplicis

295 485 514 531 intellectus,
541 484 645 532 quod
666 491 721 519 est
749 482 953 519 similitudo
989 481 1058 526 rei;
1095 488 1131 516 et
1159 480 1246 517 ideo
1277 480 1364 516 sub-

295 538 436 575 iectum
470 536 742 573 enunciationis
776 534 967 582 distinguit
998 547 1067 582 per
1096 533 1324 570 divisionem
1345 533 1365 554 '¹²

296 604 435 637 rerum,
458 598 494 626 et
514 589 601 627 dicit
621 588 725 637 quod
741 601 868 624 rerum
890 587 1081 636 quaedam
1097 594 1184 623 sunt
1211 586 1364 623 univer-

296 644 397 690 salia,
420 643 608 691 quaedam
638 649 724 678 sunt
752 640 963 689 singularia.
991 640 1208 677 Manifestat
1236 646 1365 676 autem

296 697 470 734 membra
499 695 694 732 divisionis
723 694 938 743 dupliciter:
954 693 1081 742 primo
1111 693 1268 742 quidem
1296 705 1366 741 per

296 749 569 795 definitionem,
587 748 675 797 quia
694 748 909 784 universale
925 754 981 784 est
1001 746 1106 796 quod
1126 754 1182 783 est
1200 752 1328 795 aptum
1348 746 1367 767 ’¹‘

295 808 425 839 natum
445 803 491 839 de
502 802 677 850 pluribus
690 802 921 849 praedicari,
938 801 1125 848 singulare
1146 812 1239 838 vero
1261 799 1367 848 quod

295 868 369 892 non
390 861 444 891 est
473 861 602 903 aptum
632 861 762 891 natum
787 854 1009 903 praedicari
1031 854 1077 890 de
1095 853 1282 902 pluribus,
1303 853 1370 889 sed

294 909 339 945 de
367 920 441 945 uno
469 908 548 945 solo
557 921 571 953 ;
591 908 779 955 secundo,
806 908 1021 945 manifestat
1047 919 1117 956 per
1146 907 1368 956 exemplum

295 974 383 998 cum
413 961 540 998 subdit
559 961 664 1010 quod
692 963 805 999 homo
835 969 891 998 est
913 961 1141 1008 universale,
1166 960 1273 997 Plato
1303 973 1367 997 au-

294 1022 371 1051 tem
401 1015 600 1063 singulare.

350 1069 383 1104 3.
405 1068 554 1105 Accidit
581 1075 710 1105 autem
740 1068 922 1105 dubitatio
960 1067 1059 1104 circa
1086 1068 1186 1104 hanc
1215 1066 1368 1103 divisio-

294 1133 396 1166 nem,
414 1122 513 1170 quia,
531 1121 627 1158 sicut
644 1122 782 1170 probat
806 1121 1063 1170 Philosophus
1084 1120 1122 1157 in
1147 1121 1217 1157 VII
1243 1120 1369 1156 Meta-

60 1189 171 1210 ·c0mm.
190 1188 266 1209 ern.
287 1175 472 1223 physicae
496 1175 535 1221 ²⁸,
555 1174 771 1212 universale
805 1187 884 1211 non
917 1181 973 1211 est
1003 1173 1145 1223 aliquid
1176 1181 1280 1210 extra
1309 1185 1369 1209 res

56 1217 107 1236 lect.
127 1221 173 1236 xw.
185 1227 194 1230 -
205 1215 257 1235 Edit

54 1242 125 1263 Didot
136 1258 142 1268 ,
164 1241 203 1262 lib.
220 1241 266 1267 VI,

55 1275 81 1289 ca
101 1284 106 1289 .
121 1274 167 1289 xiv.

56 1298 63 1304 “
82 1275 117 1316 gf,
133 1298 182 1316 not.
191 1300 239 1321 seq.

153 1344 167 1377 β

59 1402 66 1409 ·
79 1400 167 1421 Codd.:
181 1400 205 1421 in
216 1400 267 1420 uni-

58 1426 172 1447 versalia.

54 1507 62 1514 ⁶
74 1512 116 1526 ac:
132 1511 211 1526 ornnes
226 1510 266 1526 res

53 1533 110 1552 sunt
123 1534 167 1552 etc.
178 1543 188 1547 -
198 1538 226 1552 A:
239 1537 265 1551 o-

51 1564 115 1578 mnes
125 1564 180 1579 esse
187 1558 265 1584 parti-

55 1584 156 1604 rulares.

53 1664 61 1671 '
73 1661 160 1683 Codd.-
167 1668 188 1683 P:
195 1662 265 1687 enim,-

52 1688 91 1709 sed
103 1694 204 1709 erronee.

54 1717 61 1723 ”
72 1715 135 1736 Lect.
149 1721 171 1741 n,
183 1721 204 1735 n.
216 1721 235 1742 5.

52 1828 59 1834 “
71 1825 190 1846 Codd.-i>.:
202 1824 267 1852 quod

52 1852 124 1873 cadit.

150 1889 166 1913 Υ

294 1227 467 1265 existens.
486 1230 592 1275 Item,
605 1227 643 1265 in
661 1228 1011 1276 Praedicamentis*
1033 1227 1168 1265 dieitur
1188 1226 1294 1275 quod
1311 1238 1366 1263 se-

294 1282 439 1318 eundae
468 1281 698 1318 substantiae
727 1294 806 1318 non
835 1289 922 1318 sunt
941 1281 1011 1318 nisi
1045 1281 1084 1318 in
1103 1280 1247 1329 primis,
1270 1292 1368 1328 quae

253 1354 258 1358 ·
294 1342 381 1371 sunt
395 1335 602 1382 singulares
612 1333 639 1372 β.
654 1336 745 1371 Non
765 1347 854 1382 ergo
870 1334 1022 1371 videtur
1036 1347 1119 1371 esse
1136 1333 1369 1370 conveniens

295 1387 430 1424 divisio
458 1401 584 1425 rerum
611 1400 681 1436 per
698 1387 958 1425 universalia*
977 1395 1014 1424 et
1033 1386 1253 1434 singularia:
1279 1386 1369 1434 quia

293 1441 419 1477 nullae
439 1454 498 1478 res
522 1441 700 1478 videntur
738 1453 820 1477 esse
850 1440 1103 1486 universales,
1135 1439 1203 1476 sed
1232 1451 1368 1475 omnes

294 1502 380 1530 sunt
408 1494 615 1542 singulares
634 1495 664 1530 ³¹².

345 1558 382 1593 4.
403 1547 622 1584 Dicendum
638 1554 694 1583 est
714 1554 842 1582 autem
863 1545 969 1595 quod
988 1545 1051 1581 hic
1070 1544 1293 1581 dividuntur
1308 1557 1367 1581 res

292 1599 505 1636 secundum
535 1600 640 1648 quod
678 1599 938 1646 significantur
964 1610 1034 1647 per
1062 1597 1237 1644 nomina,
1268 1610 1367 1646 quae

292 1652 540 1689 subiiciuntur
555 1653 593 1689 in
608 1652 955 1689 enunciationibus:
973 1651 1116 1688 dictum
1133 1658 1189 1688 est
1203 1658 1332 1688 autem
1348 1651 1368 1672 *

291 1717 406 1753 supra
428 1706 447 1726 ’²‘
467 1706 572 1754 quod
592 1705 750 1742 nomina
779 1718 857 1742 non
883 1705 1097 1753 significant
1116 1717 1176 1741 res
1195 1704 1266 1741 nisi
1286 1717 1366 1741 me-

292 1756 417 1795 diante
437 1758 645 1805 intellectu;
668 1766 703 1796 et
722 1759 810 1796 ideo
837 1766 988 1808 oportet
1007 1758 1113 1808 quod
1140 1757 1276 1795 divisio
1296 1757 1366 1795 ista

292 1823 420 1848 rerum
441 1813 645 1861 accipiatur
674 1812 887 1850 secundum
918 1811 1023 1861 quod
1043 1824 1103 1849 res
1124 1811 1265 1849 cadunt
1278 1811 1299 1832 *
1327 1811 1365 1848 in

291 1863 492 1903 intellectu.
523 1867 581 1903 Ea
599 1879 693 1903 vero
715 1878 813 1915 quae
834 1873 921 1903 sunt
941 1865 1143 1902 coniuncta
1162 1865 1201 1902 in
1221 1865 1335 1901 rebus
1352 1869 1366 1891 ⁷

347 2012 376 2047 οι)
391 2014 543 2039 Subiectum
558 2018 647 2039 autem
661 2014 855 2040 enuntiationis
873 2019 921 2039 etc.
936 2015 976 2039 De
990 2015 1108 2039 subiecto
1126 2014 1313 2047 propositionis
1327 2014 1365 2039 di-

293 2050 358 2074 citur
377 2049 448 2081 quod
467 2050 559 2074 debeat
577 2057 637 2075 esse
661 2058 757 2075 nomen
775 2051 817 2075 vel
841 2050 939 2083 aliquid
958 2051 1017 2075 loco
1033 2050 1147 2075 nominis
1162 2055 1308 2082 sumptum.
1332 2050 1365 2074 Et

292 2092 382 2110 revera
404 2085 548 2110 subiectum
575 2094 627 2110 non
647 2091 687 2110 est
705 2086 730 2110 id
750 2087 822 2118 quod
845 2085 988 2111 affirmatus·
1011 2087 1053 2110 vel
1071 2090 1182 2118 negatur
1202 2086 1236 2111 de
1259 2086 1364 2118 aliquo,

293 2121 340 2145 sed
359 2120 392 2145 de
411 2128 462 2153 quo
484 2120 582 2153 aliquid
606 2120 747 2146 affirmatur
765 2122 806 2146 vel
832 2126 941 2154 negatur
961 2120 1037 2155 (Qua
1058 2122 1093 2146 de
1115 2128 1194 2146 causa
1218 2121 1365 2146 subiectum

293 2155 384 2180 dicitur
402 2163 462 2188 pars
482 2157 620 2181 materialis
639 2157 840 2189 propositionis,
860 2157 1035 2190 praedicatum
1053 2165 1116 2182 vero
1135 2157 1211 2190 quasi
1233 2165 1295 2190 pais
1314 2156 1365 2181 for-

293 2191 407 2215 malis.-
422 2191 482 2216 lnfr.
498 2200 541 2216 nn.
561 2200 591 2216 10
610 2197 636 2216 et
656 2191 726 2216 23.-
740 2192 773 2216 Et
791 2193 852 2225 quia
870 2193 941 2217 radix
960 2193 1109 2225 quantitatis
1129 2200 1143 2217 a
1163 2192 1268 2218 materia
1287 2193 1364 2217 desu-

292 2226 378 2257 mitur,
398 2227 583 2259 propositionis
603 2228 741 2260 quantitaS,
761 2235 829 2260 quae
848 2233 889 2252 est
907 2228 963 2252 eius
983 2228 1099 2253 extensio
1118 2236 1165 2253 seu
1184 2228 1365 2253 universalitas

291 2263 332 2287 vel
352 2262 551 2295 particularitas,
571 2270 601 2288 ex
621 2263 737 2288 subiecto
761 2263 819 2296 ipso
839 2263 996 2288 diiudicatur.
1016 2263 1062 2288 inf.
1082 2272 1108 2288 n.
1126 2262 1181 2297 ιο).
1200 2263 1270 2296 Ergo
1289 2263 1365 2296 quid-

293 2298 354 2330 quid
375 2297 502 2330 significat
520 2298 618 2331 aliquid
637 2299 711 2331 quasi
732 2298 869 2323 inhaerens
889 2299 975 2330 alteri,
999 2299 1036 2324 uti
1056 2304 1118 2324 sunt
1140 2299 1286 2328 adiectiva,
1297 2306 1365 2332 par-

292 2333 393 2365 ticipia,
409 2333 488 2358 uerba
503 2338 559 2364 etc.,
574 2334 690 2359 subiecta
705 2342 764 2359 esse
779 2343 831 2359 non
846 2339 960 2367 possunt
974 2335 1174 2368 propositionis,
1190 2335 1238 2359 nisi
1258 2343 1365 2360 suman-

292 2374 335 2393 tur
354 2369 379 2393 in
398 2369 423 2393 vi
443 2369 570 2398 nominis,
589 2374 618 2394 ut
637 2370 673 2394 sic
692 2377 787 2403 nempe
811 2369 956 2402 significent
975 2378 1028 2395 non
1053 2375 1082 2395 ut
1100 2370 1163 2403 quid
1187 2376 1320 2403 receptum
1340 2375 1366 2396 et

292 2404 429 2428 inhaerens
444 2405 524 2434 alteri,
540 2405 586 2429 sed
601 2410 630 2429 ut
643 2405 769 2438 recipiens
779 2410 805 2430 et
819 2406 859 2430 cui
874 2406 970 2438 aliquid
985 2406 1108 2431 inhaeret.
1123 2406 1203 2438 Igitur
1217 2406 1364 2431 subiectum

293 2439 480 2464 enunciationis
500 2445 540 2464 est
559 2448 655 2465 nomen
674 2441 716 2465 vel
736 2441 834 2473 aliquid
854 2442 912 2466 loco
932 2442 1058 2472 nominis,
1077 2441 1128 2466 hoc
1147 2446 1187 2466 est
1206 2442 1231 2466 vi
1251 2442 1364 2467 nominis

294 2479 438 2506 sumptum.
448 2488 466 2493 ·-
476 2475 541 2499 Infra
551 2476 626 2500 codd.
637 2476 703 2500 ΑΒΕ
713 2476 843 2506 omittunt,
854 2477 892 2502 ad
900 2477 1031 2509 placitum
1044 2474 1092 2510 (Cf.
1100 2477 1197 2508 lect.1v,
1204 2485 1247 2502 nn.
1255 2477 1280 2508 6,
1292 2474 1365 2513 11).-

293 2509 376 2534 Codd.
389 2510 490 2535 ABCE:
510 2517 578 2543 quae
596 2514 636 2535 est
653 2511 801 2536 similitudo
821 2512 868 2536 rei.

348 2543 373 2578 β)
390 2545 528 2570 Secundae
542 2546 706 2571 substantiae
721 2554 772 2571 non
792 2550 854 2571 sunt
873 2547 925 2572 nisi
943 2547 970 2572 in
980 2547 1086 2579 primis,
1106 2555 1174 2580 quae
1191 2551 1255 2573 sunt
1272 2548 1364 2581 singu-

292 2581 371 2605 lares.
386 2581 420 2605 Ut
439 2581 611 2613 perspicuitati
633 2582 818 2612 consuleretur,
839 2582 997 2607 substantiae
1016 2583 1195 2607 dividebantur
1213 2583 1245 2608 ab
1264 2584 1364 2608 Aristo-

293 2616 344 2640 tele
358 2621 383 2640 et
396 2621 485 2649 postea
495 2624 510 2640 a
520 2616 685 2641 Scholasticis
699 2617 725 2641 in
739 2617 897 2642 substantias
906 2618 1013 2649 primas
1023 2622 1048 2642 et
1058 2618 1215 2643 substantias
1225 2619 1364 2644 secundas.

293 2651 394 2676 Primae
409 2656 470 2676 sunt
483 2659 526 2676 res
540 2652 694 2682 individuae,
710 2660 757 2677 seu
778 2652 932 2684 singulares,
948 2658 978 2677 ut
992 2661 1013 2677 s.
1030 2653 1147 2678 Thomas
1163 2654 1236 2685 dicit3
1252 2662 1363 2686 quarum

293 2687 428 2720 proprium
447 2692 488 2712 est
505 2692 535 2711 ut
549 2687 581 2712 de
596 2687 713 2712 subiecto
731 2696 785 2712 non
804 2688 932 2718 dicantur,
957 2693 983 2713 et
1001 2688 1035 2713 ita
1054 2688 1105 2713 sint
1128 2689 1175 2714 uni
1193 2689 1312 2722 propriae
1335 2694 1365 2714 ut

294 2730 347 2747 non
362 2723 464 2755 possint
482 2730 542 2747 esse
561 2723 587 2747 in
606 2723 740 2755 pluribus:
759 2731 812 2748 non
826 2723 895 2748 enim
910 2723 1002 2748 dicitur
1017 2724 1088 2757 quod
1103 2724 1195 2749 Petrus
1210 2725 1243 2749 sit
1257 2724 1362 2755 Paulus,

294 2765 380 2790 neque
399 2758 469 2791 quod
489 2758 541 2783 sint
558 2759 648 2791 plures
668 2759 735 2783 Petri
755 2760 797 2783 vel
822 2759 895 2783 Pauli
915 2763 1022 2788 natura,
1043 2759 1102 2784 licet
1120 2760 1172 2784 sint
1192 2761 1280 2792 plures
1299 2760 1364 2785 indi-

292 2793 363 2818 vidui
382 2794 427 2826 qui
448 2801 500 2819 uno
519 2794 624 2818 nomine
639 2795 816 2826 appellentur:
838 2803 851 2818 ι
864 2794 1012 2820 Substantia
1027 2795 1148 2827 (prima)
1163 2795 1248 2828 inquit
1259 2795 1364 2821 Aristo-

295 2839 308 2852 »
323 2829 393 2857 teles,
414 2837 482 2862 quae
500 2829 604 2862 proprie
623 2834 648 2854 et
666 2829 840 2862 principaliter
859 2834 885 2854 et
903 2830 1014 2855 maxime
1029 2830 1126 2861 dicitur,
1138 2835 1178 2856 est
1191 2838 1259 2863 quae
1278 2838 1364 2864 neque

295 2874 308 2887 »
325 2864 357 2889 de
376 2865 493 2889 subiecto
512 2865 611 2896 dicitur,
625 2872 711 2898 neque
730 2865 756 2890 in
773 2865 889 2890 subiecto
903 2870 955 2896 est;
970 2870 999 2890 ut
1013 2866 1107 2898 aliquis
1121 2865 1201 2890 homo
1215 2867 1256 2891 vel
1269 2866 1363 2899 aliquis

294 2908 308 2923 x
324 2907 408 2933 equus
426 2910 438 2923 »
459 2898 611 2933 ((Σαΐθρςονυ
631 2907 689 2932 cap.
706 2901 748 2926 De
766 2901 916 2926 substantia
931 2908 956 2926 n.
973 2907 1021 2926 1.-
1031 2901 1078 2926 Ed.
1095 2901 1173 2926 Didot
1183 2909 1204 2926 c.
1215 2909 1251 2933 m,
1265 2900 1363 2936 al.v).-

293 2935 457 2960 Substantiae
466 2943 530 2960 vero
547 2936 678 2961 secundae
689 2936 807 2961 dicuntur
817 2941 922 2961 naturae
931 2936 1100 2966 universales,
1107 2944 1218 2969 quarum
1227 2937 1363 2970 proprium

293 2975 333 2995 est
347 2975 376 2995 ut
390 2971 493 3003 possint
506 2978 565 2995 esse
589 2971 615 2996 in
631 2971 750 3003 pluribus
769 2976 794 2996 et
813 2972 846 2996 de
864 2971 981 3004 pluribus
1001 2972 1063 3003 dici;
1084 2972 1150 2997 sicut
1172 2972 1250 2998 homo
1278 2977 1319 2997 est
1337 2973 1363 2998 in

294 3006 417 3031 omnibus
437 3011 462 3031 et
481 3006 591 3038 singulis
606 3007 744 3032 individuis
763 3007 899 3038 humanis,
919 3007 964 3040 qui
984 3007 1042 3032 ideo
1061 3012 1159 3032 suntet
1173 3013 1299 3033 vocantur
1317 3008 1363 3034 ho-

293 3041 390 3070 mines,
411 3049 464 3066 non
479 3042 540 3074 quia
558 3042 654 3067 habent
672 3043 740 3067 idem
757 3050 862 3073 nomen,
878 3043 924 3068 sed
939 3043 1000 3075 quia
1018 3050 1107 3068 revera
1130 3042 1226 3068 habent
1244 3044 1362 3069 eamdem

294 3084 350 3101 rem
365 3077 457 3101 eodem
473 3077 578 3102 nomine
594 3077 776 3110 significatam,
792 3086 887 3111 nempe
901 3078 1042 3103 humanam
1058 3083 1189 3103 naturam:
1204 3088 1217 3102 ‹
1229 3079 1363 3104 Secundae

294 3120 308 3135 »
325 3112 490 3143 substantiae,
510 3113 606 3137 iterum
625 3113 787 3142 Aristoteles,
804 3113 923 3138 dicuntur
942 3114 1051 3146 species,
1066 3114 1092 3138 in
1107 3114 1203 3146 quibus
1218 3114 1277 3139 illae
1296 3123 1363 3148 quae

294 3157 307 3170 ›
323 3147 497 3180 principaliter
515 3148 673 3173 substantiae
689 3149 807 3173 dicuntur
825 3149 941 3181 (nempe,
952 3149 1073 3181 primae)
1088 3149 1176 3174 insunt
1192 3159 1206 3173 2
1223 3148 1268 3183 (lb.
1282 3159 1313 3176 n:
1326 3149 1361 3184 2).

293 3183 383 3207 Insunt
397 3191 448 3207 non
464 3183 530 3208 sicut
544 3184 662 3216 superius
677 3184 703 3208 in
718 3184 838 3215 inferiori,
850 3192 943 3217 nempe
958 3184 1103 3209 universale
1116 3185 1141 3209 in
1160 3185 1296 3217 singulari,
1316 3187 1362 3211 sed

292 3219 422 3243 viceversa
442 3218 507 3243 sicut
534 3218 639 3244 inferius
659 3224 699 3244 est
717 3219 743 3244 in
764 3227 813 3244 suo
827 3220 971 3253 superiori,
987 3220 1052 3245 siem
1072 3228 1132 3253 pars
1155 3221 1295 3246 subiectiva
1314 3229 1362 3247 seu

293 3253 412 3286 specifica
426 3259 467 3278 est
481 3254 507 3278 in
518 3262 565 3278 suo
576 3259 631 3279 toto
645 3254 784 3279 universali
797 3253 846 3287 (Cf.
858 3255 970 3280 Caietan.
987 3256 1016 3280 In
1028 3256 1256 3288 praedicamenta,
1272 3264 1328 3290 cap.
1345 3265 1362 3288 1,

294 3289 318 3321 g.
330 3289 500 3314 substantiae
518 3289 668 3323 secundae).
684 3290 750 3315 Hinc
770 3298 790 3315 s.
801 3290 918 3315 Thomas
938 3291 970 3316 ad
987 3291 1151 3316 auferendam
1171 3292 1362 3325 aequivocatio-

295 3332 363 3355 nem,
379 3330 546 3358 mentemque
560 3326 705 3350 Aristotelis
724 3326 934 3358 patefaciendam,
951 3326 1021 3351 dicit:
1042 3327 1181 3353 Secundae
1199 3328 1364 3353 substantiae

294 3367 345 3384 non
365 3363 427 3385 sunt
446 3360 497 3385 nisi
515 3361 541 3386 in
556 3360 779 3393 primis.-Quod
799 3361 820 3386 si
840 3370 959 3394 quaeras,
975 3370 1020 3386 cur
1038 3362 1198 3388 substantiae
1217 3363 1362 3396 singulares

293 3400 418 3419 vocentur
427 3396 541 3427 primae,
552 3397 617 3421 ratio
627 3401 667 3421 est
681 3397 706 3421 in
721 3401 852 3429 promptu.
868 3397 967 3430 Nempe
982 3398 1043 3430 quia
1057 3398 1128 3431 prius
1144 3403 1184 3423 est
1197 3406 1239 3423 res
1259 3406 1318 3423 esse
1337 3398 1363 3423 in

296 3438 332 3461 se,
340 3438 417 3462 quam
429 3438 487 3456 esse
498 3432 523 3456 in
533 3432 680 3463 cognitione
690 3437 787 3463 nostra,
798 3440 866 3465 quae
876 3441 890 3457 a
900 3433 979 3458 rebus
991 3433 1055 3466 ipsis
1066 3438 1186 3458 causatur
1196 3432 1246 3467 (Cf.
1257 3434 1313 3459 lect.
1323 3441 1362 3465 m,

295 3473 320 3489 n.
335 3465 371 3499 7);
383 3471 407 3490 et
421 3466 480 3498 quia
491 3474 533 3491 res
549 3467 693 3499 singulares
707 3467 803 3492 suntin
815 3468 916 3501 seipsis,
927 3476 969 3493 res
982 3476 1045 3493 vero
1055 3469 1215 3494 universales
1235 3469 1260 3494 in
1273 3469 1362 3501 singu-

296 3500 392 3524 laribus
407 3509 480 3526 mens
492 3502 637 3534 separatim
649 3503 774 3535 intelligit,
787 3504 907 3535 quamvis
918 3508 1050 3536 separatae
1064 3511 1153 3529 revera
1163 3512 1215 3529 non
1226 3504 1291 3534 sinu
1301 3504 1363 3530 hinc

296 3535 387 3559 merito
403 3536 560 3561 substantiae
574 3538 735 3562 universales
746 3544 961 3572 praesupponunt
970 3539 1123 3571 singulares,
1134 3544 1160 3564 et
1174 3540 1237 3564 istae
1247 3540 1360 3572 primae,

295 3570 354 3594 illae
370 3572 500 3596 secundae
518 3578 586 3597 recte
604 3573 852 3604 appellantur.—-De
871 3573 980 3598 diversis
1000 3574 1084 3599 modis
1108 3574 1202 3607 quibus
1217 3582 1231 3600 a
1246 3575 1361 3607 philoso-

294 3604 353 3637 phis
372 3606 482 3630 sumitur
498 3607 646 3632 substantia
660 3608 755 3633 videsis
768 3609 811 3633 lib.
821 3609 865 3633 Vll
885 3609 1046 3642 Metaphys„
1066 3609 1123 3634 lect.
1137 3617 1164 3634 n.

1054 243 1173 279 PERI
1205 241 1553 278 HERMENEIAS
1583 243 1678 279 LIB.
1709 243 1722 279 I

1418 321 1627 358 intellectus
1646 329 1773 370 potest
1793 322 2034 371 distinguere,
2047 322 2202 372 quando
2218 334 2341 359 unum
2358 334 2494 358 eorum

1418 386 1497 411 non
1527 374 1626 411 cadit
1645 375 1684 411 in
1705 375 1850 412 ratione
1871 376 2032 413 alterius.
2056 378 2098 412 In
2120 376 2287 425 qualibet
2306 383 2435 412 autern
2455 387 2495 411 re

1419 427 1598 476 singulari
1613 435 1669 465 est
1685 429 1925 466 considerare
1943 429 2085 478 aliquid
2100 429 2206 478 quod
2226 437 2282 466 est
2296 428 2496 477 proprium

1418 480 1469 517 illi
1485 481 1536 517 rei
1547 482 1578 528 ²¹³,
1600 481 1638 518 in
1659 489 1846 530 quantum
1867 490 1923 519 est
1946 483 2042 519 haec
2063 495 2133 529 res,
2156 481 2413 519 sicut‘Socrati
2432 482 2494 518 vel

1420 534 1568 571 Platoni
1597 534 1635 571 in
1661 543 1849 584 quantum
1884 543 1940 572 est
1957 536 2018 572 hic
2037 537 2174 581 homo3
2205 543 2242 572 et
2270 535 2412 584 aliquid
2442 542 2497 571 est

1422 587 1664 624 considerare
1694 587 1732 625 in
1753 601 1809 634 ea,
1830 589 1868 625 in
1890 601 1967 638 quo
1989 589 2168 626 convenit
2193 601 2281 625 curn
2306 589 2386 625 aliis
2415 588 2495 637 qui-

1420 640 1585 677 busdam
1602 642 1728 688 rebus,
1750 642 1846 678 sicut
1865 642 1972 690 quod
1992 642 2168 678 Socrates
2189 649 2245 679 est
2263 642 2416 688 animal,
2433 649 2498 678 aut

1420 694 1553 739 homo,
1571 701 1636 730 aut
1655 694 1860 741 rationalis,
1876 702 1942 731 aut
1961 694 2120 741 risibilis,
2138 703 2203 732 aut
2222 696 2341 732 albus.
2365 696 2495 742 Quan-

1422 746 1472 783 do
1501 746 1612 794 igitur
1641 760 1701 783 res
1732 747 2002 784 denominatur
2027 748 2075 784 ab
2106 760 2153 784 eo
2182 749 2289 797 quod
2318 748 2498 784 convenit

1421 799 1470 836 illi
1499 799 1569 836 soli
1596 800 1648 836 rei
1677 800 1716 836 in
1744 808 1931 849 quantum
1961 808 2016 837 est
2044 801 2139 837 haec
2173 813 2254 847 res,
2274 801 2496 838 huiusmodi

1421 853 1596 889 nomen*
1608 853 1742 890 dicitur
1761 853 1974 901 significare
1993 853 2136 902 aliquid
2148 854 2363 903 singulare;
2379 866 2497 903 quan-

1423 906 1472 943 do
1494 913 1623 943 autem
1651 906 1921 943 denominatur
1953 919 2013 943 res
2038 907 2087 943 ab
2108 919 2155 943 eo
2176 907 2282 955 quod
2311 914 2366 944 est
2391 919 2496 943 com-

1422 972 1541 996 mune
1570 959 1641 996 sibi
1671 967 1707 996 et
1739 960 1867 996 multis
1901 959 1993 1007 aliis,
2019 972 2165 997 nornen
2190 959 2413 997 huiusmodi
2442 960 2496 997 di-

1424 1013 1518 1049 citur
1552 1013 1764 1061 significare
1795 1013 2024 1059 universale,
2055 1013 2144 1062 quia
2177 1013 2318 1050 scilicet
2350 1025 2495 1050 nomen

1423 1066 1609 1114 significat
1636 1067 1847 1103 naturam*
1876 1066 1957 1103 sive
1987 1067 2276 1115 dispositionem
2306 1066 2494 1115 aliquam,

1423 1132 1522 1168 quae
1552 1127 1608 1156 est
1636 1120 1854 1157 communis
1883 1120 2022 1157 multis.
2059 1120 2160 1167 Quia
2185 1120 2296 1168 igitur
2318 1121 2418 1157 hanc
2443 1120 2496 1157 di—

1422 1172 1613 1210 visionem
1639 1173 1742 1210 dedit
1763 1173 1811 1210 de
1832 1174 1946 1210 rebus
1974 1186 2054 1210 non
2080 1174 2253 1210 absolute
2283 1173 2496 1210 secundum

1424 1226 1530 1275 quod
1554 1227 1675 1263 sunt*
1699 1234 1803 1263 extra
1832 1227 2013 1274 animam,
2040 1226 2109 1264 sed
2143 1226 2358 1264 secundum
2391 1227 2497 1276 quod

1424 1279 1637 1316 referuntur
1665 1279 1715 1316 ad
1748 1279 1998 1326 intellectum,
2029 1293 2108 1317 non
2143 1279 2316 1317 definivit
2343 1279 2496 1318 univer-

1423 1333 1501 1369 sale
1522 1340 1559 1369 et
1579 1332 1767 1380 singulare
1792 1333 2006 1370 secundum
2031 1333 2174 1382 aliquid
2204 1333 2310 1382 quod
2337 1333 2500 1382 pertinet

1423 1385 1472 1422 ad
1497 1398 1591 1432 rem,
1607 1393 1700 1434 puta
1719 1386 1750 1422 si
1771 1386 1912 1423 diceret
1935 1386 2041 1435 quod
2060 1386 2276 1424 universale
2297 1394 2400 1423 extra
2420 1386 2498 1423 ani-

1423 1450 1529 1474 mam
1550 1435 1575 1484 δ,
1597 1438 1703 1486 quod
1726 1439 1889 1487 pertinet
1908 1439 1957 1476 ad
1977 1439 2202 1488 opinionem
2222 1440 2406 1487 Platonis,
2429 1440 2496 1477 sed

1421 1503 1491 1539 per
1511 1498 1640 1527 actum
1669 1491 1821 1528 animae
1850 1492 2114 1540 intellectivae,
2136 1493 2242 1542 quod
2271 1501 2327 1530 est
2349 1493 2498 1543 praedi-

1423 1543 1499 1580 cari
1529 1543 1576 1580 de
1605 1544 1734 1581 multis
1761 1545 1824 1582 vel
1855 1545 1902 1582 de
1931 1558 2010 1582 uno
2039 1547 2134 1583 solo.

1480 1597 1512 1634 5.
1543 1597 1612 1634 Est
1640 1605 1769 1634 autem
1799 1598 2122 1635 considerandum
2153 1599 2259 1647 quod
2288 1598 2498 1636 intellectus

1422 1650 1674 1699 apprehendit
1702 1663 1784 1687 rem
1814 1651 2043 1688 intellectam
2070 1652 2281 1689 secundam
2300 1651 2498 1701 propriam

1423 1703 1626 1740 essentiam
1648 1704 1679 1751 *,
1705 1716 1774 1741 seu
1804 1704 2088 1742 definitionem:
2108 1705 2212 1742 unde
2242 1713 2278 1742 et
2297 1705 2335 1742 in
2356 1706 2406 1742 111
2439 1706 2500 1742 De

1420 1757 1579 1794 anima*
1593 1756 1728 1794 dicitur
1743 1757 1849 1807 quod
1864 1758 2058 1795 obiectum
2073 1758 2274 1808 proprium
2289 1758 2499 1796 intellectus

1422 1817 1477 1847 est
1505 1810 1607 1859 quod
1633 1811 1724 1859 quid
1750 1817 1805 1848 est
1820 1817 1843 1848 ¹.
1870 1811 2064 1860 Contingit
2101 1819 2230 1849 autem
2265 1812 2498 1861 quandoque

1421 1863 1527 1912 quod
1540 1863 1697 1913 propria
1712 1864 1805 1902 ratio
1822 1864 1980 1902 alicuius
1994 1865 2142 1902 formae
2159 1865 2400 1903 intellectae*
2419 1878 2497 1903 non

1474 2014 1625 2039 immediate
1643 2022 1730 2048 supra,
1750 2014 1900 2040 universale
1913 2022 1964 2040 non
1979 2018 2020 2040 est
2032 2020 2090 2046 etc.,
2110 2015 2186 2040 codd.
2201 2015 2280 2040 nostri
2289 2023 2384 2040 omnes
2396 2016 2497 2048 tegunt:

1421 2049 1571 2075 universale
1585 2057 1638 2075 non
1651 2053 1693 2075 est
1705 2050 1810 2083 aliquid
1823 2054 1906 2075 extra
1926 2048 2065 2085 (mentem)
2082 2050 2109 2075 in
2128 2051 2206 2076 rebus
2219 2051 2362 2076 anhela-tens
2381 2048 2428 2085 (E,
2437 2051 2497 2077 exi-

1420 2084 1515 2120 stens).
1533 2085 1616 2110 Codd.
1629 2090 1717 2111 autem
1735 2086 1803 2111 ΑΒΕ
1821 2086 1856 2111 ita
1874 2091 2084 2119 prosequuntur:
2110 2089 2137 2112 et
2155 2086 2182 2111 in
2201 2086 2430 2112 &medicamentis
2447 2091 2497 2112 etc.

1421 2121 1519 2146 Sensus
1537 2121 1643 2154 quidem
1660 2121 1804 2146 sententiae
1822 2122 1884 2147 satis
1899 2122 2047 2158 intelligitus
2060 2126 2117 2147 turn
2131 2129 2162 2147 ex
2176 2121 2286 2147 lectione
2304 2122 2383 2147 Piana
2396 2127 2453 2148 tum
2466 2130 2497 2148 ent

1420 2156 1529 2181 lectione
1542 2157 1618 2182 codd.
1636 2157 1790 2182 Aristoteles
1805 2157 1874 2182 enim
1889 2162 1977 2182 contra
1996 2157 2143 2182 Platonicos
2161 2156 2254 2190 iugiter
2266 2156 2378 2183 affirmat
2394 2157 2498 2183 univer-

1419 2191 1482 2216 salia
1501 2199 1554 2217 non
1572 2200 1632 2217 esse
1658 2192 1816 2217 substantias
1840 2201 1888 2226 per
1914 2200 1944 2218 se
1967 2193 2138 2218 subsistentes
2157 2198 2227 2218 extra
2251 2193 2364 2218 ammam
2383 2198 2410 2218 et
2427 2198 2498 2219 entra

1420 2227 1572 2260 singularia,
1596 2228 1643 2252 sed
1663 2227 1690 2252 in
1709 2228 1773 2261 ipsis
1798 2228 1971 2261 singularibus
1994 2229 2146 2254 existentes:
2171 2235 2239 2262 quae
2262 2228 2417 2254 universalia
2441 2236 2495 2254 non

1421 2262 1517 2288 habent
1535 2263 1584 2288 nisi
1601 2271 1615 2288 a
1635 2268 1722 2288 mente
1741 2264 1814 2296 quod
1832 2263 1988 2297 accipiantur
2011 2264 2151 2298 separatim
2165 2272 2181 2289 a
2195 2263 2377 2297 singularibus,
2393 2264 2419 2289 in
2438 2264 2497 2299 qui-

1421 2298 1470 2323 bus
1490 2299 1657 2324 solummodo
1676 2299 1777 2324 realiter
1795 2298 1913 2331 existunt,
1930 2304 1961 2324 ut
1978 2299 2005 2324 in
2021 2299 2143 2332 sequenti
2158 2307 2271 2324 numero
2289 2299 2388 2325 dicitur.

1473 2334 1500 2367 γ)
1518 2334 1559 2359 Ea
1578 2341 1641 2360 vero
1659 2341 1727 2367 quae
1744 2338 1807 2360 sunt
1820 2335 1963 2360 coniuncta
1983 2335 2009 2360 in
2025 2335 2103 2360 rebus
2118 2339 2166 2361 etc.
2180 2335 2223 2360 Ad
2238 2335 2302 2360 haec
2316 2336 2431 2360 attendat
2447 2342 2496 2360 uo-

1419 2369 1507 2394 vitius.
1526 2369 1593 2394 Dicit
1611 2377 1633 2394 s.
1647 2369 1765 2395 Thomas
1785 2371 1856 2403 quod
1875 2378 1905 2395 ea
1920 2378 1987 2403 quae
2006 2375 2069 2395 sunt
2087 2371 2113 2395 in
2132 2371 2211 2396 rebus
2225 2371 2363 2396 coniuncta
2383 2376 2497 2404 potatam

1421 2405 1452 2430 ab
1467 2405 1599 2430 intellectu
1614 2405 1746 2438 distingui,
1761 2410 1786 2430 et
1801 2406 1859 2431 ideo
1873 2406 2020 2438 separatim
2029 2406 2135 2439 intelligi
2147 2413 2215 2439 quae
2225 2411 2342 2439 separata
2356 2414 2410 2432 non
2420 2411 2499 2438 suut}

1420 2440 1488 2466 sicut
1506 2441 1532 2466 in
1551 2440 1657 2466 homine
1670 2441 1826 2467 animalitas
1844 2446 1870 2467 et
1888 2442 2060 2467 ralionalitas
2078 2447 2140 2467 sunt
2159 2442 2305 2474 coniuncta,
2320 2442 2374 2467 imo
2387 2450 2440 2467 una
2453 2450 2495 2468 en-

1421 2476 1535 2509 demque
1548 2484 1605 2507 res,
1627 2484 1722 2510 nempe
1735 2477 1792 2510 ipse
1810 2477 1903 2506 homo,
1918 2482 1944 2502 et
1958 2482 2045 2502 tamen
2059 2478 2206 2503 intellectus
2221 2478 2359 2510 separatim
2378 2477 2497 2512 intelligit

1419 2511 1616 2537 animalitatem
1635 2517 1662 2537 et
1680 2512 1818 2545 separatim
1838 2512 2057 2538 rationalitatem.
2077 2513 2154 2538 Ratio
2172 2518 2213 2538 est
2231 2513 2293 2546 quia
2309 2514 2453 2539 secundum
2467 2521 2496 2539 se

1420 2547 1582 2572 considerata
1598 2547 1759 2572 constituunt
1773 2548 1873 2573 obiecta
1887 2556 1954 2581 quae
1974 2548 2114 2582 separatim*
2126 2553 2152 2573 et
2170 2549 2374 2581 independenter
2389 2548 2420 2573 ab
2439 2548 2496 2574 aliis

1420 2582 1599 2615 praeseferunt
1612 2582 1852 2615 intelligibilitatem,
1863 2588 1889 2608 et
1898 2584 1956 2608 ideo
1971 2591 2001 2608 ex
2012 2591 2041 2608 se
2050 2588 2163 2616 possunt
2173 2584 2310 2609 terminare
2320 2583 2495 2616 cognitionem

1420 2622 1545 2643 nostram.
1555 2631 1573 2637 -
1583 2618 1617 2642 Et
1630 2618 1690 2643 hinc
1703 2618 1813 2643 habetur
1827 2619 1936 2643 alterum
1951 2618 2111 2651 assignatum
2129 2626 2143 2644 a
2162 2626 2184 2644 s.
2198 2618 2310 2649 Thoma,
2325 2619 2431 2651 quando
2445 2618 2495 2644 sei-

1420 2653 1479 2678 licet
1497 2653 1560 2678 haec
1579 2658 1697 2686 separata
1716 2653 1887 2678 consideratio
1906 2661 2011 2684 eorum,
2032 2661 2099 2686 quae
2118 2654 2144 2679 in
2163 2661 2191 2679 re
2210 2659 2272 2679 sunt
2289 2661 2387 2685 unum,
2406 2654 2495 2679 haberi

1419 2688 1512 2721 possit,
1531 2695 1626 2721 nempe
1645 2696 1705 2713 cum
1720 2696 1800 2713 unum
1815 2696 1908 2714 eorum
1928 2696 1980 2714 non
1999 2689 2074 2714 cadit
2087 2689 2114 2714 in
2129 2689 2235 2714 ratione
2247 2689 2375 2718 alterius:
2389 2689 2411 2714 si
2423 2689 2494 2715 enim

1420 2723 1529 2754 caderet,
1540 2731 1593 2748 non
1608 2728 1699 2756 posset
1713 2723 1769 2748 sine
1790 2724 1871 2749 altero
1885 2724 2002 2756 intelligi,
2012 2729 2042 2749 ut
2055 2729 2134 2757 patet,
2148 2725 2210 2757 quia
2228 2732 2281 2749 non
2300 2724 2408 2750 haberet
2420 2725 2492 2750 obie-

1419 2758 1558 2784 ctivitatem
1584 2766 1631 2783 seu
1655 2758 1838 2784 formalitatem
1858 2759 2047 2792 intelligibilem
2065 2768 2118 2793 qua
2136 2765 2229 2793 posset
2242 2767 2273 2785 ex
2292 2768 2322 2786 se
2340 2765 2366 2785 et
2384 2767 2494 2793 separa·

1419 2794 1467 2819 tim
1491 2794 1523 2818 ab
1549 2794 1598 2819 alio
1623 2794 1732 2827 concipi.
1755 2794 1865 2825 Quoties
1889 2795 1967 2827 igitur
1989 2795 2045 2821 sine
2065 2795 2113 2820 hac
2132 2795 2281 2821 conditione
2310 2795 2494 2828 distinguitur,

1420 2829 1549 2854 distinctio
1562 2837 1628 2854 vana
1642 2829 1689 2854 erit
1704 2829 1867 2855 subtilitas.-
1881 2830 1932 2855 Sed
1946 2830 1967 2855 si
1980 2830 2123 2856 intellectus
2139 2836 2228 2856 noster
2241 2836 2327 2864 potest
2337 2831 2495 2864 distinguere

1419 2872 1450 2889 ea
1464 2872 1531 2898 quae
1550 2870 1610 2890 sunt
1628 2865 1763 2890 coniuncta
1781 2865 1807 2890 in
1825 2865 1912 2896 rebus,
1924 2870 1994 2899 patet
2013 2866 2084 2899 quod
2102 2866 2246 2892 intellectus
2266 2874 2318 2891 non
2337 2866 2414 2892 debet
2426 2865 2493 2892 affir-

1419 2907 1490 2925 mare
1509 2908 1539 2925 ea
1558 2907 1618 2925 esse
1643 2900 1760 2925 distincta
1783 2901 1825 2926 vel
1844 2906 1962 2934 separata
1987 2901 2012 2926 in
2038 2901 2140 2934 seipsis.
2163 2900 2311 2927 Affirmaret
2333 2901 2403 2927 enim
2422 2902 2493 2935 quod

1419 2943 1471 2960 non
1490 2941 1542 2966 est,
1562 2943 1658 2969 nempe
1677 2936 1792 2961 seiuncta
1808 2944 1867 2961 esse
1887 2944 1955 2969 quae
1975 2942 2036 2962 sunt
2053 2944 2144 2962 revera
2165 2937 2311 2967 coniuncta;
2332 2937 2494 2971 proindeque

1419 2971 1461 2996 illa
1475 2970 1610 2996 affirmatio
1625 2976 1695 2996 esset
1712 2971 1776 2996 falsa
1790 2971 1840 3006 (Cf.
1863 2980 1884 2996 s.
1894 2971 1944 2997 Th.
1959 2980 1985 3005 p.
1996 2973 2018 3002 1,
2034 2979 2078 3006 qu.
2090 2980 2178 3003 uxxv,
2193 2973 2263 2998 artic.
2277 2981 2298 3003 1,
2314 2973 2346 2998 ad
2369 2971 2402 3007 ι).

1472 3005 1497 3041 δ)
1521 3006 1674 3032 Universale
1691 3010 1774 3032 extra
1792 3007 1910 3032 animam
1926 3013 1973 3033 etc.
1992 3008 2058 3033 Edd.
2077 3007 2157 3033 Ven.:
2177 3008 2327 3034 universale
2348 3011 2390 3034 est
2410 3011 2495 3034 extra

1418 3042 1544 3067 animam.
1554 3042 1680 3067 -Codd.:
1699 3043 1848 3068 universale
1866 3046 1906 3068 est
1920 3046 2002 3069 extra
2025 3043 2190 3076 singularia,
2204 3044 2276 3077 quod
2289 3044 2409 3076 pertinet
2427 3042 2491 3078 (BE,

1413 3077 1578 3113 pertineret)
1598 3078 1635 3103 ad
1659 3078 1795 3110 opiniones
1812 3078 1974 3111 platonicas.
2002 3079 2084 3111 Magis
2109 3079 2227 3112 expedita
2249 3079 2312 3104 mihi
2334 3079 2438 3107 videtur
2455 3079 2493 3105 le-

1417 3113 1468 3138 ctio
1493 3113 1579 3138 Piana.
1604 3113 1753 3139 Declaratur
1775 3113 1845 3139 enim
1870 3113 1984 3140 definitio
2008 3114 2166 3140 universalis
2187 3114 2279 3140 tradita
2301 3114 2333 3140 ab
2352 3114 2493 3140 Aristotele

1417 3154 1443 3174 et
1466 3149 1588 3182 explicata
1608 3149 1733 3182 superiori
1753 3157 1778 3174 n.
1795 3156 1819 3174 2.
1839 3149 1919 3174 Porro
1938 3150 2091 3175 Aristoteles
2111 3149 2257 3175 definiendo
2276 3150 2423 3175 universale
2442 3149 2489 3175 ait:

1419 3184 1487 3210 Dico
1514 3188 1602 3210 autem
1627 3184 1775 3210 universale
1802 3185 1874 3218 quod
1892 3185 1925 3210 de
1943 3185 2068 3217 pluribus
2090 3188 2183 3210 natum
2207 3189 2246 3211 est
2264 3185 2431 3218 praedicari.
2458 3185 2492 3210 Et

1418 3227 1440 3244 s.
1450 3219 1566 3245 Thomas
1589 3225 1658 3245 recte
1681 3220 1860 3246 animadvertit
1882 3221 1954 3253 quod
1972 3220 2124 3246 Aristoteles
2143 3228 2196 3246 non
2221 3221 2294 3246 dicit:
2314 3221 2383 3247 Dico
2399 3223 2490 3246 autem

1418 3255 1565 3280 universale
1579 3259 1661 3281 extra
1674 3255 1801 3284 animam,
1817 3255 1888 3289 quod
1902 3260 1972 3281 esset
1986 3256 2132 3281 universale
2147 3256 2291 3281 secundum
2307 3255 2403 3290 aliquid
2417 3255 2490 3289 quod

1416 3290 1527 3323 pertinet
1545 3291 1577 3315 ad
1596 3298 1661 3321 rem,
1681 3291 1755 3323 quasi
1773 3291 1921 3316 universale
1936 3291 2008 3324 quod
2027 3291 2059 3316 de
2079 3291 2198 3324 pluribus
2218 3296 2306 3317 natum
2325 3296 2366 3317 est
2386 3290 2486 3324 praedi-

1417 3326 1468 3351 cari
1482 3331 1553 3351 esset
1567 3326 1664 3359 aliquid
1678 3331 1749 3351 extra
1767 3326 1892 3357 animam,
1905 3326 1971 3352 sicut
1984 3326 2108 3352 Platonici
2122 3331 2281 3360 posuerunt;
2295 3327 2342 3352 sed
2355 3326 2402 3352 ait:
2417 3325 2486 3351 Dico

1416 3365 1506 3387 autem
1521 3361 1677 3390 universale,
1692 3367 1721 3386 ut
1734 3361 1921 3395 intelligeretur
1935 3362 2007 3395 quod
2025 3362 2172 3388 universale
2191 3362 2314 3395 accipitur
2332 3361 2359 3387 in
2376 3360 2425 3386 hnc
2444 3361 2488 3386 de-

1417 3395 1532 3422 finitione
1555 3397 1700 3422 secundum
1724 3397 1797 3430 quod
1821 3397 1931 3422 refertur
1949 3398 1981 3422 sd
2009 3397 2182 3429 intellectum,
2207 3397 2257 3422 hoc
2281 3401 2322 3422 est
2343 3396 2487 3422 secundum

1417 3433 1488 3465 quod
1507 3432 1654 3457 universale
1667 3432 1790 3466 accipitur
1803 3432 1829 3458 in
1844 3432 2018 3466 singularibus
2030 3433 2062 3458 ab
2077 3433 2207 3459 intellectu
2221 3431 2359 3466 separatim
2368 3439 2383 3456 a
2397 3431 2487 3463 singu-

1417 3467 1512 3492 laribus
1532 3467 1604 3501 ipsis,
1618 3467 1644 3492 in
1657 3475 1710 3501 qua
1729 3467 1878 3501 acceptione
1894 3468 2041 3493 universale
2061 3468 2194 3501 suscipere
2212 3472 2298 3501 potest
2317 3466 2410 3492 modos
2428 3466 2487 3491 illos

1416 3503 1620 3536 praedicationis,
1634 3503 1666 3528 de
1680 3503 1776 3536 quibus
1786 3503 1851 3528 infra
1866 3511 1891 3528 n.
1901 3511 1918 3537 9
1929 3509 1955 3528 et
1967 3503 1993 3528 in
2004 3508 2057 3528 not.
2068 3512 2085 3529 ι.
2095 3517 2105 3522 -
2115 3503 2180 3528 eod.
2190 3503 2213 3528 A
2227 3502 2253 3527 in
2267 3501 2318 3527 fine
2327 3501 2400 3534 legit:
2415 3501 2488 3534 quod

1417 3541 1457 3564 est
1470 3538 1632 3570 praedicare
1646 3538 1679 3564 de
1693 3539 1783 3564 multis
1795 3539 1910 3564 etc.-P.
1925 3546 1984 3564 cum
1999 3538 2064 3564 13OE
2079 3543 2105 3564 et
2122 3538 2188 3564 Ven.
2202 3538 2275 3563 edd.:
2295 3537 2341 3570 qun*
2358 3540 2398 3562 est
2404 3544 2486 3569 prae-

1418 3573 1519 3600 dicari:
1537 3586 1555 3592 -
1574 3573 1610 3598 D:
1629 3573 1675 3606 qui
1696 3577 1736 3599 est
1754 3573 1916 3606 praedicare
1932 3572 1983 3607 (Cf.
1999 3573 2043 3598 Vll
2057 3573 2150 3606 Metap
2189 3580 2211 3598 s.
2230 3573 2287 3597 lect.
2299 3570 2364 3606 xm).

1471 3607 1493 3642 ε)
1510 3608 1590 3639 Quod
1602 3609 1668 3641 quid
1676 3612 1724 3634 est.
1738 3609 1785 3634 Est
1798 3608 1909 3634 formula
1923 3608 2075 3634 scholastica
2089 3615 2140 3641 qua
2172 3607 2303 3641 esignatur
2311 3607 2352 3633 ren·
2363 3607 2490 3642 essentia,

2525 331 2577 353 Duo
2593 331 2739 359 distinguen—

2525 358 2583 379 dain
2589 364 2613 379 re
2619 358 2738 386 singulari.

2528 487 2534 494 ”
2544 486 2632 508 Codd.-
2641 493 2670 508 r.:
2677 487 2741 514 quod

2525 513 2557 534 sil
2564 513 2601 534 illi
2602 514 2738 541 proprium.

2525 865 2533 873 ⁶
2546 863 2622 885 Codd.
2631 875 2640 879 -
2649 869 2683 885 tn:
2696 864 2745 885 hoc

2525 896 2616 911 nomen.

2527 1077 2534 1085 ·
2544 1076 2675 1108 cosa-2:
2684 1077 2744 1105 qna

2525 1103 2743 1152 tantist-”323

2525 1162 2585 1178 ram.

2526 1231 2622 1280 {lippid-
2632 1239 2637 1254 :
2661 1232 2713 1254 ext*-

2526 1473 2600 1494 Plato.

2527 1687 2536 1695 ·
2547 1684 2637 1708 codd-2
2663 1686 2741 1707 ratio-

2527 1718 2641 1761 ²'‘Caii-mm.
2662 1745 2682 1760 s.
2693 1738 2742 1760 Th.

2526 1766 2579 1787 lect.
2599 1770 2648 1787 vm.
2658 1776 2668 1782 -
2677 1765 2742 1787 Edit.

2526 1791 2580 1814 Did.
2595 1797 2648 1820 esp.
2662 1798 2693 1814 tv.

2526 1855 2590 1876 ⁶1⁸:
2615 1828 2742 1876 §intellecti-

2526 1886 2579 1902 vae.
