2548 4192
171 275 288 301 CCLXll

170 343 243 374 tatis
267 343 512 373 Procuratorem
542 340 604 380 egit
631 340 664 370 in
694 339 791 371 Curia
818 340 965 370 Romana
993 338 1051 368 sub
1080 336 1245 367 Bonifacio

172 394 297 425 octavo,
315 396 414 427 aeque
434 385 513 416 mihi
531 385 669 425 ignotus.
686 383 973 423 Archiepiscopum
989 380 1247 412 Corinthiensem

117 459 123 465 .
173 431 384 463 Guillelmum
407 429 595 461 Morbekam
614 428 758 469 superius
777 426 1006 458 admonuimus
1029 425 1062 456 in
1087 424 1174 455 Italia
1193 425 1245 454 de-

172 476 254 516 gisse
277 485 361 505 anno
390 474 484 512 1268,
503 473 644 513 itemque
667 482 752 502 anno
781 481 863 512 1277
887 470 1068 510 profectum
1091 479 1158 499 esse
1182 468 1246 499 Co-

173 519 333 558 rinthum,
366 517 563 549 concreditae
592 516 750 547 Ecclesiae
777 514 1031 554 invigilaturum:
1063 513 1096 543 in
1125 513 1247 543 Italiam

174 564 311 605 denique
340 562 522 602 remigrasse
560 570 595 591 ac
634 570 718 590 anno
752 560 832 599 1295
868 557 1042 588 substitisse
1071 556 1245 597 Anagniae.

174 608 258 639 Hinc
273 608 338 638 duo
356 605 532 646 colligenda
547 611 636 635 sunt:
662 614 687 634 1.
699 603 789 634 Ultra
807 612 929 633 annum
953 603 1033 642 1295
1054 601 1153 632 vitam
1171 610 1246 641 pro-

173 652 300 683 traxisse
325 650 544 681 GuilleLmum:
571 658 601 679 2.
625 649 702 678 Post
725 647 820 678 etiam
842 646 959 677 infulas
982 646 1126 686 indeptas
1150 645 1247 676 latine

172 702 291 727 vertere
307 704 434 735 graecos
453 693 550 724 libros
569 691 749 732 perrexisse.
769 691 857 721 Haec
875 700 992 730 nempe
1011 690 1070 720 sibi
1089 695 1246 728 constant,

174 741 198 771 si
215 749 299 770 anno
319 738 423 778 primo
439 736 594 768 Bonifacii
613 735 716 766 octavi
736 742 766 766 et
784 745 870 765 anno
890 735 970 775 1295
992 744 1080 765 aerae
1095 733 1246 774 vulgaris,

174 794 239 814 non
259 783 366 813 solum
388 781 671 812 Oeconomicorum
691 780 790 811 codex
814 779 948 819 scriptus
970 778 1083 817 fuerit,
1105 778 1161 808 sed
1178 778 1247 818 ipsa

174 828 241 859 eius
264 826 378 867 Operis
401 826 497 856 latina
519 825 622 856 versio
646 825 805 855 elaborata
827 823 958 863 intelligi
982 823 1103 853 debeat.

239 870 484 911 Philosophicos
499 869 624 910 aliquos
640 869 787 900 Thomae
803 868 971 909 Aquinatis
988 866 1247 898 Commentarios

173 926 192 946 a
214 915 365 955 magistro
393 915 489 945 Petro
525 914 565 944 de
598 914 754 944 Alvernia
785 912 949 953 suppletos
980 912 1247 951 continuatosque

173 960 269 991 fuisse
307 959 372 989 iam
401 958 577 989 indicatum
601 964 664 996 est,
696 957 931 998 dicendumque
962 956 1100 987 uberius.
1135 955 1246 986 Gallus

172 1004 242 1043 fuit,
267 1004 305 1033 ab
330 1013 366 1034 ea
388 1003 490 1043 Regni
514 1002 676 1043 provincia
698 1002 732 1032 in
755 1012 819 1042 qua
847 1008 939 1032 natus
963 1007 1020 1040 est,
1044 1006 1247 1041 nuncupatus

172 1049 212 1079 de
233 1048 399 1079 Alvernia.
424 1047 658 1088 lgnoscendum
681 1046 843 1076 sodalibus
869 1045 1028 1087 aliquibus
1047 1044 1175 1083 nostris,
1191 1044 1247 1085 qui

172 1093 277 1123 virum
291 1098 497 1132 agnoscentes
512 1091 659 1122 Thomae
674 1091 806 1131 eiusque
821 1090 982 1122 doctrinae
996 1089 1248 1120 addictissimum

173 1137 281 1177 ipsum
304 1136 418 1168 Ordini
441 1135 698 1166 Praedicatorum
721 1135 962 1176 adscripserunt.
986 1134 1121 1166 Vivebat
1143 1133 1248 1164 adhuc

174 1191 259 1211 anno
280 1182 373 1219 1301,
391 1181 561 1211 adnotante
578 1179 819 1220 diligentissimo
838 1179 994 1210 Echardo.
1018 1181 1071 1210 An
1089 1179 1162 1210 loco
1178 1179 1247 1209 Du-

174 1225 281 1263 randi,
307 1225 368 1265 legi
392 1225 503 1255 debeat
525 1224 559 1254 in
583 1224 738 1265 superiori
757 1224 874 1256 codicis
898 1230 974 1255 nota
991 1224 1108 1255 Petrus
1130 1223 1171 1254 de
1191 1223 1247 1253 Al-

175 1270 313 1301 vernia?
336 1269 372 1300 Id
395 1279 454 1310 ego
478 1279 545 1299 non
569 1269 722 1299 adseram.

551 1387 761 1424 CAPUT
797 1387 871 1423 III.

175 1485 427 1510 Commentariorum
446 1491 562 1515 examen,
582 1491 648 1516 quos
667 1482 784 1508 Thomas
804 1482 962 1507 elucubravit
984 1482 1010 1507 in
1029 1482 1108 1507 libros
1131 1481 1248 1506 Periher-

246 1521 353 1551 menias‚
368 1520 543 1545 Posteriorum
558 1518 758 1551 Analyticorum‚
774 1517 952 1551 Physicorum,
967 1518 1006 1543 De
1015 1518 1087 1542 caelo
1102 1523 1127 1542 et
1137 1518 1248 1548 mundo,

246 1557 284 1581 De
303 1555 466 1588 generatione
486 1560 511 1579 et
529 1554 705 1587 corruptione,
725 1554 898 1578 Meteororum
910 1573 916 1584 ,
936 1553 974 1578 De
993 1553 1086 1585 anima,
1106 1553 1144 1578 De
1163 1552 1249 1586 parvis

247 1591 418 1621 naturalibus,
444 1590 688 1623 Metaphysicorum.
713 1589 862 1620 Accedunt·,
888 1589 1021 1622 Expositio
1045 1589 1071 1613 in
1097 1589 1192 1613 librum
1211 1588 1250 1613 De

247 1627 339 1657 causis,
359 1627 423 1651 liber
441 1626 480 1650 De
499 1631 558 1650 ente
577 1630 602 1650 et
620 1625 738 1656 essentia,
760 1624 944 1650 Commentarii
963 1625 990 1649 in
1004 1624 1084 1649 libros
1100 1624 1250 1649 Ethicorum

247 1668 272 1687 et
286 1662 460 1687 Politicorum.

176 1760 198 1790 Ι,
226 1749 449 1832 Singillatim
473 1755 575 1786 editos
598 1756 637 1786 ab
660 1755 820 1796 Aquinate
844 1755 1103 1787 Commentarios
1122 1756 1163 1786 ad
1181 1766 1250 1787 exa-

283 1811 357 1832 men
381 1801 446 1831 iam
468 1810 562 1831 voco.
589 1800 734 1831 Primum
757 1799 790 1830 in
814 1799 953 1830 editione
976 1801 1123 1831 Romana
1141 1801 1252 1831 locum

175 1847 296 1878 obtinet
315 1847 347 1876 in
365 1845 480 1876 librum
496 1846 639 1885 primum
650 1844 908 1876 Perihermenias
916 1845 1099 1876 Aristotelis
1114 1845 1251 1886 Exposi-

175 1893 227 1923 tio.
238 1891 320 1921 Inter
331 1890 437 1930 Opera
451 1889 529 1928 eius,
545 1899 627 1930 quae
641 1888 833 1929 temporaria
846 1896 923 1920 nota
937 1889 1025 1920 nulla
1038 1890 1252 1930 insigniuntur

174 1947 192 1967 a
210 1935 398 1967 Ptolomaeo
418 1933 554 1965 Lucensi
578 1939 770 1964 recensetur:
791 1943 926 1974 eamque
945 1941 1125 1965 memorant
1144 1935 1251 1974 Logo-

174 1981 278 2018 theta,
309 1979 477 2016 Trivetus,
510 1978 621 2009 Petrus
653 1977 828 2018 Rogerius,
861 1978 1039 2009 Bernardus
1072 1978 1251 2018 Guidonis,

175 2024 363 2056 recentiores
383 2023 445 2053 alii.
461 2022 737 2063 Nuncupatoriam
752 2021 866 2063 Operis
890 2023 1069 2063 epistolam,
1093 2023 1132 2053 ab
1152 2023 1251 2064 Aqui-

176 2076 248 2100 nate
273 2069 379 2098 datam
402 2068 588 2108 Praeposito
607 2067 812 2105 Lovaniensi,
837 2077 919 2108 quae
937 2067 970 2098 in
990 2067 1080 2098 editis
1099 2067 1252 2099 hactenus

178 2113 422 2150 desiderabatur,
446 2111 586 2151 vulgavit
609 2111 783 2142 Echardus.
807 2111 862 2142 Ait
884 2113 1023 2143 Auctor:
1052 2112 1253 2153 Diligentiae

179 2163 300 2189 tuae...
320 2156 425 2187 studio
443 2161 641 2196 provocatus
665 2161 695 2186 et
717 2155 876 2187 desiderio
898 2156 1090 2197 satisfacere
1108 2158 1250 2197 cupiens,

178 2202 259 2232 libro
281 2201 474 2238 Aristotelis,
498 2201 553 2240 qui
575 2199 832 2231 Perihermenias
854 2200 984 2238 dicitur,
1009 2201 1119 2232 multis
1141 2202 1252 2233 obscu-

178 2246 326 2277 ritatibus
350 2245 503 2283 involuto,
524 2245 609 2274 inter
627 2244 819 2284 multiplices
841 2246 1084 2285 occupationum
1105 2256 1250 2277 mearum

176 2290 413 2327 solicitudines‚
439 2289 666 2329 expositionem
696 2289 848 2320 adhibere
870 2291 994 2321 curavi.
1025 2290 1252 2322 Elucubratam

177 2334 408 2375 expositionem
424 2333 631 2364 coniiciebam
647 2333 747 2373 capite
767 2344 777 2363 ι
797 2340 868 2364 tum
882 2334 1018 2373 Parisiis,
1029 2341 1099 2365 tum
1115 2336 1253 2366 secunda

176 2380 245 2410 vice
275 2388 350 2409 cum
372 2378 580 2408 Parisiensem
610 2377 753 2408 scholam
781 2385 901 2419 regeret
924 2379 963 2409 ab
991 2388 1077 2409 anno
1107 2380 1188 2420 1269
1213 2380 1252 2410 ad

178 2433 300 2454 annum
324 2432 416 2464 1270.
434 2422 519 2452 Libri
536 2421 662 2460 alterius
677 2422 934 2454 Perihermenias
958 2423 1039 2454 duae
1058 2429 1183 2455 tantum
1203 2434 1253 2455 ex-

178 2466 346 2508 positionis
373 2466 590 2497 Thomisticae
620 2466 770 2497 lectiones
798 2474 950 2507 prostant.
979 2467 1064 2498 Hinc
1093 2478 1176 2509 opus
1204 2469 1252 2499 in-

180 2511 378 2552 completum
401 2510 527 2548 mansit,
552 2520 610 2541 nec
634 2510 672 2540 ab
696 2510 759 2541 alio
783 2511 978 2551 suppletum.
1008 2511 1095 2543 Cum
1123 2513 1253 2554 antiqua

178 2556 276 2587 latina
298 2555 443 2585 versione
466 2554 674 2585 recentiorem
693 2555 788 2585 aliam
806 2555 941 2587 Ioannis
955 2557 1159 2598 Argyropoli
1177 2568 1252 2588 con-

179 2601 350 2631 iunxerunt
373 2599 507 2629 editores
531 2599 679 2629 Romani.
1014 2609 1022 2615 ·

245 2644 450 2675 Ptolomaeus
474 2642 626 2674 Lucensis
649 2653 684 2674 ac
709 2644 820 2675 caeteri
843 2644 962 2675 laudati
980 2652 1100 2676 veteres
1119 2655 1252 2677 nomen-

179 2689 310 2720 clatores
339 2687 486 2718 Thomae
516 2687 667 2728 Aquinati
698 2687 861 2727 tribuunt,
891 2699 948 2719 ceu
976 2689 1156 2729 legitimum
1185 2690 1252 2720 eius

179 2743 272 2774 opus,
292 2733 532 2772 Expositionem
552 2732 585 2762 in
605 2732 714 2771 libros,
722 2733 866 2773 primum
890 2738 921 2763 et
938 2734 1125 2771 secundum,
1145 2735 1252 2765 Poste-

179 2779 301 2808 riorum
317 2776 565 2817 Analrticorum
579 2776 771 2808 Aristotelis.
786 2777 932 2818 Tempus
948 2778 1121 2808 elucubrati
1138 2777 1253 2819 Operis

178 2829 254 2853 nota
277 2820 467 2862 temporaria
490 2820 577 2851 nulla
598 2820 735 2860 indicat,
759 2831 863 2862 neque
886 2821 1025 2853 indicant
1042 2822 1161 2853 laudati
1180 2822 1252 2853 scri-

178 2873 294 2907 ptores.
320 2865 406 2896 Cum
429 2865 559 2906 antiqua
581 2866 726 2896 versione
748 2865 846 2896 latina
868 2873 989 2906 prostat
1008 2876 1055 2906 ea,
1074 2876 1173 2908 quam
1190 2867 1252 2897 Ar-

177 2911 359 2952 gyropolus
383 2909 518 2941 confecit
539 2909 573 2940 in
597 2909 735 2941 editione
758 2911 915 2941 Romana.

246 2953 395 2996 Sequitur
417 2954 584 2994 Expositio
614 2955 646 2984 in
675 2960 744 2986 octo
768 2954 865 2986 libros
888 2955 1100 2996 Physicorum
1128 2956 1251 2987 Aristo-

180 3000 261 3030 telis.
296 2999 387 3029 Hanc
418 3005 580 3029 recensent
612 3008 725 3029 omnes
762 2999 1036 3037 nomenclatores,
1069 2999 1186 3041 quibus
1218 3001 1251 3031 in

180 3043 325 3084 Operum
339 3043 487 3074 Thomae
503 3053 634 3074 censura
650 3043 802 3074 hactenus
818 3044 867 3074 usi
882 3054 1003 3075 sumuS.
1021 3044 1252 3076 Elucubratum

181 3087 273 3128 Opus
297 3088 335 3118 ab
359 3087 517 3128 Aquinate
541 3087 573 3117 in
598 3087 685 3118 Italia
708 3095 782 3128 post
805 3098 927 3119 annum
956 3089 1032 3119 1261
1061 3088 1154 3120 refert
1176 3089 1251 3120 Pto-

180 3132 324 3162 lomaeus
343 3131 509 3162 Lucensis:
533 3132 657 3163 Tenens
675 3132 795 3173 quippe
816 3130 867 3175 (ut
883 3131 939 3175 ait)
959 3132 1101 3164 studium
1117 3133 1250 3172 Romae,

182 3177 275 3216 quasi
305 3181 401 3206 totam
434 3176 668 3216 Philosophiam
692 3178 759 3208 sive
782 3177 942 3208 Moralem
963 3178 1030 3208 sive
1057 3177 1251 3209 Naturalem

181 3221 327 3261 exposuit
350 3225 380 3251 et
404 3221 435 3250 in
459 3221 612 3260 scriptum
636 3230 692 3252 seu
715 3221 935 3253 Commentum
959 3222 1094 3263 redegit.
1128 3223 1253 3254 Praeter

181 3264 345 3305 antiquam
379 3264 557 3295 versionem
588 3265 775 3296 addiderunt
806 3275 924 3296 novam
955 3266 1157 3308 Argyropoli
1186 3266 1250 3298 edi-

180 3315 273 3340 tores.

246 3353 299 3384 Ad
329 3353 556 3393 expositionem
588 3353 673 3394 quod
702 3355 816 3385 attinet
848 3355 880 3384 in
905 3354 1003 3386 libros
1027 3355 1079 3386 De
1102 3355 1191 3386 caelo
1221 3361 1252 3387 et

182 3397 311 3434 mundo,
336 3397 430 3427 verba
453 3397 553 3428 refero
577 3397 754 3429 Ptolomaei
774 3398 939 3429 Lucensis:
958 3399 1034 3430 Hoc
1052 3400 1147 3431 etiam
1175 3405 1251 3431 tem-

176 3451 259 3480 pore
282 3439 440 3483 (Gregorii
464 3442 493 3472 X
516 3442 555 3472 ab
579 3452 663 3472 anno
693 3452 769 3485 ¹²7¹
798 3453 864 3484 quo
888 3443 1034 3474 Pontifex
1065 3443 1182 3475 electus
1205 3451 1252 3475 est

183 3484 233 3515 die
262 3496 271 3515 1
301 3486 496 3526 septembris,
517 3486 556 3516 ad
575 3496 696 3517 annum
722 3496 804 3529 1274
819 3497 885 3529 quo
905 3488 944 3518 ad
964 3487 1099 3519 Caelites
1115 3488 1252 3520 evolavit

183 3529 325 3569 Aquinas
336 3530 385 3560 die
397 3541 415 3571 7
427 3529 544 3573 martii)
558 3532 685 3572 scripsit
695 3532 790 3562 etiam
801 3541 899 3572 super
907 3533 1153 3573 Philosophiam,
1166 3533 1251 3565 vide-

185 3573 257 3603 licet
273 3574 323 3604 De
337 3575 425 3604 caelo
442 3580 471 3605 et
486 3577 706 3615 generatione,
722 3576 778 3606 sed
793 3586 855 3606 non
873 3577 1057 3617 complevit;
1067 3583 1096 3608 et
1105 3578 1252 3608 similiter

183 3616 359 3648 Politicam.
377 3617 523 3648 Genuina
546 3619 622 3650 haec
641 3619 788 3650 Thomae
804 3620 969 3660 Expositio
989 3621 1122 3652 lectione
1138 3627 1251 3653 octava

905 256 1365 296 DISSERTATIONES
1396 257 1644 294 CRITICAE

1301 336 1334 366 in
1349 337 1467 367 librum
1486 337 1615 368 tertium
1634 337 1814 378 completur
1832 337 1865 368 in
1885 337 2022 368 editione
2041 339 2198 378 Romana,
2219 349 2294 370 cum
2312 349 2377 381 qua

1302 381 1498 412 conveniunt
1528 382 1653 412 codices
1680 392 1740 412 ms.
1772 382 1811 412 ab
1840 382 1986 413 Echardo
2015 382 2168 413 recensiti.
2202 383 2377 424 Reliquum

1301 425 1383 456 tertii
1411 425 1483 456 libri
1511 432 1542 456 et
1569 426 1671 466 quarti
1696 425 1937 457 Commentario
1968 437 2028 457 suo
2057 427 2203 468 exposuit
2229 428 2378 468 magister

1301 469 1412 500 Petrus
1436 470 1475 500 de
1497 470 1655 501 Alvernia.
1680 470 1858 501 Ptolomaei
1888 471 2040 501 Lucensis
2067 472 2162 502 verba
2185 479 2273 503 sunt:
2304 472 2379 503 Hos

1302 513 1400 544 libros
1423 514 1591 554 complevit
1608 515 1767 555 magister
1783 515 1901 546 Petrus
1922 515 1962 546 de
1979 516 2147 554 Alvernia,
2162 516 2379 557 fidelissimus

1301 558 1478 598 discipulus
1511 559 1598 597 eius,
1627 560 1785 600 magister
1814 561 1847 589 in
1879 559 2039 601 theologia
2073 565 2103 591 et
2130 571 2272 601 magnus
2300 562 2376 602 phi-

1302 602 1452 642 losophus
1475 607 1506 633 et
1528 602 1655 633 demum
1678 603 1857 644 Episcopus
1880 603 2165 635 Claromontensis.
2185 605 2376 636 Ptolomaeo

1302 645 1511 686 suffragantur
1534 647 1668 678 codices.
1693 647 1908 678 Sorbonicum
1931 647 2019 679 affert
2041 649 2223 688 Echardus,
2251 650 2285 680 in
2309 659 2376 690 quo

1301 690 1379 721 haec
1402 690 1572 721 habentur:
1597 691 1715 732 Incipit
1737 701 1836 732 super
1858 693 1985 722 tertiam
2011 698 2141 733 partem
2166 695 2253 725 tertii
2275 692 2375 736 (libri)

1302 739 1333 765 et
1361 744 1461 775 super
1489 740 1641 775 quartum
1673 735 1765 766 Caeli
1793 741 1824 767 et
1846 736 1983 774 Mundi,
2015 737 2135 767 editum
2165 732 2191 768 a¹
2217 740 2376 780 magistro

1301 779 1397 809 Petro
1420 778 1460 809 de
1481 779 1648 810 Alvernia.
1681 780 1734 810 Ad
1757 780 1874 810 calcem
1905 780 2039 820 duplicis
2063 781 2180 812 codicis
2208 782 2376 813 Navarraei

1302 823 1346 853 sic
1369 822 1498 863 legitur:
1522 823 1563 854 In
1586 824 1647 854 hoc
1669 824 1847 864 completur
1869 826 2024 864 expositio
2053 827 2204 866 magistri
2225 827 2315 857 Petri
2336 827 2378 857 de

1302 868 1458 898 Alvernia
1486 868 1518 897 in
1543 868 1672 898 tertium
1702 873 1734 898 et
1760 873 1912 909 quartum
1939 868 2031 899 Caeli
2058 874 2089 900 et
2110 870 2230 901 Mundi
2251 871 2378 902 Aristo-

1302 912 1384 949 telis,
1406 911 1460 942 ubi
1476 917 1676 952 praeventus
1694 918 1798 943 morte
1821 912 2014 943 venerabilis
2037 914 2088 944 vir
2101 913 2217 954 frater
2239 915 2380 946 Thomas

1301 956 1342 987 de
1363 956 1491 997 Aquino
1514 957 1638 987 omisit:
1661 957 1693 987 in
1717 966 1782 997 qua
1805 957 1952 997 quamvis
1975 966 2039 987 non
2062 963 2256 998 assequatur
2275 959 2379 989 inten-

1303 1002 1419 1032 tionem
1444 1002 1562 1041 ipsius,
1593 1001 1747 1041 aliqualis
1778 1002 1839 1032 erit
1868 1002 1921 1032 via
1948 1001 2023 1032 aliis
2051 1002 2243 1042 assequendi
2275 1004 2378 1043 ipsam

1303 1046 1354 1077 vel
1371 1045 1559 1086 simpliciter
1577 1045 1628 1076 vel
1646 1046 1679 1076 in
1696 1051 1806 1086 parte.
1826 1045 1968 1087 Antiqua
1986 1045 2089 1076 versio
2109 1053 2140 1077 et
2162 1056 2248 1077 nova
2265 1048 2379 1088 Argy-

1303 1090 1407 1131 ropoli
1429 1096 1583 1130 prostant.

1369 1135 1474 1165 Nemo
1505 1144 1571 1164 non
1600 1134 1748 1165 adscribit
1775 1134 1928 1176 Aquinati
1955 1134 2197 1174 Expositionem
2222 1136 2255 1166 in
2280 1135 2380 1166 libros

1302 1179 1384 1210 duos
1405 1179 1457 1209 De
1474 1180 1686 1220 generatione
1708 1184 1739 1210 et
1757 1179 1973 1220 corruptione.
1999 1179 2077 1210 Post
2099 1189 2221 1210 annum
2245 1189 2322 1222 1271
2344 1179 2379 1210 in

1302 1223 1382 1254 illud
1405 1223 1498 1263 Opus
1521 1223 1702 1254 incubuisse
1726 1223 1889 1254 Thomam
1913 1229 2044 1254 testatur
2065 1224 2282 1255 Ptolomaeus.
2307 1225 2378 1255 Imo

1304 1267 1495 1299 Guillelmus
1518 1268 1557 1298 de
1580 1268 1690 1299 Tocco
1719 1268 1753 1298 in
1775 1269 1930 1299 Processu
1953 1267 2203 1299 canonizationis
2226 1268 2313 1300 testis
2336 1268 2380 1299 ci-

1302 1319 1386 1343 tatus
1410 1319 1440 1343 et
1462 1312 1583 1343 iuratus
1602 1312 1679 1343 haec
1698 1312 1793 1343 habet
1811 1312 1913 1353 capite
1931 1322 1974 1343 vn
1993 1322 2082 1343 num.
2107 1312 2162 1343 58:
2181 1313 2277 1344 Dixit
2294 1312 2380 1354 quod

1304 1357 1383 1388 vidit
1401 1366 1472 1387 eum
1494 1357 1682 1387 scribentem
1702 1367 1801 1398 super
1819 1357 1935 1387 librum
1960 1357 2012 1387 De
2029 1358 2242 1398 generatione
2260 1362 2292 1388 et
2309 1367 2379 1388 cor-

1304 1402 1471 1441 ruptione:
1493 1401 1578 1441 quod
1601 1401 1703 1432 credit
1715 1401 1829 1442 fuisse
1849 1402 1997 1432 ultimum
2021 1411 2102 1442 opus
2127 1411 2222 1432 suum
2247 1402 2280 1432 in
2304 1402 2380 1432 Phi-

1304 1445 1457 1485 losophia.
1488 1446 1515 1475 E
1545 1445 1674 1485 regione
1703 1446 1851 1487 antiquae
1879 1445 2033 1476 versionis
2060 1445 2176 1486 legitur
2203 1446 2264 1486 alia
2293 1455 2379 1477 nova

1304 1490 1473 1520 Francisci
1501 1489 1626 1520 Vatabli
1647 1489 1681 1520 in
1705 1490 1843 1521 editione
1866 1490 2023 1521 Romana.

1371 1533 1419 1564 De
1439 1532 1681 1564 Commentario
1697 1534 1731 1564 in
1745 1535 1965 1565 Meteororum
1985 1534 2084 1565 libros
2099 1534 2255 1565 iudicium
2274 1534 2381 1566 ferunt

1304 1584 1423 1608 veteres
1442 1578 1481 1608 ab
1501 1587 1540 1608 eo
1559 1578 1731 1616 diversum,
1755 1579 1844 1619 quod
1863 1578 1972 1609 tulisse
1992 1578 2140 1609 videntur
2158 1578 2295 1610 editores
2313 1579 2380 1610 Ro-

1305 1621 1402 1653 mani.
1433 1622 1586 1663 Aquinati
1616 1622 1797 1653 adiudicant
1826 1622 1877 1653 isti
1905 1623 2147 1663 Expositionem
2177 1624 2210 1654 in
2239 1628 2381 1664 quatuor

1305 1667 1372 1697 eius
1389 1666 1566 1706 argumenti
1582 1667 1699 1698 libros:
1717 1677 1784 1697 non
1800 1667 1843 1698 ita
1858 1673 1987 1698 veteres.
2005 1667 2185 1707 Logotheta
2199 1667 2258 1698 ait:
2275 1667 2386 1708 Super·

1305 1711 1386 1742 duos
1409 1711 1508 1742 libros
1538 1712 1770 1742 Meteororum.
1797 1711 1962 1742 Trivetus:
1987 1712 2208 1743 Meteororum
2232 1712 2381 1752 primum

1306 1761 1336 1787 et
1349 1756 1536 1787 secundum.
1552 1756 1663 1787 Petrus
1682 1755 1838 1796 Rogerius
1854 1766 1910 1786 seu
1926 1755 2077 1786 Clemens
2095 1756 2155 1787 vl:
2179 1756 2286 1797 Super
2299 1755 2382 1787 duos

1305 1801 1537 1832 Meteororum.
1554 1800 1810 1831 Valleoletarrus:
1826 1800 1932 1841 Super
1946 1800 2028 1831 duos
2044 1800 2143 1831 libros
2157 1801 2380 1832 Meteororum

1305 1845 1421 1883 solum,
1438 1845 1515 1886 quia
1534 1850 1638 1876 morte
1647 1850 1846 1885 praeventus
1862 1855 1926 1876 non
1944 1846 2074 1885 scripsit
2088 1846 2218 1876 tertium
2238 1850 2269 1876 et
2282 1854 2380 1886 quar-

1307 1895 1384 1921 tum.
1407 1890 1496 1920 Num
1520 1899 1595 1930 ergo
1620 1889 1851 1920 Commentarii
1874 1889 1907 1919 in
1931 1890 2060 1920 tertium
2086 1894 2117 1920 et
2138 1894 2290 1930 quartum
2323 1899 2382 1920 au-

1307 1941 1374 1965 ctor
1396 1933 1491 1965 fuerit
1513 1934 1624 1965 Petrus
1656 1933 1695 1964 de
1718 1933 1887 1972 Alvernia,
1912 1933 1968 1974 qui
1990 1943 2089 1974 super
2118 1939 2259 1975 quatuor
2282 1933 2382 1964 libros

1306 1980 1526 2010 Meteororum
1551 1978 1710 2019 scripsisse
1734 1975 1849 2009 fertur?
1873 1978 2029 2009 Codicem
2054 1979 2270 2009 Navarraeum
2293 1977 2382 2009 affert

1306 2023 1480 2062 Echardus,
1505 2032 1571 2064 quo
1595 2022 1827 2054 Commentarii
1854 2029 2052 2063 praestantur
2075 2022 2219 2054 eiusdem
2233 2022 2324 2059 Petri
2346 2022 2382 2052 in

1307 2067 1437 2099 eosdem
1473 2067 1623 2105 Quatuor
1655 2067 1774 2098 libros:
1797 2066 1919 2108 fertque
1951 2067 2019 2107 ipse
2042 2067 2206 2098 Echardus
2238 2066 2381 2098 testimo-

1307 2112 1409 2151 nium,
1434 2111 1692 2143 Commentarios
1708 2113 1740 2142 in
1754 2112 1900 2151 primum
1924 2111 2040 2142 librum
2065 2118 2096 2142 et
2118 2111 2294 2142 secundum
2314 2120 2383 2142 esse

1307 2156 1442 2188 omnino
1467 2156 1607 2187 diversos
1631 2156 1670 2186 ab
1693 2156 1731 2186 iis
1755 2165 1837 2197 quos
1867 2155 2012 2186 Thomas
2045 2155 2256 2187 elucubravit:
2282 2154 2384 2186 Com-

1307 2201 1497 2232 mentarium
1521 2201 1555 2231 in
1579 2202 1708 2232 tertium
1725 2210 1792 2231 esse
1817 2200 1968 2231 eumdem
1991 2210 2066 2231 cum
2089 2200 2175 2231 edito
2194 2199 2227 2230 in
2242 2199 2383 2231 editione

1308 2246 1471 2276 Romana:
1495 2255 1532 2276 ac
1556 2245 1689 2276 demum
1711 2245 1745 2276 in
1768 2250 1920 2286 quartum
1940 2254 2070 2285 prorsus
2093 2244 2194 2276 alium
2217 2253 2294 2275 esse.
2313 2245 2381 2275 An-

1307 2290 1414 2331 tiquae
1437 2290 1552 2321 latinae
1574 2289 1712 2320 versioni
1737 2299 1753 2320 e
1776 2289 1909 2330 vestigio
1943 2295 2107 2330 comparet
2138 2299 2223 2320 nova
2245 2299 2266 2320 a
2296 2288 2384 2320 νίσο-

1308 2340 1450 2366 mercato
1473 2335 1635 2365 adornata.

1378 2379 1633 2410 Commentarios
1652 2380 1685 2409 in
1709 2384 1774 2409 tres
1793 2378 1976 2409 Aristotelis
1994 2378 2093 2409 libros
2114 2378 2166 2409 De
2181 2378 2304 2416 anima,
2319 2376 2384 2418 pri-

1309 2432 1400 2454 mum
1423 2423 1556 2465 quidem
1579 2428 1800 2464 reportatum,
1826 2429 1863 2453 ut
1885 2422 2053 2463 inquiunt,
2077 2422 2218 2464 reliquos
2250 2421 2385 2463 proprio

1308 2468 1391 2509 stylo
1407 2468 1552 2509 scriptos,
1569 2467 1722 2509 Aquinati
1739 2466 1921 2498 adiudicant
1936 2474 2066 2498 veteres.
2086 2467 2214 2498 Praesto
2230 2472 2306 2498 sunt
2319 2466 2384 2497 Lo-

1307 2512 1455 2552 gothetae
1478 2513 1589 2543 verba:
1611 2513 1717 2553 Super
1738 2511 1914 2543 secundum
1940 2517 1971 2542 et
1993 2513 2123 2543 tertium
2146 2512 2199 2542 De
2213 2511 2384 2542 anima...

1307 2557 1480 2588 Lecturam
1499 2566 1598 2598 super
1615 2558 1759 2598 primum
1783 2557 1834 2587 De
1849 2557 1960 2587 anima
1975 2556 2027 2598 fr.
2043 2556 2242 2597 Raynaldus
2268 2555 2309 2586 de
2330 2555 2384 2586 Pe·-

1302 2611 1408 2642 perno
1425 2607 1501 2641 post
1519 2611 1591 2632 eum
1616 2602 1774 2642 legentem
1801 2600 1940 2642 collegit.
1967 2601 2058 2632 Paria
2080 2601 2209 2631 tradunt
2230 2597 2385 2630 Nicola'us

1307 2645 1456 2676 Trivetus
1471 2652 1501 2676 et
1515 2646 1626 2676 Petrus
1642 2644 1808 2685 Rogerius.
1830 2644 2147 2676 Commentariorum
2169 2644 2248 2674 liber
2270 2643 2381 2674 tertius

1308 2689 1356 2720 his
1379 2689 1491 2730 incipit
1512 2689 1632 2720 verbis:
1655 2689 1724 2720 Hic
1747 2689 1857 2729 incipit
1880 2689 1961 2719 liber
1983 2690 2098 2720 tertius
2125 2688 2214 2728 apud
2238 2687 2384 2718 Graecos

1308 2738 1338 2764 et
1360 2735 1440 2764 satis
1464 2733 1723 2770 rationabiliter;
1746 2733 1863 2763 exhinc
1885 2733 1968 2763 enim
1996 2732 2185 2763 Aristoteles
2207 2731 2251 2762 ad
2273 2732 2379 2773 inqui-

1307 2777 1443 2808 rendum
1467 2777 1507 2808 de
1530 2777 1692 2808 intellectu
1715 2777 1847 2807 accedit.
1878 2776 1959 2807 Satis
1982 2783 2029 2808 est
2051 2776 2169 2807 indicio
2200 2785 2319 2806 novam
2343 2785 2385 2806 ex.

1307 2831 1419 2862 graeco
1444 2821 1560 2852 factam
1583 2821 1763 2852 adhibuisse
1786 2820 1950 2851 Thomam
1977 2820 2166 2852 versionem.
2193 2821 2320 2851 Novam
2342 2819 2381 2850 il-

1307 2866 1372 2896 lam
1394 2866 1643 2904 translationem,
1667 2875 1766 2906 quam
1789 2865 1890 2896 modo
1913 2864 2078 2906 antiquam
2101 2865 2248 2903 dicimus,
2269 2863 2380 2895 aliam-

1306 2920 1370 2952 que
1393 2910 1489 2941 simul
1508 2921 1527 2941 a
1549 2910 1710 2941 Michaele
1724 2909 1886 2950 Sophiano
1910 2909 2098 2948 confectam,
2123 2915 2259 2950 praestat
2281 2908 2383 2940 editio

1306 2955 1463 2986 Romana.

1373 2999 1523 3040 Sequitur
1550 2999 1583 3029 in
1607 2998 1745 3029 editione
1769 2999 1915 3029 Romana
1939 3000 1971 3030 in
1996 3008 2050 3029 eos
2076 2998 2258 3029 Aristotelis
2281 2997 2382 3029 libros

1305 3044 1491 3085 Expositio,
1518 3044 1574 3084 qui
1590 3053 1698 3084 parva
1723 3043 1889 3074 naturalia
1922 3044 2084 3074 dicuntur.
2113 3042 2295 3074 lnscribitur
2317 3041 2381 3083 pri·

1306 3098 1379 3119 mus
1401 3088 1453 3119 De
1474 3097 1571 3119 sensu
1601 3093 1631 3119 et
1653 3093 1802 3119 sensato:
1830 3087 1919 3118 Alter
1940 3088 1992 3118 De
2014 3089 2170 3118 memoria
2194 3092 2225 3118 et
2247 3087 2380 3118 remini-

1305 3133 1446 3164 scentia:
1461 3132 1600 3171 Tertius,
1617 3133 1669 3163 De
1683 3141 1795 3163 somno
1810 3137 1841 3163 et
1855 3132 1986 3173 vigilia:
2002 3132 2154 3170 Quartus,
2170 3132 2222 3162 De
2234 3131 2385 3163 somniis:

1306 3177 1457 3216 Quintus,
1473 3177 1525 3207 De
1546 3177 1743 3208 divinatione
1761 3186 1824 3217 per
1846 3186 2003 3207 somnum.
2020 3176 2166 3207 Primum
2190 3183 2220 3207 et
2243 3175 2379 3206 alterum

1306 3228 1467 3253 recensent
1498 3221 1694 3262 Logotheta,
1718 3220 1896 3252 Ber-nardus
1929 3221 2107 3259 Guidonis,
2131 3220 2300 3258 Trivetus,
2327 3218 2379 3250 Pi·

1305 3276 1450 3306 gnonus,
1474 3265 1729 3303 Valleoletanus,
1754 3275 1779 3296 s.
1798 3265 1993 3297 Antoninus.
2022 3265 2123 3296 Tertii
2146 3264 2268 3296 mentio
2291 3262 2381 3304 apud.

1305 3310 1488 3351 Pignonum
1511 3317 1542 3341 et
1565 3310 1837 3341 Valleoletanum:
1862 3309 1965 3351 quarti
1989 3316 2020 3340 et
2042 3309 2146 3350 quinti
2170 3319 2236 3340 non
2264 3306 2376 3339 memi-

1306 3361 1420 3386 nerunt
1442 3361 1572 3386 veteres.
1599 3354 1721 3386 Saeculi
1746 3354 1826 3385 tertii
1851 3354 1965 3385 decimi
1990 3354 2133 3385 codicem
2155 3353 2189 3384 in
2211 3350 2377 3384 Parisiensi

1305 3399 1467 3430 Victorina
1490 3399 1680 3430 bibliotheca
1712 3399 1912 3430 adservatum
1944 3405 2103 3429 memorat
2133 3396 2314 3430 Echardus:
2342 3394 2378 3425 in

1305 3454 1371 3485 quo
1391 3443 1538 3475 Thomae
1554 3443 1733 3475 attribuitur
1748 3443 1916 3484 Expositio
1933 3443 2008 3474 libri
2024 3443 2076 3473 De
2099 3443 2262 3473 iuventute
2280 3445 2311 3471 et
2328 3448 2376 3470 se-

1306 3493 1441 3519 nectute.
1475 3488 1563 3519 Idem
1586 3488 1716 3519 adnotat
1739 3497 1775 3518 ex
1799 3487 1981 3526 codicibus,
2004 3487 2181 3518 Navarraeo
2205 3491 2236 3516 et
2259 3484 2376 3515 Sorbo-

1306 3532 1398 3571 nico‚
1423 3532 1700 3564 Commentarium
1724 3542 1741 3562 a
1764 3533 1857 3563 Petro
1881 3532 1920 3562 de
1943 3530 2092 3562 Alvernia
2120 3530 2242 3560 editum
2274 3529 2307 3558 in
2337 3528 2375 3558 li-

1305 3577 1396 3607 brum
1422 3577 1474 3608 De
1491 3587 1602 3608 somno
1626 3582 1657 3608 et
1674 3577 1785 3618 vigilia
1819 3576 1914 3616 longe
1937 3576 1976 3606 ab
2000 3584 2046 3606 eo.
2070 3573 2211 3612 differre,
2235 3572 2291 3614 qui
2315 3571 2375 3602 sub

1306 3621 1437 3652 nomine
1469 3621 1636 3662 Aquinatis
1669 3621 1701 3651 in
1726 3620 1863 3651 editione
1887 3620 2033 3650 Romana
2056 3624 2186 3659 prostat.
2217 3617 2312 3648 Hisce
2337 3616 2376 3646 de
