2548 4192
208 279 342 305 CXLVIII

207 360 222 375 ³>
245 348 435 388 cuiusquam
451 347 541 385 facta,
553 347 639 378 velut
653 357 724 387 pars
740 353 770 377 et
785 346 931 376 accessio.
945 345 992 374 Illi
1008 353 1126 374 nomen
1138 339 1278 386 φύσεως,

208 404 222 419 »
247 389 470 428 ὗποσταῖσεως
487 392 667 432 promiscue
679 401 737 431 pro
753 391 867 421 eodem
882 390 1023 419 habetur.
1036 388 1093 424 Illi,
1105 387 1280 436 quominus

208 449 223 464 »
246 447 381 477 persona
405 443 459 467 aut
483 436 660 476 hypostasis
675 435 714 465 sit
728 434 908 465 humanitas
923 432 1051 468 Christi,
1067 441 1132 461 non
1148 431 1279 461 alicu1us

209 494 223 508 »
246 481 355 522 inopia
378 487 442 518 est,
467 481 521 510 sed
545 480 713 520 superioris
738 486 866 509 naturae
899 477 999 516 copia.
1025 476 1109 515 Ergo
1134 475 1188 505 ubi
1213 485 1278 505 una

209 538 223 552 w
247 531 366 556 natura
397 525 488 555 Verbi
511 525 673 554 incarnati
696 522 934 563 pronunciatur,
959 527 989 550 et
1012 529 1071 560 pro
1095 526 1224 557 natura,
1249 525 1280 549 et

208 582 224 597 ιι
247 580 305 610 pro
329 579 463 609 persona
486 578 604 598 nomen
628 574 756 598 naturae
781 572 960 605 usurpatur:
986 564 1061 604 quia
1085 570 1207 601 natura,
1223 563 1277 593 ubi

210 626 224 641 ιι
247 621 313 644 tota
336 620 366 644 et
389 614 533 653 princeps
557 612 669 652 suique
692 610 768 641 iuris
792 617 848 646 est,
874 609 984 649 utique
1008 618 1142 648 persona
1166 614 1278 638 est....

210 671 224 686 »
247 657 331 688 Hinc
355 657 449 687 etiam
473 656 704 686 consultissime
728 665 745 684 a
769 654 891 694 Cyrillo
916 653 1048 689 dictum,
1064 662 1128 682 non
1150 651 1301 688 Christi,⁴

210 714 225 729 »
248 703 302 732 sed
331 701 421 731 Verbi
444 711 541 730 unam
566 705 716 729 naturam
735 700 950 728 incarnatam.
966 697 1050 727 Nam
1065 695 1182 726 Christi
1198 695 1280 726 duae

210 758 224 773 »
247 752 320 775 sunt
344 752 486 775 naturae:
511 751 542 774 at
565 743 658 774 Verbi
683 753 747 773 una
771 749 818 772 est
841 748 952 772 natura
967 751 1022 771 seu
1042 750 1107 770 una
1125 739 1280 770 Divinitas

210 802 224 817 >
246 790 414 819 incarnata.
430 788 546 818 Puerili
561 795 668 818 autem
683 786 880 817 cavillatione
895 784 1173 825 Semieutychiani‚
1190 783 1280 814 Chri-

210 846 223 860 »
247 840 331 863 stum
355 840 385 863 et
408 833 549 863 Verbum
573 833 722 862 eumdem
746 841 811 862 esse
836 830 1033 866 blaterantes,
1050 839 1148 859 unam
1165 828 1280 859 Christi

210 890 224 904 w
247 884 388 907 naturam
414 877 606 907 incarnatam
629 876 703 907 hinc
727 875 958 907 fabulabantur.
977 886 991 901 ι
1014 874 1176 904 Hactenus
1196 882 1280 912 egre-

206 922 254 962 gie
278 921 520 951 Thomassinus.

271 965 359 996 Nihil
381 975 455 995 vero
479 966 518 995 ab
542 974 580 995 eo
605 965 745 1003 dictum,
770 963 859 1005 quod
883 963 950 1004 ipse
975 962 1113 1003 Cyrillus
1136 961 1280 1002 pluribus

206 1011 238 1040 in
262 1009 354 1047 locis,
379 1020 459 1050 quae
482 1009 629 1040 laudatus
653 1016 763 1040 auctor
787 1008 918 1048 allegat,
942 1006 1191 1038 luculentissime
1214 1015 1280 1036 non

207 1054 397 1094 expresserit.
421 1054 472 1084 Ad
495 1064 563 1084 rem
586 1054 667 1084 hanc
691 1054 823 1084 demum
842 1052 1061 1083 illustrandam
1080 1051 1216 1081 maxime
1236 1050 1280 1081 fa-

207 1099 248 1129 cit
271 1098 454 1138 exemplum
476 1098 509 1128 in
533 1098 642 1128 creatis
667 1097 836 1138 compositi
861 1096 1075 1133 accidentalis,
1100 1102 1178 1135 puta
1201 1095 1279 1133 albi,

206 1153 272 1184 quo
297 1142 387 1173 divus
411 1143 555 1173 Thomas
579 1142 678 1173 utitur
701 1142 858 1182 opusculo
874 1142 912 1179 11,
929 1141 1028 1181 capite
1044 1151 1122 1171 ccx1.
1144 1140 1176 1171 Si
1191 1150 1279 1171 narn-

207 1197 269 1228 que
291 1187 325 1217 in
349 1187 421 1217 albo
445 1187 605 1228 quispiam
629 1187 738 1218 dixerit
769 1196 868 1217 unam
892 1195 958 1216 esse
982 1192 1128 1216 naturam
1152 1184 1278 1224 parietis

207 1231 340 1262 dealbati
364 1241 419 1261 seu
444 1231 631 1270 dealbatam,
656 1241 767 1262 verum
791 1230 882 1261 dicit:
899 1229 1053 1269 significat
1067 1229 1197 1270 quippe,
1223 1239 1277 1259 na-

206 1283 310 1306 turam
334 1285 389 1306 seu
413 1276 621 1306 substantiam
644 1275 769 1316 parietis
794 1285 861 1305 esse
893 1274 1116 1314 principalem,
1140 1283 1279 1304 accesso-

206 1320 290 1350 rium
314 1319 475 1358 accidens;
491 1320 580 1350 illam
594 1330 651 1360 per
669 1330 701 1350 se
721 1319 899 1355 subsistere,
919 1318 999 1348 illud
1015 1318 1047 1348 in
1065 1318 1207 1348 subiecto
1224 1327 1280 1358 per

206 1364 450 1402 inhaerentiam;
475 1375 509 1394 ac
533 1365 611 1394 duas
635 1371 761 1394 naturas
776 1363 900 1404 parietis
921 1369 951 1392 et
969 1362 1138 1393 accidentis
1167 1362 1280 1393 fatetur

207 1408 376 1447 distinctas,
401 1419 467 1438 non
492 1408 637 1440 discretas
666 1415 720 1439 aut
744 1414 909 1448 separatas.
934 1407 994 1437 Par
1024 1413 1070 1437 est
1093 1406 1279 1446 significatio

207 1452 396 1494 Cyrillianae
419 1452 658 1493 propositioniS,
684 1452 809 1483 caeteris
833 1451 983 1482 omnibus
1008 1451 1099 1481 salvis
1124 1451 1280 1481 conditio-

207 1497 317 1536 nibus,
347 1507 428 1538 quae
462 1497 698 1528 substantialem
732 1496 962 1537 hypostaticam
991 1495 1126 1531 duarum
1155 1502 1279 1525 natura-

207 1552 297 1580 rum,
329 1551 410 1582 quae
440 1541 631 1572 substantiae
655 1548 746 1580 sunt,
770 1541 802 1570 in
827 1540 954 1571 Christo
978 1539 1158 1570 unitionem
1181 1539 1279 1570 comi-

208 1593 323 1617 tantur.

274 1631 310 1660 II.
336 1630 403 1660 lam
425 1639 499 1660 vero
524 1630 696 1670 colligitur,
721 1628 885 1659 somnium
914 1638 981 1659 esse
1005 1634 1035 1658 et
1059 1634 1280 1659 commentum

207 1674 320 1705 Crozei
344 1674 546 1704 existimantis
571 1674 752 1704 elucubrata
775 1673 996 1713 Areopagitica
1019 1682 1116 1712 opera
1135 1682 1174 1703 eo
1205 1683 1279 1703 con-

207 1718 277 1748 silio
302 1718 407 1756 fuisse,
432 1724 468 1748 ut
490 1718 524 1748 in
547 1718 584 1748 iis
607 1717 904 1759 Monophysiticum
925 1717 1019 1748 unius
1034 1717 1067 1747 in
1084 1717 1211 1748 Christo
1226 1727 1279 1748 na-

206 1769 293 1793 turae
317 1763 434 1802 dogma
456 1763 646 1802 vulgaretur.
671 1762 792 1793 Verum
816 1762 911 1792 etiam
935 1761 1055 1792 facinus
1079 1762 1164 1792 istud
1189 1772 1206 1792 a
1223 1761 1279 1802 Sy-

206 1806 294 1837 nesio
325 1813 558 1847 perpetratum,
599 1813 819 1837 commentum
852 1813 899 1837 est
938 1813 1032 1847 atque
1071 1806 1280 1837 vanissimum

207 1851 380 1881 somnium.
405 1851 609 1882 Ptolemaidis
633 1851 824 1892 Cyrenaicae
848 1851 1080 1891 Episcopatum
1103 1850 1199 1891 gessit
1216 1851 1279 1889 ille,

207 1895 391 1935 Theophilo
414 1895 626 1926 Alexandrino
650 1895 825 1926 incentore:
851 1895 941 1936 quod
964 1905 1049 1926 anno
1071 1905 1137 1936 407
1153 1895 1280 1926 accidis-

208 1950 240 1970 se
269 1946 382 1980 putant
410 1940 556 1970 Petavius
585 1946 615 1970 et
638 1940 831 1981 Lequienus.
871 1939 957 1970 Nihil
980 1939 1032 1971 ille
1058 1940 1280 1980 praetermisit,

208 1991 244 2015 ut
267 1984 306 2014 ad
329 1984 518 2024 Episcopale
541 1984 702 2024 fastigium
721 1994 787 2014 non
801 1991 1056 2025 promoveretur:
1073 1994 1208 2025 eamque
1223 1994 1279 2024 po-

208 2028 367 2059 tissimum
391 2038 519 2059 causam
542 2027 639 2066 affert,
663 2029 752 2070 quod
770 2029 837 2069 ipse
860 2029 1040 2059 Platonicae
1060 2029 1281 2069 philosophiae

209 2072 381 2113 praeceptis
414 2073 556 2103 imbutus
592 2083 610 2103 a
633 2073 810 2114 praecipuis
840 2073 963 2114 aliquot
986 2072 1059 2104 fidei
1083 2073 1279 2105 Christianae

210 2116 363 2156 capitibus
387 2117 576 2155 dissentiret;
601 2126 715 2158 easque
739 2117 906 2158 opiniones
930 2118 973 2148 ita
996 2118 1104 2148 animo
1124 2117 1199 2148 fixas
1214 2128 1281 2149 esse

210 2161 263 2199 ait,
288 2167 324 2191 ut
345 2161 418 2191 licet
441 2161 638 2191 dissimulare
661 2162 746 2202 pacis
770 2168 801 2192 et
824 2162 1011 2192 concordiae
1039 2172 1133 2192 causa
1156 2170 1279 2203 posset,

210 2205 365 2236 dimittere
388 2211 494 2236 tamen
518 2212 572 2236 aut
596 2213 718 2237 mutare
741 2206 869 2236 easdem
891 2206 981 2237 nolit.
1001 2207 1160 2246 Dogmata
1174 2214 1281 2238 autem

209 2249 266 2280 tria
289 2249 456 2290 proponit:
490 2250 650 2290 primum,
674 2251 817 2281 animam
835 2251 1059 2290 praexistere,
1085 2251 1219 2282 alterum
1242 2252 1282 2283 de

209 2294 321 2324 mundi
343 2295 550 2331 aeternitate,
575 2304 674 2335 quern
697 2301 732 2326 ut
755 2294 957 2325 interiturum
980 2295 1152 2335 aliquando
1177 2297 1281 2327 crede-

210 2345 256 2368 ret
287 2338 474 2379 neutiquam
497 2338 610 2369 adduci
634 2346 771 2379 poterat:
796 2339 924 2370 tertium
947 2339 987 2370 de
1010 2345 1210 2371 mortuorum
1231 2351 1280 2372 re—

209 2383 418 2420 surrectione,
444 2393 542 2423 quam
565 2383 737 2424 mysticum
760 2390 791 2414 et
813 2393 964 2414 arcanum
988 2383 1127 2424 aliquem
1151 2394 1281 2416 sensum

210 2426 390 2465 recondere,
401 2436 458 2457 nec
477 2437 551 2457 cum
567 2427 664 2467 vulgo
680 2427 895 2468 accipiendam
910 2438 976 2458 esse
987 2429 1104 2459 asserit.
1114 2429 1188 2459 Non
1199 2430 1280 2461 serio

211 2471 270 2501 ista
292 2481 310 2500 a
334 2470 466 2511 Synesio
489 2471 645 2502 inculcata
667 2471 764 2503 fuisse
797 2472 959 2503 contendit
981 2473 1137 2504 Batonius
1161 2474 1201 2504 ad
1226 2484 1280 2505 an-

210 2525 291 2546 num
313 2524 390 2554 410,
415 2515 470 2545 sed
488 2522 552 2546 arte
567 2516 606 2546 ad
620 2515 843 2547 declinandum
859 2517 1011 2558 Episcopi
1026 2527 1155 2549 munus.
1171 2519 1280 2550 Animi

213 2559 262 2590 sui
286 2569 395 2589 sensus
425 2559 555 2590 candide
585 2560 677 2591 illum
707 2561 866 2600 aperuisse
895 2568 1014 2592 veteres
1045 2562 1151 2602 plures
1174 2573 1210 2594 ac
1233 2573 1279 2594 re-

212 2609 316 2634 centes
340 2603 544 2643 arbitrantur,
575 2610 700 2635 tantum
732 2604 829 2635 animi
853 2605 1024 2636 candorem
1055 2607 1278 2638 collaudantes.

212 2647 382 2678 Caeterum
405 2658 486 2689 quae
509 2649 602 2678 verba
627 2649 763 2689 opponit
786 2648 939 2687 Crozeus,
963 2660 1030 2680 non
1054 2650 1200 2682 exhibent
1222 2651 1280 2682 ho-

211 2691 332 2722 minem
355 2691 395 2722 ad
418 2692 638 2723 mentiendum
660 2692 910 2735 fingendumque
933 2701 1089 2734 paratum,
1109 2705 1212 2736 neque
1228 2696 1281 2726 ad-

211 2742 367 2766 serentem
389 2737 513 2767 bonum
537 2747 603 2768 esse
626 2737 821 2779 quandoque
844 2745 875 2768 et
897 2738 973 2769 utile
992 2739 1194 2770 mendacium
1209 2750 1281 2780 pro-

210 2780 277 2820 prie
301 2780 439 2819 dictum;
463 2781 519 2812 sed
542 2781 627 2821 pacis
651 2788 682 2812 et
705 2782 892 2813 concordiae
923 2793 1017 2814 causa
1039 2783 1158 2814 bonam
1182 2794 1281 2824 quan-

211 2824 318 2866 doque
341 2834 407 2856 esse
430 2825 567 2856 veritatis
591 2825 888 2864 dissimulationem,
912 2826 964 2857 illa
987 2827 1105 2858 scilicet
1127 2827 1161 2858 in
1188 2829 1282 2859 corde

210 2875 339 2907 retenta,
363 2869 530 2900 mendacio
553 2876 660 2900 tamen
684 2880 861 2911 numquam
889 2871 1025 2911 prolato.
1050 2871 1163 2903 Aiebat
1185 2872 1282 2910 enirn,

212 2913 360 2953 dogmata
383 2913 435 2949 illa
459 2924 516 2944 sua
547 2914 726 2954 platonica,
758 2915 783 2946 si
807 2915 986 2956 Episcopus
1019 2916 1127 2954 fuerit,
1157 2916 1282 2948 silentio

211 2967 352 2998 premere
376 2967 488 2998 posse,
513 2958 592 2989 nihil
615 2965 725 2990 contra
748 2959 858 2990 eadem
883 2960 1063 2991 docturum.
1089 2961 1190 2991 Verba
1215 2961 1282 2992 eius

212 3001 334 3042 accipe:
354 3001 396 3032 Ut
420 3003 500 3033 nihil
515 3003 648 3044 penitus
671 3003 807 3042 docens,
831 3005 879 3035 sic
902 3004 982 3035 nihil
1005 3005 1100 3035 etiam
1123 3004 1280 3037 dedocens

212 3051 307 3086 atque
335 3047 367 3076 in
392 3052 604 3088 praesumpta
634 3049 736 3078 animi
766 3049 914 3088 opinione
939 3058 1135 3089 permanere
1162 3051 1280 3081 sinens.

212 3090 298 3120 Haec
322 3089 393 3121 licet
421 3097 647 3123 contestaretur
677 3092 845 3133 Synesius,
870 3102 906 3123 ea
929 3099 1035 3124 tamen
1064 3103 1120 3134 spe
1143 3093 1282 3126 initiatus

211 3133 390 3174 Episcopus
414 3134 484 3174 fuit,
508 3135 576 3166 fore
599 3143 635 3167 ut
657 3146 748 3167 verae
771 3137 931 3176 religionis
954 3144 1059 3168 vertex
1073 3145 1104 3168 et
1118 3138 1282 3179 colophon

212 3178 387 3208 accederet:
411 3189 514 3220 neque
538 3190 609 3210 eam
627 3190 718 3220 spem
733 3180 878 3212 fefellisse
892 3181 1113 3222 Theophilum
1127 3182 1281 3224 aliosque,

212 3221 267 3263 qui
299 3222 468 3263 Synesium
498 3224 537 3254 ad
567 3224 756 3265 Episcopale
787 3235 906 3256 munus
938 3226 1158 3266 postulabant,
1190 3228 1282 3259 tradit

211 3266 364 3306 Evagrius
388 3266 469 3298 libro
485 3268 508 3306 1,
529 3268 629 3308 capite
652 3276 701 3300 xv:
726 3269 823 3300 Recte
845 3271 976 3301 omnino
999 3271 1217 3310 coniicientes,
1233 3272 1281 3303 in-

211 3310 334 3351 quiens,
358 3311 401 3342 ad
424 3312 566 3353 reliquas
589 3314 658 3344 eius
682 3314 744 3344 viri
767 3315 901 3345 virtutes
925 3315 985 3346 ista
1010 3325 1078 3346 esse
1096 3325 1278 3354 accessura,

211 3364 282 3385 cum
307 3354 416 3386 divina
438 3358 550 3397 gratia
575 3357 655 3388 nihil
669 3358 889 3399 imperfectum
904 3358 1021 3390 habere
1034 3361 1209 3391 sustineat:
1223 3371 1281 3392 nec

209 3407 280 3438 spes
303 3409 356 3430 eos
368 3399 506 3441 fefellit.
530 3401 620 3432 Paria
643 3401 748 3433 scribit
770 3403 903 3434 Photius
923 3403 1031 3434 codice
1054 3414 1135 3435 xxv1.

276 3443 364 3474 Loco
381 3444 479 3475 altero
503 3445 536 3476 in
551 3445 708 3477 Encomio
733 3446 858 3478 Calvitii
883 3447 921 3478 de
946 3448 1159 3480 sacerdotibus
1174 3450 1279 3490 Aegy-

211 3486 352 3527 ptiorum
376 3488 449 3529 agit,
468 3489 524 3530 qui
541 3491 698 3530 populum
722 3491 849 3530 ludunt,
870 3493 930 3532 ipsi
954 3493 986 3523 in
1007 3493 1177 3525 interiores
1200 3493 1279 3525 late-

943 262 1403 303 DISSERTATIONES
1441 263 1690 301 CRITICAE

1341 342 1417 373 bras
1439 345 1568 384 recepti,
1588 344 1674 384 quod
1693 345 1754 383 ipsi
1772 343 1919 384 efficiunt
1931 343 2049 384 populi
2068 344 2170 374 oculis
2189 345 2381 384 eripientes:
2395 345 2420 374 si

1341 397 1481 428 namque
1506 388 1596 428 quod
1625 387 1765 418 efficiunt
1792 388 1852 427 ipsi
1879 388 2000 418 videret
2030 388 2189 428 populus,
2222 396 2419 420 succenseret

1340 430 1434 471 ipsis:
1451 439 1563 472 utpote
1578 431 1633 472 qui
1639 431 1764 472 faciles
1779 433 1924 469 nimium,
1935 433 2166 472 parabilesque
2184 442 2237 463 res
2255 433 2401 464 derideat
2407 441 2421 471 ;

1334 477 1496 514 portentis
1520 477 1603 506 enim
1626 486 1706 516 opus
1726 476 1830 514 habet,
1851 486 1993 516 quorum
2013 477 2080 516 ipse
2103 487 2211 507 causas
2235 487 2301 507 non
2323 478 2416 508 norit.

1339 522 1391 550 An
1408 520 1485 551 haec
1501 520 1647 550 animum
1663 520 1785 560 Synesii
1805 527 2039 560 repraesentent
2057 521 2240 559 mendaciis,
2253 531 2418 552 commen-

1340 563 1444 604 tisque
1468 575 1503 595 ac
1527 565 1712 604 imposturis
1737 562 1919 595 addictum?
1947 567 1990 595 At
2018 565 2136 596 licitam
2166 566 2322 606 putaverit
2350 566 2418 606 ipse

1340 607 1486 639 fraudem
1509 616 1540 639 et
1563 608 1822 648 suppositionem
1850 609 1890 638 ad
1918 609 2102 640 ducendum
2130 620 2208 640 naso
2239 611 2416 651 populum:

1339 653 1506 691 peculiaris
1525 653 1602 683 haec
1621 652 1681 693 ipsi
1701 663 1768 683 non
1786 653 1943 683 insederat
1966 653 2128 693 opinatio;
2153 664 2257 695 neque
2282 665 2340 695 pro
2361 655 2417 696 Sy-

1338 697 1427 727 nesio
1452 697 1618 737 quidpiam
1642 697 1789 736 colligere
1815 697 1941 728 Crozeo
1965 698 2066 728 datur.
2105 698 2170 728 Sibi
2195 699 2326 739 quidem
2349 699 2417 730 vin-

1339 740 1421 770 dicat
1443 740 1495 771 ille
1519 741 1688 780 gloriolam
1706 741 1739 770 in
1758 741 1875 779 Dione,
1897 742 1986 781 quod
2006 752 2044 772 eo
2062 743 2239 781 pervenerit
2261 744 2367 774 studio
2387 751 2418 774 et

1338 784 1570 822 exercitatione,
1591 791 1626 815 ut
1648 784 1702 814 vix
1727 784 1950 824 distinguenda
1973 786 2180 817 similitudine
2205 787 2275 828 styli
2302 788 2418 818 imitari

1337 828 1469 859 valuerit
1492 836 1612 859 veteres
1637 828 1820 868 scriptores,
1846 830 1975 869 quodve
1998 830 2038 859 de
2062 840 2122 860 suo
2153 831 2275 871 scriptis
2304 842 2418 863 eorum

1337 873 1531 910 adnecteret,
1554 874 1593 903 ab
1617 873 1693 913 ipsis
1718 872 1839 903 dictum
1863 873 2083 913 scriptumque
2108 882 2255 914 putarent
2272 876 2415 907 lectores.

1338 917 1400 947 Sed
1416 917 1493 948 haec
1510 918 1646 957 probant
1666 915 1790 958 (inquit
1810 915 2006 959 Bruckerus)
2032 918 2245 958 interpolandi
2268 920 2318 950 vel
2341 930 2415 961 sup->

1337 961 1478 1002 ponendi
1502 968 1603 992 artem
1626 961 1748 1001 egregie
1772 961 1917 991 calluisse
1940 961 2128 1002 Synesium;
2152 963 2193 992 ad
2215 963 2312 994 libros
2336 964 2415 995 Dio-

1337 1006 1418 1047 nysii
1435 1006 1646 1046 Areopagitae
1671 1005 1802 1036 nomine
1821 1005 1988 1045 insignitos
2012 1005 2145 1036 minime
2164 1007 2330 1047 quadrant.
2354 1009 2414 1039 Vel

1337 1050 1423 1081 enim
1452 1060 1488 1081 ea
1522 1050 1636 1090 scripta
1655 1050 1777 1091 Synesii
1797 1057 1896 1080 aetate
1916 1060 1982 1080 non
2004 1051 2160 1089 extabant,
2181 1061 2321 1092 quorum
2345 1052 2412 1093 ipse

1336 1095 1455 1136 stylum
1478 1095 1672 1132 imitaretur;
1697 1095 1786 1135 quod
1810 1094 1835 1124 si
1859 1101 2008 1131 extarent,
2030 1105 2096 1125 non
2121 1096 2232 1126 eadem
2255 1097 2314 1128 sub
2331 1097 2411 1127 falso

1336 1140 1467 1170 nomine
1483 1139 1652 1181 Synesium
1672 1139 1903 1169 elucubravisse
1923 1139 2034 1179 peritia
2049 1140 2174 1178 evincit,
2191 1150 2255 1181 qua
2270 1141 2412 1182 pollebat

1335 1183 1369 1214 in
1392 1184 1529 1215 aliorum
1553 1183 1743 1224 scriptorum
1767 1183 1840 1224 styli
1863 1183 2050 1215 imitatione.

1403 1229 1572 1266 Quaenam
1599 1238 1674 1259 vero
1704 1234 1790 1258 tanta
1819 1228 1900 1258 inter
1923 1228 2045 1269 Synesii
2075 1229 2195 1269 stylum
2223 1239 2259 1260 ac
2287 1237 2411 1261 senten-

1336 1272 1414 1303 tiam
1438 1273 1613 1304 similitudo
1633 1283 1668 1303 ac
1687 1272 1986 1312 Areopagiticorum
2004 1279 2180 1311 auctorem,
2196 1281 2231 1305 ut
2247 1274 2325 1305 haec
2345 1275 2411 1305 foe-

1336 1324 1387 1348 tus
1411 1317 1495 1348 illius
1519 1317 1579 1348 dici
1610 1314 1765 1347 debeant?
1796 1319 1848 1347 An
1877 1317 1957 1347 adeo
1987 1317 2123 1348 sublime
2151 1325 2182 1348 et
2210 1319 2411 1350 reconditum

1337 1361 1430 1392 fuerit
1453 1362 1560 1392 Deum
1583 1361 1720 1401 cogitare
1740 1368 1771 1392 et
1789 1361 1946 1401 appellare
1966 1361 2096 1402 fontem
2111 1362 2259 1403 fontium
2279 1369 2310 1394 et
2329 1363 2410 1405 inejt

1327 1405 1436 1446 fabile
1450 1406 1654 1447 profundum
1660 1413 1673 1443 ,⁹
1687 1412 1723 1436 ut
1741 1405 1766 1436 si
1786 1415 1868 1447 quae
1887 1406 2008 1436 diversa
2027 1416 2124 1446 opera
2143 1407 2224 1438 hanc
2243 1407 2411 1439 habuerint

1337 1450 1536 1488 sententiam,
1556 1451 1595 1480 ab
1619 1450 1734 1480 eodem
1758 1450 1912 1490 prodiisse
1934 1457 2063 1481 auctore
2087 1451 2333 1484 existimandum
2353 1450 2411 1483 sit?

1337 1495 1544 1535 Quamquam
1568 1494 1719 1535 Synesius
1741 1494 1867 1524 Patrem
1881 1494 2011 1535 sontem
2034 1494 2182 1535 fontium
2207 1497 2356 1536 appellat,
2380 1504 2412 1529 et

1336 1538 1413 1570 alter
1422 1538 1587 1579 fontalem
1605 1539 1804 1569 diuinitatem
1814 1547 1825 1569 :
1838 1549 1920 1579 quae
1936 1539 2002 1569 vim
2018 1540 2165 1570 eamdem
2180 1550 2248 1571 non
2264 1547 2411 1573 exserunt

1336 1589 1367 1613 et
1377 1582 1650 1622 significan‘onem.
1666 1582 1720 1613 Ait
1737 1582 1832 1613 etiam
1848 1590 1959 1614 auctor
1968 1584 2267 1624 Areopagiticorum
2277 1585 2411 1625 capiten

1336 1627 1375 1657 de
1390 1627 1513 1658 Divinis
1531 1626 1725 1658 Nominibus
1739 1627 1767 1668 §-
1791 1638 1817 1665 1,
1836 1625 1900 1662 τήν
1927 1628 2080 1672 πηγαίαν
2105 1629 2162 1659 καὶ
2186 1626 2410 1662 ἀνέκλειπτον

1337 1670 1472 1710 αἰτίαν,
1496 1673 1723 1703 scaturientem
1745 1677 1775 1701 et
1794 1681 1968 1712 numquam
1990 1672 2188 1713 deficientem
2211 1682 2363 1712 causam;
2378 1680 2412 1706 et

1335 1716 1363 1757 5.
1385 1718 1420 1747 5:
1445 1713 1529 1759 μόνη
1555 1709 1594 1746 δὲ
1619 1714 1714 1760 πηγὴ
1734 1714 1796 1752 τῆς
1818 1715 2017 1759 ύπερουσίου
2042 1714 2207 1754 Θεότητος
2233 1717 2250 1748 ὁ
2275 1717 2408 1762 πατήρ,

1335 1761 1424 1792 solus
1437 1761 1521 1802 sons
1543 1761 1863 1801 supersubstantialis
1889 1761 2018 1792 deitatis
2040 1762 2157 1793 Pater:
2179 1762 2297 1803 quibus
2323 1763 2411 1804 paria

1335 1805 1368 1836 in
1391 1805 1525 1847 Synesio
1549 1805 1663 1835 frustra
1686 1805 1858 1846 perquiras.

1403 1849 1645 1881 Conferendum
1669 1849 1806 1890 denique
1825 1849 1967 1880 Crozeus
1987 1850 2075 1881 iubet
2093 1850 2234 1890 primum
2253 1858 2284 1882 et
2299 1861 2411 1883 secun-

1337 1894 1416 1924 dum
1445 1894 1567 1935 Synesii
1596 1894 1756 1935 hymnum
1789 1903 1864 1924 cum
1893 1894 1967 1925 loco
1999 1894 2037 1925 de
2060 1894 2184 1926 Divinis
2216 1896 2410 1927 Nominibus

1336 1939 1437 1979 capite
1462 1949 1489 1977 1,
1515 1939 1543 1980 §-
1570 1949 1595 1969 ι.
1623 1938 1807 1969 Annuimus
1839 1938 2066 1969 lubentissime.
2097 1939 2184 1970 Haec
2214 1940 2289 1971 loco
2314 1940 2410 1972 citato

1336 1983 1507 2014 habentur:
1527 1983 1636 2023 Supra
1654 1983 1851 2013 substantias
1870 1988 1916 2013 est
1937 1983 1994 2013 illa
2017 1984 2340 2024 suprasubstantialis
2363 1986 2410 2016 in-

1325 2027 1445 2068 finitas
1477 2033 1507 2058 et
1538 2037 1640 2068 supra
1673 2032 1794 2057 mentes
1824 2027 1881 2057 illa
1916 2037 2016 2068 supra
2050 2033 2185 2059 mentem
2219 2029 2350 2060 unitas:
2380 2034 2411 2061 et

1335 2072 1482 2103 omnibus
1504 2071 1803 2103 ratiocinationibus
1826 2072 2032 2102 inscrutabile
2055 2077 2103 2103 est
2126 2073 2208 2104 illud
2229 2083 2330 2114 supra
2354 2083 2410 2104 ra-

1336 2117 1572 2147 tiocinationem
1604 2123 1725 2147 unum:
1754 2117 1903 2156 omnique
1933 2116 2028 2147 verbo
2059 2116 2223 2157 ineffabile
2252 2121 2313 2149 est'
2328 2118 2411 2149 illud

1335 2170 1435 2201 supra
1460 2161 1590 2192 verbum
1614 2160 1751 2191 bonum:
1775 2161 1883 2191 unitas
1906 2159 2056 2201 effectrix
2079 2162 2251 2192 universae
2276 2163 2411 2194 unitatis

1336 2210 1366 2236 et
1388 2205 1567 2236 substantia
1590 2215 1691 2245 supra
1714 2204 1925 2235 substantiam
1951 2210 1982 2236 et
2004 2215 2095 2236 mens
2118 2215 2181 2236 non
2206 2206 2326 2237 cadens
2349 2207 2410 2238 sub

1336 2250 1593 2291 intelligentiam,
1611 2250 1696 2280 ratio
1711 2259 1774 2280 non
1790 2248 1938 2290 effabilis,
1955 2250 2092 2287 ratione,
2109 2250 2336 2292 intelligentia,
2350 2261 2409 2283 no-

1336 2295 1483 2335 mineque
1511 2301 1650 2325 vacans:
1679 2294 1801 2324 nullius
1829 2295 1878 2324 rei
1900 2294 2140 2326 similitudinem
2164 2295 2304 2326 habens:
2326 2305 2411 2336 quae

1335 2339 1462 2379 quidem
1486 2348 1585 2370 causa
1610 2343 1666 2376 est,
1688 2343 1723 2368 ut
1742 2339 1849 2368 omnia
1870 2339 1935 2369 sint
1953 2345 2011 2369 etc.
2036 2339 2125 2370 Haec
2143 2349 2219 2370 vero
2238 2339 2319 2371 inter
2337 2339 2410 2380 alia,

1335 2393 1417 2424 quae
1441 2383 1574 2424 Hymno
1595 2382 1735 2413 secundo
1751 2380 1794 2424 (v.
1814 2383 1867 2420 25,
1883 2381 1986 2425 seqq.)
2002 2382 2153 2424 Synesius
2173 2383 2267 2422 canit,
2286 2383 2408 2425 accipe:

1339 2427 1431 2458 Unus
1443 2427 1540 2469 fons,
1561 2437 1627 2458 una
1646 2427 1777 2458 radix...
1805 2427 1867 2458 Ubi
1889 2429 1973 2458 enim
1991 2427 2205 2469 profunditas
2226 2429 2346 2466 Patris,
2367 2428 2411 2461 ibi

1336 2473 1431 2503 etiam
1457 2472 1593 2503 illustris
1610 2472 1747 2502 Filius...
1772 2472 1939 2502 Bonorum
1959 2473 2033 2503 tulit
2051 2473 2175 2513 copiam
2195 2478 2226 2504 et
2238 2473 2410 2514 supersub-

1335 2517 1518 2547 stantialem
1536 2517 1787 2557 propaginem...
1812 2516 1921 2547 Patris
1943 2517 2085 2557 gloriam
2109 2522 2141 2548 et
2153 2518 2408 2559 primogenitam

1326 2560 1509 2601 formam...
1540 2562 1587 2591 Tu
1598 2566 1706 2602 pater,
1724 2566 1759 2591 tu
1784 2570 1818 2592 es
1836 2566 1960 2592 mater:
1983 2566 2017 2592 tu
2037 2570 2118 2599 mas,
2136 2566 2170 2592 tu
2179 2561 2354 2602 foemina:
2372 2567 2408 2594 tu

1336 2615 1410 2643 vox,
1421 2611 1456 2636 tu
1471 2606 1667 2636 silentium...
1683 2605 1798 2636 Unitas
1813 2605 1996 2636 divinorum
2013 2615 2233 2637 numerorum.
2249 2606 2337 2637 Haec
2353 2615 2408 2646 pn-

1335 2649 1380 2679 ria
1390 2649 1444 2690 qui
1456 2649 1576 2688 dixerit,
1585 2659 1699 2680 coecus
1714 2655 1770 2680 est.
1782 2648 1877 2681 Canit
1892 2649 1988 2680 etiam
2001 2649 2158 2690 Hymnol
2175 2647 2219 2691 (v.
2233 2647 2406 2692 52,seqq.):

1336 2693 1398 2724 Ille
1420 2694 1546 2734 quidem
1571 2703 1612 2724 ex
1626 2703 1662 2724 se
1676 2698 1782 2724 ortum
1796 2694 2013 2733 principium,
2032 2694 2235 2734 gubernator
2246 2699 2408 2735 paterque

1336 2747 1446 2768 rerum
1470 2738 1628 2775 omnium,
1653 2738 1861 2778 ingenitus...
1877 2738 2037 2768 unitatum
2062 2739 2170 2768 unitas
2183 2743 2313 2776 sancta,
2340 2747 2407 2770 mo-

1337 2781 1519 2822 nadumque
1542 2791 1655 2812 monas
1667 2782 1789 2822 prima,
1808 2781 1997 2821 simplicitas
2014 2783 2267 2813 summitatum...
2293 2782 2408 2814 Unitas

1337 2824 1529 2866 ineffabilem
1547 2827 1580 2856 in
1598 2825 1726 2856 modum
1749 2824 1887 2866 diffusa,
1913 2826 2033 2856 trinam
2057 2826 2173 2867 adepta
2188 2831 2235 2857 est
2249 2827 2322 2858 uim.
2347 2827 2408 2859 Su-

1331 2870 1614 2910 persubstantialis
1638 2879 1714 2901 vero
1727 2869 1811 2910 fons
1835 2875 2011 2900 coronatur
2027 2871 2272 2910 pulchritudine
2281 2871 2408 2911 prolis,

1336 2924 1420 2955 quae
1436 2924 1477 2945 ex
1491 2919 1601 2945 centro
1611 2914 1784 2955 profluxit.
1801 2914 1882 2945 Sunt
1896 2914 2054 2955 quaedam
2071 2914 2197 2956 utrique
2213 2915 2411 2954 communia,

1338 2965 1449 2999 utpote
1468 2968 1550 3000 quae
1574 2959 1613 2989 de
1636 2968 1766 2995 summo
1786 2958 1856 2989 Deo
1882 2969 1918 2990 ac
1941 2958 2137 2990 sanctissima
2156 2959 2313 2991 Trinitate
2332 2959 2412 2991 cele-

1337 3003 1481 3034 brentur:
1506 3010 1580 3034 sunt
1598 3002 1658 3033 alia
1681 3002 1983 3043 Synesiopropria,
2008 3013 2090 3044 quae
2114 3003 2265 3044 nuspiam
2289 3003 2414 3045 scripsit

1337 3054 1448 3078 auctor
1469 3046 1777 3088 Areopagiticorum.
1807 3049 1855 3078 Ac
1879 3047 1944 3078 duo
1969 3054 2044 3078 sunt
2062 3055 2226 3088 postremo
2248 3048 2322 3079 loco
2341 3048 2411 3080 ani-

1336 3091 1576 3130 madvertenda3
1595 3092 1729 3122 alterum
1749 3101 1825 3122 cum
1842 3092 1890 3122 Jo.
1911 3091 2045 3123 Ernesto
2066 3092 2183 3123 Grabio
2200 3093 2233 3124 in
2251 3092 2346 3124 Notis
2367 3092 2410 3124 ad

1336 3145 1404 3176 cap.
1420 3147 1430 3166 1
1453 3146 1477 3167 s.
1495 3136 1629 3173 irenaei,
1649 3136 1821 3176 Synesium
1842 3137 1874 3166 in
1894 3136 2025 3177 hymnis
2033 3138 2161 3177 poetica
2181 3137 2310 3168 licentia
2329 3137 2408 3169 abu-

1333 3189 1421 3218 sum,
1452 3189 1576 3212 omnem
1599 3179 1680 3221 sere
1709 3180 2006 3211 Valentinianorum
2035 3181 2284 3222 mataeologiam
2309 3190 2407 3213 verae

1334 3225 1516 3266 theologiae
1542 3224 1723 3265 adaptasse,
1747 3234 1787 3255 ac
1809 3225 1971 3256 haeretica
1996 3235 2071 3256 uoce
2089 3226 2302 3257 orthodoxam
2325 3226 2406 3257 ceei-

1335 3270 1420 3300 nisse
1423 3269 1528 3311 fidem
1537 3275 1550 3306 ;
1568 3269 1703 3300 alterum
1717 3279 1791 3300 cum
1807 3269 2017 3301 Tillemontio
2034 3276 2126 3301 tomo
2141 3271 2198 3301 XII
2213 3270 2248 3301 in
2261 3269 2405 3301 eiusdem

1334 3313 1457 3354 Synesii
1476 3313 1539 3344 vita
1557 3313 1690 3344 articulo
1710 3323 1740 3343 iv
1764 3323 1879 3354 nempe
1903 3314 2053 3354 dogmata
2076 3314 2261 3346 christianae
2279 3312 2354 3345 fidei
2370 3312 2405 3344 in

1334 3357 1462 3398 hymnis
1477 3367 1592 3398 parum
1610 3364 1753 3389 accurate
1776 3357 1915 3396 edisseri,
1939 3368 1975 3389 ac
1998 3358 2090 3399 plura
2112 3358 2218 3399 promi
2241 3357 2349 3398 potius
2367 3367 2406 3388 ex

1334 3402 1604 3443 philosophorum
1627 3402 1767 3443 scriptis,
1791 3412 1890 3443 quam
1911 3402 2026 3433 divinis
2041 3412 2079 3433 ex
2093 3402 2238 3444 eloquiis.
2263 3401 2350 3432 Haec
2364 3401 2404 3432 ab

1334 3446 1562 3487 Areopagiticis
1580 3446 1676 3487 longe
1695 3447 1821 3485 absunt,
1837 3457 1978 3488 quorum
1992 3446 2192 3488 integerrima
2205 3445 2282 3477 fides
2301 3445 2405 3476 adhuc

1334 3490 1465 3522 inferius
1484 3490 1700 3532 patefacienda
1723 3498 1769 3522 est
1787 3501 1823 3522 ac
1842 3491 2039 3523 vindicanda.
