2548 4192
225 300 271 326 CC

227 379 281 399 ma
311 374 386 408 post
418 377 539 398 annum
568 368 649 407 1257
674 371 894 406 pertractatae,
919 365 951 394 in
975 363 1110 403 Speculo
1142 361 1300 391 Naturali

227 414 370 444 insertae.

296 457 402 488 Iacobi
433 455 568 486 Echardi
601 454 754 484 sententia
787 459 832 483 est
865 462 931 482 non
963 457 1035 480 ante
1063 459 1185 480 annum
1215 449 1295 479 1263

227 503 267 533 ad
298 503 403 542 plures
437 500 547 530 abiisse
570 498 794 534 Vincendum,
824 505 928 536 neque
951 495 1033 524 ultra
1066 503 1187 524 annum
1216 493 1299 532 1264

226 547 326 577 vitam
350 545 491 576 eiusdem
515 542 677 583 prorogari
701 548 810 581 posse:
829 549 895 579 quo
912 548 1028 578 nempe
1044 545 1189 578 tempore
1205 537 1298 567 Sum-

227 601 312 621 mam
335 599 427 621 suam
457 587 680 626 Theologicam
714 595 779 614 non
804 583 942 614 ediderat
972 582 1132 623 Aquinas,
1155 581 1298 612 testimo-

227 635 319 665 nium
342 634 457 664 ferente
474 631 660 662 Ptolomaeo
677 628 812 659 Lucensi
827 627 859 656 in
874 627 994 657 Histor.
1007 627 1081 656 eccl.
1099 626 1179 656 libro
1194 625 1299 662 XXII,

230 679 329 719 capite
352 686 443 707 xxxrx
467 685 522 715 per
545 674 621 704 haec
644 673 754 702 verba:
779 672 891 702 Huius
908 670 1096 713 (Clementis
1114 670 1157 700 IV
1174 668 1299 700 Summi

227 719 411 762 Pontificis)
435 725 575 759 tempore
598 715 640 759 (a
663 717 713 746 die
740 717 754 746 5
782 715 899 746 mensis
932 714 1079 745 februarii
1112 713 1187 744 anni
1217 713 1297 743 1265

227 776 293 807 quo
318 765 356 795 ad
380 764 552 795 Summum
576 760 795 792 Sacerdotium
819 766 944 790 evectus
964 757 1029 801 est)
1052 758 1156 789 dictus
1178 758 1301 788 Doctor

227 810 355 850 scripsit
377 809 554 843 Summam,
579 816 675 846 quam
700 806 732 835 in
762 806 841 835 Tres
862 809 978 844 partes
1009 804 1176 834 divisit...
1200 802 1301 833 Istius

229 864 308 895 ergo
331 853 483 883 Summae
511 852 589 881 Tres
615 855 729 890 partes
753 850 846 889 quasi
877 849 1005 889 scripsit
1037 853 1178 888 tempore
1209 847 1301 877 istius

227 898 390 938 Pontificis
414 902 444 926 et
465 896 641 926 vacationis
663 895 824 934 sequentis
848 891 884 936 (a
903 893 953 923 die
975 902 1015 932 ²9
1040 890 1222 922 novembris
1246 901 1300 920 an-

227 943 260 973 ni
290 941 370 972 1268
396 940 435 971 ad
459 949 580 970 annum
605 949 681 980 1271
712 938 860 978 diemque
883 948 892 967 1
915 936 1111 977 septembris,
1131 946 1198 976 quo
1223 935 1300 966 Gre-

227 986 336 1027 gorius
359 986 388 1015 X
413 994 488 1015 cum
512 984 622 1014 absens
656 983 756 1021 foret,
781 983 898 1013 electus
923 981 1000 1019 fuit;
1023 981 1074 1011 vel
1107 981 1147 1010 ad
1179 989 1301 1010 annum

226 1031 447 1071 insequentem
467 1038 547 1069 1272
573 1027 722 1068 diemque
747 1037 787 1068 ²7
812 1026 926 1064 martii,
951 1035 1017 1066 quo
1042 1025 1194 1055 Thiaram
1216 1024 1300 1054 Pon-

227 1074 357 1106 tificiam
379 1074 447 1114 ipse
471 1070 615 1114 accepit).
637 1073 708 1109 Qua
733 1071 837 1112 posita
860 1071 1045 1111 utriusque,
1070 1068 1301 1099 Bellovacensis

228 1126 259 1150 et
281 1118 460 1160 Aquinatis,
477 1116 741 1157 chronographia,
758 1116 863 1146 nodus
886 1114 1137 1145 intricatissimus
1161 1119 1301 1153 apparet,

230 1173 328 1205 quem
351 1172 454 1203 neque
478 1160 647 1192 Alexandri
671 1160 793 1200 gladius
817 1169 920 1190 secare
944 1159 1054 1199 possit.

297 1207 381 1238 Hinc
405 1206 500 1237 aliam
522 1206 634 1236 ineunt
657 1205 709 1235 alii
733 1203 1004 1244 chronographiae
1033 1202 1208 1240 rationem,
1232 1201 1301 1232 Bel-

229 1251 404 1283 lovacensis
419 1251 517 1281 vitam
531 1250 742 1290 producentes
766 1249 806 1279 ad
829 1258 950 1278 annum
972 1257 1054 1289 1274
1073 1254 1103 1278 et
1126 1247 1218 1277 ultra:
1235 1255 1301 1286 quo

230 1303 375 1337 tempore
398 1294 564 1326 biennium
580 1301 610 1325 et
626 1293 764 1334 amplius
779 1293 924 1333 elapsum
948 1298 1012 1322 erat
1035 1299 1109 1332 post
1125 1290 1303 1321 confectam

231 1341 269 1372 ab
288 1340 448 1381 Aquinate
472 1339 623 1370 Summae
647 1348 722 1369 suae
738 1337 952 1376 Theologicae
976 1336 1117 1366 Primam
1135 1334 1304 1365 Secundae

230 1392 260 1417 et
284 1385 464 1416 Secundam
487 1383 664 1414 Secundae.
691 1382 775 1413 Hinc
798 1381 957 1422 praedicto
981 1380 1110 1410 biennio
1133 1379 1184 1409 vel
1207 1378 1304 1409 etiam

229 1430 340 1461 latiore
357 1428 459 1469 spatio
483 1427 648 1468 temporis,
664 1437 730 1468 quo
754 1425 939 1457 Vincentius
956 1430 1011 1454 aut
1026 1423 1225 1465 synchronus
1243 1422 1304 1453 fuit

229 1473 383 1515 Aquinati
407 1472 510 1503 adhuc
533 1472 632 1503 vitam
648 1470 751 1511 agenti
774 1476 829 1500 aut
851 1469 896 1500 illi
919 1475 1088 1509 superstes,
1105 1467 1248 1508 potuisse
1263 1467 1302 1497 ab

229 1519 286 1549 illo
310 1525 432 1559 partem
454 1517 605 1548 Summae
627 1516 717 1546 istius
741 1513 902 1545 transcribi
919 1524 955 1544 ac
978 1512 1071 1544 inseri
1091 1511 1204 1543 Morali
1226 1511 1302 1551 Spe-

231 1563 323 1601 culo,
348 1562 451 1603 prima
481 1568 525 1592 est
548 1560 713 1600 responsio
737 1558 983 1590 Vedastinorum
1007 1556 1135 1588 Ordinis
1162 1566 1190 1586 se
1202 1556 1302 1586 Bene-

231 1606 304 1637 dicti
328 1606 562 1637 monachorum
585 1605 618 1635 in
641 1603 799 1635 Duacensi
823 1612 959 1643 operum
981 1600 1214 1632 Bellovacensis
1237 1599 1302 1630 edi-

229 1651 317 1682 tione
341 1650 414 1681 anni
444 1651 535 1689 1624.
782 1645 787 1650 '

297 1695 347 1726 Ab
379 1694 546 1725 emortuali
570 1693 713 1724 eiusdem
744 1691 976 1722 Bellovacensis
1009 1700 1093 1720 anno
1130 1690 1213 1728 1264
1236 1698 1303 1719 non

230 1739 382 1770 recedunt
405 1738 456 1769 alii
480 1737 640 1778 plerique,
665 1736 857 1768 accuratiore
886 1735 1008 1767 calculo
1032 1732 1303 1774 chronographiae

230 1784 366 1814 rationes
396 1783 626 1820 subducentes,
658 1781 807 1812 Albertus
839 1780 1059 1817 castellanus,
1093 1778 1303 1818 ildephonsus

229 1828 380 1868 Baptista,
391 1827 577 1868 Alphonsus
594 1826 632 1856 de
647 1826 772 1864 Ribera,
788 1825 922 1855 Ioannes
936 1834 954 1854 a
969 1834 992 1855 s.
1004 1824 1145 1861 Thoma,
1161 1823 1205 1853 10.
1221 1822 1304 1852 Pau-

229 1872 280 1903 lus
294 1871 456 1910 Nazarius,
473 1870 659 1902 Vincentius
678 1870 782 1908 Ferre,
799 1868 992 1909 Seraphinus
1007 1867 1220 1899 Piccinardus.
1237 1867 1304 1897 No-

230 1917 309 1947 dum
341 1926 416 1956 ergo
448 1914 737 1956 implicatissimum
769 1913 938 1955 quomodo
969 1919 1074 1944 secent
1101 1909 1166 1942 illi?
1189 1911 1304 1942 Videre

230 1960 474 1998 Bellovacensis,
498 1959 659 2000 inquiunt,
680 1965 751 1989 ante
775 1968 897 1989 annum
922 1958 1005 1997 1264
1028 1956 1167 1997 potuerit
1182 1956 1233 1986 vel
1255 1955 1303 1986 in-

229 2011 350 2045 tegram
373 2004 605 2044 Theologicam
633 2003 779 2034 Thomae
804 2003 972 2034 Summam
1004 2001 1054 2032 vel
1083 2000 1224 2032 Primam
1247 2000 1303 2031 Se—

230 2049 356 2081 cundae
380 2055 411 2079 et
434 2049 614 2079 Secundam
637 2047 822 2085 Secundae,
847 2047 880 2077 in
904 2046 1006 2087 prima
1036 2052 1220 2076 contextura
1250 2045 1303 2075 de-

230 2093 380 2132 lineatas,
405 2093 508 2124 adhuc
532 2092 684 2123 informes
717 2098 747 2122 et
775 2091 992 2132 imperfectas,
1026 2090 1173 2120 nondum
1206 2099 1304 2119 manu

230 2138 344 2168 ultima
362 2137 534 2178 perpolitas
550 2147 586 2168 ac
603 2136 722 2177 publici
738 2136 815 2167 iuris
836 2135 942 2166 factas.
961 2134 1082 2172 Quidni
1106 2134 1192 2165 enim
1208 2143 1305 2174 quae-

231 2181 349 2212 stiones
374 2181 414 2211 ad
438 2188 560 2222 partem
583 2181 739 2212 moralem
762 2187 938 2221 spectantes
954 2180 1049 2219 longe
1073 2186 1144 2209 ante
1168 2185 1306 2219 parasset

231 2226 386 2267 Aquinas,
410 2236 509 2267 quam
523 2225 622 2266 Operi
646 2235 705 2256 suo
730 2224 846 2256 eximio
869 2234 1004 2255 manum
1029 2223 1177 2254 ultimam
1199 2222 1306 2263 impo-

231 2268 338 2301 neret?
362 2270 483 2307 Quidni
506 2269 738 2301 Bellovacensis
762 2269 964 2310 quaestiones
987 2268 1115 2299 easdem
1137 2267 1195 2298 sibi
1219 2277 1306 2298 com-

231 2314 408 2346 municatas
432 2314 628 2345 defloraverit
645 2313 902 2354 convaseritque,
930 2319 965 2344 ut
988 2312 1163 2353 Speculum
1186 2311 1307 2343 Morale

233 2356 469 2399 compingeret?

302 2403 355 2434 IV.
383 2403 582 2434 Coniecturis
613 2402 799 2434 huiusmodi
829 2402 962 2432 minime
995 2401 1053 2432 sibi
1087 2401 1206 2432 facturn
1235 2401 1308 2432 satis

233 2447 348 2478 fatetur
370 2447 580 2478 Bellarminus
602 2447 641 2477 de
667 2447 879 2487 Scriptoribus
903 2445 1117 2477 ecclesiasticis
1140 2445 1174 2476 in
1192 2445 1309 2485 Elegio

234 2503 259 2523 s.
276 2491 423 2522 Thomae
439 2492 593 2522 observat.
609 2501 652 2522 111.
670 2491 754 2522 Hinc
782 2504 796 2519 «
810 2491 842 2521 in
857 2491 906 2521 his
920 2490 1084 2530 angustiis,
1100 2491 1213 2531 inquit,
1230 2489 1309 2520 nihil

236 2549 252 2564 »
271 2535 351 2566 mihi
374 2535 521 2573 occurrit,
545 2535 605 2566 nisi
629 2535 800 2576 Speculum
826 2536 907 2566 illud
930 2535 1059 2566 Mor-ale
1087 2534 1219 2565 fortasse
1243 2544 1309 2566 non

237 2594 252 2609 ι
273 2590 340 2611 esse
363 2580 520 2611 Vincentii
542 2580 786 2618 Bellovacensis,
809 2580 864 2610 sed
882 2579 1021 2610 alicuius
1044 2580 1187 2610 auctoris
1202 2584 1309 2620 poste-

237 2638 252 2654 »
272 2626 389 2662 rior-is,
414 2624 515 2665 qui....
538 2624 718 2655 Secundam
734 2629 864 2665 partem
889 2623 984 2654 sancti
1009 2623 1157 2654 Thomae
1180 2621 1310 2666 (scilicet

237 2683 252 2698 »
273 2669 324 2700 1¹¹n
342 2669 396 2700 une
413 2675 444 2699 et
468 2668 534 2699 ΙΙ*ιιι
554 2667 630 2711 11⁸⁶)
650 2668 683 2699 in
701 2668 931 2708 compendium
953 2667 1091 2708 redigere
1107 2667 1257 2698 voluerit:
1278 2667 1311 2698 id

238 2727 254 2742 ιι
274 2713 364 2754 quod
390 2713 515 2744 videtur
546 2722 642 2754 posse
665 2712 844 2744 confirmari
869 2722 906 2743 ex
933 2722 993 2750 eo,
1017 2711 1107 2752 quod
1138 2712 1309 2752 Speculum

239 2771 254 2787 ιι
273 2758 404 2788 Morale
426 2757 552 2798 gravius
575 2757 680 2788 multo
697 2767 764 2788 esse
780 2756 915 2795 videtur,
932 2766 1031 2797 quam
1051 2756 1113 2787 sint
1135 2755 1310 2796 Speculum

239 2816 255 2831 a»
274 2802 475 2840 Doctrinale,
491 2802 654 2833 Naturale
677 2807 707 2832 et
729 2801 921 2838 Historiale,
939 2810 1020 2841 quae
1044 2800 1101 2831 tria
1125 2800 1192 2830 sine
1211 2800 1310 2831 dubio

239 2859 254 2874 »
275 2853 349 2877 sunt
371 2846 530 2878 Vincentii
560 2846 802 2877 Bellovacensis.
817 2858 831 2874 ιι
851 2845 964 2876 Paullo
989 2845 1110 2876 diversa
1135 2844 1310 2875 monacho-

238 2901 310 2922 rum
324 2890 572 2922 Vedastinorum
594 2890 774 2922 coniectura
797 2897 858 2921 est:
882 2889 1087 2921 Vincentium
1107 2888 1309 2920 Bellovacen-

238 2946 317 2973 sem,
332 2934 388 2976 qui
403 2935 571 2975 speculum
589 2935 786 2976 quadruplex
801 2934 961 2975 pollicitus
976 2933 1088 2972 fuerat,
1103 2940 1206 2964 morte
1221 2943 1309 2974 prae-

237 2987 370 3011 ventum
393 2990 459 3010 non
483 2979 703 3020 composuisse
718 2985 841 3020 partem
855 2979 958 3017 illam,
969 2987 1050 3019 quae
1070 2977 1163 3009 titulo
1181 2977 1310 3018 Speculi

238 3024 378 3055 Mor-alis
400 3024 598 3055 inscribenda
621 3030 704 3055 erat:
730 3023 911 3055 studiosum
943 3032 1040 3064 porro
1073 3022 1214 3063 aliquem
1237 3030 1310 3063 post

238 3068 363 3100 obitum
387 3069 475 3107 eius,
502 3068 543 3099 ad
567 3068 794 3109 perfectionem
818 3067 939 3108 operis,
970 3067 1021 3098 cui
1044 3067 1214 3108 Speculum
1238 3068 1309 3098 Mo-

237 3113 308 3144 rale
331 3113 446 3151 deerat,
471 3113 732 3153 supplementum
755 3112 912 3143 addidisse
931 3122 968 3143 ex
989 3111 1051 3142 illis
1069 3111 1310 3152 quaestionibus

239 3157 280 3187 ad
302 3167 407 3187 mores
431 3157 659 3197 pertinentibus
683 3157 877 3194 confectum,
900 3166 980 3198 quas
1003 3156 1037 3186 in
1060 3155 1166 3186 Prima
1189 3155 1309 3187 Secun-

238 3201 300 3232 dae
323 3208 354 3231 et
377 3200 408 3231 in
433 3201 577 3232 Secunda
600 3201 768 3233 Secundae
800 3201 967 3232 tradiderat
999 3207 1125 3232 sanctus
1153 3200 1309 3232 Thomas.

239 3245 274 3276 In
303 3245 383 3276 hanc
408 3244 504 3276 fertur
527 3245 623 3276 etiam
646 3245 860 3277 coniecturam
882 3245 1002 3276 Natalis
1034 3245 1230 3284 Alexander,
1254 3245 1310 3286 qui

239 3296 346 3320 tamen
370 3296 460 3329 putat
486 3290 616 3321 Morale
639 3291 810 3331 Speculum
840 3289 1057 3330 compositum
1080 3289 1177 3321 fuisse
1208 3290 1310 3330 perfe-

241 3341 392 3375 ctumque
415 3343 433 3364 a
447 3334 681 3365 Bellovacensi:
699 3334 867 3366 verisimile
890 3344 968 3372 esse,
986 3341 1022 3366 ut
1040 3334 1146 3365 nescio
1162 3344 1229 3376 quo
1245 3334 1310 3365 fato

240 3378 386 3409 exciderit
409 3378 505 3409 illud:
530 3378 563 3409 in
587 3379 719 3420 eiusque
742 3379 1004 3420 supplementum
1027 3379 1194 3410 substituta
1220 3389 1239 3409 a
1261 3378 1310 3410 iu-

240 3422 328 3453 niore
351 3422 540 3463 quoppiam,
563 3434 600 3455 ac
623 3423 788 3464 supposita
812 3423 908 3454 fuisse
927 3430 1070 3464 excerpta
1093 3433 1129 3454 ex
1152 3423 1258 3454 Prima
1280 3430 1312 3454 et

241 3467 386 3498 Secunda
418 3467 586 3500 Secundae
617 3468 715 3500 sancti
738 3468 907 3508 Thomae,
929 3468 1024 3500 titulo
1047 3468 1167 3499 eisdem
1191 3467 1311 3500 tributo

241 3511 369 3551 Speculi
391 3512 539 3543 Moralis.

949 281 1410 321 DISSERTATIONES
1440 281 1688 318 CRITICAE

1736 360 1945 396 CAPUT
1994 361 2047 396 ΙΙ.

1354 480 1504 505 Genuinum
1524 479 1650 504 Vincentii
1670 479 1862 504 Bellovacensis
1881 488 1948 513 opus
1966 479 2135 504 vetustissimi
2154 478 2268 511 optimae
2292 484 2368 504 notae
2387 487 2430 503 co-

1426 515 1495 540 dices
1521 515 1546 539 in
1565 515 1611 540 tria
1631 515 1742 548 Specula
1766 515 1890 539 tributum
1915 520 2054 548 praestant,
2074 514 2168 539 reiecto
2194 515 2305 547 Speculo
2330 514 2428 539 MoraII.

1425 551 1497 575 ldem
1516 549 1670 575 confirmant
1688 549 1829 583 synchroni
1852 555 1931 574 testes
1951 550 2135 583 probatissimi.
2157 550 2233 580 Quod
2259 550 2335 575 etiam
2360 550 2431 574 evin-

1426 586 1503 617 citur,
1523 586 1585 610 inita
1603 586 1722 611 eiusdem
1741 586 1843 618 Speculi
1863 586 1967 610 Moralis
1987 586 2179 619 comparatione
2204 593 2264 610 cum
2283 586 2365 610 tribus
2384 593 2429 618 ge-

1426 621 1520 652 nuinis,
1539 621 1660 652 Naturali,
1680 620 1828 652 Doctrinali,
1848 621 1987 645 Historiali.

1356 761 1378 792 Ι.
1403 756 1466 836 Ita
1489 763 1676 794 coniecturis
1701 763 1734 794 in
1753 763 1888 794 obscura
1914 763 2127 794 controversia
2149 763 2356 804 indulgebant
2371 764 2430 794 viri

1435 807 1626 846 doctissimi,
1651 817 1688 838 ea
1706 807 1844 847 permoti
1867 807 2117 846 existimatione,
2142 818 2240 848 quam
2270 808 2430 839 doctrinae

1355 851 1567 890 sublimitate,
1593 852 1711 892 ingenii
1735 852 1881 882 acumine
1905 861 1940 882 ac
1962 852 2094 892 proprio
2126 852 2269 892 quodam
2291 862 2429 893 operum

1355 895 1438 936 stylo
1463 906 1498 926 ac
1522 895 1624 926 nitore
1650 895 1709 926 sibi
1733 902 1859 926 sanctus
1882 895 2028 925 Thomas
2061 896 2271 935 comparavit;
2305 896 2355 927 cui
2379 897 2430 927 vel

1355 939 1514 970 levissima
1537 939 1632 980 plagii
1649 939 1789 980 suspicio
1806 939 1933 969 nonnisi
1953 949 2009 979 per
2032 939 2180 969 iniuriam
2199 939 2305 980 affingi
2324 947 2431 981 queat.

1355 985 1530 1025 Auspicato
1555 985 1687 1014 demum
1711 984 1834 1025 diisque
1858 983 2035 1014 faventibus
2060 983 2199 1021 factum,
2233 990 2269 1014 ut
2297 984 2430 1015 lacobus

1355 1029 1519 1060 Echardus
1535 1028 1665 1068 insignis
1681 1028 1809 1059 Ordinis
1825 1028 2083 1058 Praedicatorum
2099 1027 2259 1066 alumnus,
2279 1028 2440 1068 improbo'

1357 1073 1464 1104 labore
1489 1073 1650 1104 codicibus
1673 1073 1803 1103 vetustis
1837 1071 2017 1112 perquisitis
2049 1082 2085 1102 ac
2117 1071 2271 1111 lustratis,
2295 1072 2432 1113 ipsoque

1357 1117 1494 1158 Speculo
1518 1117 1632 1148 Morali
1656 1116 1888 1148 accuratissima
1905 1116 2052 1156 indagine
2077 1126 2226 1156 expenso,
2246 1116 2316 1147 luce
2336 1116 2430 1147 meri—

1357 1162 1449 1192 diana
1482 1162 1595 1192 clarius
1628 1161 1834 1201 deprehendit
1865 1160 2071 1192 Vincentium
2103 1160 2362 1191 Bellovacensem
2391 1161 2430 1191 de

1355 1206 1485 1237 laudato
1510 1206 1647 1246 Speculo
1667 1205 1781 1236 Morali
1805 1205 1929 1236 edendo
1953 1215 2133 1246 numquam
2151 1205 2320 1245 cogitasse:
2348 1215 2432 1246 opus

1357 1251 1497 1281 immane
1516 1261 1612 1281 suum
1631 1250 1664 1280 in
1686 1250 1745 1281 tria
1761 1250 1923 1280 dumtaxat
1943 1249 2088 1289 specula,
2108 1249 2282 1287 Naturale,
2302 1250 2432 1280 Doctri-

1358 1295 1443 1333 nale,
1467 1295 1649 1326 Historiale
1672 1294 1825 1335 partitum
1858 1301 1942 1333 esse;
1966 1293 2096 1324 Moralis
2129 1293 2272 1324 eiusdem
2305 1293 2433 1334 Speculi

1358 1339 1645 1370 consarcinatorem
1676 1339 1772 1378 longe
1794 1338 2010 1369 Bellovacensi
2034 1345 2065 1368 et
2087 1337 2247 1379 Aquinate
2279 1338 2431 1369 recentio-

1357 1394 1425 1414 rem
1457 1384 1519 1414 dici
1551 1383 1674 1414 debere.
1703 1382 2008 1414 Luculentissimum
2040 1382 2139 1413 hocce
2172 1382 2211 1412 de
2243 1389 2433 1422 argumento

1356 1428 1497 1467 vulgavit
1521 1427 1716 1468 opusculum
1739 1427 1886 1458 Parisinis
1910 1427 1993 1468 typis
2017 1436 2101 1457 anno
2132 1426 2225 1468 1708=
2239 1427 2298 1457 sub
2321 1427 2432 1457 titulo:

1358 1472 1392 1502 S.
1403 1472 1544 1503 Thomae
1558 1472 1691 1502 Summa
1705 1482 1765 1503 suo
1779 1473 1906 1503 auctori
1920 1471 2093 1508 vindicata,
2105 1472 2172 1502 sive
2187 1471 2227 1502 de
2241 1471 2434 1502 venerabilis

1348 1516 1476 1558 fratris
1504 1516 1660 1547 Vincentii
1681 1516 1921 1547 Bellovacensis
1943 1517 2070 1556 scriptis
2098 1516 2313 1547 Dissertatio:
2342 1515 2432 1557 quod

1359 1560 1454 1591 etiam
1478 1570 1561 1601 opus
1585 1560 1740 1590 insertum
1755 1560 1869 1600 legitur
1892 1560 1925 1590 in
1949 1560 2060 1600 elogiis
2083 1559 2183 1600 ipsius
2201 1559 2434 1591 Bellovacensis

1359 1611 1389 1636 et
1413 1615 1437 1635 s.
1458 1605 1606 1635 Thomae
1638 1610 1730 1635 tomo
1754 1604 1766 1634 1
1791 1604 1989 1644 Scriptorum
2012 1603 2141 1634 Ordinis
2165 1604 2434 1643 Praedicatorum,

1359 1659 1442 1690 quos
1461 1656 1535 1690 post
1551 1649 1703 1679 Iacobum
1719 1647 1888 1685 Quetifum
1903 1648 1971 1688 ipse
1987 1647 2152 1678 Echardus
2167 1647 2335 1686 recensuit,
2346 1657 2434 1680 com-

1359 1693 1456 1734 plevit
1478 1693 1682 1734 vulgavitque
1706 1692 1830 1723 Parisiis
1854 1702 1939 1722 anno
1970 1693 2063 1733 1716.

1426 1737 1693 1769 Dissertationum
1716 1743 1897 1768 nostrarum
1921 1736 2000 1767 ratio
2025 1735 2177 1776 postulat,
2194 1742 2231 1767 ut
2253 1735 2335 1767 hanc
2356 1735 2435 1768 cele—

1359 1782 1449 1812 brem
1472 1782 1648 1823 relinquere
1681 1782 1831 1812 intactam
1863 1781 2085 1822 quaestionem
2117 1790 2185 1811 non
2217 1780 2318 1812 liceat.
2342 1781 2436 1812 Nova

1359 1836 1426 1857 non
1449 1826 1609 1867 proferam
1633 1836 1692 1866 ego
1708 1832 1904 1866 argumenta,
1920 1835 1996 1856 cum
2016 1824 2125 1856 omnia
2149 1824 2345 1866 praevenerit
2364 1834 2436 1866 per-

1359 1871 1598 1912 tractaveritque
1622 1870 1825 1901 doctissimus
1858 1876 1978 1901 auctor.
2004 1870 2111 1910 Ipsam
2134 1869 2202 1900 eius
2225 1869 2434 1900 luculentissi-

1359 1925 1447 1945 mam
1471 1915 1732 1946 Dissertationem
1756 1915 1788 1945 in
1812 1914 1963 1955 pauciora
1987 1914 2087 1954 capita
2108 1913 2305 1952 contraham,
2322 1919 2359 1944 ut
2380 1923 2433 1944 ve-

1359 1959 1433 1990 ritas
1457 1959 1540 1998 facti,
1565 1969 1647 2001 quae
1670 1959 1799 1990 tandem
1823 1958 2076 1999 splendidissime
2099 1957 2221 1997 illuxit,
2246 1967 2313 1989 uno
2337 1957 2435 1989 veluti

1360 2010 1532 2044 conspectu
1556 2003 1741 2034 innotescat.

1426 2048 1489 2079 Aio
1513 2048 1655 2089 primum
1670 2048 1841 2089 Speculum
1858 2047 1990 2078 Morale
2005 2046 2084 2077 falso
2104 2046 2256 2077 hactenus
2279 2046 2435 2078 tributum

1359 2092 1528 2124 Vincentio
1547 2092 1774 2129 Bellovacensi,
1798 2092 1863 2123 sive
1886 2092 1919 2122 in
1943 2090 2166 2131 manuscriptis
2189 2090 2351 2122 codicibus
2370 2090 2436 2122 sive

1360 2137 1392 2167 in
1418 2136 1508 2168 editis
1532 2137 1694 2177 exemplis.
1723 2136 1868 2167 Primum
1891 2141 2117 2176 argumentum
2145 2135 2328 2176 suppeditat
2349 2141 2438 2166 vetu-

1361 2188 1427 2212 stus
1451 2181 1592 2222 optimae
1616 2188 1710 2212 notae
1743 2181 1842 2212 codex
1866 2180 1996 2221 Speculi
2016 2180 2228 2217 Doctrinalis,
2254 2188 2354 2221 quem
2380 2179 2440 2210 Pa-

1361 2226 1498 2257 risiensis
1522 2226 1712 2256 bibliotheca
1732 2225 1895 2256 Sorbonae
1919 2224 2061 2265 possidet
2090 2233 2132 2255 ex
2155 2224 2264 2265 legato
2288 2224 2441 2266 magistri

1361 2271 1450 2302 Petri
1472 2271 1512 2301 de
1534 2271 1712 2301 Lemovicis
1735 2270 1821 2301 Socii
1838 2270 1964 2300 Domus
1987 2268 2131 2300 eiusdem
2154 2268 2330 2307 Sorbonae,
2347 2274 2384 2299 ut
2405 2268 2440 2299 in

1362 2314 1425 2346 fine
1449 2315 1592 2346 eiusdem
1609 2314 1726 2346 codicis
1745 2314 1934 2345 adnotatum
1950 2313 2074 2354 legitur.
2101 2313 2177 2350 Quo
2194 2312 2293 2344 vitam
2317 2312 2441 2344 duxerit

1363 2370 1398 2390 ac
1422 2359 1564 2390 floruerit
1580 2366 1724 2400 tempore
1748 2359 1859 2390 Petrus
1875 2358 1927 2389 ille
1947 2357 2183 2389 Lemovicensis
2207 2356 2440 2388 accuratissime

1364 2404 1516 2445 perquirit
1534 2403 1680 2435 laudatus
1703 2403 1876 2434 Echardus.
1901 2402 2127 2443 Temporarias
2147 2401 2253 2443 accipe
2272 2408 2440 2443 sequentes

1364 2455 1466 2479 notas.
1477 2448 1586 2490 Exstat
1604 2448 1636 2479 in
1653 2448 1765 2479 eadem
1779 2447 1968 2478 bibliotheca
1987 2446 2163 2478 Sorbonica
2182 2446 2328 2478 collectio
2342 2447 2440 2488 quae-

1365 2493 1439 2523 dam
1472 2503 1532 2524 ms.
1560 2493 1772 2530 Sermonum,
1797 2502 1881 2534 quos
1913 2491 2055 2532 theologi
2086 2490 2275 2522 parisienses
2303 2500 2324 2522 a
2345 2489 2442 2532 sesto

1363 2547 1405 2569 ss.
1422 2537 1562 2568 Simonis
1585 2542 1616 2568 et
1639 2537 1743 2568 Iudae
1765 2538 1846 2567 anni
1866 2545 1940 2577 1272
1958 2536 2002 2567 ati
2018 2535 2147 2577 festum
2173 2544 2199 2567 s.
2220 2534 2361 2567 Martini
2381 2544 2440 2566 an-

1366 2583 1400 2612 ni
1423 2582 1503 2622 1273
1526 2582 1714 2612 habuerunt.
1740 2581 1791 2612 Ad
1814 2581 2003 2612 Sermonem
2022 2581 2063 2620 34
2082 2580 2158 2610 haec
2182 2579 2307 2620 appicta‘
2325 2578 2441 2620 legitur

1365 2626 1544 2657 adnotatio:
1569 2626 1682 2657 Sermo
1696 2625 1822 2666 fratris
1844 2625 1974 2667 Aegidii
1988 2625 2029 2656 de
2043 2624 2231 2654 Aurelianis
2254 2623 2298 2654 ad
2319 2623 2441 2665 8εὸκί-

1366 2680 1426 2701 nas
1449 2671 1481 2700 in
1505 2671 1677 2701 Dominica
1697 2670 1757 2700 III
1770 2669 1937 2700 Adventus
1959 2674 1991 2699 et
2004 2668 2078 2709 suit
2099 2677 2206 2698 sermo
2225 2668 2438 2708 peroptimus,

1365 2715 1398 2744 in
1422 2724 1485 2755 quo
1497 2714 1572 2755 fuit
1595 2715 1752 2755 magister
1783 2714 1899 2744 Petrus
1930 2713 2175 2743 Lemovicensis.
2205 2711 2297 2742 Alius
2320 2711 2441 2742 ibidem

1366 2765 1506 2789 servatur
1529 2758 1648 2796 codex,
1671 2758 1902 2789 Distinctiones
1934 2757 2034 2787 bonas
2066 2755 2230 2786 continens
2262 2755 2440 2787 secundum

1365 2802 1510 2833 ordinem
1534 2802 1695 2842 alphabeti
1717 2812 1737 2832 a
1767 2803 1925 2842 magistro
1948 2802 2044 2832 Petro
2071 2800 2112 2831 de
2134 2800 2333 2831 Lemovicis:
2357 2809 2441 2841 quae

1366 2856 1481 2887 nempe
1504 2847 1735 2877 Distinctiones
1766 2845 1846 2876 nihil
1869 2845 1955 2886 aliud
1979 2851 2072 2883 sunt,
2097 2854 2196 2886 quam
2228 2844 2305 2875 varii
2328 2853 2440 2876 conce·

1366 2898 1440 2931 ptus
1463 2891 1502 2921 ab
1526 2891 1641 2922 eodem
1664 2891 1758 2921 Petro
1782 2889 2002 2921 Lemovicensi
2027 2899 2063 2920 ex
2085 2889 2224 2920 ‘aliorum
2248 2888 2441 2920 concionan-

1365 2935 1447 2966 tium
1480 2945 1535 2966 ore
1568 2934 1687 2976 excepti
1712 2942 1743 2966 et
1765 2934 1876 2965 ordine
1909 2933 2107 2975 alphabetico
2141 2928 2296 2974 dispositi.
2323 2933 2443 2972 Verbo,

1371 2979 1491 3018 Ortus,
1516 2979 1661 3011 Christus
1694 2979 1779 3010 nasci
1812 2978 1957 3010 debuisse
1991 2978 2104 3009 dicitur
2132 2978 2170 3008 de
2199 2978 2290 3008 beata
2311 2977 2442 3018 Virgine

1365 3034 1452 3056 anno
1476 3023 1569 3062 1263,
1595 3024 1675 3055 idest
1697 3030 1769 3054 ante
1793 3033 1894 3054 annos
1917 3023 2004 3054 mille
2035 3023 2189 3053 ducentos
2218 3028 2279 3053 tres
2303 3027 2334 3053 et
2356 3031 2443 3053 seu-

1366 3069 1462 3110 ginta.
1487 3069 1574 3099 Haec
1598 3068 1671 3100 satis
1695 3068 1810 3109 cuique
1834 3074 1928 3106 sunt,
1952 3074 1988 3099 ut
2011 3067 2115 3098 lucide
2139 3073 2289 3108 certoque
2313 3073 2440 3108 tempus

1366 3114 1552 3152 innotescat,
1572 3123 1638 3154 quo
1662 3113 1760 3144 vitam
1784 3113 1894 3153 agebat
1917 3112 2112 3153 florebatque
2128 3111 2239 3143 Petrus
2262 3111 2301 3142 de
2324 3111 2441 3142 Lemo·

1365 3158 1460 3196 vicis;
1484 3157 1644 3198 simulque
1667 3163 1790 3188 constet
1813 3156 1982 3198 antiquitas
2006 3166 2042 3187 ac
2068 3156 2191 3197 optima
2214 3161 2291 3187 nota
2323 3154 2441 3188 codicis

1366 3201 1566 3234 Vincentiani
1585 3201 1711 3242 Speculi
1735 3201 1936 3232 Doctrinalis.

1433 3247 1590 3287 Prologus
1623 3246 1728 3287 primo
1751 3245 1924 3276 voluminis
1957 3245 2051 3284 loco,
2076 3251 2146 3276 tum
2169 3243 2203 3275 in
2226 3243 2336 3283 editis,
2367 3249 2438 3274 tum

1367 3291 1400 3322 in
1424 3301 1499 3322 mss.
1525 3290 1694 3332 exemplis,
1719 3297 1840 3332 prostat
1862 3290 1894 3320 in
1918 3289 2021 3330 capita
2044 3289 2134 3330 plura
2164 3288 2317 3320 tributus:
2341 3296 2440 3329 quem

1366 3336 1400 3366 in
1424 3335 1543 3366 eisdem
1573 3335 1664 3366 editis
1694 3334 1845 3375 exemplis
1877 3334 2009 3376 aliisque
2042 3333 2186 3375 pluribus
2218 3330 2440 3372 manuscriptis

1368 3380 1530 3411 codicibus
1562 3379 1790 3421 interpolatum
1822 3380 2091 3420 depravatumque
2124 3377 2221 3408 fuisse
2251 3375 2306 3407 ubi
2335 3374 2441 3416 operis

1368 3424 1494 3466 partitio
1519 3424 1692 3462 exhibetur,
1708 3434 1745 3455 ex
1764 3424 1893 3455 laudato
1916 3429 2042 3454 vetusto
2059 3422 2200 3464 optimae
2217 3427 2312 3452 notae
2328 3419 2442 3450 codice

1367 3469 1617 3500 luculentissime
1636 3468 1798 3500 evincitur.
1815 3468 1941 3499 Partem
1962 3465 2045 3499 hanc
2068 3465 2194 3508 prologi
2213 3474 2231 3496 ι
2254 3463 2379 3495 falsario
2393 3463 2441 3494 vi·

1367 3514 1477 3545 tiatam
1499 3514 1559 3545 sub
1583 3513 1696 3545 oculos
1719 3522 1838 3554 ponere
1861 3518 2006 3554 praestat.
