2548 4192
203 294 343 320 CCLXXII

204 363 316 394 sanias
331 362 457 403 falsas,
479 363 511 392 in
538 361 644 392 rotulo
669 370 725 391 seu
753 359 884 396 cedulis,
898 356 1124 398 praesentibus
1149 356 1199 386 his
1217 366 1275 386 an-

206 417 289 438 nexo
316 407 384 438 sive
407 407 556 444 annexis,
585 409 758 441 contentos,
778 404 872 443 quasi
896 401 1085 433 dubitabiles
1108 401 1140 430 in
1160 400 1276 431 scholis

206 457 349 482 tractare
367 457 398 482 et
415 451 581 491 disputare
593 452 819 489 praesumunt.
838 449 890 477 An
913 446 993 476 inter
1017 454 1071 474 eos
1094 444 1205 475 locum
1221 445 1275 475 ha-

204 496 308 527 buerit
330 495 491 536 Aquinas,
516 494 571 535 qui
594 493 718 523 artibus
748 501 878 532 operam
909 490 1025 519 dabant
1047 489 1080 518 in
1103 489 1276 520 Academia

205 540 370 571 Parisiensi
394 550 429 570 ac
452 539 615 570 studentes
638 533 746 567 erant?
769 538 820 565 An
845 544 881 564 ex
904 533 965 563 illis
990 533 1097 571 fuerit,
1123 533 1179 574 qui
1196 543 1275 574 pro-

200 586 299 625 priae
321 584 498 625 facultatis
526 580 651 623 (neque
675 580 760 610 enim
792 585 847 609 aut
869 577 1010 617 magistri
1034 584 1089 608 aut
1119 578 1275 609 candidati

205 628 383 668 theologiae
407 625 506 668 erant)
531 626 647 656 limites
672 623 863 654 excederent
878 622 897 652 ξ)
920 621 1016 652 Scioli
1040 622 1172 663 quidam
1194 622 1275 653 indi-

207 679 318 704 cantur
340 671 579 711 petulantesque
603 669 722 698 artium
741 667 915 704 studentes,
931 666 987 707 qui
1011 673 1047 696 ut
1066 666 1184 706 ingenii
1201 677 1274 697 acu-

206 727 281 746 men
305 721 506 752 ostentarent,
531 712 764 753 propositiones
781 711 914 742 tuendas
929 710 1138 741 adsumebant
1153 717 1208 741 aut
1223 721 1275 741 va-

206 770 262 790 nas
286 766 316 790 et
338 759 479 795 insanas,
500 764 554 788 aut
569 756 754 787 execrabiles
778 762 809 786 et
825 762 987 786 erroneas:
1009 755 1156 796 dictaque
1177 755 1275 795 magi-

206 811 343 834 strorum
366 802 532 839 nonnulla,
550 811 632 842 quae
646 811 702 841 per
716 811 782 831 sese
796 800 935 830 innocua
951 806 1048 838 erant,
1066 809 1164 840 pravo
1181 810 1274 831 sensu

204 847 360 878 intellecta
378 847 558 886 vulgabant.

273 891 427 922 Codicem
451 889 664 921 Sorbonicum
678 888 765 919 affert
779 889 1021 929 Dargentraeus,
1036 888 1069 918 in
1085 888 1175 919 cuius
1192 888 1275 919 calce

205 936 281 966 haec
304 936 460 966 habentur
483 935 646 965 adnotata:
670 934 866 974 Principalis
888 938 1031 964 assertor
1046 933 1179 964 istorum
1196 934 1274 963 arti-

206 980 351 1011 culorum
375 979 449 1020 fuit
471 979 600 1020 quidam
626 979 762 1009 clericus
784 978 898 1008 Bettus
922 975 986 1020 (vel
1007 976 1144 1020 Beccus)
1168 978 1275 1018 appel-

204 1025 300 1055 latus.
324 1024 448 1064 Nempe
472 1023 650 1064 suspicatur
672 1023 818 1053 laudatus
849 1022 1051 1053 doctissimus
1075 1028 1203 1061 auctor,
1227 1022 1275 1052 in-

204 1068 412 1108 telligendum
442 1078 509 1098 esse
537 1068 692 1099 Ioannem
716 1067 929 1097 Brescainum
960 1076 1016 1097 seu
1044 1067 1084 1097 de
1106 1067 1274 1104 Brescain‚

203 1113 380 1152 sophistem
409 1112 583 1154 quemdam
614 1112 852 1152 impudentem,
881 1111 1103 1151 Peripateticae
1132 1111 1275 1151 philoso-

204 1157 297 1197 phiae
321 1163 352 1188 et
365 1157 508 1188 Arabum
524 1157 732 1197 interpretum
747 1155 935 1186 commentis
950 1155 1088 1186 nimium
1103 1156 1275 1194 addictum,

203 1202 356 1242 ipsosque
380 1211 493 1232 eorum
517 1211 635 1232 errores
658 1200 691 1231 in
706 1199 821 1231 scholis
843 1200 1066 1240 parisiensibus
1082 1200 1275 1240 vulgantem.

204 1246 416 1276 Damnaverat
438 1245 546 1286 ipsum
569 1255 654 1275 anno
680 1255 761 1286 1247
777 1244 1001 1285 expuleratque
1015 1245 1187 1275 Academia
1201 1245 1275 1276 Odo

205 1290 408 1321 Tusculanus
432 1290 627 1330 Episcopus,
651 1289 855 1329 Apostolicae
879 1288 967 1319 Sedis
992 1289 1138 1329 Legatus.
1163 1290 1276 1320 Latam

205 1335 244 1364 ab
269 1344 307 1365 eo
331 1335 519 1365 sententiam
542 1334 611 1374 lege
634 1334 721 1374 apud
744 1334 994 1373 Dargentraeum
1017 1340 1108 1364 tomo
1133 1334 1144 1363 1
1170 1334 1274 1364 citato.

204 1378 290 1409 Paris
314 1378 431 1409 indolis
455 1378 581 1409 audacis
605 1377 839 1419 petulantisque
862 1377 979 1417 ingenii
996 1377 1134 1416 fuerant,
1157 1378 1212 1419 qui
1228 1388 1275 1408 ar-

204 1423 318 1454 ticulos
342 1423 509 1453 damnatos
532 1423 752 1463 procuderant.

271 1469 314 1498 At
337 1467 445 1498 floruit
468 1467 600 1498 demum
623 1467 655 1497 in
679 1465 844 1497 Parisiensi
873 1465 1081 1496 Universitate
1112 1466 1176 1496 sive
1201 1476 1275 1496 cum

204 1512 309 1552 primo
328 1512 368 1542 ad
384 1511 527 1542 scientias
547 1511 750 1541 addiscendas
765 1509 926 1540 Lutetiam
945 1510 1031 1541 venit
1044 1510 1199 1551 Aquinas,
1210 1510 1275 1541 sive

205 1566 279 1587 cum
302 1556 335 1586 in
359 1556 469 1586 eadem
492 1556 606 1596 gradus
630 1561 822 1595 percurreret
850 1555 1046 1595 traderetque
1070 1565 1171 1585 sacras
1194 1554 1274 1585 litte-

204 1611 270 1639 ras,
287 1600 351 1630 sive
372 1611 446 1631 cum
469 1601 563 1631 altera
593 1599 660 1630 vice
684 1600 722 1630 ab
746 1608 831 1629 anno
861 1599 942 1639 1269
974 1599 1014 1629 ad
1042 1609 1163 1630 annum
1192 1609 1268 1641 1271

205 1645 347 1676 scholam
371 1651 490 1684 regeret
512 1651 543 1675 et
566 1643 730 1684 probitatis
754 1650 784 1674 et
807 1653 900 1673 sanae
925 1643 1085 1674 doctrinae
1109 1643 1272 1684 opinione:

204 1696 240 1720 ut
262 1689 294 1720 in
319 1689 386 1719 eius
410 1689 559 1729 dogmata
581 1688 736 1719 nonnulla
759 1694 814 1718 aut
837 1687 1059 1728 philosophica
1078 1695 1132 1719 aut
1150 1688 1274 1719 theolo-

203 1733 272 1773 gica
295 1733 373 1764 ferre
398 1743 563 1764 censuram
593 1733 738 1763 doctores
762 1732 901 1763 voluisse
925 1742 1021 1763 nemo
1045 1732 1135 1763 facile
1160 1733 1273 1764 credat.

204 1777 502 1818 splendidissimum
526 1777 730 1818 suppeditant
752 1783 977 1817 argumentum
1000 1777 1098 1808 totius
1114 1784 1274 1817 praestan-

203 1822 341 1852 tissimae
365 1822 582 1853 Universitatis
604 1821 740 1860 litterae,
765 1821 881 1862 quibus
905 1821 1031 1852 obitum
1049 1821 1116 1852 eius
1138 1821 1275 1854 indoluit

203 1867 282 1907 ipsa,
299 1866 412 1897 missae
432 1866 471 1896 ad
488 1866 628 1897 Comitia
643 1865 799 1906 generalia
814 1875 899 1896 anno
921 1875 1004 1907 1274
1020 1866 1173 1897 celebrata
1188 1867 1273 1907 Lug-

204 1911 281 1942 duni
305 1911 344 1941 ad
367 1911 597 1949 Pentecostem,
622 1910 708 1941 diem
733 1920 773 1941 20
790 1909 876 1941 maii.
893 1910 1063 1941 Servantur
1078 1911 1150 1941 illae
1164 1911 1197 1941 in
1212 1922 1272 1942 ms·

205 1955 312 1986 codice
335 1955 491 1986 Ludovici
514 1954 733 1992 Valleoletani‚
758 1965 794 1985 ex
817 1964 883 1995 quo
904 1954 1108 1995 depromptas
1122 1955 1156 1985 in
1170 1956 1274 1996 publi-

206 2010 275 2030 cam
298 1999 403 2030 lucem
428 1999 524 2030 edidit
539 1999 687 2040 Egassius
703 1999 841 2030 Bulaeus
857 2006 948 2029 tomo
965 1999 1005 2030 111
1023 1999 1181 2030 Historiae
1198 2000 1275 2032 Uni-

203 2044 355 2075 versitatis
378 2043 568 2074 Parisiensis:
594 2044 784 2084 easdemque
800 2043 901 2083 legere
917 2050 963 2074 est
977 2044 1063 2084 apud
1077 2044 1275 2084 Stephanum

204 2089 243 2119 de
262 2088 412 2129 Sampaio
431 2088 464 2119 in
481 2088 653 2119 Stemmate
667 2087 924 2119 Praedicatorum
940 2094 971 2119 et
987 2088 1011 2118 F
1014 2088 1190 2119 ranciscum
1207 2089 1276 2131 Syl-

202 2132 292 2163 vium
314 2133 348 2163 in
372 2133 499 2163 laudata
520 2132 718 2173 apologetica
741 2132 894 2163 Oratione
918 2139 949 2163 et
963 2132 1157 2163 Casimirum
1173 2133 1275 2165 Oudi-

203 2187 282 2208 num
305 2177 338 2207 in
354 2177 578 2208 Dissertatione
603 2177 642 2207 de
666 2176 788 2217 scriptis
812 2176 876 2207 divi
899 2177 1046 2208 Thomae
1069 2178 1170 2218 capite
1192 2188 1275 2210 xxvi.

203 2221 307 2261 Digna
331 2228 405 2252 sunt
419 2221 690 2252 animadversione
707 2231 788 2262 quae
804 2228 997 2262 sequuntur:
1016 2222 1097 2252 Cum
1115 2232 1186 2253 eum
1202 2221 1276 2265 (fra-

202 2273 283 2297 trem
301 2266 464 2296 Thomam
488 2266 526 2296 de
545 2264 691 2308 Aquino)
715 2276 736 2296 a
753 2260 863 2296 nostro
883 2266 1030 2307 collegio,
1046 2267 1197 2308 generali
1213 2267 1275 2298 Ca-

197 2311 304 2351 pitulo
329 2316 433 2341 vestro
455 2310 642 2341 Florentiae
665 2310 824 2341 celebrato
847 2308 947 2352 (anno
978 2320 1058 2352 ¹272
1084 2311 1134 2341 die
1163 2321 1199 2342 12
1223 2311 1272 2342 iu-

204 2353 264 2397 nii)
288 2355 360 2386 licet
382 2356 625 2395 requisissemus
648 2356 817 2392 instanter,
836 2355 921 2395 proh
945 2355 1066 2385 dolor!
1089 2365 1152 2386 non
1166 2358 1275 2396 potui-

204 2409 276 2430 mus
299 2399 440 2430 obtinere
463 2397 590 2441 (utpote
612 2399 783 2440 Neapolim
807 2409 825 2430 a
847 2398 965 2430 carolo
988 2400 1074 2440 Rege
1090 2400 1275 2432 accersitum

203 2443 243 2474 ad
266 2444 435 2484 regendam
458 2443 636 2483 theologiae
663 2441 830 2486 scholam).
856 2443 912 2474 Sui
933 2453 1049 2484 nempe
1072 2444 1274 2485 desiderium,

204 2497 279 2518 cum
302 2488 397 2518 altera
419 2487 487 2518 vice
509 2487 633 2518 Parisiis
656 2488 818 2528 professus
842 2495 923 2519 esset
937 2488 1091 2529 Aquinas,
1108 2489 1276 2530 reliquerat

203 2531 415 2563 Universitati.
440 2531 523 2562 Hinc
556 2532 623 2562 eius
647 2532 777 2562 nomine
809 2532 928 2563 litterae
957 2540 1168 2571 memoratae,
1193 2545 1274 2575 quae

203 2576 381 2616 perierunt,
406 2576 495 2607 datae
518 2576 616 2614 fuere,
641 2576 757 2617 quibus
780 2576 945 2607 Thomam
968 2577 1027 2607 sibi
1051 2578 1138 2608 reddi
1162 2585 1194 2609 et
1215 2579 1274 2609 Pa-

206 2620 297 2651 risios
321 2620 436 2651 remitti
467 2620 636 2651 doctorum
659 2620 854 2651 Universitas
882 2621 1072 2660 postulabat.
1097 2622 1185 2653 Haec
1208 2633 1274 2654 rur-

206 2675 278 2695 sum
301 2665 429 2705 profero
453 2665 556 2695 verba:
585 2677 599 2692 «
619 2665 720 2705 Ipsius
745 2664 884 2695 defuncti
908 2675 980 2695 ossa
1003 2675 1021 2695 a
1039 2665 1130 2696 vobis
1145 2666 1274 2698 humili-

207 2722 221 2738 »
245 2716 291 2740 ter
313 2719 372 2750 pro
397 2709 536 2740 maximo
561 2718 692 2740 munere
716 2709 926 2749 postulamus.
952 2709 1115 2747 Quoniam
1139 2711 1273 2742 omnino

206 2767 220 2781 ³>
244 2760 290 2785 est
313 2753 460 2784 indecens
485 2760 515 2784 et
538 2753 705 2794 indignum
729 2760 765 2784 ut
778 2753 874 2784 altera
888 2753 975 2784 natio
990 2761 1044 2785 aut
1059 2754 1160 2792 locus,
1176 2765 1275 2796 quam

206 2811 220 2825 ›
244 2798 392 2829 omnium
415 2797 596 2829 studiorum
618 2797 816 2828 nobilissima
838 2797 1019 2828 Parisiensis
1043 2798 1168 2837 civitas,
1192 2809 1275 2840 quae

206 2855 221 2869 »
244 2842 352 2883 ipsum
368 2842 456 2883 prius
472 2841 632 2881 educavit,
657 2842 787 2873 nutrivit
801 2848 831 2872 et
848 2841 936 2880 fovit,
957 2849 987 2873 et
1006 2843 1216 2883 postmodum
1236 2845 1274 2875 ab

205 2900 220 2914 2>
243 2887 358 2918 eodem
382 2886 542 2918 doctrinae
566 2886 758 2917 documenta
773 2893 803 2917 et
825 2885 993 2917 ineffabilia
1009 2886 1151 2918 fomenta
1169 2897 1273 2919 susce-

205 2944 219 2958 »
242 2931 300 2972 pit,
324 2941 396 2962 ossa
418 2930 584 2962 inhumata
598 2931 711 2962 habeat
725 2938 756 2962 et
771 2931 903 2972 sepulta.
918 2943 933 2959 »
953 2932 1192 2962 Laetabundam
1206 2942 1274 2972 gra-

202 2975 390 3007 tulationem
413 2975 625 3006 animadverte
649 2975 688 3006 de
711 2975 858 3006 Thomae
881 2975 1023 3006 doctrina
1047 2982 1183 3016 accepta.
1209 2977 1273 3008 Lu-

204 3019 377 3052 culentiora
400 3026 484 3059 sunt,
501 3029 582 3062 quae
606 3019 739 3051 scribere
762 3026 907 3060 pergunt:
931 3032 945 3048 «
965 3019 1137 3051 Humiliter
1152 3022 1272 3062 suppli-

204 3077 219 3091 »
242 3074 351 3095 camus
374 3071 410 3095 ut
433 3074 508 3095 cum
531 3064 688 3106 quaedam
711 3064 836 3104 scripta,
857 3064 897 3094 ad
919 3064 1157 3105 philosophiam
1177 3066 1271 3106 perti-

205 3121 219 3135 »
243 3109 349 3140 nentia
379 3115 409 3139 ct
441 3108 628 3149 spectantia,
659 3108 784 3139 Parisiis
814 3108 960 3139 inchoata
984 3109 1022 3139 ab
1054 3119 1113 3148 eo,
1146 3109 1179 3140 in
1210 3120 1270 3141 suo

205 3165 219 3180 »
242 3162 365 3183 recessu
388 3153 548 3194 reliquerit
570 3152 787 3193 imperfecta...
811 3152 903 3184 nobis
926 3153 1145 3184 benevolentia
1170 3161 1271 3186 vestra

205 3210 219 3224 »
243 3196 305 3228 cito
321 3197 548 3228 communicari
565 3197 748 3237 procuretis.
760 3210 774 3229 >v
788 3197 872 3228 Tam
887 3207 1004 3237 magno
1019 3198 1051 3228 in
1062 3198 1163 3238 pretio
1174 3209 1271 3240 opera

202 3241 348 3272 Thomae
377 3241 533 3272 habebant
556 3248 591 3272 ut
614 3241 754 3272 minimis
785 3241 880 3272 etiam
908 3242 1136 3282 philosophicis
1169 3253 1271 3274 carere

202 3285 394 3326 quibusdam
418 3285 609 3324 tractatibus,
633 3286 757 3316 Parisiis
781 3286 819 3316 ab
843 3296 882 3317 eo
902 3286 1067 3325 inchoatis,
1087 3287 1161 3318 alibi
1184 3298 1272 3319 com-

203 3329 296 3370 pletis
319 3329 352 3360 in
376 3329 478 3368 Italia,
503 3339 569 3360 non
592 3336 781 3370 paterentur.
805 3330 913 3361 Datae
940 3331 1091 3371 epistolae
1112 3337 1189 3363 sunt
1210 3333 1271 3363 Pa-

204 3375 291 3405 risiis
313 3384 400 3405 anno
429 3375 562 3405 Domini
585 3381 663 3415 1274
694 3375 746 3406 die
776 3376 930 3406 mercurii
951 3381 1027 3406 ante
1057 3377 1270 3407 inventionem

203 3423 335 3449 sanctae
360 3418 483 3450 Crucis.
515 3418 683 3459 insignitus
706 3419 807 3450 littera
838 3419 1021 3451 dominicali
1049 3419 1079 3451 G
1109 3420 1273 3452 incedebat

205 3472 306 3493 annus
329 3462 396 3493 ille:
422 3463 506 3493 unde
530 3464 684 3494 mercurii
705 3463 774 3494 dies
803 3473 859 3494 seu
883 3463 958 3494 feria
981 3471 1092 3506 quarta
1116 3464 1272 3497 incidebat

203 3505 236 3536 in
259 3506 343 3537 diem
369 3517 385 3536 2
411 3507 485 3538 maii
509 3514 580 3538 ante
604 3507 688 3539 diem
710 3508 835 3539 tertiam
858 3508 970 3539 Crucis
988 3515 1112 3540 sanctae
1127 3509 1273 3541 inventae

206 3559 334 3581 sacram.
358 3553 409 3581 An
429 3561 516 3591 ergo,
539 3561 613 3582 cum
637 3552 818 3583 Parisiensis
837 3552 1030 3583 Universitas
1044 3563 1100 3593 per
1116 3554 1271 3594 amplissi-

207 3603 274 3623 mas
297 3594 444 3634 epistolas
468 3602 516 3626 tot
538 3595 671 3626 laudum
695 3596 869 3636 praeconiis
892 3597 1056 3627 Thomam
1078 3597 1272 3639 Aquinatem

207 3636 404 3669 celebraverit
435 3639 765 3680 commendaveritque
798 3640 975 3671 doctrinam
998 3641 1065 3672 eius
1090 3649 1120 3673 et
1147 3641 1271 3682 scripta,

940 276 1400 315 DISSERTATIONES
1430 276 1678 313 CRITICAE

1330 355 1399 395 ipsa
1423 355 1518 386 etiam
1541 355 1778 396 philosophica;
1802 356 1901 388 tribus
1925 364 1998 397 post
2021 358 2111 388 annis
2135 358 2284 397 dogmata
2307 368 2402 399 quae-

1331 400 1405 429 dam
1430 407 1460 430 et
1483 399 1662 440 theologica
1686 407 1716 431 et
1738 400 1972 441 philosophica,
1997 412 2078 443 quae
2101 402 2228 433 tradidit
2243 402 2322 442 ipse,
2336 409 2404 433 tam

1330 444 1440 474 acerba
1463 450 1572 475 notare
1596 454 1727 475 censura
1750 445 1887 476 voluerit
1910 445 2042 477 facultas
2066 444 2268 486 theologiae?
2288 447 2323 477 Id
2340 456 2404 478 cre-

1331 489 1383 519 dat
1407 489 1541 519 Iudaeus
1565 489 1687 529 Apella.

1715 591 1912 629 CAPUT
1942 593 2022 629 III.

1330 684 1453 718 Stephani
1472 686 1597 719 Tempier
1614 687 1736 712 iudicium
1756 687 1788 712 ab
1807 688 1887 712 altero
1906 688 2036 722 Stephano
2062 687 2099 714 de'
2111 689 2247 715 Bourretto
2272 690 2403 724 Episcopo

1402 721 1540 746 Parisiensi
1559 722 1725 754 abrogatum,
1745 728 1875 759 quatenus!
1892 724 2033 749 doctrinam
2052 726 2132 750 sancti
2146 725 2265 750 Thomae
2283 726 2404 758 tangebat

1402 762 1446 781 aut
1463 762 1569 789 tangere
1587 758 1762 783 adserebatur.
1782 758 1966 784 Revocatoriae
1989 760 2134 793 praedictae
2159 761 2256 786 litterae
2279 766 2340 786 sunt
2358 769 2402 794 ge-

1401 792 1494 817 nuinae
1513 797 1538 817 et
1556 793 1725 818 vindicantur.

1330 887 1352 917 1.
1375 880 1523 961 Haud
1547 896 1606 927 ego
1629 886 1750 917 inficias
1777 887 1889 918 iverim
1920 888 2068 919 articulos
2100 890 2274 921 nonnullos
2298 891 2330 921 in
2352 901 2402 922 ea-

1460 931 1534 961 dem
1558 941 1690 962 censura
1711 931 1789 971 legi,
1813 932 1885 972 qui,
1909 932 2029 963 litterae
2053 933 2168 964 cortice
2191 941 2344 974 spectato,
2367 936 2402 966 in

1330 975 1489 1016 Operibus
1513 975 1577 1005 divi
1600 975 1769 1014 Thomae,
1800 976 1935 1007 totidem
1958 976 2022 1007 fere
2045 978 2167 1016 verbis,
2191 979 2401 1018 reperiuntur.

1329 1020 1396 1050 Viri
1420 1019 1595 1050 doctissimi
1628 1026 1702 1050 sunt
1725 1020 1780 1061 qui
1804 1030 1863 1061 pro
1893 1027 1978 1052 certo
2010 1021 2148 1061 habent,
2171 1022 2267 1062 longe
2291 1023 2402 1054 dissito

1330 1074 1424 1095 sensu
1458 1064 1624 1095 damnatos
1657 1074 1712 1094 eos
1746 1074 1812 1095 esse
1845 1075 1862 1095 a
1892 1065 2118 1097 Parisiensibus
2155 1067 2349 1108 eosdemque
2384 1078 2403 1098 a

1329 1109 1459 1139 Thoma
1478 1109 1611 1149 scriptos
1635 1109 1847 1150 traditosque:
1876 1116 1950 1140 sunt
1969 1110 2021 1141 alii
2043 1121 2120 1142 vero
2144 1111 2200 1152 qui
2224 1111 2403 1143 existimant

1330 1163 1434 1184 unum
1459 1153 1510 1183 vel
1533 1153 1669 1184 alterum
1693 1154 1808 1184 eodem
1831 1164 1926 1185 sensu
1950 1161 1980 1186 et
2003 1155 2042 1185 ab
2065 1155 2225 1196 Aquinate
2251 1156 2403 1188 traditum

1331 1197 1428 1228 fuisse
1452 1205 1482 1228 et
1514 1198 1569 1228 abs
1602 1198 1764 1238 Stephano
1797 1198 1949 1239 Tempier
1981 1199 2178 1231 damnatum.
2202 1200 2337 1231 Thesim
2368 1201 2403 1232 in

1331 1242 1514 1282 exemplum
1536 1242 1716 1281 adducunt,
1740 1253 1839 1284 quam
1867 1243 1969 1284 capite
1996 1244 2158 1284 superiore
2188 1245 2401 1285 protulimus:

1334 1287 1429 1324 Quod
1451 1287 1527 1327 quia
1551 1287 1784 1328 intelligentiae
1800 1297 1863 1318 non
1883 1288 2000 1318 habent
2015 1290 2203 1326 materiam,
2222 1289 2314 1321 Deus
2337 1299 2402 1321 non

1323 1336 1434 1371 posset
1450 1331 1565 1371 plures
1589 1331 1728 1362 eiusdem
1753 1333 1869 1372 speciei
1881 1331 2011 1373 facere.
2032 1333 2174 1374 Utraque
2189 1333 2314 1373 vigebat
2329 1334 2400 1375 opi-

1330 1375 1384 1406 nio
1408 1375 1441 1405 in
1464 1375 1628 1406 Parisiensi
1648 1376 1856 1407 Universitate
1879 1387 1958 1408 aevo
1983 1377 2133 1418 Stephani
2157 1378 2196 1408 de
2218 1378 2400 1418 Bourretto,

1330 1419 1385 1460 qui
1409 1419 1441 1449 in
1466 1419 1544 1450 serie
1577 1419 1644 1450 eius
1668 1420 1826 1451 Ecclesiae
1849 1421 2087 1462 Episcoporum
2119 1422 2229 1454 tertius
2257 1422 2321 1454 hoc
2343 1433 2403 1454 no-

1330 1464 1416 1494 mine
1439 1464 1636 1504 appellatur,
1661 1465 1833 1506 sedemque
1857 1466 2040 1497 conscendit
2062 1476 2147 1497 anno
2177 1468 2278 1505 1320,
2303 1477 2403 1508 quam

1329 1508 1370 1538 ad
1402 1514 1553 1539 octavum
1582 1507 1643 1539 kal.
1669 1508 1843 1540 decembris
1876 1510 1951 1540 anni
1979 1511 2059 1542 1325
2090 1511 2209 1550 tenuit,
2234 1518 2271 1542 ut
2302 1511 2402 1543 adno-

1329 1558 1397 1583 tant
1421 1551 1571 1583 Monachi
1595 1552 1693 1583 sancti
1725 1553 1829 1584 Mauri
1858 1554 1892 1584 in
1921 1554 2023 1586 Gallia
2053 1555 2231 1587 christiana.
2253 1556 2404 1588 Doctoris

1330 1596 1517 1627 sanctissimi
1541 1596 1660 1627 famam
1683 1597 1829 1628 audaculi
1853 1598 1986 1639 quidam
2009 1599 2229 1640 denigrabant,
2253 1600 2404 1641 dogmata

1329 1641 1484 1672 nonnulla
1507 1641 1692 1681 vulgarum,
1721 1652 1803 1682 quae
1830 1642 1897 1682 pari
1929 1643 2102 1674 verborum
2133 1651 2243 1675 tenore
2275 1651 2346 1675 tum
2369 1645 2404 1676 in

1329 1685 1489 1726 Open‘bus
1521 1685 1670 1717 Thomae
1692 1685 1896 1726 legebantur,
1920 1694 1992 1718 tum
2021 1687 2055 1718 in
2088 1697 2219 1719 censura
2251 1688 2403 1729 Stephani

1328 1730 1480 1771 Tempier
1503 1730 1762 1771 praedecessoris:
1786 1731 1876 1772 quod
1900 1742 1990 1772 aegre
2014 1732 2116 1763 ferens
2138 1732 2346 1772 Bourrettus,
2369 1743 2404 1765 re

1328 1781 1451 1805 mature
1475 1775 1655 1812 deliberata,
1675 1774 1814 1815 priorem
1837 1776 1969 1816 abrogat
1992 1786 2168 1815 censuram,
2189 1778 2222 1808 in
2245 1783 2402 1818 quantum

1328 1820 1434 1860 tangit
1451 1824 1510 1850 aut
1528 1825 1665 1861 tangere
1686 1821 1847 1851 asseritur
1863 1831 1978 1852 sanam
2001 1821 2180 1852 doctrinam
2199 1822 2304 1853 sancti
2323 1822 2414 1854 m.

1328 1873 1410 1894 mae.
1437 1863 1522 1895 Hinc
1555 1865 1628 1895 satis
1660 1864 1803 1906 utrisque
1831 1865 1971 1904 factum,
2001 1875 2143 1907 quorum
2170 1865 2223 1897 alii
2246 1866 2404 1898 nonnulla

1329 1908 1489 1939 doctrinae
1505 1908 1723 1940 Thomisticae
1747 1909 1849 1950 capita
1872 1919 1929 1950 per
1951 1919 2023 1940 eam
2046 1920 2211 1941 censuram
2231 1912 2326 1952 tangi
2339 1910 2404 1943 exi-

1329 1952 1515 1984 stimabant:
1533 1954 1686 1994 putabant
1709 1953 1762 1984 alii
1785 1954 1824 1984 ab
1847 1954 2006 1995 aliquibus
2021 1955 2155 1986 aemulis
2173 1954 2404 1997 malevolisque

1330 2007 1496 2038 perperam
1518 2007 1554 2029 ac
1578 1998 1658 2029 falso
1681 1999 1785 2030 asseri
1808 2003 1914 2037 tacta,
1940 1999 2128 2039 longissimo
2161 1999 2286 2031 tametsi
2308 1999 2404 2037 inter-

1329 2041 1414 2072 vallo
1439 2041 1605 2074 differrent.

1397 2086 1623 2118 Revocatoriae
1647 2087 1765 2118 litterae
1789 2087 1961 2128 incipiunt:
1987 2088 2153 2129 Magistra
2175 2098 2284 2119 rerum
2309 2098 2405 2130 expe-

1331 2132 1447 2161 rientia
1481 2132 1577 2162 certis
1609 2132 1736 2163 indiciis
1768 2131 1932 2163 evidenter
1958 2132 2167 2164 demonstrat.
2199 2133 2297 2164 Deme
2328 2142 2405 2165 vero

1331 2182 1405 2206 sunt
1427 2175 1516 2216 apud
1541 2175 1756 2207 Gemiliacum
1781 2186 1868 2207 anno
1891 2177 2024 2207 Domini
2047 2176 2131 2214 1324
2150 2177 2203 2208 die
2229 2178 2309 2209 iovis
2330 2183 2408 2209 ante

1329 2229 1441 2251 sacros
1459 2220 1602 2251 Cineres.
1620 2220 1710 2262 Stylo
1732 2231 1819 2252 novo
1835 2220 1933 2252 civilis
1953 2221 2094 2252 lulianus
2117 2231 2220 2252 annus
2243 2228 2290 2253 est
2311 2222 2406 2262 1325,

1330 2274 1397 2305 quo
1420 2264 1540 2295 Pascha
1563 2264 1674 2296 incidit
1696 2265 1729 2295 in
1753 2265 1839 2296 diem
1863 2276 1882 2307 7
1907 2265 2035 2306 aprilis,
2060 2265 2126 2296 dies
2148 2265 2291 2297 cinerum
2309 2265 2343 2297 in
2363 2275 2405 2298 υ

1330 2308 1488 2347 februarii,
1506 2316 1536 2340 et
1551 2309 1620 2341 dies
1635 2311 1715 2340 iovis
1737 2315 1814 2341 ante
1831 2320 1944 2341 sacros
1961 2309 2095 2341 Cineres
2112 2310 2146 2341 in
2163 2309 2248 2342 diem
2270 2319 2310 2350 14
2323 2310 2405 2343 eius-

1330 2353 1404 2384 dem
1434 2353 1598 2392 februarii,
1630 2354 1733 2385 littera
1759 2354 1944 2386 dominicali
1967 2354 1993 2385 F
2018 2361 2170 2386 currente.
2197 2354 2283 2386 Hinc
2306 2354 2405 2387 Dida-

1329 2407 1404 2430 cum
1427 2398 1560 2429 Alvarez
1582 2398 1615 2429 in
1639 2408 1735 2439 opere
1759 2399 1807 2430 De
1831 2399 1953 2430 auxiliis
1977 2398 2095 2439 disput.
2113 2409 2133 2429 v
2156 2406 2322 2431 notantem
2345 2409 2401 2431 an-

1329 2451 1409 2473 num
1438 2443 1517 2473 1325
1542 2442 1703 2474 immerito
1731 2443 1861 2484 castigat
1883 2444 1994 2475 Petrus
2017 2443 2057 2474 de
2079 2443 2177 2474 Alva:
2201 2443 2403 2484 castigandus

1328 2486 1415 2527 ipse,
1446 2487 1502 2528 qui
1531 2497 1590 2528 pro
1614 2497 1671 2518 sua
1694 2487 1816 2519 inscitia
1846 2488 1896 2519 vel
1919 2487 2084 2519 oscitantia
2116 2488 2237 2529 stylum
2263 2494 2404 2521 veterem

1329 2531 1574 2562 ecclesiasticum
1597 2541 1663 2562 non
1688 2532 1828 2564 distinxit
1850 2543 1868 2563 a
1891 2533 1974 2574 stylo
2000 2542 2097 2564 novo.
2320 2544 2323 2546 ·

1395 2576 1487 2613 Quae
1503 2576 1687 2616 dignissima
1710 2583 1785 2608 sunt
1805 2577 2079 2608 animadversione
2095 2577 2129 2608 in
2153 2576 2273 2608 eisdem
2293 2576 2403 2609 litteris

1328 2619 1392 2650 iam
1411 2619 1549 2660 profero.
1577 2617 1665 2652 Haec
1697 2631 1773 2651 vero
1806 2621 1978 2652 habentur:
2003 2622 2135 2652 Dudum
2159 2621 2316 2662 siquidem
2336 2629 2406 2653 σκο-

1328 2665 1452 2694 moriae
1481 2664 1596 2705 felicis
1633 2665 1763 2705 quidam
1795 2675 2024 2706 praecessores
2064 2666 2167 2696 nostri
2203 2665 2403 2696 Parisienses

1328 2707 1479 2748 Episcopi
1500 2709 1655 2749 quosdam
1679 2709 1846 2747 articulos,
1872 2719 1913 2740 ne
1925 2709 2075 2750 forsitan
2100 2718 2154 2740 eos
2175 2709 2262 2740 male
2285 2708 2404 2741 intelli—

1327 2757 1441 2792 gentes
1464 2752 1617 2783 caderent
1640 2753 1673 2783 in
1697 2762 1857 2790 errorem,
1883 2758 2046 2794 tamquam
2071 2762 2240 2790 erroneos,
2259 2762 2324 2794 per
2345 2762 2402 2784 ex-

1329 2797 1626 2828 communicationis
1648 2798 1838 2828 sententiam
1858 2797 2098 2830 damnaverunt
2116 2802 2147 2828 et
2162 2797 2402 2830 interdixerunt

1329 2848 1500 2880 expresse:
1522 2850 1659 2881 quorum
1683 2847 1790 2872 tamen
1815 2842 1965 2873 nonnulli
1986 2841 2166 2873 doctrinam
2199 2842 2312 2873 eximii
2332 2842 2400 2875 Do—

1329 2885 1428 2916 ctoris
1449 2885 1478 2916 b.
1500 2885 1639 2916 Romae
1661 2885 1701 2916 de
1720 2886 1848 2927 Aquino
1870 2886 1911 2917 de
1926 2885 2051 2917 Ordine
2056 2885 2210 2928 fratrum
2226 2886 2399 2918 Praedica-

1329 2934 1435 2960 torum
1451 2934 1589 2971 tangere
1603 2929 1644 2960 ab
1659 2930 1820 2971 aliquibus
1835 2936 2037 2962 asseruntur.
2055 2930 2312 2962 Praedecessores
2327 2930 2401 2963 illos

1328 2973 1516 3005 Parisienses
1539 2974 1703 3006 antistites
1735 2974 1874 3015 intellige
1907 2975 2118 3006 Guillelmum
2148 2981 2179 3006 et
2201 2974 2402 3016 Stephanum

1328 3018 1489 3059 Tempier.
1516 3019 1659 3050 Iamvero
1682 3019 1907 3058 animadverte,
1931 3019 2080 3051 articulos
2103 3019 2263 3061 quosdam
2284 3019 2319 3050 in
2346 3029 2402 3052 eo·

1327 3072 1400 3092 rum
1424 3063 1562 3094 censuris
1586 3070 1754 3094 contentos
1783 3073 1842 3104 pro
1858 3064 1996 3095 innoxiis
2016 3064 2171 3105 reputari3
2197 3073 2298 3105 eaque
2324 3073 2400 3105 pro-

1327 3106 1460 3147 scriptos
1484 3107 1604 3138 ratione
1628 3107 1744 3146 fuisse,
1768 3109 1858 3149 quod
1881 3118 1980 3149 pravo
2002 3118 2097 3140 sensu
2120 3108 2269 3140 intellecti
2291 3107 2400 3149 vulga-

1327 3151 1457 3182 bantur:
1491 3152 1685 3193 eosdemque
1717 3152 1850 3184 demum
1881 3153 1932 3184 vel
1965 3162 2079 3184 eorum
2111 3159 2249 3193 spectata
2279 3151 2401 3192 littera,

1328 3195 1358 3226 d.
1376 3195 1523 3226 Thomae
1537 3206 1604 3227 non
1620 3196 1759 3235 attribui,
1774 3197 1832 3228 sed
1849 3197 1890 3228 ab
1903 3197 2074 3238 ,aliquibus
2092 3197 2260 3228 attributos
2279 3196 2398 3229 adacti.

1397 3253 1412 3268 ι
1431 3240 1541 3278 Quam
1563 3240 1770 3272 articulorum
1793 3248 1823 3272 et
1846 3241 2075 3273 sententiarum
2106 3240 2399 3282 promulgationem

1331 3297 1344 3311 ι»
1364 3284 1556 3316 venerabiles
1579 3285 1648 3324 viri,
1669 3285 1816 3316 Decanus
1840 3293 1871 3318 et
1894 3285 2082 3327 Capitulum
2105 3284 2264 3317 Ecclesiae
2285 3283 2398 3317 Domi-

1331 3340 1344 3355 »
1365 3338 1424 3359 nae
1443 3336 1588 3368 nostrae,
1611 3329 1692 3361 sicut
1715 3330 1851 3361 veritatis
1883 3330 2056 3370 zelatores,
2084 3330 2226 3362 intimius
2254 3328 2399 3361 conside-

1331 3385 1346 3400 »
1365 3380 1484 3412 rantes;
1501 3383 1558 3405 nec
1582 3383 1649 3404 non
1672 3374 1832 3405 doctrinae
1857 3385 1892 3406 ac
1911 3374 2013 3406 famae
2032 3375 2063 3406 b.
2083 3374 2231 3406 Thomae
2248 3371 2398 3414 praedicti

1331 3430 1345 3445 »
1365 3417 1515 3449 iniustam
1531 3418 1793 3459 denigrationem,
1801 3418 1939 3450 veritatis
1949 3418 2197 3450 occultationem
2205 3423 2238 3449 et
2245 3416 2278 3448 S.
2287 3417 2327 3448 R.
2338 3416 2398 3448 Ec-

1331 3475 1346 3490 »
1366 3461 1477 3493 clesiae
1493 3462 1664 3504 aliqualem
1681 3462 1967 3495 dehonorationem
1983 3462 2130 3505 (pariter
2137 3459 2396 3501 considerantes)

1330 3519 1346 3535 a>
1363 3516 1420 3547 per
1434 3507 1644 3538 venerabilem
1661 3507 1767 3539 virum
1781 3507 1969 3548 magistrum
1983 3506 2203 3540 Annibaldum
2219 3505 2397 3544 Decanum,

1331 3564 1345 3579 »
1365 3552 1605 3583 Atrebatensem
1618 3551 1901 3590 Archidiaconum,
1916 3561 2021 3583 sacrae
2039 3549 2221 3591 theologiae
2233 3549 2398 3580 doctorem

1330 3607 1344 3622 »
1365 3602 1395 3626 et
1419 3595 1450 3627 d.
1467 3596 1597 3627 Petrum
1620 3595 1660 3626 de
1675 3595 1807 3636 Fagello
1829 3595 2039 3628 Parisiensen
2053 3593 2267 3633 canonicum,
2284 3602 2398 3624 eorum

1331 3652 1345 3667 ι
1365 3646 1494 3680 propter
1511 3640 1574 3671 hoc
1596 3639 1726 3671 nuntios
1748 3640 1789 3671 ad
1811 3649 1870 3670 nos
1889 3638 2064 3680 specialiter
2079 3638 2258 3679 deputatos,
2275 3647 2336 3668 nos
2351 3647 2398 3669 re-
