2548 4192
920 279 974 315 IN
1005 280 1042 316 S.
1065 280 1306 318 THOMAM
1334 282 1657 329 AQUINATEM

255 369 270 384 »
290 358 373 388 Ante
395 356 499 387 Laud.
531 355 616 387 Vers.
641 356 736 388 Oculi
760 358 908 388 omnium
931 358 964 389 in
988 365 1018 389 te
1042 366 1168 400 sperant
1191 360 1257 390 Do-

188 415 202 430 »
223 401 318 432 mine.
335 401 430 441 Resp.
446 401 488 431 Et
503 406 537 430 tu
562 401 617 431 das
641 401 701 431 illis
725 412 829 432 escam
845 402 878 432 in
895 410 1039 443 tempore
1059 411 1255 444 opportuno.

188 446 262 481 »Jn
279 445 382 476 Laud.
408 446 483 475 Ant.
505 445 604 476 Adest
627 445 693 476 dies
710 446 843 477 laetitiae
861 447 994 487 collegio
1019 447 1172 487 fidelium,
1189 449 1258 490 qui-

187 504 202 519 »
222 492 282 522 bus
305 490 434 530 praebet
458 489 602 530 quotidie
634 490 794 521 Dominus
828 501 944 531 corpus
977 492 1155 532 proprium.
1182 494 1255 523 Ant.

186 548 201 563 x
220 535 345 575 Pauper
367 541 551 565 sanctorum
579 535 728 565 omnium
757 545 883 566 carnem
915 537 1129 575 assumendo,
1161 537 1258 568 nutrit

135 595 137 597 ·
186 592 200 607 »
220 588 347 619 gregem
371 578 498 618 ovium,
523 579 581 609 hac
605 589 696 609 carne
720 581 890 619 pascendo.
912 581 1042 621 Antiph.
1069 582 1158 612 Scala
1181 582 1256 613 caeli

186 637 201 652 »
220 623 351 664 ponitur
374 622 530 661 Christus,
556 634 654 664 quam
673 625 811 655 tenendo
827 635 901 665 grex
923 624 1024 655 fidelis
1048 626 1200 666 pascitur,
1217 627 1258 657 ad

185 681 200 695 ι·
221 668 344 699 caelum
367 668 537 699 tendendo.
555 669 630 699 Ant.
653 668 795 709 Linguae
818 669 958 708 laudent,
982 670 1133 708 Domine,
1153 678 1183 702 te
1200 682 1256 702 no-

186 725 201 740 »
222 719 323 743 strum
339 719 510 753 pastorem,
522 713 577 754 qui
588 712 691 743 Carne
708 723 783 744 cum
801 713 959 754 Sanguine
971 715 1072 755 pascis
1091 715 1255 747 viatorem.

186 769 201 784 »
219 758 295 787 Ant.
322 756 435 796 Fulget
467 764 567 788 mater
598 757 738 787 Ecclesia
771 757 803 788 in
837 759 981 799 supernis
1011 759 1131 798 choris,
1157 761 1257 791 cibata

184 813 199 828 ι
219 801 323 832 Carne
342 801 470 842 propria
494 802 593 833 nostri
607 801 787 834 Salvatoris.
813 802 953 843 Capitul.
979 804 1139 835 Dominus
1159 805 1254 836 lesus.

184 858 199 873 ι»
219 845 388 887 Hymnus,
407 846 549 877 Verbum
574 856 759 887 supernum.
775 847 827 878 Ad
849 848 965 879 Bened.
983 850 1058 879 Ant.
1079 849 1191 879 Carnis
1215 850 1256 880 ci—

184 903 198 918 »
218 891 297 922 bum
321 897 352 921 et
375 897 490 931 potum
514 891 682 931 Sanguinis
698 901 803 922 escam
825 892 917 922 nobis
941 893 994 923 dat
1017 893 1093 923 caeli
1110 894 1255 933 agminis,

184 948 199 963 x·
219 942 255 966 ut
277 935 310 965 in
334 935 429 966 huius
454 946 568 976 campo
603 936 780 966 certaminis
811 936 925 967 virtute
949 936 1092 968 firmetur
1120 948 1175 968 cor
1198 938 1256 969 ho-

184 992 199 1007 »
219 979 323 1010 minis.
1227 979 1233 985 ’

252 1037 266 1052 »
287 1022 353 1067 (Ad
380 1025 464 1055 Tert.
490 1030 521 1055 et
543 1025 686 1064 reliquas
707 1024 822 1055 Horas
841 1025 976 1066 capitula
1001 1031 1031 1055 et
1054 1036 1196 1066 respons.
1221 1033 1256 1057 ut

184 1082 198 1096 »
217 1069 250 1099 in
280 1068 395 1100 Officio
425 1069 522 1099 sancti
546 1067 725 1111 Thomae.)
751 1069 802 1099 Ad
825 1069 956 1109 Magnif.
982 1070 1056 1100 Ant.
1086 1070 1116 1101 O
1145 1071 1255 1101 lumen

183 1125 198 1141 »
217 1113 386 1151 Ecclesiae,
411 1113 499 1143 cibus
515 1113 674 1143 viatorum
695 1119 725 1143 et
744 1123 863 1144 corona
885 1113 1004 1154 gloriae
1020 1120 1129 1144 coetus
1148 1115 1255 1146 beato-

182 1170 198 1185 »
217 1167 308 1195 rum,
333 1166 449 1197 corpus
473 1163 568 1187 tuum
594 1157 689 1187 hodie
712 1164 915 1188 venerantem
939 1158 1094 1196 chorum,
1119 1159 1181 1189 duc
1205 1169 1255 1189 so-

182 1215 198 1231 »
216 1201 283 1232 luta
306 1201 404 1232 scarie
422 1201 462 1231 ad
486 1211 583 1241 regna
614 1201 787 1233 caelorum.
812 1203 877 1232 Per
902 1202 1057 1233 Octavam
1077 1203 1121 1233 ad
1136 1203 1253 1234 Bened.

182 1258 197 1275 2
216 1247 292 1277 Ant.
318 1245 354 1276 ln
385 1252 558 1286 conspectu
589 1252 699 1276 nostro
730 1256 876 1277 mensam
909 1247 1100 1287 praeparasti
1131 1247 1255 1278 Christe

181 1304 196 1320 ιι
218 1291 317 1329 Deus,
341 1290 547 1330 temetipsum
571 1290 648 1321 dans
672 1290 705 1321 in
729 1301 837 1331 pensa,
861 1301 929 1321 non
952 1300 1004 1321 me
1027 1291 1136 1322 laudet
1155 1291 1255 1323 hostis

145 1341 149 1346 ·
181 1343 196 1364 5
216 1334 398 1369 meua-Ad
408 1333 545 1375 Magnif.
576 1336 651 1366 Ant.
683 1336 791 1376 Adeps
819 1335 1012 1366 admirabilis
1044 1336 1159 1367 nobilis
1189 1337 1254 1369 fru-

181 1393 197 1409 ›
216 1379 326 1418 menti,
348 1386 446 1420 potus
469 1379 660 1410 delectabilis
683 1380 776 1410 datur
798 1379 1002 1411 Sacramenti,
1015 1392 1028 1407 ›

189 1442 191 1444 ·
246 1425 284 1456 II.
302 1424 338 1455 ln
360 1424 424 1455 hoc
447 1423 584 1462 Officio,
609 1431 644 1455 ut
667 1424 732 1454 iam
757 1424 873 1466 cuique
902 1431 1044 1463 constat,
1069 1427 1254 1458 communia

178 1476 255 1501 sunt
277 1478 352 1500 cum
380 1468 436 1499 illo
465 1468 563 1499 sancti
592 1468 759 1507 Thomae,
793 1470 956 1510 capitula,
988 1470 1122 1511 hymni,
1156 1473 1254 1503 versi—

177 1515 256 1552 culi,
277 1513 430 1545 lectiones
451 1513 492 1544 de
511 1513 659 1551 homilia,
686 1515 892 1554 responsoria
918 1514 1108 1545 Horarum:
1133 1523 1253 1547 caetera

177 1559 382 1590 innotescunt
411 1558 632 1589 diversissima.
667 1558 727 1589 Sex
759 1558 910 1589 lectiones
943 1558 1063 1599 priores
1096 1569 1133 1590 ex
1161 1560 1252 1591 Bulla

179 1601 299 1636 Urbani
323 1603 367 1634 IV
391 1603 598 1643 depromptae
621 1610 705 1634 sunt.
722 1605 898 1634 Auctorem
923 1612 960 1633 ex
984 1603 1104 1635 Ordine
1127 1605 1251 1636 Praedi-

175 1654 322 1680 mtorum
345 1647 482 1689 quisque
505 1654 665 1687 agnoscat,
682 1647 738 1688 qui
754 1647 864 1688 paullo
888 1648 1037 1679 attentius
1056 1649 1251 1680 animadver-

177 1692 268 1732 terit,
302 1692 362 1723 sibi
391 1691 425 1722 in
457 1691 573 1723 Officio
606 1692 799 1723 Sacramenti
828 1692 1026 1723 conficiendo
1059 1693 1251 1725 imitandum

176 1737 383 1778 proposuisse
406 1735 560 1768 Officium
583 1736 681 1768 sancti
705 1737 887 1775 Dominici,
911 1737 1001 1778 quod
1027 1737 1209 1769 confectum
1232 1749 1251 1769 a

175 1782 270 1813 beato
294 1781 430 1812 Iordano
455 1781 551 1822 aliqui
571 1781 761 1812 arbitrantur
782 1780 900 1823 aliique
922 1791 940 1812 a
956 1781 1169 1813 Constantino
1185 1783 1252 1814 Me-

134 1858 140 1862 ,
176 1826 256 1865 dice,
280 1826 481 1858 Urbevetano
505 1825 687 1866 Episcopo,
711 1825 767 1867 qui
789 1825 853 1856 vita
876 1825 1027 1866 migrasse
1051 1837 1136 1858 anno
1166 1828 1247 1858 1258

175 1870 321 1902 creditur.
339 1869 480 1901 Collatio
503 1879 639 1912 sequens
663 1879 731 1900 rem
754 1870 902 1911 patefacit
923 1880 1067 1902 omnem.

183 1936 191 1941 ”
221 1940 279 1973 1121
291 1941 388 1981 Vesp.
403 1942 480 1971 Ant.
496 1950 592 1980 super
606 1940 687 1971 Psal.

176 1985 292 2028 Gaude
303 1984 397 2028 felix
420 1994 545 2026 parens
569 1984 690 2026 Hispa-

175 2041 242 2063 ma.

183 2108 185 2111 ,
218 2075 271 2109 Ad
280 2075 426 2116 Magnis.
437 2074 570 2115 Antiph.
586 2075 689 2105 Tran-

172 2121 215 2152 sit
258 2129 362 2161 auper
384 2120 428 2152 ad
443 2119 540 2160 regni
562 2118 689 2150 solium.

218 2130 376 2206 libspons.
402 2175 424 2196 1.
448 2163 610 2194 Mundum
636 2174 689 2195 νο-

173 2206 253 2241 cans
271 2208 316 2240 ad
330 2210 412 2250 agni
435 2210 575 2249 nuptias.

217 2254 412 2295 Responsor.
422 2263 451 2284 2.
459 2253 582 2284 Datum
593 2263 684 2284 mun-

170 2298 214 2330 do
223 2308 288 2340 pro
307 2298 421 2329 mundi
431 2298 553 2339 gloria.

191 2362 196 2367 ·
215 2343 373 2384 Respons.
387 2343 416 2374 3.
432 2342 566 2374 Verbum
578 2343 671 2373 vitae.

215 2387 374 2428 Respons.
393 2388 422 2419 5.
438 2387 538 2418 Panis
561 2387 688 2418 oblatus

171 2433 316 2465 caelitus.

179 2514 183 2517 Α
216 2476 373 2517 Respons.
400 2477 431 2507 6.
458 2476 605 2507 Granum
630 2486 686 2507 ex-

171 2530 301 2553 cussum
319 2521 431 2561 palea.

218 2565 376 2606 Respons.
393 2576 424 2607 7.
441 2565 536 2596 Felix
559 2566 640 2596 vitis.

780 1941 816 1971 In
832 1940 949 1972 Officio
966 1942 1158 1974 Sacramenti
1175 1946 1250 1975 Ant.

739 1985 853 2017 Gaude
869 1985 963 2027 felix
986 1997 1111 2028 parens
1140 1988 1250 2021 Eccle-

735 2039 796 2061 sia.

780 2075 832 2106 Ad
842 2076 987 2117 Magnis.
998 2077 1130 2118 Antiph.
1147 2078 1249 2108 Tran—

735 2120 777 2150 sit
790 2119 938 2151 Christus
951 2121 996 2152 ad
998 2123 1107 2162 patris
1121 2122 1248 2153 solium.

780 2164 936 2205 Respons.
958 2176 984 2196 1.
1008 2167 1170 2198 Mundum
1195 2177 1248 2198 vo-

733 2219 812 2240 cans
834 2210 879 2240 ad
900 2211 983 2251 agni
1005 2212 1144 2251 nuptias.

775 2253 971 2294 Responsor.
983 2264 1012 2286 2.
1020 2255 1143 2286 Datum
1155 2266 1247 2287 mun-

734 2298 775 2329 do
798 2299 831 2329 in
856 2300 940 2330 vitae
946 2299 1128 2340 ferculum.

779 2343 936 2384 Respons.
956 2345 984 2375 3.
1006 2344 1139 2376 Verbum
1160 2355 1247 2376 caro.

778 2387 934 2428 Respons.
956 2389 984 2419 5.
1001 2389 1100 2420 Panis
1122 2389 1249 2420 oblatus

732 2432 876 2463 caelitus.

777 2477 933 2517 Respons.
958 2478 988 2508 6.
1018 2477 1165 2509 Granum
1190 2488 1245 2509 ex-

733 2530 860 2552 cussum
871 2522 982 2562 palea.

778 2566 935 2606 Respons.
953 2577 983 2608 7.
999 2567 1096 2598 Felix
1119 2568 1201 2599 vitis.

241 2627 394 2669 Quinque
413 2627 546 2658 demum
569 2627 774 2668 Antiphonae
797 2628 967 2667 Laudum,
991 2630 1032 2659 ad
1054 2630 1248 2661 Benedictus

174 2679 206 2704 et
227 2672 268 2703 ad
290 2672 487 2713 Magnificat
509 2671 596 2702 idem
629 2672 799 2713 utrobique
831 2672 959 2703 initium
992 2673 1124 2705 habent:
1148 2675 1248 2706 Adest

171 2717 241 2748 dies
263 2717 416 2754 laetitiae,
440 2717 580 2757 Pauper,
600 2716 710 2757 Scala,
736 2717 897 2759 Linguae,
914 2717 1045 2760 Fulget,
1069 2719 1198 2758 Carnis,
1219 2719 1248 2750 Ο

174 2761 283 2793 lumen
308 2761 483 2793 Ecclesiae.

240 2806 292 2837 III.
309 2805 468 2843 Quisnam
490 2805 585 2838 fuerit
607 2805 741 2838 auctor?
755 2807 831 2837 Non
847 2816 914 2837 esse
937 2807 1142 2848 Aquinatem,
1159 2819 1247 2840 com-

172 2850 390 2891 pen-tissimum
412 2857 468 2882 est.
493 2851 749 2891 peremptorium
779 2861 883 2882 unum
914 2851 1050 2883 adhibeo
1079 2864 1247 2894 argumen-

172 2901 254 2925 tum.
279 2894 407 2925 Veteres
437 2904 576 2936 namque
599 2895 767 2936 scriptores
781 2919 789 2934 ‚
813 2896 1020 2927 Ptolomaeus
1041 2897 1082 2928 de
1106 2899 1192 2929 Luca
1217 2905 1248 2929 et

174 2937 366 2969 Guillelmus
397 2939 436 2969 de
464 2939 593 2978 Tocco,
617 2940 867 2972 luculentissime
890 2947 1044 2972 testantur
1073 2942 1105 2973 in
1130 2942 1246 2974 Officio

173 2982 378 3021 Sacramenti,
393 2984 483 3024 quod
505 2984 649 3025 Aquinas
673 2985 867 3025 composuit,
882 2987 976 3026 quasi
998 2995 1108 3018 omnes
1132 2989 1248 3019 veteris

179 3027 374 3057 Testamenti
385 3027 524 3068 figuras
546 3029 790 3069 comprehensas
810 3029 917 3067 fuisse,
934 3030 1106 3071 adaptatas
1121 3032 1159 3062 ad
1178 3032 1246 3062 Eu-

174 3071 348 3102 charistiae
369 3071 635 3104 Sacramentum:
652 3083 735 3115 quae
753 3083 821 3105 non
840 3074 996 3105 habentur
1011 3075 1094 3106 ullae
1117 3076 1150 3106 in
1173 3076 1246 3114 hoc,

173 3125 241 3156 quo
265 3115 305 3145 de
328 3115 472 3155 agimus,
497 3116 624 3148 Officio.
649 3117 884 3158 Papebrochius
908 3119 941 3148 in
964 3119 1142 3161 Propylaeo
1173 3121 1247 3151 maii

174 3160 208 3190 in
224 3159 473 3199 Paralipomenis
498 3161 617 3192 dissert.
637 3162 748 3201 XLIII,
770 3163 810 3194 al.
829 3163 931 3194 XXIII
948 3171 1088 3195 recenset
1103 3165 1248 3196 eiusdem

175 3203 350 3235 festivitatis
373 3203 460 3234 aliud
475 3204 629 3236 Officium
651 3207 839 3247 proprium,
864 3218 883 3238 a
906 3208 1024 3239 Ioanne
1057 3208 1165 3240 Caroli
1189 3209 1246 3240 flo-

174 3248 299 3279 rentino
324 3248 401 3279 Ord.
418 3249 556 3280 Praedic.
573 3250 801 3291 compositum.
818 3252 891 3283 Vita
914 3253 1061 3293 migravit
1082 3253 1135 3284 ille
1165 3254 1245 3284 1503

174 3293 225 3324 vel
254 3293 353 3330 1515;
377 3293 462 3323 unde
485 3294 639 3324 recentior
648 3292 720 3333 est,
745 3306 844 3337 quam
867 3303 903 3327 ut
925 3297 1071 3337 superius
1095 3297 1248 3328 Officium

175 3337 280 3368 eidem
302 3336 397 3368 tribui
421 3343 526 3378 queat.
544 3338 627 3369 Inter
649 3339 756 3379 Opera
779 3340 899 3372 Alberti
923 3341 1042 3381 Magni,
1061 3351 1143 3382 quae
1167 3351 1247 3372 non-

175 3382 255 3413 dum
287 3382 393 3412 lucem
424 3381 591 3420 viderunt,
617 3393 653 3413 ex
676 3384 848 3414 Laurentio
876 3384 1001 3424 Pignon
1025 3391 1056 3415 et
1080 3385 1247 3416 Ludovico

174 3426 393 3458 Valleoletano
417 3426 510 3457 refert
532 3426 706 3466 Echardus,
729 3427 836 3458 Unum
863 3428 1016 3469 &fficium
1039 3429 1079 3459 de
1104 3429 1248 3469 Corpore

178 3470 310 3509 Christi,
330 3471 418 3511 quod
441 3480 504 3501 non
528 3476 576 3501 est
599 3472 633 3514 in*
655 3481 716 3502 usu
740 3473 902 3502 communi
915 3472 1091 3510 Ecclesiae,
1109 3483 1180 3504 cum
1199 3473 1247 3504 di-

175 3517 278 3546 versis
302 3517 413 3556 prosis
444 3515 484 3546 de
515 3515 622 3546 eodem
652 3515 872 3547 Sacramento.
901 3518 953 3546 An
986 3526 1060 3557 ergo
1094 3517 1247 3548 Officium

171 3560 320 3601 superius
344 3560 438 3591 tribui
461 3560 591 3591 Alberto
611 3558 742 3591 debeat?
765 3560 914 3591 Divinare
937 3561 1049 3592 nolim.

242 3604 350 3636 Fuerit
373 3615 413 3635 ne
436 3611 594 3645 praeterea
617 3604 732 3635 alicubi
762 3605 795 3635 in
819 3615 880 3635 usu
911 3605 997 3645 apud
1021 3605 1128 3636 fratres
1152 3606 1246 3636 Prae-

174 3647 351 3680 dicatores?
367 3649 448 3680 mud
465 3659 524 3689 ego
540 3649 683 3690 primum
701 3649 871 3687 coniector,
895 3649 1107 3688 Breviarium,
1131 3650 1164 3680 in
1180 3659 1246 3691 quo

2284 299 2390 326 CCLIII

1316 361 1512 401 praedictum
1535 369 1657 402 prostat
1680 362 1843 401 Officium,
1868 363 1900 393 in
1925 374 1985 394 usu
2010 363 2105 394 fuisse
2128 365 2161 395 in
2186 366 2293 407 aliquo
2311 367 2388 398 Ger-

1315 405 1439 436 maniae
1454 406 1626 437 coenobio:
1645 407 1742 438 sancti
1759 417 1898 448 namque
1922 415 2109 449 sanctaeque
2125 409 2242 449 plures,
2257 421 2338 451 quae
2354 413 2387 442 in

1315 449 1445 480 Litaniis
1456 450 1488 480 in
1500 451 1614 481 eodem
1625 451 1786 492 descriptis
1803 452 2001 490 invocantur,
2011 453 2159 492 peculiari
2177 454 2209 484 in
2219 454 2387 486 Germania

1315 494 1500 525 colebantur
1522 496 1734 533 veneratione,
1766 496 1971 534 Voldaricus,
1999 497 2228 535 Columbanus‚
2261 499 2385 538 Gallus,

1318 537 1504 577 othmarus,
1516 540 1674 580 Magnus,
1683 539 1776 578 Fida,
1795 541 1927 571 Verena.
1939 541 2018 571 Item
2038 542 2283 573 animadvertere
2300 554 2387 583 prae-

1315 589 1389 620 stat,
1413 583 1647 615 institutionem
1668 584 1893 621 Solemnitatis,
1910 585 2101 627 Bullamque
2123 586 2241 617 Urbani
2262 587 2385 626 Quarti,

1314 627 1356 656 ob
1380 628 1538 658 tumultus
1562 629 1702 666 bellicos,
1720 629 1836 669 quibus
1855 629 1986 670 Europa
2010 640 2091 670 pene
2114 637 2181 661 tota
2200 631 2384 671 agitabatur,

1314 681 1410 701 suum
1434 671 1579 703 effectum
1603 673 1785 704 adsecutam
1804 684 1870 704 non
1887 673 2000 704 fuisse:
2021 674 2148 705 Bullam
2167 676 2313 707 eamdem
2330 677 2384 707 ite-

1313 725 1385 745 rum
1401 725 1486 746 anno
1511 717 1587 747 1311
1617 727 1634 747 a
1659 717 1823 749 Clemente
1839 719 1868 749 V
1884 718 2034 759 peculiari
2059 718 2278 751 confirmatam
2298 720 2384 752 Con—

1313 759 1495 798 stitutione,
1520 771 1619 802 quam
1642 762 1743 802 Reges
1775 762 1894 793 Galliae
1921 770 1952 793 et
1980 763 2113 803 Angliae
2143 770 2174 794 et
2202 765 2380 805 Aragoniae

1313 811 1535 844 susceperunt:
1561 812 1805 847 susceptamque
1834 806 1966 837 demum
1997 807 2030 837 in
2059 808 2205 838 universa
2244 809 2384 840 Ecclesia

1312 855 1391 892 poste
1400 849 1494 878 aliam
1505 859 1523 878 a
1538 849 1655 879 Ioanne
1665 851 1752 880 XXII
1770 851 1887 881 editam
1898 851 2170 883 Constitutionem
2187 863 2271 884 anno
2291 855 2382 885 1316.

1313 893 1433 929 Quidni
1453 893 1649 933 praedictum
1668 893 1821 924 Officium
1840 894 1920 925 intra
1947 895 2026 925 illud
2055 897 2207 937 temporis
2238 898 2383 928 interval-

1311 936 1381 966 lum
1413 937 1446 966 in
1485 937 1594 978 aliquo
1635 938 1791 968 coenobio
1825 938 2012 970 Germaniae
2045 941 2236 972 celebratum
2269 941 2384 973 fuerit?

1312 983 1406 1011 Aetas
1425 981 1502 1011 haec
1519 980 1649 1011 fortasse
1673 992 1710 1012 ex
1739 992 1777 1012 eo
1809 983 1913 1023 colligi
1944 991 2058 1023 potest,
2090 986 2179 1025 quod
2202 986 2234 1016 in
2252 986 2383 1017 Litaniis

1312 1025 1495 1055 memoratis
1521 1025 1638 1055 festum
1661 1026 1758 1057 sancti
1783 1026 1929 1057 Thomae
1954 1028 2097 1058 additum
2121 1029 2153 1059 in
2177 1031 2316 1070 margine
2338 1031 2381 1062 le-

1311 1068 1405 1108 gitur,
1430 1069 1579 1110 idemque
1596 1069 1713 1100 festum
1736 1071 1768 1100 in
1795 1070 1982 1101 Calendario
2007 1073 2180 1112 praemisso
2203 1074 2261 1105 alia
2281 1085 2379 1106 manu

1311 1113 1355 1142 ad
1384 1122 1487 1143 nonas
1515 1115 1625 1144 martii
1653 1114 1806 1154 scripturn
1836 1115 1975 1145 videtur:
2007 1117 2095 1157 quod
2127 1118 2236 1159 utique
2263 1118 2382 1150 factum

1311 1163 1385 1196 post
1413 1167 1534 1187 annum
1558 1159 1651 1195 1323,
1668 1168 1734 1199 quo
1759 1159 1880 1189 Doctor
1895 1160 2064 1199 Angelicus
2089 1161 2277 1193 Sanctorum
2294 1163 2379 1195 fastis

1311 1201 1485 1241 adscriptus
1501 1201 1569 1232 fuit.
1588 1202 1664 1239 Quo
1695 1213 1732 1233 ex
1761 1210 1920 1243 tempore,
1951 1205 2038 1234 nulla
2064 1205 2188 1236 videtur
2217 1207 2380 1238 dubitandi

1311 1245 1390 1276 ratio
1424 1245 1502 1286 quin
1534 1246 1687 1277 Officium
1720 1248 1817 1278 sancti
1843 1248 1989 1279 Thomae
2019 1250 2213 1289 susceperint
2244 1252 2380 1291 particu-

1310 1289 1389 1320 lares
1404 1299 1517 1320 omnes
1546 1290 1715 1329 Ecclesiae,
1741 1292 1852 1323 ritibus
1877 1292 2084 1334 moribusque
2100 1295 2235 1334 propriis
2257 1306 2380 1327 accom-

1311 1334 1488 1365 modamm.

1705 1425 1903 1463 CAPUT
1938 1426 1984 1462 V.

1309 1520 1442 1553 Opuscula
1461 1521 1521 1552 duo,
1537 1521 1575 1546 De
1594 1522 1732 1546 venerabili
1751 1523 1917 1547 §aeramento
1936 1523 2030 1547 Altaris
2049 1528 2074 1548 et
2088 1523 2126 1548 De
2145 1524 2316 1549 Sacramento-
2330 1525 2382 1550 Eu-

1380 1555 1521 1587 charistiae,
1541 1565 1593 1582 non
1612 1562 1673 1582 sunt
1691 1557 1833 1590 Aquinatis.
1849 1558 1946 1583 Eorum
1966 1564 2055 1583 auctor
2073 1558 2183 1592 ignotus.

1309 1646 1331 1677 I.
1355 1640 1455 1720 Inter
1477 1648 1653 1689 Opuscula,
1678 1657 1752 1690 post
1775 1649 1927 1681 Officium
1950 1645 2149 1682 sacratissimi
2177 1651 2380 1692 Sacramenti,

1386 1692 1639 1724 elucubrationes
1663 1694 1744 1725 duae
1771 1704 1861 1726 num.
1886 1695 1986 1726 LVIII
2013 1701 2043 1726 et
2067 1695 2139 1727 LIX
2162 1704 2379 1729 recensentur:

1307 1735 1429 1775 prima,
1457 1737 1509 1768 De
1532 1738 1707 1769 venerabili
1734 1739 1944 1770 Sacramento
1972 1739 2115 1770 Altaris:
2139 1740 2234 1771 altera
2262 1741 2379 1772 minori

1300 1779 1482 1814 ,charactere
1498 1782 1635 1822 vulgata,
1652 1783 1703 1820 De
1718 1783 1928 1814 Sacramento
1944 1784 2171 1816 Eucharistiae
2189 1785 2233 1816 ad
2251 1786 2378 1818 modum

1306 1823 1414 1855 decem
1442 1826 1792 1859 Praedicamentorum.
1818 1829 1972 1859 Neutram
2003 1834 2122 1859 veteres
2146 1829 2379 1870 diligentissimi

1307 1870 1560 1902 nomenclatores
1584 1879 1773 1903 memorant.
1797 1873 1888 1903 Hanc
1918 1873 1950 1903 in
1979 1879 2151 1914 utrumque
2175 1874 2380 1914 Opusculum

1307 1923 1472 1945 censuram
1496 1923 1616 1947 exercet
1631 1916 1819 1947 Barbavara:
1840 1930 1854 1945 α
1868 1917 2072 1958 Opusculum
2088 1918 2186 1949 LVIII
2202 1919 2254 1950 De
2263 1919 2380 1950 Sacra-

1309 1971 1324 1985 »
1345 1965 1450 1990 mento
1468 1961 1592 1991 Altaris
1615 1961 1743 2002 copiam
1761 1961 1903 2003 quidem,
1923 1968 2018 2002 atque
2042 1962 2253 1993 eruditionem
2275 1964 2377 2005 Aqui-

1309 2016 1324 2031 »
1344 2010 1416 2034 nate
1439 2014 1506 2035 non
1530 2005 1695 2045 indignam
1717 2006 1904 2046 praesefert:
1929 2006 1984 2037 sed
2006 2013 2147 2037 versatur
2168 2007 2202 2037 in
2226 2008 2377 2049 exemplis

1309 2061 1324 2076 »
1343 2048 1536 2089 quibusdam
1560 2050 1792 2082 abiectioribus.
1808 2051 1911 2089 Quale
1932 2050 2011 2081 illud
2035 2058 2081 2082 est
2096 2049 2212 2094 (capite
2226 2050 2271 2094 tx)
2291 2053 2380 2093 quod

1309 2106 1323 2120 »
1343 2092 1583 2125 Sacramentum
1609 2095 1744 2135 pastillo
1773 2105 1839 2126 non
1872 2095 1970 2126 semel
1994 2102 2166 2136 comparat.
2193 2096 2325 2128 insuetis
2349 2104 2381 2129 et

1308 2151 1322 2165 »
1343 2138 1477 2169 omnino
1501 2139 1633 2169 vocibus
1666 2140 1803 2170 barbaris
1827 2140 1945 2178 utitur,
1969 2140 2078 2180 quales
2110 2147 2184 2171 sunt
2206 2140 2278 2171 illae
2304 2139 2376 2184 (ibi-

1308 2195 1322 2211 ,
1344 2181 1450 2225 dem):
1474 2183 1676 2214 Pluviarium
1705 2194 1764 2224 pro
1788 2184 1910 2222 nimbo,
1931 2185 2088 2225 vitrificus
2110 2194 2169 2224 pro
2193 2184 2308 2216 artifice
2331 2185 2376 2216 vi-

1308 2240 1322 2255 »
1342 2233 1476 2265 trorum,
1501 2229 1690 2259 coniunctus
1712 2239 1771 2269 pro
1795 2229 1931 2259 indiviso
1960 2235 1990 2259 et
2012 2228 2045 2258 id
2067 2238 2177 2268 genus.
2203 2229 2258 2259 Illa
2282 2229 2378 2260 etiam

1307 2285 1322 2300 ›
1342 2272 1500 2303 distinctio
1523 2272 1714 2303 trimembris
1733 2273 1898 2313 signorum
1914 2270 2060 2315 (ibidem)
2077 2272 2110 2303 in
2127 2274 2303 2311 naturalia,
2321 2284 2376 2304 ar-

1307 2330 1322 2344 »
1342 2317 1486 2357 tificialia
1511 2322 1541 2347 et
1559 2318 1810 2348 sacramentalia
1830 2327 1958 2358 prorsus
1982 2323 2046 2348 arte
2065 2323 2158 2356 caret,
2176 2327 2250 2348 cum
2269 2318 2375 2349 Sacra-

1307 2374 1322 2389 »
1341 2368 1448 2391 menta
1471 2361 1530 2391 sub
1561 2361 1659 2392 altero
1683 2361 1827 2402 priorum
1857 2362 2077 2392 membrorum
2107 2361 2239 2400 cadant,
2263 2369 2375 2403 utpote

1306 2419 1321 2433 »
1341 2415 1422 2446 quae
1446 2412 1509 2436 arte
1534 2405 1639 2436 divina
1662 2406 1765 2447 posita
1789 2413 1883 2447 atque
1906 2405 2048 2437 instituta
2071 2405 2142 2437 sint.
2169 2405 2257 2437 Talis
2281 2407 2377 2438 etiam

1306 2464 1320 2478 »
1341 2457 1387 2481 est
1416 2449 1469 2480 illa
1499 2459 1566 2490 cap.
1583 2458 1664 2481 xvn:
1693 2450 1852 2488 Quidam,
1875 2450 1998 2492 inquit,
2025 2450 2223 2481 manducant
2250 2456 2280 2482 et
2309 2461 2372 2482 non

1306 2508 1320 2522 2»
1342 2494 1560 2525 manducant:
1582 2495 1642 2525 alii
1665 2505 1728 2526 non
1752 2495 1950 2526 manducant
1973 2500 2004 2526 et
2026 2500 2132 2525 tamen
2157 2495 2376 2527 manducant:

1306 2552 1321 2567 »
1340 2539 1399 2570 alii
1421 2539 1619 2570 manducant
1642 2545 1673 2570 et
1695 2540 1944 2570 manducantur.
1969 2539 2092 2570 Eadem
2115 2539 2240 2580 saepius
2264 2540 2376 2580 repetit

1306 2596 1320 2611 »
1341 2593 1443 2624 usque
1467 2584 1507 2614 ad
1530 2594 1692 2615 nauseam.
1720 2584 1755 2614 In
1779 2584 1877 2615 altero
1911 2584 2050 2615 eiusdem
2070 2585 2258 2625 argumenti
2281 2584 2373 2625 Opu-

1306 2641 1321 2656 ›
1341 2628 1430 2659 sculo
1448 2628 1518 2659 LIX
1534 2628 1646 2659 eadem
1662 2628 1942 2669 deprehenduntur
1956 2628 2047 2659 vitia:
2068 2638 2165 2669 quare
2184 2628 2234 2658 vel
2251 2635 2372 2659 utrum-

1306 2686 1321 2701 »
1341 2683 1404 2714 que
1435 2672 1487 2703 vel
1515 2679 1665 2704 neutrum
1698 2673 1792 2704 obelo
1822 2674 2000 2704 notandum
2023 2679 2079 2703 est.
2106 2673 2176 2713 Ego
2200 2680 2373 2714 utrumque

1306 2730 1320 2746 ιι
1340 2717 1479 2748 mallem.
1493 2729 1507 2744 ιν

1371 2762 1408 2793 11.
1425 2762 1631 2802 Opusculum
1654 2762 1742 2803 prius
1765 2769 1886 2803 prostat
1908 2762 1988 2793 inter
2004 2761 2111 2801 Opera
2128 2761 2248 2791 Alberti
2267 2762 2375 2802 Magni

1303 2814 1395 2838 torno
1418 2806 1476 2837 XII
1501 2817 1567 2837 non
1598 2806 1631 2837 in
1664 2807 1765 2847 capita
1787 2818 1868 2838 xxxn
1892 2807 1947 2837 sed
1976 2806 2110 2837 totidem
2142 2805 2175 2835 in
2214 2815 2375 2836 sermones

1303 2852 1479 2890 tributum,
1513 2862 1588 2883 cum
1607 2852 1768 2893 prologo,
1805 2851 1860 2892 qui
1891 2851 2083 2882 desideratur
2113 2850 2198 2890 apud
2230 2856 2375 2880 sanctum

1303 2896 1477 2927 Thomam.
1494 2897 1618 2927 Annuit
1641 2896 1773 2926 Iacobus
1796 2896 1970 2933 Echardus,
1994 2901 2030 2925 ut
2050 2895 2148 2925 hocce
2169 2893 2372 2934 Opusculum

1303 2941 1354 2971 vel
1377 2941 1546 2971 Sermones
1569 2941 1699 2971 Alberto
1717 2941 1836 2980 Magno
1860 2939 2093 2970 adiudicentur:
2126 2948 2192 2969 non
2218 2939 2374 2969 consentit

1304 2985 1453 3017 Oudinus
1477 2986 1519 3015 ob
1542 2995 1661 3015 vocum
1684 2985 1864 3025 aliquarum
1886 2983 2079 3021 barbariem,
2110 2993 2190 3023 quae
2219 2983 2374 3022 Magnum

1304 3030 1399 3061 etiam
1417 3030 1585 3060 Albertum
1609 3030 1758 3060 dedecere
1781 3029 1935 3059 videntur.

1370 3074 1512 3104 Huiusce
1536 3073 1693 3114 Opusculi
1712 3073 1792 3104 facta
1821 3072 2056 3113 comparatione
2080 3081 2154 3102 cum
2182 3071 2300 3110 altero,
2323 3071 2375 3102 De

1303 3119 1513 3149 Sacramenta
1537 3118 1764 3149 Eucharistiae
1782 3118 1825 3148 ad
1848 3117 1974 3148 modum
1998 3116 2105 3147 decem
2125 3115 2372 3146 Praedicamen-

1303 3169 1421 3199 torum,
1446 3162 1575 3193 certiore
1598 3162 1683 3193 istud
1707 3162 1935 3198 fundamento,
1960 3171 2058 3201 quarn
2081 3160 2161 3190 illud
2190 3160 2372 3190 abiudicari-

1304 3208 1382 3237 dum
1405 3207 1552 3237 Thomae
1584 3206 1775 3247 pronunciat
1798 3205 1972 3237 Casimirus
2002 3205 2161 3236 Oudinus.
2195 3205 2282 3235 Haec
2305 3204 2372 3234 eius

1302 3252 1335 3281 in
1358 3252 1440 3282 hanc
1459 3260 1526 3281 rem
1549 3258 1744 3290 argumenta.
1767 3251 1913 3281 Secundo
1938 3259 2076 3290 namque
2100 3248 2201 3289 capite
2229 3248 2374 3278 fabulosa

1303 3295 1439 3325 narratio
1463 3294 1616 3335 allegatur
1639 3295 1736 3326 sancti
1761 3294 1887 3325 Ioannis
1910 3293 2138 3333 Evangelistae,
2160 3293 2372 3323 convertentis

1304 3341 1416 3380 virgas
1439 3339 1567 3379 ligneas
1585 3340 1618 3369 in
1637 3349 1757 3370 aureas
1775 3344 1806 3369 et
1824 3339 1947 3379 lapides
1964 3347 2086 3368 arenae
2105 3338 2137 3367 in
2160 3337 2282 3376 lapides
2295 3346 2372 3376 pre-

1303 3385 1408 3414 tiosos.
1437 3382 1549 3423 Capite
1581 3383 1673 3413 tertio
1705 3383 1833 3413 scholae
1866 3383 2010 3413 doctores
2040 3387 2194 3411 vocantur
2225 3381 2373 3411 doctores

1303 3427 1470 3464 catholici,
1496 3436 1570 3457 cum
1603 3433 1709 3457 tamen
1741 3427 1884 3467 Aquinas
1917 3436 1971 3456 eos
2010 3425 2166 3465 appellare
2198 3426 2372 3465 magistros

1304 3470 1511 3501 consueverit.
1528 3470 1570 3500 Et
1592 3471 1693 3511 capite
1711 3471 1836 3511 quinto,
1856 3470 1911 3500 ubi
1931 3470 1969 3500 de
1988 3468 2162 3500 intentione
2180 3468 2316 3499 Ministri
2331 3469 2373 3499 ad

1303 3515 1553 3545 consecrandum
1569 3514 1718 3555 requisita
1734 3515 1846 3554 agitur,
1869 3513 2131 3544 scholasticorum
2147 3513 2244 3554 aliqui
2260 3513 2371 3544 dicun-

1303 3566 1354 3589 tur
1381 3559 1526 3590 doctores
1548 3560 1665 3589 summi
1693 3564 1723 3589 et
1750 3560 1905 3596 maximi;
1931 3558 2024 3588 titulo
2054 3557 2164 3598 utique
2197 3557 2283 3588 haud
2310 3557 2371 3598 ipsi

1304 3609 1467 3634 consueto.
1497 3603 1598 3634 Verus
1630 3603 1736 3644 itaque
1770 3603 2011 3643 Opusculorum
2034 3609 2145 3633 auctor
2174 3602 2257 3633 latet.
2283 3602 2372 3632 Haec

1302 3657 1377 3678 vero
1401 3654 1484 3678 saus.
