2788 4204
174 582 222 608 pro
239 576 287 597 osi-

76 604 96 625 tr·
96 583 215 632 mmangfes
227 602 289 624 atio-

75 636 135 652 nera.

76 786 86 794 ²
94 792 138 809 unc
153 794 158 808 ι

75 815 119 835 est.

193 792 275 808 1120833
277 793 290 808 e

79 892 90 902 '¹
98 897 139 913 Ac:
157 892 193 912 est
208 893 292 918 tempo-

74 917 112 940 rie
115 917 242 945 praeteriti
247 921 290 939 etc.

79 1373 159 1394 'nm
174 1372 232 1406 sive.

76 1794 292 1824 unq-auocati.

77 1851 90 1862 '
99 1857 144 1874 nc
152 1851 229 1874 omitt.
238 1858 291 1874 nos.

76 2009 164 2032 ’ωσι
178 2016 201 2037 v,
216 2015 240 2032 n.
254 2016 278 2037 4.

1165 281 1275 317 CAP.

314 359 528 397 manifestat
568 358 776 395 secundam
795 387 803 405 ,
843 358 981 395 scilicet
1022 358 1127 406 quod
1166 358 1377 395 enunciatio

315 412 531 460 simpliciter
564 423 641 447 una
668 412 730 447 vel
760 419 815 447 est
843 411 1070 448 affirmativa
1097 411 1158 448 vel
1187 411 1377 458 negativa3

314 465 381 502 ibi:
409 466 479 501 Est
503 469 628 500 autem
655 464 814 511 simplex
842 464 1051 500 enunciatio
1080 471 1149 500 etc.
1172 464 1282 500 Circa
1305 465 1378 512 pri-

315 530 424 555 mum
445 517 522 554 duo
544 516 646 553 facit:
667 517 805 565 primo,
835 517 1038 565 praemittit
1058 517 1260 565 quaedam,
1282 530 1379 566 quae

316 578 402 608 sunt
429 569 640 606 necessaria
668 569 717 606 ad
744 570 983 618 propositum
1012 570 1378 616 manifestandum*;

316 623 502 670 secundo,
538 622 751 660 manifestat
778 623 1035 671 propositum;
1065 623 1133 659 ibi:
1162 625 1231 659 Est
1255 630 1379 660 autem

316 689 393 714 una
421 676 542 712 oratio
571 683 640 712 etc.

371 731 406 766 8.
436 728 546 765 Circa
573 728 742 776 primum
771 729 847 765 duo
878 728 980 765 facit:
1002 728 1140 777 primo,
1170 728 1257 765 dicit
1276 728 1380 777 quod

317 794 475 820 omnem
510 782 722 818 orationem
760 781 1038 818 enunciativam
1077 789 1226 829 oportet
1248 783 1268 802 *
1292 794 1379 818 con-

318 844 415 873 stare
444 847 490 871 ex
516 836 631 872 verbo
660 835 765 883 quod
795 842 850 871 est
876 834 1083 883 praesentis
1104 834 1298 882 temporis,
1318 836 1380 871 vel

318 902 364 926 ex
383 900 472 925 casu
492 888 600 925 verbi
619 888 724 936 quod
739 895 794 924 est
808 887 1026 936 praeteriti*
1039 888 1101 924 vel
1121 887 1244 924 futuri.
1262 889 1382 924 Tacet

318 950 446 979 autem
476 941 523 978 de
550 942 672 978 verbo
702 941 856 988 infinito,
878 939 966 989 quia
981 940 1163 977 eumdem
1176 953 1291 976 usum
1314 941 1379 976 ha-

319 996 383 1032 bet
409 995 448 1031 in
477 994 740 1031 enunciatione
768 994 864 1030 sicut
885 1001 921 1030 et
938 993 1102 1030 verbum
1122 993 1340 1041 negativum
1355 991 1378 1030 ⁰.

318 1048 534 1085 Manifestat
553 1054 680 1084 autem
701 1046 805 1095 quod
825 1046 967 1083 dixerat
984 1058 1054 1094 per
1073 1047 1162 1092 hoc,
1184 1045 1288 1094 quod
1303 1058 1382 1082 non

318 1102 444 1138 solum
472 1112 616 1137 nomen
643 1112 764 1136 unum
785 1099 865 1135 sine
883 1099 1004 1136 verbo
1033 1111 1112 1135 non
1135 1099 1222 1135 facit
1245 1098 1380 1135 oratio—

318 1166 408 1191 nem
428 1154 635 1201 perfectam
657 1152 947 1198 enunciativam,
964 1151 1032 1187 sed
1046 1163 1118 1188 nec
1132 1151 1245 1187 etiam
1261 1151 1380 1187 oratio

317 1207 548 1254 imperfecta.
578 1205 759 1241 Definitio
789 1205 891 1241 enim
912 1203 1031 1240 oratio
1052 1203 1242 1252 quaedam
1262 1210 1328 1250 est,
1346 1211 1383 1240 et

317 1266 446 1296 tamen
466 1258 496 1295 si
524 1258 573 1295 ad
601 1258 787 1294 rationem
807 1257 984 1303 hominis,
1000 1256 1097 1293 idest
1120 1256 1380 1293 definitionem

318 1324 397 1349 non
417 1311 577 1359 addatur
605 1318 669 1347 aut
689 1317 756 1356 est,
786 1309 891 1358 quod
919 1317 975 1346 est
992 1309 1174 1355 verbum,
1205 1317 1269 1345 aut
1287 1315 1379 1355 erat,

295 1365 490 1413 ..aurstein
520 1376 618 1413 quae
647 1371 733 1400 sunt
752 1375 860 1400 casus
886 1362 1004 1409 verbi,
1034 1369 1098 1398 aut
1117 1363 1137 1382 ⁴⁹
1156 1362 1299 1410 aliquid
1315 1364 1381 1399 hu-

319 1418 498 1463 iusmodi,
534 1417 630 1454 idest
658 1415 812 1464 aliquod
840 1415 942 1452 aliud
973 1415 1137 1452 verbum
1172 1428 1240 1452 seu
1274 1428 1382 1452 casus

318 1470 439 1518 verbi,
468 1470 642 1508 nondum
671 1476 727 1506 est
755 1468 874 1506 oratio
904 1468 1154 1505 enunciativa.

374 1536 410 1571 9.
439 1525 570 1560 Potest
596 1530 724 1559 autem
745 1535 828 1559 esse
843 1521 1043 1558 dubitatio:
1066 1533 1153 1557 cum
1169 1521 1382 1557 enunciatio

320 1584 466 1614 constet
484 1589 530 1614 ex
549 1576 706 1613 nomine
725 1583 762 1612 et
779 1575 913 1622 verbo,
934 1587 1051 1623 quare
1070 1587 1149 1611 non
1167 1574 1254 1610 facit
1276 1587 1382 1610 men-

319 1629 463 1667 tionem
479 1630 527 1667 de
546 1629 714 1675 nomine,
731 1628 825 1665 sicut
844 1628 892 1665 de
910 1626 1094 1664 verbo?-
1113 1627 1175 1664 Ad
1194 1627 1298 1675 quod
1322 1627 1382 1663 tri-

318 1682 463 1731 pliciter
489 1682 711 1731 responderi
738 1688 862 1730 potest
879 1687 898 1718 ⁴.
914 1701 938 1708 -
957 1681 1086 1717 Primo
1106 1680 1273 1729 quidem,
1296 1680 1384 1728 quia

319 1736 423 1772 nulla
450 1736 570 1773 oratio
590 1734 829 1772 enunciativa
852 1733 1041 1771 invenitur
1069 1733 1149 1770 sine
1176 1733 1297 1769 verbo
1320 1734 1382 1770 vel

320 1801 411 1826 casu
436 1789 563 1834 verbi;
592 1788 782 1826 invenitur
816 1794 944 1824 autem
977 1786 1103 1835 aliqua
1120 1786 1141 1807 *
1169 1785 1381 1822 enunciatio

320 1841 400 1879 sine
415 1842 583 1889 nomine,
598 1849 690 1890 puta
705 1853 794 1878 cum
809 1852 880 1877 nos
894 1840 915 1859 ⁹
929 1839 1072 1876 utimur
1085 1838 1279 1875 infinitivis
1298 1851 1382 1875 ver-

319 1895 459 1932 borum
479 1895 564 1931 loco
580 1894 800 1940 nominum3
829 1900 871 1929 ut
890 1904 978 1929 cum
995 1891 1143 1938 dicitur,
1164 1903 1318 1928 currere
1332 1897 1384 1928 est

319 1947 474 1984 moveri.
492 1969 517 1976 -
530 1947 700 1984 Secundo
730 1953 766 1983 et
793 1945 941 1991 melius,
963 1944 1061 1993 quia,
1083 1944 1178 1981 sicut
1196 1957 1311 1993 supra
1331 1944 1384 1981 di-

320 2007 424 2037 ctum
444 2007 500 2037 est
512 2001 544 2048 *,
559 2000 725 2038 verbum
745 2006 801 2036 est
819 2005 910 2035 nota
929 2010 1064 2034 eorum
1080 2010 1178 2046 quae
1199 1997 1246 2034 de
1266 1998 1383 2034 altero

286 2062 291 2068 '
318 2053 595 2101 praedicantur.
625 2052 890 2090 Praedicatum
912 2058 1040 2087 autem
1070 2058 1125 2087 est
1143 2050 1385 2099 principalior

81 2114 91 2124 '
100 2113 136 2137 Cf.
144 2114 196 2136 lect.
206 2116 231 2142 V,
243 2121 267 2137 n.
277 2121 293 2142 4

79 2144 104 2167 in
118 2147 175 2167 uota
193 2141 216 2176 β.

81 2175 92 2186 '¹
101 2181 141 2198 nc:
157 2175 219 2198 unde
229 2178 260 2198 et.

179 2278 195 2295 Ἰ

318 2117 406 2155 pars
427 2105 711 2152 enunciationis,
733 2118 779 2142 eo
801 2104 906 2153 quod
930 2111 985 2141 est
1003 2116 1091 2153 pars
1100 2103 1283 2152 formalis
1301 2104 1320 2124 ²⁸
1348 2111 1384 2140 et

321 2159 550 2208 completiva
560 2158 687 2208 ipsius.
697 2158 808 2196 Unde
820 2158 839 2178 ⁵
850 2164 1009 2194 vocatur
1019 2157 1122 2205 apud
1132 2168 1287 2204 graecos
1297 2169 1384 2205 pro-

319 2212 457 2260 positio
477 2212 703 2262 categorica,
733 2211 830 2248 idest
850 2210 1120 2259 praedicativa.
1151 2209 1384 2246 Denomina-

320 2264 372 2301 tio
401 2273 529 2302 autem
554 2265 597 2302 fit
615 2278 638 2301 a
656 2265 796 2310 forma,
826 2276 924 2312 quae
951 2263 1015 2300 dat
1033 2262 1201 2311 speciem
1223 2262 1276 2299 rei
1290 2268 1314 2299 χ.
1337 2263 1386 2299 Et

319 2317 408 2355 ideo
427 2318 553 2367 potius
579 2315 691 2355 fecit³
718 2316 954 2354 mentionem
988 2316 1035 2352 de
1053 2316 1175 2353 verbo
1204 2322 1385 2364 tanquam

322 2372 370 2410 de
388 2378 494 2420 parte
514 2370 769 2420 principaliori
793 2377 830 2406 et
848 2368 1066 2406 formaliori.
1097 2368 1215 2405 Cuius
1236 2368 1385 2415 signum

374 2516 398 2551 θ)
419 2518 449 2542 1η
468 2517 652 2542 enunciatione
670 2522 718 2542 etc.
737 2517 807 2542 Haec
825 2517 904 2542 verba
923 2517 1062 2542 adiecimus
1083 2517 1177 2541 Pianae
1195 2524 1225 2541 ex
1245 2517 1332 2541 codd.:
1346 2516 1384 2540 vi-

321 2553 414 2578 dentur
427 2553 496 2578 enim
515 2552 638 2585 requisita
652 2560 682 2577 ex
700 2557 835 2582 contextu,
854 2552 898 2584 qui
913 2557 953 2576 est
971 2552 1003 2576 de
1027 2552 1161 2577 elementis
1181 2552 1331 2576 necessariis
1351 2552 1382 2576 ad

280 2586 283 2588 ’
321 2588 535 2613 enunciationem.
554 2588 609 2612 Imo
632 2595 654 2612 s.
668 2587 785 2612 Thomas
804 2587 861 2612 lect.
880 2595 903 2617 1,
923 2595 947 2612 n.
965 2586 993 2617 5,
1017 2587 1060 2611 lib.
1075 2587 1095 2611 11
1121 2587 1253 2619 distinguit
1275 2587 1383 2611 verbum

320 2622 446 2648 infinitum
472 2628 541 2648 extra
564 2622 768 2648 enunciationem
788 2627 813 2647 et
831 2622 857 2646 in
876 2622 1068 2651 enunciatione,
1093 2627 1118 2647 et
1137 2627 1214 2655 prout
1237 2622 1340 2655 ponitur
1358 2621 1384 2646 in

321 2658 499 2684 enunciatione
514 2658 587 2683 dicit:
602 2658 714 2683 Verbum
730 2657 861 2690 infinitum
873 2658 899 2682 in
910 2657 1095 2682 enunciatione
1103 2658 1222 2690 positum
1230 2658 1267 2690 fit
1277 2657 1384 2682 verbum

321 2694 482 2727 negativum.
502 2693 561 2723 Quo
580 2698 665 2718 autem
682 2698 757 2725 pacto
775 2693 884 2718 verbum
903 2693 1037 2725 infinitum
1052 2693 1077 2717 in
1097 2693 1275 2718 enunciatione
1293 2692 1386 2717 habeat

321 2729 443 2754 eumdem
461 2736 569 2753 sensum
592 2736 621 2753 ac
638 2728 747 2752 verbum
767 2728 928 2761 negativum,
949 2728 1056 2760 explicat
1074 2728 1108 2752 ib.
1123 2728 1271 2760 Angelicus.
1285 2742 1305 2747 -
1319 2727 1386 2752 Infra

319 2772 383 2789 vero
402 2764 477 2788 codd.
495 2764 562 2788 ΑΒΕ
581 2764 685 2795 legunt:
705 2763 894 2797 manifestat...
914 2771 965 2788 non
984 2764 1068 2788 solum
1089 2764 1194 2789 unicum
1218 2771 1311 2788 nomen
1329 2763 1386 2788 sine

322 2799 400 2825 verbo
409 2799 481 2832 facit
494 2799 713 2828 enunciationem,
728 2799 775 2824 sed
789 2806 836 2824 nec
850 2803 897 2823 etc.
909 2798 986 2823 Facit
1000 2803 1040 2824 est
1053 2806 1125 2823 error
1134 2799 1210 2831 plane
1220 2798 1385 2828 manifestus3

322 2835 370 2859 sed
384 2834 490 2859 unicum
505 2841 607 2862 nomen,
619 2834 690 2866 quod
704 2834 780 2858 etiam
794 2833 889 2858 habent
904 2834 949 2858 DE
963 2833 1032 2858 haud
1047 2833 1108 2858 mihi
1120 2834 1248 2867 displicet3
1262 2834 1386 2859 enuncia-

323 2869 420 2894 tionem
443 2869 555 2901 denique
578 2868 640 2893 mihi
658 2869 759 2894 videtur
778 2876 837 2894 esse
856 2869 931 2894 lectio
950 2869 1128 2902 praeferenda:
1147 2869 1298 2894 enunciatio
1317 2869 1386 2894 enim

323 2909 363 2929 est
376 2904 458 2928 oratio
471 2904 596 2937 perfecta,
611 2908 641 2928 ut
654 2903 750 2928 dictum
765 2909 805 2928 est
819 2905 876 2929 lect.
891 2904 1008 2937 praeced.
1023 2912 1049 2928 n.
1063 2912 1092 2936 4:
1107 2904 1196 2929 inutile
1210 2912 1272 2936 ergo
1286 2904 1387 2929 videtur

322 2944 352 2964 ut
370 2938 519 2971 designetur
537 2946 583 2971 per
601 2939 748 2964 orationem
762 2939 910 2973 perfectam
929 2939 1240 2964 mundativam—Noto
1259 2940 1335 2964 etiam
1350 2940 1386 2964 le-

323 2973 435 2998 ctionem
454 2974 528 2998 codd.
541 2974 646 2998 ABDE:
666 2974 784 3007 definitio
802 2974 906 3003 enim...,
926 2978 953 2999 et
968 2977 1056 2999 tamen
1071 2974 1095 2999 si
1113 2975 1219 3004 rationi,
1235 2975 1303 3000 idest
1323 2975 1386 3009 defi-

323 3008 420 3034 nitioni
437 3008 551 3033 hominis
576 3006 609 3042 (A
627 3009 722 3033 omittit
740 3008 862 3044 hominis)
889 3017 940 3034 non
964 3009 1085 3034 addatur
1109 3015 1156 3035 etc.
1175 3010 1208 3034 Et
1230 3009 1293 3034 haec
1311 3011 1386 3035 lectio

322 3044 424 3068 videtur
442 3043 533 3068 melior
550 3044 636 3074 Piana,
656 3051 716 3068 cum
735 3052 787 3076 qua
806 3044 960 3070 conveniunt
979 3045 1037 3069 edd.
1055 3044 1146 3070 Venet.
1167 3050 1192 3070 et
1211 3046 1267 3070 cod.
1286 3045 1315 3069 C.

378 3077 396 3112 ι)
416 3078 461 3103 Ad
474 3078 545 3110 quod
564 3078 704 3110 tripliciter
718 3079 873 3111 responderi
886 3082 984 3112 potest.
1003 3079 1095 3105 &imo
1115 3081 1228 3113 quidem,
1248 3080 1319 3113 quia,
1339 3085 1386 3105 etc.

324 3114 395 3138 Haec
412 3113 488 3138 lectio
507 3114 581 3138 codd.
596 3113 720 3138 indicatur
738 3122 752 3139 a
771 3119 898 3146 contextu,
917 3120 942 3140 et
965 3115 1041 3140 etiam
1060 3116 1146 3148 quoad
1165 3115 1277 3140 formam
1296 3116 1387 3140 melior

324 3154 363 3173 est
382 3148 472 3173 Piana:
491 3148 529 3172 ad
546 3148 595 3173 hoc
607 3148 773 3180 tripliciter...
797 3149 854 3174 Uno
873 3149 951 3175 modo
970 3150 1033 3182 quia
1052 3155 1099 3175 etc.

377 3182 403 3217 κ)
419 3183 607 3208 Denominatio
620 3187 709 3208 autem
716 3184 754 3216 fit
767 3191 784 3208 a
792 3185 894 3218 forma,
909 3191 976 3217 quae
991 3185 1039 3210 dat
1051 3185 1162 3217 speciem
1177 3185 1224 3210 rei.
1241 3186 1328 3210 Homo
1343 3186 1387 3210 de-

324 3219 472 3243 nominatur
491 3218 584 3243 doctus
602 3226 617 3243 a
636 3218 757 3250 doctn'na‚
772 3227 824 3251 qua
844 3220 869 3244 in
884 3220 981 3252 specie,
1000 3225 1029 3244 ut
1047 3220 1081 3245 ita
1100 3221 1190 3250 dicam,
1206 3221 1277 3246 docti
1292 3221 1387 3253 consti-

323 3254 411 3279 tuitur.
430 3254 468 3278 Ex
486 3261 540 3285 quo
564 3257 633 3285 patet
657 3253 753 3286 aliquid
777 3254 935 3280 denominari
954 3255 985 3280 ab
1005 3263 1049 3286 ee,
1070 3263 1085 3280 a
1103 3263 1156 3288 quo
1175 3256 1201 3280 in
1221 3256 1388 3280 determinato

324 3296 379 3314 esse
392 3289 434 3313 vel
449 3288 528 3313 modo
547 3288 651 3313 essendi
669 3289 845 3320 constituitur;
860 3290 923 3314 illud
943 3295 1028 3315 autern
1042 3298 1057 3315 a
1071 3298 1125 3322 quo
1144 3291 1240 3323 aliquid
1255 3291 1387 3315 constitui-

323 3329 366 3348 tur
385 3328 410 3349 et
428 3323 615 3354 denominatur,
634 3324 768 3348 consuevit
786 3325 854 3356 apud
873 3324 1044 3350 Scholasticos
1063 3326 1185 3358 appellari
1197 3326 1291 3359 forma
1297 3333 1307 3354 ‚·
1324 3326 1388 3349 illud

323 3367 386 3384 vero
405 3359 476 3391 quod
496 3359 658 3383 constituitur
677 3363 702 3383 et
726 3359 906 3384 denominatur
923 3367 938 3384 a
956 3359 1052 3390 forma,
1077 3361 1221 3393 appellatur
1244 3360 1388 3385 subiectum

325 3399 351 3419 et
369 3394 527 3427 quandoque
546 3394 621 3419 etiam
646 3393 728 3418 latiori
751 3401 830 3418 sensu
855 3394 946 3419 dicitur
968 3395 1095 3426 materia,
1119 3395 1179 3427 quia
1202 3395 1323 3419 materiae
1348 3400 1388 3420 est

324 3429 459 3462 proprium
476 3434 505 3453 ut
523 3437 570 3462 per
587 3428 697 3453 formam
716 3429 900 3454 determinetur
919 3433 944 3454 et
962 3429 1129 3454 constituatur
1151 3430 1178 3454 in
1196 3430 1282 3462 aliqua
1299 3437 1387 3454 rerum

325 3465 419 3497 specie.
438 3465 471 3488 Et
489 3464 548 3488 hinc
567 3464 644 3489 etiam
663 3468 702 3488 est
721 3464 799 3496 quod,
813 3464 873 3496 quia
886 3471 970 3497 genus
988 3469 1028 3489 est
1043 3464 1104 3496 quid
1119 3465 1319 3495 determinabile‚
1340 3465 1386 3489 dif-

324 3500 431 3525 ferentia
444 3507 506 3524 vero
521 3499 662 3531 concipitur
675 3504 704 3523 ut
717 3499 779 3531 quid
794 3499 967 3524 determinans
982 3497 1064 3533 (sicut
1075 3499 1175 3524 animal
1191 3504 1231 3524 est
1244 3507 1327 3531 genus
1343 3500 1386 3524 de-

323 3535 485 3560 terminabile
499 3535 531 3559 ad
545 3534 678 3559 hominem
693 3539 719 3559 et
727 3534 841 3564 brutum,
857 3534 988 3559 rationale
997 3538 1083 3558 autem
1093 3539 1133 3558 est
1144 3534 1285 3559 differentia
1304 3535 1386 3559 deter÷

325 3570 427 3595 minans
446 3570 540 3594 animal
560 3570 591 3594 ad
610 3577 668 3594 esse
687 3567 824 3603 hominis),
844 3568 909 3593 infra
927 3577 952 3593 n.
967 3577 1022 3601 seq.
1042 3569 1132 3593 dicitur
1150 3570 1220 3602 quod
1240 3577 1254 3593 a
1273 3570 1385 3600 materia,

325 3605 432 3638 physice
442 3605 582 3638 loquendo,
597 3605 708 3629 sumitur
716 3611 807 3638 genus,
818 3612 832 3629 a
842 3604 924 3629 forma
933 3612 996 3629 vero
1010 3603 1151 3629 differentia
1165 3604 1287 3637 (Metaph.
1299 3604 1342 3629 lib.
1353 3605 1385 3636 X,

1305 282 1356 328 v,
1387 281 1537 318 LECT.
1567 281 1652 317 v111

1679 69 1749 89 ,siz-*t
1852 73 1903 87 με.

2443 286 2490 333 37

1434 367 1499 406 est,
1521 360 1608 408 quia
1637 360 1848 397 enunciatio
1878 360 2086 408 categorica
2115 361 2247 398 dicitur
2267 362 2493 400 affirmativa

1433 413 1495 448 vel
1519 413 1693 460 negativa
1713 414 1837 450 solum
1857 413 2000 450 ratione
2020 413 2139 461 verbi,
2161 414 2265 462 quod
2285 415 2492 452 affirmatur

1433 466 1495 501 vel
1515 473 1685 512 negatur;
1716 466 1810 502 sicut
1829 466 1941 502 etiam
1962 466 2228 503 conditionalis
2242 467 2375 503 dicitur
2393 468 2491 504 affir-

1435 518 1576 555 mativa
1590 519 1652 556 vel
1672 519 1856 566 negativa,
1871 531 1915 555 eo
1926 520 1946 540 ’¹‘
1961 519 2065 568 quod
2080 520 2289 556 affirmatur
2303 521 2364 556 vel
2380 532 2491 567 nega-

1435 578 1494 606 tur
1512 572 1720 608 coniunctio
1745 584 1767 608 a
1788 584 1862 621 qua
1882 571 2194 609 denominatur.—
2214 573 2348 618 Tertio,
2368 580 2493 621 potest

1436 623 1519 670 dici,
1537 631 1573 660 et
1587 624 1711 661 adhuc
1730 625 1877 671 melius,
1894 625 1998 673 quod
2014 638 2092 662 non
2114 633 2192 662 erat
2204 625 2392 662 *intentio
2409 625 2491 661 Ari-

1435 676 1575 713 stotelis
1591 678 1788 714 ostendere
1804 678 1908 726 quod
1923 690 2065 714 nomen
2074 679 2137 715 vel
2147 678 2311 715 verbum
2326 691 2404 714 non
2419 678 2493 714 suf-

1435 729 1563 766 ficiant
1581 729 1630 766 ad
1650 731 1954 768 enunciationem
1983 731 2271 779 complendam:
2297 732 2371 767 hoc
2390 731 2492 767 enim

1436 794 1550 830 supra
1569 782 1820 820 manifestavit
1839 790 1916 819 tam
1932 783 1979 820 de
1995 784 2149 820 nomine
2165 796 2281 832 quam
2297 784 2344 820 de
2358 784 2491 820 verbo.

1437 834 1514 871 Sed
1542 834 1631 883 quia
1663 836 1805 872 dixerat
1837 837 1942 883 quod
1958 835 2164 884 quaedam
2193 837 2404 873 enunciatio
2439 844 2494 873 est

1435 899 1512 923 una
1526 887 1752 935 simpliciter,
1769 889 1959 936 quaedam
1979 896 2105 925 autem
2122 889 2384 926 coniunctione
2399 901 2492 936 una;

1435 947 1565 987 posset
1584 940 1716 988 aliquis
1744 941 1947 988 intelligere
1966 941 1986 962 '¹‘
2006 942 2110 989 quod
2137 942 2198 978 illa
2217 955 2315 990 quae
2344 950 2399 979 est
2416 954 2493 978 una

1436 992 1653 1040 simpliciter
1681 1001 1824 1029 careret
1851 993 1957 1029 omni
1986 994 2281 1042 compositione:
2318 995 2385 1031 sed
2412 994 2493 1043 ipse

1435 1045 1510 1081 hoc
1529 1045 1691 1081 excludit
1716 1057 1785 1093 per
1804 1046 1889 1091 hoc,
1911 1047 2015 1094 quod
2043 1047 2081 1083 in
2102 1047 2206 1083 omni
2231 1047 2492 1084 enunciatione

1437 1104 1586 1144 oportet
1613 1109 1696 1134 esse
1710 1099 1872 1134 verbum
1884 1099 1915 1140 ³¹⁶,
1937 1099 2040 1146 quod
2060 1099 2237 1148 importat
2252 1100 2492 1148 compositio-

1435 1162 1546 1196 nem,
1575 1162 1691 1198 quam
1719 1162 1797 1187 non
1826 1159 1881 1187 est
1908 1151 2111 1199 intelligere
2145 1153 2223 1189 sine
2253 1154 2491 1201 compositis,

1436 1202 1531 1238 sicut
1558 1215 1672 1250 supra
1701 1202 1842 1240 dictum
1872 1211 1927 1240 est
1945 1205 1976 1240 ’ἃ
1998 1205 2154 1241 Nomen
2174 1212 2300 1242 autem
2329 1218 2406 1242 non
2425 1207 2493 1243 im-

1435 1260 1560 1302 portat
1588 1255 1926 1303 compositionem,
1957 1264 1993 1293 et
2020 1257 2106 1293 ideo
2135 1270 2213 1294 non
2247 1258 2357 1305 exigit
2387 1272 2494 1308 prae-

1437 1320 1523 1344 sens
1550 1307 1705 1344 intentio
1740 1316 1781 1345 ut
1810 1309 1857 1346 de
1886 1309 2041 1346 nomine
2075 1311 2212 1347 faceret
2239 1311 2493 1359 mentionem,

1437 1361 1505 1398 sed
1533 1362 1657 1398 solum
1687 1361 1734 1398 de
1762 1363 1894 1399 verbo.

1497 1427 1553 1451 10.
1576 1415 1772 1462 Secund03
1794 1415 1865 1452 ibi:
1895 1416 2021 1456 Quare
2047 1421 2171 1452 autem
2198 1424 2279 1462 etc.‚
2302 1417 2497 1454 ostendit*

1438 1467 1539 1504 aliud
1567 1466 1672 1516 quod
1700 1476 1755 1504 est·
1789 1468 2044 1505 necessarium
2079 1469 2127 1506 ad
2155 1469 2496 1507 manifestationem

1436 1520 1637 1568 propositi,
1671 1520 1809 1558 scilicet
1843 1521 1948 1570 quod
1976 1522 2050 1558 hoc
2084 1522 2189 1570 quod
2222 1522 2324 1569 dico,
2356 1524 2500 1560 animal

1436 1573 1630 1623 gressibile
1657 1574 1768 1621 bipes,
1799 1587 1896 1622 quae
1917 1575 1936 1593 ⁴*
1957 1582 2012 1611 est
2045 1574 2212 1611 definitio
2241 1576 2418 1623 hominis,
2444 1585 2499 1614 est

1438 1639 1558 1664 unum
1579 1634 1615 1663 et
1634 1639 1711 1663 non
1731 1628 1859 1663 multa.
1882 1628 1931 1663 Et
1951 1627 2086 1664 eadem
2108 1628 2201 1664 ratio
2222 1636 2278 1664 est
2303 1628 2350 1665 de
2376 1630 2497 1666 omni-

1438 1680 1509 1716 bus
1525 1679 1604 1716 aliis
1619 1679 1900 1717 definitionibus
1914 1686 1943 1716 μ.
1962 1681 2039 1718 Sed
2051 1680 2298 1718 *huiusmodi
2313 1682 2497 1719 rationem

1438 1733 1627 1780 assignare
1647 1732 1734 1769 dicit
1753 1745 1836 1769 esse
1854 1733 2006 1769 alterius
2025 1734 2181 1783 negocii.
2203 1735 2369 1772 Pertinet
2394 1735 2495 1772 enim

1439 1786 1487 1822 ad
1498 1785 1818 1834 metaphysicum;
1828 1787 1930 1823 unde
1942 1787 1961 1805 *
1972 1786 2010 1822 in
2019 1787 2088 1823 VII
2105 1794 2141 1823 et
2150 1787 2188 1823 in
2197 1787 2284 1823 VIII
2294 1789 2496 1836 Metaphy-

1437 1839 1537 1875 sicae
1545 1839 1566 1859 *
1577 1838 1669 1875 ratio
1680 1838 1791 1875 huius
1807 1838 2024 1886 assignatur:
2041 1839 2129 1888 quia
2140 1839 2278 1877 scilicet
2289 1841 2498 1878 differentia

1439 1891 1593 1928 advenit
1602 1891 1729 1939 generi
1745 1904 1822 1928 non
1831 1903 1904 1939 per
1917 1892 2087 1929 accidens
2102 1893 2168 1929 sed
2173 1904 2246 1940 per
2253 1906 2303 1940 se,
2315 1902 2497 1943 tanquam

1439 1944 1726 1981 determinativa
1745 1944 1872 1993 ipsius,
1892 1957 1961 1993 per
1980 1945 2141 1982 modum
2161 1958 2237 1994 quo
2257 1947 2414 1984 materia
2434 1946 2497 1984 de-

1439 1998 1659 2034 terminatur
1686 2010 1755 2046 per
1783 1998 1958 2034 formam.
1989 1999 2092 2035 Nam
2112 2011 2134 2035 a
2154 2000 2310 2036 materia
2338 1999 2498 2037 sumitur

1438 2063 1569 2098 genus,
1591 2063 1613 2087 a
1633 2051 1756 2087 forma
1775 2058 1902 2087 autem
1927 2050 2136 2087 differentia
2155 2058 2177 2088 ”.
2199 2052 2309 2089 Unde
2339 2053 2433 2089 sicut
2452 2065 2498 2089 ex

1438 2104 1562 2140 forma
1591 2111 1627 2140 et
1663 2103 1820 2140 materia
1847 2104 1890 2140 fit
1922 2115 2013 2140 vere
2040 2116 2161 2140 unum
2190 2112 2226 2141 et
2253 2118 2331 2142 non
2359 2106 2496 2154 multa,

1439 2156 1489 2193 ita
1505 2157 1525 2178 '¹‘
1553 2169 1598 2193 ex
1626 2169 1764 2204 genere
1793 2164 1829 2194 et
1858 2156 2077 2194 differentia.

1499 2222 1511 2245 1
1526 2221 1555 2246 1.
1578 2209 1752 2246 Excludit
1770 2217 1897 2246 autem
1918 2209 2125 2258 quamdam
2147 2209 2331 2247 rationem
2349 2211 2368 2232 *
2385 2211 2496 2248 huius

1438 2262 1600 2309 unitatis,
1636 2275 1751 2311 quam
1785 2262 1868 2311 quis
1900 2270 2028 2310 posset
2060 2263 2250 2311 suspicari,
2288 2271 2330 2300 ut
2361 2263 2499 2300 scilicet

1438 2322 1594 2364 propter
1620 2316 1695 2351 hoc
1715 2315 1882 2352 definitio
1898 2312 1911 2338 ε
1927 2315 2070 2352 dicatur
2096 2328 2232 2363 unum,
2263 2317 2351 2364 quia
2373 2324 2498 2365 partes

1441 2368 1521 2404 eius
1540 2376 1627 2404 sunt
1641 2368 1889 2417 propinquae,
1904 2368 2000 2405 idest
2015 2368 2094 2405 sine
2110 2369 2257 2418 aliqua
2249 2369 2497 2418 1nterpositio-

1439 2517 1496 2541 lect.
1514 2525 1556 2542 x11.
1565 2517 1633 2542 -Cf.
1649 2516 1683 2541 ib.
1698 2518 1756 2542 lect.
1769 2525 1785 2542 x
1798 2522 1824 2542 et
1836 2517 1914 2549 xl).—
1928 2517 2010 2542 Codd.
2029 2518 2132 2542 ACDE:
2153 2518 2331 2544 denominatio
2346 2519 2415 2544 enim
2426 2521 2464 2553 fit
2482 2528 2499 2545 a

1431 2552 1533 2585 forma,
1553 2559 1620 2584 quae
1639 2552 1687 2577 dat
1705 2552 1815 2584 speciem
1835 2552 1882 2577 rei.
1897 2553 1975 2582 Qua'
1969 2561 1994 2577 in
2010 2553 2131 2584 lectione,
2155 2553 2177 2577 si
2197 2554 2340 2586 adoptetur,
2355 2555 2500 2587 assignatur

1438 2587 1501 2612 ratio
1516 2595 1561 2612 cur
1573 2587 1715 2620 propositio
1729 2595 1820 2620 graece
1839 2588 2017 2612 denominetur
2035 2588 2175 2620 categorica
2194 2594 2219 2612 et
2233 2589 2309 2613 latine
2323 2591 2499 2621 praedicativa.

1490 2621 1518 2656 λ)
1539 2623 1575 2647 Et
1594 2622 1653 2647 ideo
1666 2623 1758 2654 potius
1770 2623 1846 2656 fecit.
1864 2623 2005 2647 Adiicimus
2024 2624 2115 2654 potius
2134 2631 2164 2648 ex
2183 2624 2256 2648 codd.
2270 2625 2373 2655 ABCD;
2393 2631 2418 2650 et
2436 2626 2500 2650 infra

1439 2666 1498 2682 cum
1518 2658 1581 2682 eisd.
1595 2658 1652 2682 etE
1666 2658 1783 2689 legimus:
1799 2662 1880 2690 parte
1896 2658 2084 2690 principaliori
2101 2662 2127 2683 et
2142 2659 2304 2692 formaliori,
2324 2660 2380 2684 loco
2398 2661 2498 2691 Pianae,

1434 2693 1622 2725 principaliori
1639 2696 1665 2718 et
1677 2693 1846 2727 formaliori5
1865 2698 1889 2718 et
1908 2692 1940 2726 (E
1954 2693 2031 2718 habet
2046 2693 2186 2727 lacunam):
2210 2695 2334 2727 negativa
2352 2696 2435 2720 solum
2455 2703 2499 2720 ra-

1439 2729 1510 2753 tione
1529 2729 1586 2753 loco
1600 2728 1726 2762 negativa
1740 2729 1843 2753 ratione
1847 2736 1856 2758 ;
1870 2734 1896 2753 et
1909 2737 1967 2753 cum
1982 2729 2026 2753 AC
2041 2728 2072 2761 (B
2087 2730 2204 2753 lacunam
2219 2728 2318 2764 habet):
2332 2731 2400 2755 sicut
2418 2731 2498 2756 etiam

1439 2763 1631 2792 conditionalis,
1651 2764 1716 2795 loco,
1735 2764 1804 2789 sicut
1821 2764 2007 2789 conditionalis
2027 2761 2071 2797 (D:
2090 2764 2128 2789 sic
2146 2767 2172 2789 et
2189 2765 2393 2799 conditionalis).

1493 2798 1521 2833 μ)
1537 2799 1578 2824 De
1597 2799 1716 2824 omnibus
1730 2799 1789 2824 aliis
1808 2799 2009 2832 definitionibus.
2024 2798 2070 2824 Est
2088 2799 2161 2823 lectio
2180 2800 2236 2824 cod.
2251 2800 2400 2825 D.—Codd.
2419 2801 2498 2825 ABC:

1440 2834 1472 2859 de
1492 2835 1620 2859 universis
1638 2834 1698 2859 aliis
1718 2834 1990 2867 definitionibus.—E:
2011 2834 2043 2859 de
2065 2834 2175 2859 diversis
2187 2834 2248 2859 aliis
2269 2835 2499 2867 definitionibus.—

1438 2870 1506 2895 Aliis
1525 2877 1586 2902 ergo
1605 2870 1710 2894 traditur
1724 2870 1755 2894 ab
1770 2870 1867 2894 omnib.
1883 2870 1956 2894 codd.
1967 2884 1985 2888 —
1995 2870 2086 2894 Piana:
2107 2870 2139 2894 de
2162 2870 2281 2894 omnibus
2295 2870 2498 2903 definitionibus.

1493 2903 1516 2938 ν)
1527 2906 1550 2929 Α
1564 2905 1676 2930 materia
1689 2905 1804 2930 sumitur
1816 2912 1899 2938 genus
1913 2909 1959 2929 etc.
1973 2905 2038 2929 Vide
2051 2913 2117 2937 quae
2130 2913 2215 2937 supra,
2227 2910 2287 2929 nota
2297 2913 2311 2929 κ
2326 2905 2391 2930 dicta
2401 2910 2468 2930 sunt.
2478 2920 2499 2924 -

1440 2941 1490 2965 Sed
1509 2940 1550 2964 hic
1569 2941 1714 2965 addendum
1733 2945 1772 2965 est
1791 2941 1862 2972 quod
1881 2940 1998 2972 quamvis
2011 2948 2093 2971 genus
2106 2945 2243 2964 sumatura
2253 2940 2366 2971 materia,
2381 2940 2406 2964 in
2419 2948 2497 2965 sensu

1440 2983 1518 3009 supra
1537 2975 1668 3016 explicate,
1687 2975 1740 3000 imo
1760 2975 1878 3008 quamvis
1898 2975 2025 3007 contingat
2042 2975 2178 3007 aliquando
2197 2975 2292 3007 aliquid
2307 2983 2364 2999 esse
2377 2980 2402 2999 et
2415 2983 2498 3007 genus

1441 3016 1466 3036 et
1490 3011 1622 3035 materiam
1647 3010 1752 3035 alicuius
1778 3009 1860 3043 (sicut
1878 3018 1941 3041 vox,
1967 3018 1989 3035 e.
2007 3018 2046 3042 g.,
2069 3015 2107 3035 est
2128 3018 2209 3042 genus
2231 3015 2257 3034 et
2278 3010 2383 3034 materia
2401 3010 2497 3035 littera-

1440 3045 1513 3080 rum)
1533 3054 1586 3070 non
1604 3051 1690 3070 tamen
1708 3051 1847 3078 utrumque
1866 3051 1905 3070 est
1928 3046 2019 3070 eodem
2044 3045 2122 3069 modo
2143 3050 2283 3078 acceptum.
2307 3045 2409 3070 Materia
2428 3045 2497 3070 enirn

1441 3086 1480 3106 est
1500 3089 1560 3114 pars
1584 3081 1713 3113 integralis
1732 3081 1782 3111 rei,
1802 3086 1827 3105 et
1845 3080 1902 3105 ideo
1926 3088 1977 3104 non
2000 3085 2084 3113 potest
2102 3080 2238 3112 praedicari
2258 3088 2304 3104 seu
2323 3079 2442 3106 affirmari
2465 3081 2498 3106 de

1440 3121 1502 3147 toto,
1517 3116 1587 3140 cuius
1607 3124 1672 3157 pars·
1685 3115 1813 3148 integralis
1833 3120 1883 3140 est:
1898 3123 1949 3140 non
1963 3116 2031 3140 enim
2051 3115 2097 3139 dici
2111 3120 2196 3148 potest
2207 3116 2279 3147 quod
2291 3115 2371 3140 homo
2384 3115 2416 3140 sit
2429 3124 2496 3146 care,

1440 3152 1482 3176 vel
1503 3159 1548 3181 os,
1569 3151 1687 3183 quamvis
1706 3159 1765 3175 caro
1785 3156 1809 3175 et
1827 3158 1856 3175 os
1875 3151 1925 3175 sint
1943 3150 2047 3175 materia
2066 3154 2091 3174 et
2113 3155 2197 3183 partes
2221 3150 2356 3182 integrales
2376 3150 2497 3175 hominis.

1441 3187 1474 3210 At
1487 3193 1517 3210 ex
1535 3186 1655 3218 opposito
1672 3193 1753 3218 genus
1772 3193 1832 3210 vere
1847 3186 2005 3218 praedicatur
2018 3186 2049 3210 de
2064 3190 2129 3210 toto:
2148 3193 2208 3210 vere
2225 3185 2292 3210 enim
2307 3186 2414 3210 dicimus
2427 3186 2498 3218 quod

1441 3221 1521 3245 homo
1543 3221 1575 3245 sit
1593 3221 1695 3246 animal.
1724 3221 1918 3253 Consequenter
1941 3228 2022 3252 genus
2047 3219 2169 3252 significat
2191 3220 2276 3253 aliquo
2299 3221 2377 3245 modo
2395 3226 2495 3251 totum,

1442 3256 1511 3288 quod
1535 3260 1574 3280 est
1592 3256 1691 3288 species
1705 3269 1723 3274 —
1739 3255 1824 3288 (Conf.
1843 3263 1864 3281 s.
1874 3255 1924 3280 Th.
1937 3256 1981 3280 VII
1999 3255 2188 3289 Metaphysic„
2211 3256 2268 3280 lect.
2285 3263 2320 3280 x11
2339 3260 2364 3280 et
2382 3256 2430 3280 loc.
2446 3256 2497 3280 citt.

1441 3295 1501 3315 nota
1519 3290 1554 3323 κ).

1495 3324 1518 3359 ξ)
1542 3325 1576 3350 Ut
1593 3325 1690 3351 scilicet
1707 3329 1820 3357 propter
1838 3325 1886 3350 hoc
1905 3325 2022 3358 definitio
2041 3330 2088 3350 etc.
2111 3325 2251 3349 Adiicimus
2270 3328 2384 3357 propter
2401 3324 2450 3350 hoc
2468 3332 2499 3350 ex

1441 3361 1529 3385 codd.:
1545 3360 1652 3385 causalis
1667 3360 1736 3384 enim
1751 3361 1792 3384 illa
1806 3360 2011 3392 perspicuitatem
2026 3360 2125 3385 confert
2143 3360 2290 3390 sententiae,
2305 3365 2330 3384 et
2343 3360 2425 3392 magis
2440 3368 2497 3384 eam

1441 3395 1568 3420 connectit
1579 3395 1609 3419 iis
1624 3403 1691 3427 quae
1710 3400 1860 3427 sequuntur,
1876 3403 1969 3427 nempe
1981 3395 2044 3427 quia
2051 3398 2145 3427 partes
2158 3395 2213 3419 eius
2226 3398 2295 3424 sunt,
2309 3402 2355 3419 seu
2373 3399 2402 3419 ut
2420 3395 2497 3419 iidem

1441 3431 1514 3455 codd.
1541 3430 1648 3459 habent,
1675 3430 1737 3462 quia
1757 3433 1852 3462 partes
1877 3430 1933 3454 eius
1961 3430 2085 3455 dicuntur
2104 3430 2350 3462 propinquae—At
2374 3430 2500 3455 dicuntur

1440 3465 1531 3489 melius
1543 3470 1624 3495 sonat,
1635 3465 1656 3489 si
1666 3473 1743 3497 supra
1757 3473 1816 3489 cum
1829 3464 1918 3489 ACDE
1929 3465 2038 3496 legatur:
2052 3465 2170 3497 definitio
2181 3465 2216 3489 sit
2232 3473 2320 3494 unum,
2331 3465 2394 3497 quia
2402 3468 2498 3497 partes

1439 3500 1494 3524 eius
1514 3500 1639 3525 dicuntur
1657 3499 1824 3532 propinquae
1845 3499 2042 3532 (propinqueP).
2061 3500 2094 3529 Et
2112 3507 2200 3524 revera
2223 3500 2259 3524 sic
2283 3500 2420 3532 legendum
2439 3507 2498 3524 esse

1439 3535 1549 3559 videtur:
1565 3542 1624 3559 nam
1639 3534 1724 3559 statim
1740 3534 1900 3566 subiungitur
1914 3535 1983 3567 quod
1998 3539 2081 3567 partes
2096 3533 2248 3559 definitionis
2268 3535 2362 3559 debent
2380 3534 2428 3559 dici
2442 3535 2499 3559 sine

1440 3569 1524 3602 aliqua
1549 3570 1746 3601 interpositione
1767 3569 1956 3594 coniunctionis
1980 3570 2020 3594 vel
2034 3570 2269 3594 morata—Omnes
2297 3570 2373 3595 etiam
2396 3570 2498 3594 codices

1439 3605 1528 3637 legunt
1546 3604 1704 3630 immediate:
1723 3608 1749 3630 et
1767 3604 1870 3637 quidem
1890 3612 1940 3630 non
1961 3605 2118 3637 interruptio
2137 3605 2307 3637 prolationis.

2519 532 2528 541 '¹
2536 538 2584 553 aaz:
2591 538 2620 553 ex
2626 538 2653 554 eo
2658 534 2728 560 quod.

2519 642 2528 650 '¹
2539 646 2566 661 ac
2580 648 2585 662 z
2609 647 2654 662 non
2675 643 2729 663 erat

2520 667 2563 688 hic.
2571 674 2611 688 -A:
2627 667 2692 688 haec.

2520 954 2629 1003 ;eCodd.-
2637 962 2666 976 κ
2675 955 2734 976 dice-

2520 1115 2529 1123 ·
2538 1121 2564 1161 At:
2575 1119 2628 1136 esse
2639 1115 2731 1136 verbum

2520 1146 2546 1162 es
2558 1156 2563 1161 .

2521 1219 2604 1241 'Lecn
2618 1226 2640 1246 v,
2656 1226 2678 1241 n.
2694 1225 2722 1241 21.

2550 1431 2660 1453 ‘Codda
2674 1438 2733 1459 pro-

2520 1458 2596 1485 ponit.

2525 1590 2534 1597 ¹
2543 1595 2571 1610 a:
2587 1589 2655 1616 quod.

2525 1725 2534 1733 '¹
2546 1699 2641 1745 Coddff
2651 1730 2679 1745 rm:
2691 1726 2720 1745 et.

2524 1804 2533 1813 '¹
2542 1808 2607 1824 ACDE.
2618 1815 2629 1819 -
2636 1809 2665 1824 ia:
2676 1804 2708 1823 ut.

2525 1851 2533 1860 ·
2545 1851 2676 1872 Comment.
2686 1857 2735 1873 san-

2525 1877 2554 1898 cti
2562 1877 2606 1899 Th.
2615 1878 2702 1898 lectam
2713 1882 2736 1899 et

2524 1904 2575 1925 lect.
2584 1910 2606 1924 v.
2613 1916 2623 1919 -
2630 1904 2673 1925 Ed.
2682 1904 2735 1925 Did.

2524 1930 2564 1951 lib.
2575 1930 2614 1955 Vl.
2626 1936 2646 1951 c.
2659 1936 2702 1956 ιιι,
2713 1934 2735 1951 et

2524 1956 2564 1978 lib.
2573 1956 2623 1983 vu,
2632 1962 2652 1978 c.
2659 1963 2688 1978 vt.

2622 2067 2635 2083 V

2525 2170 2534 2179 ·
2545 2175 2584 2190 ac:
2599 2170 2633 2190 ita
2648 2170 2726 2191 etiam.

2524 2218 2533 2227 ·
2545 2217 2635 2238 Codd.·
2645 2223 2670 2238 P:
2692 2217 2735 2239 du-

2525 2243 2666 2265 bitationem.

2624 2327 2637 2358 Ε
