2788 4204
307 239 359 285 48

309 317 416 354 modi
433 317 535 354 enim
551 317 777 354 intentiones
794 317 932 352 format
952 315 1161 352 intellectus
1177 315 1383 352 attribuens

309 384 374 408 eas
403 379 559 408 naturae
584 371 804 416 intellectae,
827 369 1039 405 secundum
1061 368 1166 416 quod
1187 376 1385 416 comparat

308 424 432 473 ipsam
455 424 504 461 ad
524 437 594 470 res,
618 435 715 472 quae
745 430 831 459 sunt
850 429 952 458 extra
980 421 1160 457 animam.
1174 421 1384 467 -Quando-

310 490 384 526 que
413 490 507 515 vero
538 477 748 514 attribuitur
778 475 917 523 aliquid
945 474 1150 511 universali
1183 474 1236 510 sic
1262 475 1384 511 consi-

288 531 297 538 “
311 531 454 578 derato,
467 530 571 579 quod
592 530 730 566 scilicet
750 527 1047 576 apprehenditur
1066 528 1114 563 ab
1134 527 1324 564 intellectu
1343 536 1385 565 ut

68 641 203 662 Universalc
214 645 282 662 meta-

70 667 201 695 physicum.

68 1023 78 1032 ⁸
88 1027 131 1042 ,mc
172 1021 280 1042 omittunt

70 1049 138 1069 Immo

68 1235 159 1254 'Ascnz
177 1234 200 1254 in
222 1233 281 1260 ipsis

69 1260 157 1287 singul.

68 1287 201 1308 Universale
207 1287 230 1307 in
237 1287 284 1307 sin-

67 1313 199 1340 gularr'bus,
211 1313 281 1343 ratio-

69 1346 97 1361 ne
116 1343 210 1361 naturae
230 1346 281 1361 uni-

72 1366 174 1387 versans.

67 1394 130 1414 *Aac
172 1393 281 1414 omittunt

69 1419 139 1447 quod.

67 1552 201 1574 Universale
207 1553 230 1573 in
237 1553 283 1573 sin-

68 1579 194 1607 gularibus
209 1579 280 1600 ratio-

68 1612 97 1627 ne
114 1606 244 1633 singularis.

69 1666 77 1673 ·
88 1665 171 1687 Codd.:
183 1665 281 1692 aliquod

69 1692 179 1713 accidens
194 1691 281 1713 indivi-

68 1718 227 1744 duale,utcuin
244 1718 279 1740 a'i-

67 1746 127 1767 citur
143 1749 185 1766 etc.

67 1772 163 1799 Triplex
196 1771 280 1793 modus

68 1799 216 1826 praedicandi
252 1798 280 1819 de

67 1825 186 1853 singulari.

70 2094 78 2101 ·
93 2092 167 2113 Codd.
176 2105 186 2108 -
197 2099 226 2113 ru:
242 2098 281 2113 ne-

67 2119 158 2149 gative,
166 2119 216 2140 etin
225 2119 284 2146 prin-

69 2152 131 2173 cipio
146 2146 231 2167 omittit
251 2148 280 2167 et.

69 2175 77 2181 “
87 2179 146 2193 Aba:
166 2173 283 2200 contingit

69 2199 147 2220 etiam.

69 2226 78 2236 ⁸
88 2226 189 2253 Lect.1x,
199 2232 221 2247 n.
231 2225 253 2247 6.

70 2409 76 2415 ·
88 2407 227 2432 Cf.lect.v1n,
237 2412 282 2427 nxz.

71 2445 81 2449 -
100 2434 133 2454 De
176 2437 240 2454 uarta
262 2436 283 2454 et

72 2460 152 2487 quinta
177 2460 282 2486 ivisione,

71 2487 283 2513 instalect.xut,n.3.

74 2575 82 2583 ·
95 2573 183 2595 Codd.:
216 2579 284 2594 unum

71 2600 185 2621 dividitur
194 2600 217 2621 in
229 2601 284 2621 sim-

67 2627 124 2654 plex
134 2629 157 2648 et
170 2626 285 2654 composi-

72 2655 127 2674 tum.

73 2681 80 2689 ·
91 2680 126 2701 Cf.
135 2680 284 2708 lect.vu¹,n.3.

311 596 439 629 unum,
455 591 584 620 tamen
599 582 638 618 id
659 582 764 630 quod
785 580 995 617 attribuitur
1015 580 1049 616 ei
1064 593 1143 616 non
1158 580 1320 628 pertinet
1335 581 1384 618 ad

309 645 435 674 actum
465 636 684 681 intellectus,
706 634 774 671 sed
794 634 843 671 ad
863 646 957 680 esse,
980 633 1085 682 quod
1111 634 1226 670 habet
1251 642 1385 671 natura

308 690 546 738 apprehensa
574 688 611 724 in
640 689 774 734 rebus,
814 699 911 736 quae
941 694 1028 723 sunt
1062 694 1165 723 extra
1192 687 1383 735 animam,

308 751 400 792 puta
428 742 458 778 si
488 742 632 778 dicatur
665 741 770 790 quod
798 741 918 777 homo
954 747 1010 777 est
1034 740 1253 787 dignissima
1282 743 1409 777 crea-v

308 804 490 833 turarum.
522 795 608 831 Hoc
643 794 955 831 enim‘convenit
973 799 986 814 ’²
1005 801 1162 830 naturae
1191 794 1384 830 humanae

310 849 423 885 etiam
453 848 666 885 secundum
696 848 801 896 quod
837 855 893 884 est
919 847 959 884 in
987 847 1249 894 singularibus.
1279 848 1383 884 Nam

310 902 467 951 quilibet
484 902 605 938 homo
622 901 820 949 singularis
841 900 989 948 dignior
1005 908 1060 937 est
1080 900 1261 937 omnibus
1281 913 1382 938 crea-

309 955 400 992 turis
416 955 706 1001 irrationalibus;
723 955 791 992 sed
806 962 935 991 tamen
956 966 1092 990 omnes
1113 954 1289 991 homines
1310 954 1383 991 sin-

310 1009 457 1056 gulares
486 1020 566 1045 non
592 1016 679 1045 sunt
704 1021 799 1045 unus
823 1009 943 1044 homo
958 1008 978 1029 '³‘
993 1015 1094 1044 extra
1116 1007 1297 1055 animam,
1315 1008 1383 1045 sed

310 1062 436 1099 solum
447 1061 485 1098 in
496 1061 717 1110 acceptione
738 1062 960 1106 intellectus;
973 1068 1009 1097 et
1018 1073 1088 1109 per
1102 1061 1205 1097 hunc
1219 1061 1383 1098 modurn

310 1115 523 1152 attribuitur
549 1115 583 1151 ei
607 1114 887 1164 praedicatum,
910 1114 1051 1151 scilicet
1073 1122 1115 1151 ut
1145 1115 1212 1150 um'
1233 1114 1298 1151 rei.

363 1168 449 1205 Alio
470 1175 599 1205 autem
621 1168 740 1205 modo
762 1167 974 1205 attribuitur
994 1167 1136 1216 aliquid
1163 1167 1380 1215 universali,

308 1229 422 1271 prout
442 1221 550 1258 est-in
572 1221 863 1269 singularibus*,
876 1229 912 1258 et
927 1222 1002 1258 hoc
1022 1221 1229 1269 dupliciter.
1253 1222 1384 1268 Quan-

311 1276 439 1324 doque
468 1275 625 1324 quidem
655 1275 799 1312 ratione
819 1274 936 1323 ipsius
965 1282 1122 1311 naturae
1146 1274 1382 1322 universalis,

309 1336 401 1378 puta
427 1341 515 1365 cum
536 1328 747 1366 attribuitur
771 1328 805 1365 ei
825 1327 967 1376 aliquid
986 1327 1092 1376 quod
1111 1327 1160 1364 ad
1180 1328 1383 1365 essentiam

311 1382 391 1419 eius
419 1382 592 1431 pertinet,
613 1383 675 1419 vel
695 1382 801 1430 quod
850 1380 1094 1429 consequitur
1113 1380 1297 1430 principia
1326 1394 1383 1418 es-

310 1435 499 1481 sentialia;
529 1443 571 1472 ut
599 1447 687 1471 cum
718 1435 871 1482 dicitur,
907 1435 1019 1471 homo
1049 1439 1103 1470 est
1128 1434 1288 1480 animal,
1321 1435 1383 1471 vel

309 1490 421 1526 homo
459 1494 514 1525 est
535 1488 693 1525 risibilis.
710 1509 734 1516 -
748 1487 993 1536 Quandoque
1022 1494 1151 1523 autem
1173 1487 1385 1525 attribuitur

310 1543 344 1580 ei
364 1542 505 1591 aliquid
525 1542 669 1578 ratione
690 1540 886 1589 singularis
906 1540 945 1577 in
965 1552 1042 1589 quo
1067 1540 1269 1587 invenitur,
1290 1549 1383 1590 puta

310 1608 399 1633 curn
424 1595 635 1632 attribuitur
661 1595 695 1631 ei
725 1594 866 1643 aliquid
891 1593 997 1643 quod
1015 1594 1178 1642 pertinet
1201 1594 1250 1631 ad
1271 1594 1385 1632 actio-

309 1662 399 1687 nem
428 1648 631 1694 individui;
661 1656 702 1685 ut
732 1660 820 1685 cum
842 1648 976 1685 dicitur
995 1647 1035 1694 *,
1062 1649 1175 1684 homo
1203 1648 1382 1685 ambulat.

363 1702 550 1750 Singulari
588 1709 717 1739 autem
755 1701 967 1739 attribuitur
995 1701 1137 1750 aliquid
1170 1701 1381 1750 tripliciter:

307 1768 386 1792 uno
416 1755 555 1802 modo,
591 1755 805 1792 seeundum
840 1754 946 1804 quod
976 1754 1075 1792 cadit
1102 1754 1141 1792 in
1169 1756 1382 1804 apprehen-

309 1809 436 1855 sione;
461 1817 503 1846 ut
531 1821 620 1846 cum
650 1809 804 1856 dicitur,
826 1809 998 1846 Socrates
1017 1814 1070 1845 est
1086 1809 1302 1858 singulare,
1322 1810 1385 1846 vel

302 1862 559 1912 praedicabile
586 1863 631 1899 de
660 1875 734 1899 uno
762 1862 853 1900 solo.
883 1861 1128 1911 Quandoque
1157 1870 1298 1909 autem,
1329 1875 1385 1899 ra-

307 1916 410 1953 tione
430 1924 587 1953 naturae
608 1915 842 1962 communis;
866 1923 909 1952 ut
929 1928 1016 1953 cum
1042 1915 1187 1964 dicitur,
1213 1917 1387 1953 Socrates

310 1976 365 2008 est
384 1970 538 2007 animal.
566 1969 811 2018 Quandoque
840 1977 987 2016 autem,
1009 1969 1154 2006 ratione
1174 1969 1231 2006 sui
1251 1969 1385 2018 ipsius;

308 2031 361 2074 ut.
379 2036 467 2060 curn
489 2023 634 2070 dicitur,
656 2024 829 2060 Socrates
857 2023 1035 2060 ambulat.

366 2078 415 2113 Et
434 2076 592 2113 totidem
614 2076 727 2113 etiam
747 2076 874 2113 modis
894 2076 1114 2124 negationes
1135 2076 1155 2097 *
1173 2076 1385 2113 variantur:

312 2130 401 2180 quia
430 2142 546 2167 omne
577 2130 682 2179 quod
712 2129 891 2177 contingit
924 2130 1133 2177 affirmare,
1165 2129 1383 2178 contingit*

310 2196 460 2232 negare,
487 2191 529 2220 ut
557 2196 671 2232 supra
701 2183 843 2220 dictum
874 2191 929 2220 est
943 2185 973 2220 *.

370 2249 426 2274 10.
449 2238 518 2274 Est
537 2245 665 2274 autem
685 2237 781 2274 haec
808 2236 915 2274 tertia
942 2236 1077 2274 divisio
1108 2235 1382 2273 enunciationis

311 2303 427 2340 quam
447 2290 555 2339 ponit
574 2290 841 2339 Philosophus.
859 2290 988 2327 Prima
1008 2302 1175 2339 namque
1192 2289 1259 2326 fuit
1279 2290 1384 2338 quod

311 2343 621 2381 enunciationum
642 2343 833 2392 quaedam
850 2351 905 2380 est
923 2356 1001 2380 una
1021 2342 1250 2392 simpliciter,
1268 2355 1382 2392 quae-

312 2397 401 2434 dam
416 2409 510 2433 vero
532 2396 797 2433 coniunctione
817 2399 932 2434 una··''“.
950 2398 1061 2444 Quae
1077 2396 1233 2445 quidem
1254 2404 1310 2433 est
1329 2396 1383 2434 di-

310 2450 407 2488 visio
428 2450 577 2498 analogi
605 2450 643 2487 in
673 2463 717 2486 ea
747 2450 793 2487 de
820 2450 958 2499 quibus
986 2450 1225 2499 praedicatur
1248 2462 1381 2487 secun-

312 2504 406 2541 dum
434 2503 538 2552 prius
565 2510 600 2539 et
619 2503 823 2552 posterius:
845 2503 898 2540 sic
933 2503 1034 2540 enim
1057 2515 1179 2540 unum
1202 2503 1382 2540 dividitur

312 2557 525 2594 secundum
562 2556 666 2605 prius
694 2556 733 2593 in
767 2552 927 2605 simplex
956 2564 992 2593 et
1024 2569 1093 2605 per
1126 2556 1313 2605 posterius
1341 2556 1380 2594 in

313 2609 570 2658 compositum
580 2610 611 2646 *.
623 2609 733 2646 -Alia
751 2622 845 2647 vero
862 2610 929 2646 fuit
949 2609 1084 2646 divisio
1105 2609 1379 2646 enunciationis

311 2663 350 2701 in
379 2662 674 2700 affirmationem
704 2670 740 2699 et
767 2657 1008 2710 nega'tionem
1029 2663 1060 2699 ³¹³.
1083 2663 1192 2709 Quae
1222 2662 1379 2711 quidem

313 2790 403 2811 natura
431 2784 609 2818 praedicabilis
637 2785 670 2809 de
688 2783 816 2816 pluribus,
836 2789 861 2808 et
886 2789 1076 2816 consequenter
1098 2789 1128 2808 ut
1150 2784 1319 2814 universalis;
1339 2784 1386 2808 sed

313 2829 397 2853 genus
417 2829 476 2846 esse
494 2828 547 2845 non
562 2824 655 2853 potest,
671 2827 731 2844 cum
744 2819 806 2844 alias
821 2819 922 2851 species
938 2819 986 2844 sub
1002 2827 1032 2844 se
1046 2827 1099 2844 non
1113 2819 1212 2849 habeat,
1224 2819 1270 2844 sed
1285 2820 1386 2844 solum-

313 2857 392 2881 modo
407 2856 538 2881 individua
551 2855 647 2888 quibus
662 2860 752 2879 natura
767 2855 879 2879 humana
899 2855 1046 2879 communis
1069 2860 1127 2879 est..
1138 2855 1196 2885 Qua
1220 2855 1252 2879 de
1275 2862 1353 2880 causa
1371 2862 1386 2879 a

313 2892 477 2917 Scholasticis
493 2891 573 2916 horno
593 2891 725 2916 dicebatur
742 2890 840 2922 species
858 2890 1056 2922 specialissima.

367 2926 391 2961 κ)
412 2928 471 2952 Hoc
494 2927 564 2952 enim
586 2926 708 2952 convenit
727 2931 774 2951 etc.
799 2926 872 2950 Unus
897 2926 954 2950 cod.
974 2926 1009 2950 E:
1034 2925 1083 2951 hoc
1103 2925 1172 2950 enim
1195 2925 1318 2951 convenit
1337 2933 1384 2950 na-

314 2966 391 2988 turae
410 2963 555 2991 humanae,
581 2969 648 2995 quae
667 2961 747 2987 etiam
770 2961 914 2986 secundum
938 2961 1010 2993 quod
1027 2964 1065 2986 est
1091 2961 1117 2985 in
1143 2961 1324 2994 singularibus
1346 2965 1386 2986 est

314 2999 423 3032 dignior
441 2998 561 3023 omnibus
580 2997 781 3022 irrationalibus
799 2996 938 3025 creaturis,
958 2997 1005 3021 sed
1023 3000 1111 3022 tamen
1131 3002 1179 3021 etc.

366 3032 394 3066 λ)
412 3034 496 3064 Quale
510 3033 581 3066 qnid.
597 3033 739 3058 Praedicari
754 3032 850 3065 aliquid
865 3032 890 3056 in
905 3032 970 3064 quid
982 3037 1022 3057 est
1036 3040 1095 3057 cum
1114 3032 1289 3064 praedicatum
1310 3032 1384 3057 alicui

314 3069 430 3094 subiecto
449 3069 567 3094 tribuitur
582 3069 766 3097 essentialiter,
779 3075 826 3093 seu
841 3073 868 3093 ut
887 3067 942 3092 eius
961 3068 1074 3093 essentia
1087 3068 1128 3092 vel
1142 3067 1174 3092 de
1187 3067 1243 3093 eius
1256 3067 1385 3098 essentia,·

315 3104 375 3137 quia
391 3105 529 3129 essentiam
543 3106 599 3129 vult
613 3104 678 3129 scire
693 3104 736 3136 qui
751 3104 851 3136 quaerit
865 3103 930 3136 quid
942 3103 974 3128 sit
988 3111 1030 3128 res
1048 3102 1097 3135 (Cf.
1109 3111 1187 3136 supra
1201 3111 1225 3128 n.
1238 3102 1260 3133 5,
1277 3109 1336 3128 nota
1350 3102 1382 3137 ε).

315 3140 457 3165 Praedicari
472 3140 497 3164 in
512 3141 589 3172 quale
602 3139 666 3172 quid
680 3145 720 3164 est
734 3147 793 3164 cum
808 3139 981 3172 praedicatum
997 3139 1070 3163 alicui
1086 3139 1202 3164 subiecto
1216 3138 1385 3164 essentialiter

314 3175 420 3208 quidem
435 3175 553 3200 trib'uitur
568 3175 641 3210 (ergo
656 3175 680 3199 in
695 3174 779 3209 quid),
799 3175 845 3199 sed
865 3175 959 3199 modus
974 3182 1027 3207 quo
1046 3174 1195 3199 enunciatur
1209 3174 1383 3207 praedicatum

313 3217 354 3236 est
367 3211 513 3236 adiectivus
527 3219 573 3236 seu
588 3219 635 3244 per
649 3211 756 3235 modum
771 3210 899 3243 qualitatis
915 3211 1025 3243 (quale).
1049 3210 1115 3235 Hinc
1134 3210 1199 3243 quid
1212 3209 1315 3243 respicit
1327 3218 1383 3235 rem

315 3246 493 3279 praedicatam,
504 3247 581 3279 quale
590 3246 693 3279 respicit
707 3247 814 3271 modum
825 3254 877 3279 quo
887 3254 928 3270 res
942 3246 998 3279 ipsa
1012 3245 1179 3279 praedicatur.
1193 3245 1270 3276 Sicut,
1285 3253 1345 3270 cum
1358 3245 1383 3270 in

315 3281 462 3307 definitione
474 3282 585 3307 hominis
599 3282 689 3307 dicitur
708 3282 777 3314 quod
797 3282 829 3306 sit
847 3282 948 3306 animal
967 3282 1107 3310 rationale,
1120 3286 1203 3306 totum
1218 3281 1294 3311 istud,
1311 3281 1382 3314 quod

315 3323 354 3342 est
368 3318 472 3349 species,
489 3318 602 3351 complet
616 3317 680 3350 quid
694 3325 741 3342 seu
762 3317 899 3342 essentiam
920 3317 1044 3347 hominis;
1063 3317 1165 3342 animal
1185 3316 1303 3342 enunciat
1318 3317 1384 3349 quid

315 3352 508 3385 incompletum‚
530 3361 625 3386 nempe
643 3360 727 3386 genus
741 3361 787 3378 seu
808 3353 947 3377 essentiam
967 3352 1114 3385 genet-icam
1135 3351 1383 3385 hominis5denique

316 3388 447 3413 rationale
457 3394 497 3413 est
506 3389 655 3420 differentia,
666 3396 713 3413 seu
724 3389 832 3421 qualitas
843 3388 987 3413 essentialis
998 3388 1120 3413 adiective
1129 3387 1263 3413 enunciata
1273 3387 1382 3421 (quale),

317 3431 367 3455 qua
384 3424 477 3448 animal
500 3424 607 3449 trahitur
628 3425 660 3449 ad
683 3432 742 3449 esse
761 3424 873 3449 hominis
898 3428 923 3448 et
946 3423 1058 3448 hominis
1078 3423 1188 3448 essentia
1211 3423 1381 3456 completur.-

318 3458 395 3488 Quod
410 3459 431 3483 si
446 3459 569 3484 tribuatur
583 3460 699 3484 subiecto
714 3459 810 3492 aliquid
821 3459 891 3492 quod
907 3467 959 3484 non
974 3464 1014 3484 est
1028 3460 1060 3484 de
1074 3459 1240 3484 constitutivo
1255 3458 1382 3484 essentiae

317 3493 373 3517 eius
388 3502 473 3526 neque
486 3500 515 3519 ut
534 3503 624 3526 genus,
636 3503 721 3527 neque
740 3500 769 3519 ut
788 3494 935 3524 differentia,
947 3502 1033 3527 neque
1052 3499 1091 3519 est
1110 3494 1218 3527 species,
1230 3494 1321 3519 dicitur
1333 3493 1382 3519 hoc

318 3528 412 3560 aliquid
432 3530 569 3561 praedicari
593 3531 624 3554 de
643 3530 701 3562 ipso
721 3530 837 3554 subiecto
856 3530 882 3554 in
901 3530 986 3562 quale.
1006 3530 1038 3554 Et
1061 3529 1110 3554 hoc
1129 3530 1276 3562 dupliciter:
1296 3530 1337 3554 vel
1356 3529 1381 3554 in

318 3564 395 3595 quale
408 3565 562 3593 necessario,
576 3565 597 3589 si
608 3565 632 3589 id
643 3566 714 3597 quod
726 3566 757 3590 de
768 3573 796 3589 re
806 3565 966 3597 praedicatur
979 3565 1010 3590 ab
1021 3565 1077 3597 ipsa
1087 3565 1121 3589 rei
1132 3565 1244 3590 essentia
1255 3565 1381 3597 quodam-

318 3599 397 3622 modo
408 3598 487 3623 fluere
497 3599 660 3632 intelligatur,
671 3605 696 3625 et
710 3600 768 3625 ideo
778 3608 793 3624 a
802 3608 830 3624 re
840 3600 895 3632 ipsa
906 3600 939 3624 sit
949 3600 1135 3632 inseparabile3
1148 3608 1202 3633 quo
1213 3608 1292 3624 sensu
1302 3607 1382 3633 capa-

1016 238 1136 273 PERI
1168 236 1517 273 HERMENEIAS
1551 238 1650 278 Lus.
1682 239 1695 274 I

1441 324 1496 353 est
1515 316 1651 354 divisio
1672 317 1820 365 generis
1839 317 1878 354 in
1904 318 2061 366 species,
2083 318 2172 367 quia
2192 318 2353 355 sumitur
2378 331 2511 356 secun-

1441 369 1534 406 dum
1560 370 1812 407 differentiam
1831 371 2038 420 praedicati
2063 371 2112 408 ad
2133 371 2238 420 quod
2257 372 2374 409 fertur
2398 384 2511 419 nega-

1439 422 1509 469 tio;
1530 424 1791 472 praedicatum
1831 432 1959 461 autem
1994 432 2049 462 est
2076 437 2165 473 pars
2194 425 2363 462 formalis
2394 438 2511 462 enun-

1441 475 1627 523 ciationis;
1640 485 1676 514 et
1690 477 1777 514 ideo
1789 478 2010 515 huiusmodi
2023 478 2157 515 divisio
2175 479 2309 516 dicitur
2322 478 2510 527 pertinere

1440 529 1489 566 ad
1510 530 1728 578 qualitatem
1759 531 2045 579 enunciationis,
2072 532 2309 580 qualitatem,
2339 532 2510 581 inquam,

1441 583 1691 629 essentialem,
1718 584 1931 621 secundum
1956 585 2062 633 quod
2091 585 2302 622 differentia
2328 585 2512 633 significat

1440 636 1551 684 quale
1569 637 1660 684 quid
1677 635 1704 674 λ.
1724 659 1738 664 -
1754 637 1884 674 Tertia
1895 646 2023 675 autem
2044 645 2099 675 est
2118 638 2340 676 huiusmodi
2361 638 2510 685 divisio,
2637 640 2656 665 λ

1441 701 1538 737 quae
1577 690 1738 726 sumitur
1779 691 1992 728 secundum
2037 691 2291 729 differentiam
2331 692 2510 738 subiecti,

1440 742 1546 790 quod
1578 743 1819 791 praedicatur
1847 743 1894 780 de
1922 743 2094 792 pluribus
2128 746 2190 782 vel
2220 745 2268 782 de
2296 758 2375 782 uno
2405 746 2510 791 solo,

1441 803 1477 832 et
1504 795 1591 832 ideo
1622 796 1756 843 dicitur
1774 796 1963 844 pertinere
1993 797 2042 834 ad
2062 798 2310 846 quantitatem
2335 799 2512 836 enuncia-

1439 848 1563 896 tionis,
1584 861 1674 885 nam
1705 857 1741 886 et
1769 849 1956 898 quantitas
1986 850 2230 899 consequitur
2257 851 2456 889 materiam
2480 853 2509 888 *.

1499 914 1512 938 1
1526 914 1556 939 1.
1578 902 1728 939 Deinde
1750 915 1838 939 cum
1855 903 1960 940 dicit:
1981 903 2025 939 Si
2036 915 2130 953 ergo
2147 904 2408 941 universaliter
2428 912 2511 951 etc.,

1440 955 1604 992 ostendit
1627 956 1828 1004 quomodo
1851 956 2136 993 enunciationes
2165 956 2424 994 diversimode
2445 970 2512 1006 op-

1438 1017 1630 1057 ponantur
1650 1009 1862 1046 secundum
1880 1009 2138 1047 diversitatem
2154 1010 2322 1047 subiecti.
2345 1011 2394 1048 Et
2414 1010 2513 1048 circa

1439 1063 1514 1098 hoc
1543 1062 1620 1099 duo
1650 1063 1754 1099 facit:
1782 1062 1919 1111 primo,
1951 1063 2142 1111 distinguit
2171 1063 2343 1101 diversos
2372 1064 2512 1101 modos

1439 1115 1727 1164 oppositionum
1756 1116 1794 1153 in
1822 1116 1913 1165 ipsis
1943 1117 2293 1164 enunciationibus3
2319 1117 2511 1164 secundo,

1439 1169 1604 1206 ostendit
1632 1169 1832 1218 quomodo
1863 1169 2036 1207 diversae
2066 1170 2327 1219 oppositiones
2357 1170 2512 1208 diversi-

1438 1222 1555 1259 mode
1585 1235 1626 1259 se
1654 1223 1797 1260 habent
1825 1223 1874 1260 ad
1901 1236 2040 1260 verum
2070 1231 2106 1260 et
2134 1224 2289 1270 falsum;
2316 1223 2386 1261 ibi:
2413 1224 2512 1267 Quo-

1439 1276 1552 1322 circa,
1573 1277 1641 1313 has
1669 1277 1819 1324 quidem
1848 1276 2074 1324 impossibile
2101 1283 2155 1314 est
2183 1278 2203 1298 *
2226 1285 2295 1314 etc.

1499 1341 1555 1366 12.
1601 1329 1712 1366 Circa
1747 1329 1918 1378 primum
1957 1330 2279 1367 considerandum
2315 1338 2370 1367 est
2407 1330 2512 1379 quod

1440 1394 1528 1419 curn
1547 1382 1762 1419 universale
1781 1383 1902 1431 possit
1922 1383 2153 1420 considerari
2163 1383 2207 1422 ,in
2222 1384 2475 1422 abstractione
2491 1396 2514 1420 a

1439 1435 1691 1482 singularibus
1701 1436 1764 1473 vel
1775 1436 1989 1473 secundum
2010 1437 2116 1486 quod
2131 1445 2187 1474 est
2201 1437 2238 1474 in
2254 1437 2344 1486 ipsis
2356 1438 2376 1457 ⁴*
2388 1438 2513 1485 singu-

1438 1488 1592 1535 laribus,
1614 1489 1828 1526 secundum
1847 1490 1923 1526 hoc
1952 1490 2210 1528 diversimode
2236 1490 2379 1540 aliquid
2407 1490 2441 1528 ei
2461 1500 2513 1527 at-

1438 1541 1613 1578 tribuitur
1628 1543 1660 1589 *,
1671 1549 1714 1578 ut
1728 1554 1844 1591 supra
1863 1542 2007 1580 dictum
2020 1551 2076 1580 est
2088 1544 2141 1580 **.
2154 1543 2217 1580 Ad
2233 1543 2512 1591 designandum

1438 1602 1567 1631 autem
1589 1594 1761 1632 diversos
1781 1595 1922 1632 modos
1947 1596 2198 1633 attributionis
2225 1596 2404 1634 inventae
2428 1605 2515 1634 sunt

1439 1648 1631 1697 quaedam
1660 1648 1855 1695 dictiones,
1877 1661 1975 1698 quae
2003 1657 2165 1698 possunt
2185 1649 2258 1687 dici
2287 1649 2514 1688 determina-

1438 1702 1562 1739 tiones
1589 1702 1652 1739 vel
1681 1701 1798 1750 signa,
1826 1702 1964 1751 quibus
1994 1702 2211 1751 designatur
2239 1703 2345 1752 quod
2373 1703 2516 1753 aliquid

1441 1755 1488 1792 de
1515 1755 1733 1803 universali,
1754 1756 1830 1792 hoc
1849 1763 1914 1792 aut
1932 1756 1995 1792 illo
2016 1756 2144 1793 modo
2160 1756 2412 1805 praedicetur.
2437 1756 2515 1794 Sed

1440 1808 1529 1858 quia
1548 1821 1627 1846 non
1647 1816 1703 1846 est
1721 1809 1770 1846 ab
1795 1809 1975 1846 omnibus
1995 1809 2251 1847 communiter
2264 1811 2284 1831 *
2304 1810 2516 1859 apprehen-

1441 1875 1527 1899 sum
1557 1862 1663 1911 quod
1686 1862 1917 1900 universalia
1945 1870 2048 1900 extra
2067 1862 2270 1911 singularia
2297 1863 2513 1910 subsistant,

1440 1915 1528 1952 ideo
1559 1915 1776 1952 communis
1795 1928 1890 1953 usus
1911 1916 2093 1965 loquendi
2113 1929 2192 1953 non
2211 1916 2328 1954 habet
2346 1917 2514 1966 aliquam

1442 1968 1648 2006 dictionem
1662 1969 1683 1990 *
1710 1969 1760 2006 ad
1789 1969 2067 2017 designandum
2087 1969 2194 2006 illum
2213 1970 2377 2007 modurn
2404 1982 2514 2019 prae-

1442 2022 1611 2069 dicandi,
1640 2029 1754 2071 prout
1783 2022 1925 2071 aliquid
1954 2022 2123 2060 dicitur*
2149 2023 2188 2059 in
2217 2022 2470 2060 abstractione
2491 2035 2514 2060 a

1441 2075 1703 2124 singularibus.
1718 2075 1795 2113 Sed
1811 2077 1932 2122 Plato,
1945 2075 2009 2125 qui
2023 2076 2152 2125 posuit
2165 2075 2397 2113 universalia
2412 2083 2513 2114 extra

1440 2129 1642 2177 singularia
1662 2129 1877 2176 subsistere,
1890 2129 2085 2166 adinvenit
2099 2129 2275 2179 aliquas‘
2288 2129 2514 2167 determina·
2541 2136 2760 2186 {affirma

1439 2182 1573 2229 tiones,
1604 2182 1743 2232 quibus
1773 2182 2032 2230 designaretur
2065 2182 2265 2232 quomodo
2291 2182 2433 2232 aliquid
2461 2190 2514 2221 at·
2543 2191 2615 2212 *Με-

1439 2236 1613 2273 tribuitur
1640 2235 1857 2283 universali,
1883 2243 1997 2284 prout
2027 2243 2081 2273 est
2110 2243 2213 2274 extra
2236 2235 2456 2284 singularia,
2478 2243 2515 2274 et

1438 2290 1604 2326 vocabat
1617 2289 1831 2326 universale
1848 2297 2066 2338 separatum
2075 2291 2093 2308 ‘³
2102 2289 2310 2326 subsistens
2326 2297 2429 2327 extra
2439 2289 2514 2327 sin-

1437 2342 1581 2391 gularia
1609 2350 1795 2392 quantum
1817 2342 1866 2379 ad
1885 2342 2053 2391 speciem
2082 2342 2268 2390 hominis,
2290 2354 2365 2391 per
2382 2355 2422 2380 se
2448 2344 2514 2381 ho-

1437 2397 1577 2433 minem
1601 2397 1663 2433 vel
1683 2396 1804 2444 ipsum
1833 2396 2023 2433 hominem
2053 2404 2089 2433 et
2117 2395 2286 2433 similiter
2311 2402 2331 2424 b*
2366 2396 2405 2434 in
2433 2396 2515 2434 aliis
2637 2412 2656 2439 μ

1436 2449 1726 2487 universalibus.
1755 2449 1833 2486 Sed
1860 2449 2074 2487 universale
2095 2449 2308 2487 secundum
2333 2450 2440 2499 quod
2459 2457 2516 2488 est

1436 2503 1474 2540 in
1502 2502 1754 2551 singularibus
1783 2502 1892 2540 cadit
1914 2502 1952 2539 in
1986 2502 2184 2540 communi
2208 2502 2513 2552 apprehensione

2541 856 2550 863 ⁶
2566 855 2601 877 Cf.
2614 861 2691 883 supra,
2703 860 2756 882 na,

2540 890 2589 908 not.
2606 891 2630 908 α.

2541 1287 2550 1295 '¹
2560 1285 2623 1307 Lect.
2634 1291 2665 1307 xr.

2540 1442 2551 1453 ⁸
2561 1440 2622 1469 Ipsis
2637 1447 2665 1463 ex
2680 1446 2732 1463 mc.

2540 1547 2550 1556 '
2560 1553 2618 1594 Αἶας
2624 1548 2714 1574 :potest
2719 1549 2759 1568 at-

2541 1575 2645 1622 ξζ’ἺΝΙῖἏἸ-ῐι.
2656 1606 2679 1628 9.

2542 1813 2552 1822 ·
2561 1818 2598 1834 ae:
2604 1818 2652 1835 non
2659 1814 2758 1836 estcom-

2541 1839 2649 1888 zm.
2661 1839 2692 1861 ‘¹’
2714 1838 2759 1862 ’ᾧ

2543 1981 2759 2031 zariae&

2543 2037 2552 2045 ·
2562 2041 2618 2057 Aac:
2629 2034 2719 2058 dicitur
2728 2035 2760 2057 de

2542 2067 2616 2110 122‘1'420.

2542 2301 2551 2311 '
2561 2306 2587 2322 c:
2604 2300 2744 2328 separatim.

1434 2556 1660 2601 hominum;
1691 2563 1727 2593 et
1754 2555 1841 2593 ideo
1871 2555 2099 2593 adinventae
2128 2563 2216 2593 sunt
2243 2555 2434 2604 quaedam
2459 2553 2512 2594 di·
2541 2557 2757 2609 'fffflggffg‘fss

1435 2609 1578 2646 ctiones
1599 2608 1647 2645 ad
1667 2607 1959 2656 significandum
1974 2609 1994 2630 *
2012 2609 2176 2646 modum
2197 2608 2425 2646 attribuendi
2449 2609 2513 2646 ali-
2540 2610 2695 2665 qssnglmffl‘
2708 2610 2757 2632 ‘⁸¹⁸'-

1434 2661 1527 2710 quid
1553 2661 1758 2699 universali
1787 2661 1840 2698 sic
1873 2669 2029 2710 accepto
2049 2667 2071 2698 ⁹.
2640 2674 2653 2691 ν

1439 2784 1507 2809 citas
1515 2784 1616 2809 sciendi
1626 2784 1787 2817 praedicatur
1801 2785 1833 2809 de
1843 2783 1964 2814 homine;
1978 2785 2019 2809 vel
2030 2784 2056 2809 in
2070 2784 2147 2817 quale
2159 2784 2351 2818 contIngenter,
2367 2784 2388 2810 si
2404 2785 2429 2810 id
2439 2785 2512 2818 quod

1439 2819 1600 2852 praedicatur
1623 2820 1655 2844 de
1679 2827 1706 2844 re
1729 2824 1816 2852 potest
1838 2820 1870 2844 ab
1894 2819 1951 2852 ipsa
1970 2819 2091 2852 separari,
2107 2820 2179 2845 salva
2202 2819 2319 2845 eiusdem
2338 2820 2375 2845 rei
2398 2826 2498 2846 namra.

1493 2854 1521 2889 μ)
1541 2855 1593 2880 Per
1611 2862 1638 2880 se
1655 2855 1787 2881 hominem
1807 2856 1848 2880 vel
1867 2855 1952 2887 ipsum
1972 2855 2104 2880 hominem
2123 2857 2150 2880 et
2163 2855 2287 2880 similiter
2301 2861 2348 2880 etc.
2364 2856 2400 2881 lta
2414 2855 2511 2882 codd.-

1439 2890 1531 2915 Piana:
1552 2897 1604 2923 per
1623 2898 1651 2916 se
1668 2890 1800 2916 hominem
1819 2894 1846 2916 et
1863 2890 1987 2916 similiter
2005 2895 2054 2916 etc.
2075 2891 2159 2924 Supra
2178 2899 2200 2915 s.
2219 2890 2339 2916 Thomas
2358 2891 2421 2916 dixit
2439 2891 2511 2925 quod

1438 2926 1512 2950 Plato
1531 2926 1661 2951 adinvenit
1679 2934 1731 2951 non
1749 2934 1838 2957 unam,
1851 2926 1897 2951 sed
1911 2926 2010 2959 aliquas
2029 2926 2264 2951 determinationes.
2285 2927 2384 2952 Revera
2401 2931 2512 2961 utruque

1439 2961 1646 2986 denominatione
1670 2962 1744 2986 Plato
1769 2961 1889 2987 utebatur
1913 2962 1946 2986 ad
1975 2961 2163 2994 designandum
2191 2961 2337 2988 universale
2361 2967 2416 2988 tum
2439 2967 2510 2989 extra

1438 2996 1575 3028 singularia
1599 3002 1655 3022 tum
1675 3003 1745 3022 extra
1769 3002 1884 3022 mentem
1908 3002 2025 3022 nostram
2047 2997 2167 3023 existens.
2185 2997 2323 3023 «Necesse
2350 3002 2405 3028 est,
2424 2997 2511 3032 inquit

1440 3041 1453 3056 »
1468 3032 1494 3057 in
1513 3032 1628 3062 Timaeo,
1651 3032 1802 3058 huiusmodi
1821 3033 1922 3065 species
1940 3032 2021 3066 (puta
2039 3032 2185 3062 hominem,
2206 3033 2322 3063 animal,
2341 3033 2430 3066 ignem
2449 3031 2508 3068 etc.)

1439 3077 1453 3091 »
1469 3075 1528 3092 esse
1547 3076 1613 3100 quae
1629 3076 1675 3101 per
1695 3076 1724 3093 se
1744 3068 1816 3101 ipsae
1836 3068 1900 3099 sint,
1921 3066 1977 3093 καθ’
1993 3065 2059 3093 αὐτὰ
2082 3069 2191 3094 ταῦτα»
2208 3066 2272 3102 (Ed.
2287 3068 2394 3094 Mai-silli
2414 3068 2509 3100 Ficini,

1437 3103 1597 3128 Francofurti
1620 3102 1701 3135 1602,
1715 3111 1774 3136 pag.
1792 3102 1884 3138 1061).
1904 3104 1970 3129 Hinc
1988 3103 2149 3129 tutissimum
2173 3103 2297 3137 loquendi
2321 3104 2429 3129 modum
2447 3111 2508 3131 oste

1437 3139 1471 3163 ait
1491 3139 1640 3164 huiusmodi
1660 3139 1761 3172 species
1780 3146 1842 3164 vere
1857 3139 1905 3164 dici
1924 3146 1979 3165 esse
2001 3139 2121 3165 absolute
2134 3137 2210 3173 (esse
2225 3139 2326 3172 ignem,
2346 3147 2406 3165 esse
2424 3139 2508 3167 homi-

1438 3182 1497 3199 nem
1505 3173 1575 3207 etc.);
1596 3174 1727 3200 sensibilia
1746 3182 1809 3199 vero
1823 3175 1856 3199 ad
1876 3183 1965 3200 earum
1978 3174 2159 3200 similitudines
2179 3174 2254 3205 facta,
2267 3175 2355 3208 potius
2373 3181 2430 3201 esse
2442 3174 2510 3201 ulta

1437 3218 1517 3242 quam
1536 3218 1609 3242 esse,
1630 3215 1693 3243 puta
1712 3217 1771 3235 esse
1790 3210 1868 3235 talem
1889 3210 1989 3243 ignem,
2004 3210 2046 3236 vel
2067 3211 2118 3235 tale
2136 3209 2246 3242 animal,
2263 3211 2305 3235 vel
2327 3210 2405 3236 talem
2424 3209 2509 3241 homi·

1437 3253 1505 3275 nem,
1522 3254 1574 3270 non
1589 3251 1675 3271 autem
1694 3245 1779 3286 ipsum
1801 3245 1895 3278 ignem,
1914 3253 2000 3279 neque
2013 3245 2156 3277 hominem,
2178 3253 2264 3279 neque
2283 3245 2377 3275 animal
2395 3250 2459 3271 etta
2473 3242 2507 3279 μὴ

1437 3283 1515 3306 τοῦτο
1537 3279 1616 3315 (πῦρ)
1638 3275 1707 3306 ἄλλα
1732 3277 1761 3306 τὸ
1788 3283 1908 3306 τοιοῦτον
1935 3279 2011 3316 (ibid.
2024 3279 2093 3314 pag.
2118 3279 2207 3315 1059).
2226 3294 2245 3300 —
2263 3281 2329 3306 lnfra
2347 3281 2423 3306 etiam
2447 3287 2507 3306 cum

1436 3317 1535 3341 eisdem
1550 3317 1624 3342 codd.
1640 3317 1778 3349 legendum
1793 3321 1846 3341 est:
1861 3317 1935 3342 cadit
1945 3316 1972 3342 in
1985 3316 2120 3342 communi
2135 3316 2345 3349 apprehensione
2356 3315 2508 3344 hominum;

1436 3360 1488 3377 non
1507 3357 1593 3377 autem
1615 3360 1674 3377 cum
1700 3352 1792 3377 Piana:
1816 3352 1890 3377 cadit
1908 3353 1934 3377 in
1955 3352 2164 3385 apprehensione
2181 3351 2326 3377 hominum.
2345 3351 2448 3377 Dictum
2467 3355 2508 3375 est

1436 3388 1505 3412 enim
1528 3395 1607 3420 supra
1628 3388 1698 3421 quod
1722 3395 1774 3413 non
1788 3392 1828 3413 est
1847 3387 1878 3413 ab
1893 3388 2015 3413 omnibus
2032 3387 2210 3414 communiter
2230 3387 2420 3421 apprehensum
2435 3385 2507 3419 quod

1436 3423 1590 3448 universalia
1609 3428 1679 3448 extra
1697 3422 1835 3456 singularia
1854 3423 2009 3454 subsistan15
2023 3428 2049 3449 et
2062 3422 2122 3448 ideo
2139 3430 2187 3456 per
2198 3422 2349 3456 oppositum
2367 3420 2507 3446 affirmatur

1435 3458 1461 3483 in
1471 3458 1605 3484 communi
1623 3458 1830 3492 apprehensione
1846 3458 1982 3484 hominum
2001 3466 2060 3484 esse
2077 3458 2223 3484 universale
2242 3457 2312 3490 quod
2321 3461 2361 3482 est
2378 3456 2405 3482 in
2419 3456 2507 3489 singu-

1436 3494 1539 3519 laribus.
2178 3505 2180 3507 ·

1488 3529 1512 3564 ν)
1532 3530 1681 3555 Universali
1698 3529 1736 3556 sic
1754 3533 1868 3562 accepto.
1883 3529 1969 3555 Editio
1987 3529 2077 3560 Pinna,
2097 3533 2226 3554 commate
2243 3526 2402 3560 interposito,
2416 3534 2507 3559 prose-

1435 3565 1522 3598 quitur
1545 3565 1706 3591 immediate:
1726 3565 1795 3591 sicut
1807 3569 1896 3590 autem
1912 3570 1960 3590 etc.
1969 3564 2070 3589 ·Codd.
2082 3569 2169 3590 autem
2182 3563 2240 3588 BC:
2253 3562 2397 3588 universali
2410 3562 2448 3588 sle
2461 3570 2505 3587 ac-

1434 3604 1518 3633 cepto,
1539 3604 1568 3626 ut
1585 3607 1668 3632 supra
1683 3600 1783 3626 dictum
1796 3604 1843 3626 est.
1865 3600 1918 3630 Qui
1929 3599 2073 3626 secundum
2087 3598 2230 3632 praedicta
2245 3597 2348 3630 duplex
2359 3601 2408 3624 est:
2422 3605 2505 3631 quan·
