2788 4204
334 261 405 285 110

1077 247 1196 284 PERI
1227 246 1573 283 HERMENEIAS
1613 247 1707 283 LIB.
1738 247 1768 282 11

1096 488 1396 544 LECTIO
1435 489 1750 545 DECIMA

1212 621 1311 656 (ΕΔΜ).
1332 623 1461 647 Cusum
1480 623 1538 647 lect.
1552 621 1611 657 vin)

890 721 947 751 DE
970 719 1324 751 PROPOSITIONUM
1347 719 1582 750 MODALIUM
1606 720 1952 758 CONSEQUENTIIS

328 833 395 863 Καὶ
422 833 456 862 αἱ
483 829 720 866 ἀκολουθήσεις
745 824 782 860 δὲ
806 828 903 861 κατά
930 827 1029 874 λόγον
1055 830 1210 873 γίνονται
1237 826 1326 858 οὕτω
1347 838 1399 858 τι-

397 873 557 918 θεμένοις
592 876 640 915 τῷ
666 873 725 916 μὲν
750 873 814 919 γάρ
841 869 989 905 δυνατὸν
1016 869 1101 903 εἶναι
1127 872 1169 903 τό
1200 866 1399 923 ἑνδέχεσῐέαι

394 916 494 959 εἶναι,
520 919 576 950 καὶ
603 919 710 950 τοῦτο
730 919 840 958 ἐκείνῳ
868 916 1171 962 ἀντιστρέφειζκαὶ
1192 916 1233 948 τό
1251 917 1297 959 μή
1317 913 1398 947 ἀὸύ-

394 975 499 995 νατον
526 960 611 994 εἶναι
641 964 699 993 καὶ
724 962 766 994 τὸ
791 963 838 1005 μή
867 963 1054 1008 ἀναγκαῖον
1080 963 1178 992 εἰναι·
1206 962 1253 1001 τῷ
1279 956 1316 991 δὲ
1341 954 1397 990 δυ-

394 1008 499 1039 νατὸν
519 1008 565 1051 μή
584 1004 669 1038 εἶναι
686 1009 743 1038 καὶ
763 1004 981 1051 ἐνδεχόμενον
999 1006 1044 1050 μή
1063 1003 1148 1037 εἶναι
1165 1005 1207 1051 vj)
1225 1004 1271 1048 μή
1292 1005 1397 1049 ἀναγ-

393 1056 489 1083 καῖον
516 1051 562 1094 μη
581 1049 667 1082 εἶναι
691 1053 749 1082 καὶ
772 1053 813 1085 τὸ
832 1053 891 1083 οὐκ
915 1046 1086 1083 ἀδύνατον
1105 1050 1157 1096 μή
1171 1052 1269 1090 εἰναι,
1289 1051 1337 1090 τῷ
1356 1046 1394 1082 δὲ

394 1097 441 1140 μή
467 1092 614 1128 δυνατὸν
640 1094 726 1128 εἶναι
743 1099 801 1127 καὶ
819 1097 866 1140 μή
890 1091 1108 1139 ἐνδεχόμενον
1127 1097 1212 1126 εἰναι
1230 1094 1272 1126 τὸ
1292 1095 1397 1141 ἀναγ-

392 1144 490 1172 καῖον
517 1142 564 1185 μή
587 1138 676 1172 εἶναι
700 1142 757 1172 καὶ
783 1141 825 1173 τὸ
845 1136 1016 1173 ἀδύνατον
1036 1136 1135 1179 εἶναι,
1154 1140 1202 1180 τῷ
1220 1134 1322 1185 δέημῆ
1340 1135 1393 1171 δυ-

393 1185 498 1216 νατὸν
532 1185 579 1229 μή
606 1182 711 1226 εἶναι,
743 1187 802 1217 καὶ
834 1185 880 1229 μή
913 1180 1131 1228 ἐνδεχόμενον
1162 1184 1209 1230 μῇ
1241 1185 1327 1215 εἰναι
1352 1184 1394 1216 τό

395 1230 582 1274 ἀναγκαῖον
616 1227 702 1261 εἶναι
730 1232 789 1261 καὶ
821 1230 863 1262 τὸ
899 1224 1070 1262 ἀδύνατον
1101 1227 1147 1271 μή
1173 1230 1270 1259 εἰναι.
1308 1229 1394 1259 Θεω-

393 1275 509 1319 ρείσθω
535 1270 572 1306 δὲ
599 1275 634 1306 ἐκ
659 1275 697 1312 ἧς
725 1275 923 1320 ὑπογραφῆς
949 1274 989 1311 ὠς
1018 1272 1179 1318 λέγομεν,

884 1403 922 1436 οὐ
946 1399 1092 1436 δυνατὸν
1117 1400 1214 1435 εἶναι.

883 1447 942 1480 οὐκ
967 1444 1184 1492 ἐνδεχόμενον
1211 1444 1307 1478 εἶναι.

885 1488 1055 1525 ἀδύνατον
1081 1489 1179 1532 εἶναι.

884 1535 1068 1583 ἀναγκαῖον
1095 1536 1142 1580 μή
1169 1532 1266 1567 εἶναι.

348 1401 495 1437 δυνατὸν
522 1403 625 1446 εἶναι,

349 1446 566 1495 ἐνδεχόμενον
593 1450 696 1491 εἶναι,

349 1493 408 1528 οὐκ
436 1493 606 1527 ἀδύνατον
631 1492 736 1535 εἶναι,

350 1541 408 1572 οὐκ
435 1537 620 1584 ἀναγκαῖον
646 1537 751 1579 εἶναι,

883 1623 921 1657 οὐ
946 1621 1092 1657 δυνατὸν
1118 1624 1165 1668 μή
1191 1620 1289 1656 εἶναι.

884 1668 943 1701 οὐκ
969 1665 1187 1714 ἐνδεχόμενον
1205 1669 1252 1712 μη
1271 1665 1367 1700 εἶναι.

883 1712 1053 1747 ἀδύνατον
1080 1714 1127 1756 μή
1153 1710 1250 1744 εἶναι.

887 1757 1073 1805 ἀναγκαῖον
1099 1754 1198 1789 εἶναι.

347 1623 494 1660 δυνατὸν
520 1628 566 1669 μή
593 1625 698 1667 εἶναι,

348 1669 564 1716 ἐνδεχόμενον
591 1673 638 1716 μή
664 1670 765 1712 εἶναι,

348 1717 407 1750 οὐκ
434 1715 603 1750 ἀδύνατον
630 1715 676 1760 μή
702 1713 806 1762 εἶναι,

349 1761 407 1795 οὐκ
435 1761 622 1808 ἀναγκαῖον
649 1761 695 1805 μή
721 1763 826 1801 εἰναι,

325 1850 370 1882 Τὸ
395 1849 453 1894 μὲν
481 1847 536 1880 οὖν
565 1843 736 1880 ἀδύνατον
761 1848 819 1878 καὶ
847 1846 905 1877 οὐκ
929 1840 1101 1878 ἀδύνατον
1120 1845 1167 1885 τῷ
1186 1840 1393 1889 ἐνδεχομένῳ

391 1896 449 1925 καὶ
475 1888 611 1933 δυνατῷ
635 1894 692 1923 καὶ
711 1891 770 1923 οὐκ
794 1886 1001 1935 ἐνδεχομένῳ
1018 1891 1077 1921 καὶ
1095 1889 1141 1932 μή
1160 1886 1295 1930 δυνατῷ
1316 1890 1393 1922 ἀκο-

390 1936 504 1969 λουθεῖ
527 1938 585 1981 μὲν
607 1937 849 1979 ἀντιφατικῶς,
873 1934 1175 1979 ἀντεστραμμένως
1194 1930 1244 1966 δέ·
1271 1935 1319 1975 τῷ
1334 1934 1392 1978 μὲν

391 1982 456 2028 γάρ
482 1979 629 2014 δυνατὸν
661 1978 747 2012 εἶναι
773 1981 793 2016 ἡ
822 1980 990 2022 ἀπόφασις
1016 1981 1079 2011 τοῦ
1107 1974 1279 2012 ἀδυνάτου
1314 1979 1393 2011 ἀκο-

390 2026 524 2067 λουθεῖ,
553 2027 597 2068 τῇ
623 2022 660 2058 δὲ
695 2024 864 2067 ἀποφάσει
890 2026 910 2061 ἡ
935 2024 1144 2067 κατάφασις.
1180 2025 1232 2065 Τῷ
1264 2023 1328 2068 γάρ
1356 2023 1392 2055 ού

392 2068 539 2104 δυνατὸν
558 2069 644 2102 εἶναι
670 2071 711 2102 τὸ
735 2067 905 2102 ἀδύνατον
929 2066 1027 2100 εἶναι·
1053 2068 1250 2111 κατάφασις
1267 2068 1332 2112 γάρ
1351 2069 1392 2100 το

394 2113 564 2149 ἀδύνατον
592 2113 690 2155 εἶναι,
710 2110 796 2147 τὸδ’
820 2115 879 2146 οὐκ
903 2109 1073 2145 ἀδύνατον
1100 2110 1186 2145 εἶναι
1207 2113 1390 2157 ἀπόφασις.

324 2206 370 2238 Τό
394 2200 423 2236 δ’
455 2205 643 2250 ἀναγκαῖον
662 2204 745 2241 πῶς,
765 2203 903 2236 ὀπτέον.
936 2202 1083 2247 Φανερόν
1102 2197 1145 2239 δή
1173 2201 1226 2234 ὅτι
1251 2202 1315 2246 οὐχ
1341 2201 1395 2233 οὕ-

391 2262 457 2287 τως
486 2249 567 2294 ἔχει,
597 2249 671 2280 ἀλλ’
702 2250 736 2279 αἱ
764 2249 919 2280 ἐναντίαι
945 2246 1103 2280 ἕπονται·
1132 2250 1166 2279 αἱ
1191 2242 1220 2278 δ’
1252 2245 1395 2291 ἀντιφά-

391 2306 456 2331 σεις
483 2297 594 2338 χωρίς

326 2384 364 2416 οὐ
389 2382 453 2428 γοίρ
487 2383 578 2414 ἐστιν
614 2379 783 2424 ἀπόφασις
817 2381 879 2413 τοῦ
913 2379 1046 2425 ἀνάγκη
1076 2380 1121 2423 μή
1148 2377 1234 2411 εἶναι
1266 2379 1307 2412 τὸ
1333 2379 1393 2411 οὐκ

395 2426 526 2471 ἀνάγκη
560 2423 659 2457 εἶναι·
686 2421 865 2469 ἐνδέχεται
897 2424 961 2470 γάρ
996 2423 1217 2461 ἀληθεύεσθαι
1248 2424 1303 2456 ἐπὶ
1328 2425 1391 2456 τοῦ

394 2472 504 2503 αὐτοῦ
540 2468 748 2514 ἀμφοτέρας·
775 2469 816 2501 τὸ
841 2469 906 2515 γάρ
935 2469 1122 2515 ἀναγκαῖον
1147 2469 1194 2513 μή
1220 2465 1306 2500 εἶναι
1333 2469 1392 2500 οὐκ

395 2517 583 2559 ἀναγκαῖον
609 2511 708 2545 εἶναι.

325 2562 438 2594 Αἴτιον
464 2560 503 2594 δὲ,
526 2560 589 2591 τοῦ
615 2559 661 2602 μή
689 2555 880 2590 ἀκολουθεῖν
908 2557 948 2589 τὸ
976 2558 1163 2603 ἀναγκαῖον
1182 2558 1301 2601 ὁμοίως
1319 2561 1390 2594 τοῖς

393 2606 538 2651 ἑτέροις,
574 2603 627 2636 ὅτι
657 2602 818 2639 ἐναντίως
851 2602 892 2634 *td
925 2596 1095 2634 ἀδύνατον
1130 2602 1178 2642 τῷ
1217 2602 1391 2647 ἀναγκαίῳ

395 2645 623 2688 ἀποδίδοται,
651 2647 691 2679 τὸ
720 2647 808 2678 αὐτὸ
833 2641 1030 2690 δυνάμενον.
1067 2646 1103 2676 Εἰ
1127 2646 1191 2691 γάρ
1219 2641 1389 2678 ἀδύνατον

392 2693 497 2736 εἶναι,
527 2693 712 2738 ἀναγκαῖον
739 2692 846 2723 τοῦτο
873 2691 932 2723 οὐκ
964 2688 1071 2731 εἶναι,
1101 2690 1190 2722 ἀλλά
1214 2690 1260 2733 μή
1291 2687 1389 2722 εἶναι·

392 2741 420 2771 εἰ
444 2736 481 2772 δὲ
509 2733 679 2770 ἀδύνατον
705 2735 751 2779 μή
777 2732 875 2776 εἶναι,
895 2735 1001 2768 τοῦτο
1027 2735 1157 2780 ἀνάγκη
1178 2731 1275 2766 εἶναι·
1303 2733 1390 2766 ὥστε

392 2785 419 2815 εἰ
446 2785 556 2816 ἐκεῖνα
585 2782 702 2824 ὁμοίως
729 2780 776 2821 τῷ
799 2775 935 2822 δυνατῷ
952 2781 1009 2810 καὶ
1027 2778 1088 2821 μή,
1107 2780 1226 2811 ταῦτα
1245 2778 1279 2819 ἐξ
1297 2779 1392 2811 ἐναν-

391 2831 482 2869 τίας,
510 2827 582 2859 ἐπεὶ
610 2825 646 2856 οὐ
671 2827 826 2868 σημαίνει
851 2837 888 2870 γε
914 2823 1046 2857 ταύτὸν
1073 2823 1115 2855 τό
1137 2836 1174 2856 τε
1201 2823 1388 2870 ἀναγκαῖον

390 2875 448 2904 καὶ
475 2872 516 2905 τὸ
543 2866 729 2909 ἀδύνατον,
758 2869 831 2902 ἀλλ’
860 2868 969 2912 ὥσπερ
996 2870 1149 2911 εἴρηται,
1178 2869 1392 2912 ἀντεστραμ-

390 2917 506 2961 μένως.
1369 2955 1374 2963 1

323 2961 361 2993 Ἡ
388 2957 558 2994 ἀδύνατον
586 2957 690 2995 οὕτως
716 2957 845 2989 κεῖσθαι
871 2957 932 2994 τοὶς
959 2957 1021 2988 τοῦ
1043 2957 1230 3002 ἀναγκαίου
1250 2956 1392 2999 ἀντιφα-

390 3015 476 3044 σεις;
505 3005 545 3037 τὸ
570 3003 628 3047 μὲν
654 3001 718 3047 γάρ
747 3003 933 3047 ἀναγκαῖον
952 2998 1036 3032 εἶναι
1062 2996 1209 3034 δυνατὸν
1236 2998 1334 3032 εἶναι·
1361 3001 1389 3032 εἰ

390 3050 454 3096 γάρ
481 3049 541 3092 μή,
562 3049 581 3084 ἦ
610 3046 778 3090 ἀπόφασις
799 3045 1029 3082 ἀκολουθήσει·
1060 3045 1190 3091 ἀνάγκη
1208 3046 1272 3092 γάρ
1291 3044 1311 3082 ἦ
1328 3044 1391 3088 φά-

390 3106 445 3125 ναι
472 3093 492 3130 ἦ
521 3091 708 3136 ἀποφάναι·
726 3090 805 3122 ὥστ’
828 3092 855 3122 εἱ
873 3091 918 3134 μή
933 3085 1080 3122 δυνατὸν
1098 3087 1196 3130 εἶναι,
1217 3086 1388 3122 ἀδύνατον

391 3135 489 3169 εἶναι·
519 3133 689 3169 ἀδύνατον
717 3136 782 3179 ἄρα
807 3132 892 3167 εἶναι
918 3135 958 3167 τὸ
983 3135 1169 3180 ἀναγκαῖον
1188 3132 1286 3175 εἶναι,
1308 3133 1388 3188 ὅπερ

393 3183 535 3215 ἄτοπον.
557 3180 666 3211 ‘And
683 3179 747 3223 μην
769 3180 816 3220 τῷ
835 3192 871 3225 γε
892 3174 1039 3211 δυνατὸν
1061 3176 1146 3210 εἶναι
1168 3180 1208 3211 τό
1229 3181 1286 3211 οὐκ
1310 3174 1391 3211 ἀδυ-

391 3238 495 3258 νατον
521 3222 605 3257 εἶναι
632 3222 821 3265 ἀκολουθεῖ,
855 3222 966 3265 τούτῳ
990 3218 1028 3254 δὲ
1055 3225 1095 3255 τό
1120 3223 1167 3267 μή
1201 3224 1387 3270 ἀναγκαῖον

393 3268 488 3302 εἶναι·
517 3269 603 3301 ὥστε
629 3269 804 3312 συμβαίνει
830 3268 871 3299 τὸ
899 3269 1085 3314 ἀναγκαῖον
1111 3264 1195 3300 εἶναι
1219 3268 1265 3312 μή
1285 3268 1390 3313 ἀναγ-

391 3319 487 3346 καῖον
514 3311 618 3354 εἶναι,
647 3312 726 3355 ὅπερ
755 3313 896 3345 ἄτοπον.

318 3402 428 3434 Ἀλλά
451 3402 515 3446 μην
539 3396 615 3433 οὐδὲ
638 3401 678 3433 τὸ
701 3401 886 3446 ἀναγκαῖον
905 3397 989 3432 εἶναι
1017 3399 1193 3431 ἀκολουθεῖ
1217 3401 1263 3441 τῷ
1289 3395 1390 3431 δυνα-

394 3446 452 3477 τὸν
478 3443 576 3480 εἶναι,
603 3440 681 3477 οὐδὲ
706 3445 747 3477 τὸ
775 3445 960 3490 ἀναγκαῖον
987 3444 1033 3486 μη
1059 3441 1157 3475 εἶναι·
1181 3445 1229 3485 τῷ
1247 3445 1305 3488 μὲν
1323 3444 1387 3490 γάρ

396 3490 490 3532 ἄμφω
516 3486 692 3534 ἐνδέχεται
713 3490 921 3532 συμβαίνειν,
942 3489 1072 3521 τούτων
1098 3483 1135 3520 δὲ
1162 3488 1324 3533 ὁπότερον
1348 3487 1387 3520 ἀν

396 3533 514 3570 ἀληθὲς
534 3532 567 3573 ἢ,
587 3533 701 3565 οὐκέτι
727 3533 825 3564 ἔσται
852 3533 961 3564 ἐκεῖνα
988 3532 1108 3568 ἀληθῆ.
1129 3532 1221 3576 ’Ἀμα
1246 3533 1310 3578 γάρ
1334 3528 1387 3564 δυ-

394 3578 498 3608 νατὸν
525 3566 608 3608 εἶναι
633 3578 691 3608 καὶ
716 3577 762 3620 μὴ
787 3574 883 3608 εἶναι·
912 3577 940 3607 εἰ
963 3571 993 3607 δ’
1024 3576 1154 3622 ἀνάγκη
1184 3573 1269 3608 εἶναι
1295 3576 1315 3612 ἦ
1340 3577 1386 3620 μή

1450 828 1468 847 *
1487 828 1742 870 consequentiae
1769 841 1844 861 vero
1876 832 2053 862 secundum
2083 833 2239 863 rationem
2268 833 2350 866 fiunt
2373 845 2447 866 cum
2477 837 2519 868 ita

1517 881 1683 913 ponuntur
1705 875 1793 905 illam
1816 875 1902 905 enirn
1925 886 2006 917 quae
2031 883 2087 914 est,
2112 877 2261 917 possibile
2285 889 2362 917 esse,
2378 881 2520 920 sequitur

1517 917 1570 947 illa
1586 927 1667 958 quae
1691 926 1747 956 est,
1773 920 1927 960 contingit
1946 930 2022 958 esse,
2040 928 2070 952 et
2092 921 2168 952 haec
2191 921 2235 951 illi
2256 923 2457 961 convertitur,
2477 931 2518 963 et,

1516 971 1582 991 non
1612 962 1808 1002 impossibile
1837 974 1903 994 esse
1931 971 1962 995 et
1990 975 2055 995 non
2083 966 2295 996 necessarium
2324 975 2406 1005 esse;
2432 968 2520 999 illam

1515 1015 1591 1036 vero
1625 1017 1705 1047 quae
1729 1014 1791 1045 est,
1816 1008 1966 1048 possibile
1989 1019 2055 1039 non
2076 1020 2152 1047 esse,
2178 1017 2218 1048 et,
2243 1011 2428 1051 contingens
2451 1023 2518 1043 non

1516 1060 1592 1087 esse,
1611 1061 1647 1081 ea
1670 1061 1751 1091 quae
1768 1059 1824 1091 est,
1846 1063 1912 1083 non
1936 1063 2061 1084 necesse
2081 1064 2147 1084 non
2164 1064 2240 1093 esse,
2259 1062 2299 1094 et,
2317 1065 2382 1085 non
2399 1056 2518 1096 impos-

1517 1094 1606 1124 sibile
1633 1106 1699 1126 non
1724 1105 1805 1127 esse:
1835 1097 1924 1127 illam
1947 1105 2055 1128 autem
2087 1108 2169 1139 quae
2193 1106 2249 1137 est,
2274 1110 2340 1130 non
2369 1101 2518 1140 possibile

1517 1149 1593 1177 esse,
1615 1147 1654 1178 et,
1675 1150 1741 1170 non
1765 1141 1950 1181 contingens
1975 1152 2052 1180 esse,
2069 1152 2105 1172 ea
2128 1153 2210 1183 quae
2233 1151 2289 1182 est,
2307 1146 2518 1176 necessarium

1516 1193 1579 1213 non
1605 1194 1682 1221 esse,
1700 1192 1730 1215 et
1745 1185 1941 1225 impossibile
1961 1194 2044 1217 esse:
2069 1187 2156 1217 illam
2174 1198 2249 1218 vero
2273 1199 2354 1229 quae
2378 1196 2434 1228 est,
2451 1200 2517 1221 non

1514 1228 1663 1267 possibile
1683 1239 1747 1259 non
1768 1239 1845 1267 esse,
1863 1238 1903 1269 et,
1922 1241 1987 1260 non
2004 1231 2189 1271 contingens
2205 1243 2271 1262 non
2287 1243 2364 1272 esse,
2382 1244 2416 1264 ea
2436 1245 2518 1275 quae

1516 1279 1572 1309 est,
1597 1282 1723 1303 necesse
1740 1281 1786 1304 est
1809 1284 1886 1311 esse,
1904 1282 1944 1314 et,
1961 1276 2156 1316 impossibile
2180 1287 2246 1307 non
2267 1287 2342 1308 esse.
2363 1278 2517 1309 Conside-

1515 1323 1600 1347 retur
1619 1324 1725 1348 autem
1750 1328 1786 1348 ex
1809 1319 2039 1360 subscriptione
2064 1322 2340 1361 quemadmodum
2364 1322 2515 1353 dicimus:

1448 1404 1599 1435 Possibile
1623 1412 1669 1436 est
1692 1416 1776 1445 esse,

1449 1449 1644 1488 Contingens
1668 1456 1714 1480 est
1738 1461 1819 1489 esse,

1447 1493 1522 1522 Non
1545 1493 1740 1532 impossibile
1764 1502 1810 1525 est
1833 1506 1916 1534 esse,

1448 1537 1522 1567 Non
1546 1538 1757 1568 necessarium
1781 1546 1827 1570 est
1850 1550 1932 1578 esse,

2014 1409 2088 1439 Non
2112 1410 2259 1449 possibile
2284 1418 2330 1442 est
2353 1422 2429 1442 esse.

2012 1454 2086 1483 Non
2110 1454 2296 1494 contingens
2320 1462 2366 1486 est
2389 1466 2466 1487 esse.

2015 1498 2211 1537 Impossibile
2235 1505 2282 1529 est
2304 1510 2380 1530 esse.

2014 1543 2234 1573 Necessarium
2257 1550 2303 1574 est
2326 1554 2392 1574 non
2415 1555 2493 1576 esse.

1448 1625 1600 1656 Possibile
1623 1634 1670 1657 est
1692 1637 1759 1657 non
1782 1637 1866 1666 esse,
2015 1630 2088 1660 Non
2105 1629 2255 1670 possibile
2271 1639 2318 1662 est
2333 1641 2399 1662 non
2415 1643 2492 1664 esse.

1449 1669 1645 1709 Contingens
1669 1678 1715 1701 est
1738 1682 1803 1702 non
1827 1682 1910 1711 esse,
2012 1675 2086 1704 Non
2103 1675 2288 1716 contingens
2302 1683 2348 1707 est
2357 1686 2423 1707 non
2437 1687 2514 1708 esse.

1448 1715 1522 1744 Non
1545 1714 1740 1754 impossibile
1764 1723 1811 1747 est
1823 1727 1889 1747 non
1906 1727 1984 1756 esse,
2014 1719 2212 1758 Impossibile
2236 1727 2283 1751 est
2305 1731 2372 1751 non
2395 1731 2472 1752 esse.

1448 1759 1522 1788 Non
1535 1760 1746 1790 necessarium
1761 1768 1807 1791 est
1822 1771 1888 1791 non
1908 1772 1985 1800 esse,
2009 1763 2229 1794 Necessarium
2252 1771 2299 1796 est
2321 1775 2398 1796 esse.

1448 1851 1517 1881 Hae
1540 1851 1644 1890 igitur,
1661 1851 1869 1892 impossibile,
1887 1859 1927 1890 et,
1948 1862 2013 1883 non
2038 1853 2245 1894 impossibile,
2266 1865 2336 1886 eam
2360 1866 2442 1897 quae
2457 1864 2514 1896 est,

1515 1895 1711 1936 contingenS,
1728 1903 1758 1926 et
1773 1897 1934 1936 possibile,
1952 1904 1982 1927 et
1996 1907 2061 1927 non
2078 1898 2274 1938 contingens,
2288 1906 2319 1930 et
2333 1910 2399 1930 non
2413 1902 2514 1941 possi-

1514 1939 1576 1970 bile
1600 1947 1776 1980 sequuntur
1800 1941 1930 1981 quidem
1962 1942 2220 1981 contradictorie,
2246 1944 2301 1974 sed
2325 1945 2512 1976 conversim.

1514 1984 1594 2014 Eam
1618 1984 1703 2014 enirn
1726 1995 1807 2025 quae
1832 1993 1887 2024 est,
1908 1986 2057 2026 possibile
2074 1997 2150 2024 esse,
2167 1988 2293 2027 negatio
2309 1988 2513 2029 impossibilis

1515 2028 1671 2069 sequitur,
1700 2039 1782 2069 quae
1806 2036 1867 2067 est,
1892 2040 1957 2060 non
1981 2030 2176 2070 impossibile
2200 2039 2282 2062 esse:
2312 2033 2514 2072 negationem

1513 2083 1589 2103 vero
1609 2073 1787 2103 affirmatio.
1813 2074 1903 2104 Illam
1919 2074 2014 2112 enim,
2028 2085 2094 2105 non
2111 2075 2260 2116 possibile
2279 2086 2357 2115 esse,
2374 2087 2410 2107 ea
2428 2087 2512 2118 quae

1514 2124 1577 2155 est,
1602 2117 1798 2157 impossibile
1821 2125 1904 2148 esse:
1929 2118 2096 2150 affirmatio
2120 2120 2206 2150 enim
2229 2127 2294 2159 est,
2318 2120 2514 2161 impossibile

1514 2169 1596 2199 esse;
1620 2172 1686 2192 non
1710 2162 1905 2202 impossibile
1929 2173 2015 2202 vero,
2041 2164 2176 2204 negatio.

1446 2206 1666 2237 Necessarium
1682 2213 1789 2236 autem
1810 2208 2086 2247 quemadmodum
2113 2219 2145 2239 se
2168 2208 2292 2247 habeat,
2316 2209 2514 2241 consideran-

1514 2251 1592 2281 dum
1612 2258 1667 2281 est.
1687 2250 1891 2281 Manifestum
1906 2259 1952 2283 est
1967 2259 2074 2283 autem
2090 2253 2179 2294 quod
2194 2263 2260 2283 non
2280 2254 2394 2284 eodem
2412 2250 2513 2286 modo

1513 2305 1546 2325 se
1569 2295 1673 2332 habet,
1698 2295 1752 2325 sed
1777 2296 1948 2327 contrariae
1972 2304 2158 2338 sequuntur,
2177 2297 2435 2330 contradictoriae
2458 2308 2513 2330 au-

1513 2346 1579 2370 tem
1602 2346 1676 2370 sunt
1700 2346 1792 2370 extra.

1446 2384 1520 2414 Non
1549 2383 1634 2414 enim
1663 2390 1709 2414 cst
1737 2384 1870 2423 negatio.
1888 2384 1975 2423 eius,
2007 2395 2088 2425 quae
2113 2393 2169 2424 est,
2193 2395 2319 2417 necesse
2342 2396 2407 2417 non
2434 2397 2512 2426 esse,

1514 2438 1550 2458 ea
1573 2438 1654 2469 quae
1672 2435 1727 2466 est,
1744 2438 1809 2458 non
1827 2438 1952 2459 necesse
1969 2437 2053 2460 esse:
2071 2430 2226 2470 contingit
2242 2431 2327 2461 enim
2342 2441 2429 2462 veras
2445 2441 2513 2462 esse

1513 2479 1662 2513 utrasque
1690 2472 1723 2502 in
1754 2473 1884 2503 eodem:
1917 2474 2005 2514 quod
2029 2474 2115 2504 enim
2138 2481 2184 2505 est
2207 2475 2418 2506 necessarium
2445 2485 2511 2507 non

1514 2526 1595 2554 esse,
1621 2527 1687 2547 non
1710 2523 1756 2547 est
1779 2518 1989 2551 necessarium
2013 2529 2090 2550 esse.

1447 2560 1552 2591 Causa
1575 2567 1682 2591 autem
1705 2561 1800 2591 huius
1819 2568 1875 2599 est,
1893 2572 1948 2592 cur
1967 2572 2032 2593 non
2049 2563 2192 2603 sequitur
2214 2563 2424 2594 necessarium
2444 2573 2511 2594 cae-

1513 2604 1584 2635 teris
1608 2604 1763 2636 similiter:
1788 2606 1942 2646 quoniam
1963 2607 2127 2645 contrarie,
2143 2607 2338 2647 impossibile
2355 2617 2432 2645 esse,
2457 2618 2510 2638 ne—

1513 2649 1645 2679 cessario
1669 2649 1809 2680 redditu'r
1831 2650 1917 2680 idem
1939 2651 2055 2681 valens.
2087 2652 2171 2681 Nam
2203 2652 2292 2692 quod
2315 2651 2510 2691 impossibile

1512 2703 1594 2731 esse,
1620 2703 1745 2723 necesse
1773 2693 1836 2724 hoc
1867 2704 1933 2724 non
1964 2695 2094 2735 quidem
2118 2705 2202 2734 esse,
2232 2696 2287 2726 sed
2310 2695 2417 2736 potius
2441 2706 2509 2727 non

1512 2744 1593 2767 esse:
1611 2737 1699 2777 quod
1721 2747 1796 2767 vero
1812 2737 2007 2778 impossibile
2023 2749 2088 2769 non
2115 2749 2192 2777 esse,
2209 2739 2271 2770 hoc
2298 2740 2510 2771 necessarium

1512 2791 1588 2811 esse.
1610 2781 1715 2818 Quare
1735 2781 1760 2811 si
1777 2781 1831 2811 illa
1854 2782 1995 2813 similiter
2012 2790 2188 2824 sequuntur
2208 2783 2369 2824 possibile,
2385 2791 2425 2822 et,
2443 2794 2509 2815 non

1511 2825 1679 2865 possibile:
1700 2825 1776 2856 haec
1800 2835 1837 2856 ex
1861 2826 2028 2866 opposito:
2059 2827 2213 2868 quoniam
2242 2838 2307 2858 non
2332 2827 2509 2868 significant

1511 2869 1596 2899 idem
1626 2869 1837 2900 necessarium
1859 2877 1889 2901 et
1918 2870 2128 2911 impossibile;
2159 2872 2214 2902 sed
2230 2870 2280 2914 (ut
2299 2872 2419 2903 dictum
2444 2871 2509 2916 est)

1512 2923 1698 2944 conversim.

1444 2960 1510 2988 Aut
1525 2965 1606 2988 certe
1621 2957 1815 2998 impossibile
1832 2965 1878 2989 est
1893 2958 1936 2990 sic
1956 2959 2033 2999 poni
2050 2960 2213 2990 necessarii
2234 2960 2507 2992 contradictiones.

1509 3002 1592 3032 Nam
1609 3002 1697 3042 quod
1721 3003 1930 3033 necessarium
1946 3011 1992 3034 est
2008 3014 2085 3042 esse,
2102 3004 2251 3044 possibile
2268 3011 2314 3035 est
2333 3013 2415 3035 esse:
2433 3015 2509 3036 nam

1511 3046 1536 3076 si
1552 3056 1635 3085 non,
1655 3047 1780 3086 negatio
1797 3055 2023 3088 consequetur:
2048 3056 2172 3079 necesse
2192 3055 2238 3079 est
2254 3049 2339 3079 enirn
2355 3056 2410 3080 aut
2425 3049 2509 3080 affir-

1510 3100 1606 3128 mare,
1631 3097 1685 3121 aut
1708 3101 1829 3130 negare.
1847 3092 1953 3128 Quare
1977 3092 2003 3122 si
2026 3103 2091 3123 non
2116 3093 2265 3133 possibile
2288 3100 2334 3124 est
2355 3103 2432 3131 esse,
2448 3093 2507 3124 im-

1509 3134 1658 3175 possibile
1682 3141 1728 3165 est
1751 3145 1828 3166 esse.
1856 3136 1952 3175 Igitur
1967 3137 2163 3177 impossibile
2183 3143 2229 3168 est
2252 3147 2318 3168 esse
2342 3138 2430 3178 quod
2453 3147 2507 3168 ne·

1510 3189 1594 3210 cesse
1618 3185 1663 3209 est
1687 3187 1770 3209 esse:
1794 3180 1883 3220 quod
1911 3187 1957 3211 est
1979 3181 2213 3212 inconveniens.
2245 3183 2287 3212 At
2314 3191 2389 3212 vero
2418 3182 2507 3212 illam

1509 3233 1590 3263 quae
1609 3229 1666 3261 est,
1681 3223 1830 3263 possibile
1853 3234 1934 3263 esse,
1955 3235 2020 3255 non
2039 3225 2233 3265 impossibile
2250 3236 2327 3263 esse,
2345 3226 2505 3267 sequitur:

1508 3267 1589 3297 hanc
1608 3276 1695 3305 vero,
1712 3277 1747 3298 ea
1763 3278 1844 3308 quae
1864 3275 1919 3307 est,
1937 3279 2002 3299 non
2022 3269 2232 3300 necessarium
2249 3276 2294 3300 est
2309 3277 2393 3308 esse;
2409 3279 2506 3311 quare

1509 3311 1663 3351 contingit
1681 3312 1769 3352 quod
1793 3313 2003 3344 necessarium
2023 3323 2099 3353 esse,
2117 3323 2182 3344 non
2198 3314 2408 3345 necessarium
2423 3320 2504 3344 esse:

1508 3356 1596 3396 quod
1620 3362 1665 3386 est
1688 3355 1922 3387 inconveniens,

1506 3409 1580 3429 vero
1605 3409 1707 3440 neque
1738 3401 1948 3432 necessarium
1981 3411 2063 3439 esse,
2088 3401 2230 3443 sequitur
2249 3411 2319 3432 eam
2342 3410 2422 3442 quae
2446 3407 2504 3439 est,

1507 3443 1657 3484 possibile
1681 3454 1758 3482 esse,
1776 3454 1879 3485 neque
1895 3455 1931 3475 ea
1947 3455 2029 3486 quae
2045 3452 2100 3483 est,
2120 3445 2330 3476 necessarium
2346 3455 2411 3475 non
2426 3454 2502 3475 esse.

1509 3488 1555 3518 Illi
1579 3488 1663 3518 enim
1683 3495 1816 3529 utraque
1833 3489 1986 3529 contingit
2002 3490 2156 3520 accidere:
2174 3490 2287 3520 harum
2303 3495 2409 3519 autem
2424 3495 2505 3518 utra—

1507 3532 1582 3562 libet
1601 3542 1673 3562 vera
1697 3532 1800 3570 fuerit,
1818 3543 1883 3563 non
1900 3540 1991 3564 erunt
2006 3533 2059 3564 illa
2077 3541 2164 3564 vera:
2189 3533 2283 3563 simul
2303 3532 2387 3562 enirn
2404 3532 2503 3572 possi-

1507 3576 1568 3606 bile
1585 3586 1662 3614 esse,
1682 3583 1723 3615 et,
1742 3586 1809 3606 non
1825 3586 1901 3607 esse.
1913 3577 1945 3607 Si
1955 3587 2030 3607 vero
2050 3586 2174 3607 necesse
2191 3586 2267 3615 esse,
2277 3576 2327 3607 vel
2344 3586 2410 3606 non
2425 3586 2504 3615 esse,

1441 3401 1484 3430 At

2547 841 2556 850 ⁸
2567 839 2624 867 Cap.
2634 845 2686 861 xm.
