2788 4204
1165 281 1277 317 CAP.
1308 280 1375 326 III,
1406 279 1557 316 LECT.
1586 279 1672 315 VIII

329 359 494 396 formam
515 358 803 407 argumentandi
830 358 1081 406 praemissam
1101 358 1263 395 ostendit
1290 358 1394 406 quod

328 412 367 449 in
395 412 564 449 circulari
592 412 914 449 demonstratione
934 412 1170 449 concluditur
1197 411 1299 448 idem
1327 424 1396 459 per

326 464 443 511 idem,
465 465 624 514 sumptis
648 465 798 502 duobus
818 465 986 502 terminis
1005 472 1163 502 tantum.
1194 465 1275 504 Erit
1294 464 1395 500 enim

330 518 470 555 dicere:
500 519 543 555 Si
567 524 623 555 est
637 518 690 563 A,
710 524 765 554 est
788 519 843 562 B;
872 526 908 554 et
935 518 1165 555 reflectendo
1193 519 1311 567 (quod
1342 525 1397 554 est

330 570 555 608 circulariter
570 571 864 617 demonstrare):
886 571 927 607 Si
944 577 999 607 est
1014 573 1060 617 B,
1076 572 1177 608 estA'
1191 577 1213 608 ⁹.
1235 572 1293 608 Ex
1313 571 1393 618 qui-

329 624 400 660 bus
424 623 575 661 duobus
594 624 773 672 sequitur,
794 624 1007 661 secundum
1030 625 1196 661 formam
1215 623 1397 672 arguendi

327 676 591 725 praemissam,
623 677 666 714 Si
690 682 745 713 est
760 678 812 723 A,
838 683 892 714 est
907 678 954 715 A.
981 678 1098 724 Quod
1126 678 1178 714 sic
1205 685 1318 727 patet.
1340 677 1395 714 Si-

329 735 393 765 cut
420 728 522 765 enim
555 728 593 765 in
620 729 745 778 prima
778 731 1025 777 deductione,
1059 743 1158 778 quae
1186 731 1302 768 fiebat
1328 742 1397 779 per

328 788 403 818 tres
430 781 634 830 terminos,
664 783 713 820 ad
741 784 772 820 B
802 784 1031 832 sequebatur
1059 784 1108 830 C;
1134 784 1184 821 ita
1212 785 1249 821 in
1279 784 1396 821 dedu-

329 833 453 871 ctione
482 835 622 872 reflexa
651 836 816 873 duorum
844 837 1107 883 terminorum,
1137 837 1185 874 ad
1214 838 1244 874 B
1273 837 1396 885 sequi-

328 894 389 924 tur
415 889 461 925 A.
488 889 659 926 Ponatur
687 902 776 937 ergo
805 890 909 938 quod
948 891 1050 928 idem
1085 891 1269 938 significet
1296 892 1331 927 A
1358 890 1397 927 in

329 940 498 978 secunda
526 941 754 980 deductione
782 943 940 990 reflexa,
969 944 1074 991 quod
1103 945 1134 981 C
1163 944 1399 991 significabat

329 993 369 1030 in
395 993 527 1042 prima·
548 994 699 1042 directa,
720 1008 820 1044 quae
840 1004 895 1033 est
921 1009 992 1045 per
1009 1005 1084 1034 tres
1111 997 1306 1033 terminos.
1329 996 1397 1044 Igi-

253 1057 279 1090 ·,
329 1053 390 1083 tur
415 1046 540 1084 dicere
568 1047 607 1084 in
635 1049 802 1086 secunda
826 1049 1066 1096 deductione,
1086 1051 1129 1086 Si
1145 1055 1200 1086 est
1211 1051 1257 1095 Β,
1277 1055 1333 1086 est
1348 1049 1396 1094 A,

195 1169 207 1200 ξ

87 1272 304 1299 'nnn-netis,-

87 1305 116 1322 οε
131 1299 203 1322 etiam
215 1299 249 1321 in.

88 1377 188 1400 *Codd.
208 1379 270 1404 (exc.
287 1383 303 1398 ιιι

87 1405 144 1431 nl:
157 1405 302 1426 nonno-are.

91 1486 303 1510 'codex-mlum:

87 1512 284 1545 putantum.

155 1552 193 1565 ,515
204 1551 206 1553 ’

330 1106 387 1135 est
413 1099 488 1136 hoc
515 1100 641 1148 ipsum
669 1101 775 1149 quod
804 1110 882 1138 erat
910 1102 1034 1139 dicere
1062 1102 1102 1143 in
1129 1102 1252 1150 prima
1281 1102 1397 1138 dedu-

330 1151 474 1198 ctione,
503 1154 547 1189 Si
571 1159 627 1190 est
650 1155 702 1200 B,
731 1160 786 1191 est
815 1156 856 1192 C.
887 1154 963 1192 Sed
990 1167 1078 1191 cum
1107 1154 1302 1191 dicebatur
1319 1152 1333 1178 ε
1360 1155 1399 1191 in

329 1203 453 1252 prima
482 1204 720 1253 deductione,
741 1208 785 1244 Si
809 1213 863 1244 est
878 1209 925 1252 Β,
945 1213 1000 1244 est
1030 1208 1072 1253 C,
1098 1207 1338 1255 sequebatur,
1359 1208 1401 1244 Si

329 1262 384 1294 est
399 1257 448 1302 A,
465 1263 519 1294 est
547 1259 588 1295 C.
609 1261 712 1308 Ergo
732 1259 771 1296 in
785 1261 805 1279 ⁴⁵
820 1259 1048 1297 deductione
1077 1260 1247 1296 circulari
1275 1261 1398 1310 sequi-

329 1317 400 1358 tur,
417 1310 460 1346 Si
472 1316 525 1347 est
536 1312 585 1358 A,
601 1318 656 1349 est
666 1314 722 1350 A:
741 1313 830 1362 quia
845 1313 876 1350 C
897 1326 986 1350 cum
1001 1315 1035 1349 A
1049 1313 1153 1350 idem
1168 1314 1333 1361 ponitur.
1351 1315 1400 1350 Et

329 1363 484 1409 italeve
500 1365 572 1402 erit
589 1365 853 1404 demonstrare
868 1368 888 1386 ⁴*
903 1366 1045 1412 omnia,
1065 1375 1106 1404 ut
1125 1366 1267 1404 dictum
1288 1375 1354 1405 est.

385 1429 420 1465 7.
443 1417 614 1456 Tertiam
629 1421 818 1458 rationem
837 1420 961 1469 ponit;
973 1420 1042 1457 ibi:
1062 1422 1115 1458 At
1129 1432 1221 1457 vero
1241 1433 1310 1458 nec
1327 1422 1399 1458 hoc

323 1470 501 1520 possibile
519 1478 574 1509 est
590 1481 660 1512 etc.
681 1475 794 1521 Quae
821 1473 904 1511 talis
923 1482 980 1510 est
998 1475 1028 1511 *.
1054 1475 1246 1511 Ponentes
1270 1474 1400 1511 omnia

327 1536 442 1573 posse
475 1526 560 1564 sciri
589 1540 658 1577 per
687 1528 1057 1565 ‘demonstrationem
1074 1557 1083 1574 ,
1117 1527 1206 1576 quia
1240 1527 1399 1564 demon-

329 1578 458 1616 stratio
478 1588 534 1617 est
553 1581 755 1629 circularis,
785 1594 941 1618 necesse
969 1582 1113 1618 habent
1144 1581 1271 1618 dicere
1296 1581 1400 1629 quod

394 1723 473 1754 idem,
492 1730 541 1747 seu
560 1727 600 1747 est
614 1722 702 1754 petitio
721 1721 852 1754 principii:
865 1722 921 1746 aliis
935 1722 1005 1747 enirn
1023 1723 1110 1747 verbis
1124 1723 1193 1748 idern
1207 1728 1247 1748 est
1260 1731 1290 1748 ac
1304 1723 1402 1748 dicere:

330 1759 426 1785 Petrus
438 1762 478 1784 est
491 1758 570 1783 homo
584 1757 647 1790 quia
660 1760 700 1782 est
713 1757 816 1782 animal
828 1757 973 1786 rationale‚·
983 1757 1078 1782 Petrus
1092 1762 1132 1783 est
1145 1759 1246 1783 animal
1259 1759 1401 1788 rationale,

330 1795 395 1828 quia
407 1797 447 1819 est
461 1794 539 1822 homo
545 1800 555 1822 ‚·
573 1800 630 1823 seu,
643 1793 667 1817 A
685 1796 724 1817 est
742 1793 774 1820 A,
789 1792 853 1825 quia
871 1796 911 1817 est
927 1794 960 1817 A.

384 1829 407 1864 ν)
428 1829 491 1854 Erit
507 1828 577 1853 enim
597 1828 684 1853 dicere
702 1832 750 1852 etc.
769 1827 816 1852 Est
834 1827 910 1852 lectio
927 1827 1045 1852 omnium
1065 1828 1139 1853 codd.
1154 1829 1240 1861 quoad
1260 1829 1402 1861 transposi-

330 1865 437 1895 tionem,
456 1871 536 1897 quam
555 1863 718 1896 adoptamus.
727 1877 746 1882 —
755 1863 789 1888 P:
807 1866 845 1887 est
867 1861 903 1898 (et
916 1863 950 1887 ita
964 1863 1039 1888 codd.
1054 1861 1233 1898 MNOQRST)
1252 1865 1362 1889 enim...
1376 1867 1403 1889 et

331 1899 504 1936 reflectendo:
517 1899 541 1924 si
554 1901 595 1924 est
607 1898 632 1922 Β
645 1901 685 1923 est
697 1899 736 1922 A:
754 1898 826 1931 quod
839 1902 878 1923 est
891 1898 1060 1923 circulariter
1074 1898 1265 1924 demonstrare.
1274 1913 1294 1919 —
1303 1900 1366 1924 Cod.
1377 1899 1401 1924 Ο

331 1942 443 1968 eaquae
457 1939 611 1967 sequuntur,
625 1940 663 1958 ex
676 1933 770 1966 quibus
784 1938 824 1958 etc
849 1941 935 1966 usque
949 1933 981 1958 ad
999 1933 1024 1959 si
1036 1937 1076 1959 est
1089 1935 1113 1958 A
1131 1938 1171 1959 est
1183 1936 1215 1964 A,
1235 1935 1336 1959 omittit.
1351 1935 1403 1959 Sed

331 1975 372 1996 est
387 1970 512 1995 mendum
532 1968 706 1994 manifestum.

385 2004 409 2040 ξ)
429 2005 484 2031 Sed
497 2012 557 2030 cum
571 2004 734 2029 dicebatur...
746 2004 822 2038 Ergo
836 2008 884 2029 etc.
898 2004 993 2029 Forma
1006 2004 1084 2029 huius
1098 2005 1243 2037 argumenti
1257 2005 1307 2030 hoc
1320 2006 1400 2030 modo

331 2041 424 2075 legitur
441 2041 468 2065 in
487 2041 528 2065 ed.
542 2040 621 2064 Piana
645 2044 670 2064 et
688 2039 714 2064 in
734 2039 818 2070 codd.‚
832 2047 885 2064 exc.
898 2040 1005 2064 BGL.—
1016 2040 1147 2064 Diminuta
1169 2041 1277 2065 refertur
1299 2042 1373 2066 lectio
1387 2048 1402 2065 a

331 2077 390 2102 cod.
404 2076 439 2103 B:
458 2076 506 2101 sed
524 2076 550 2100 in
565 2074 658 2107 prima
673 2075 831 2100 deductione
848 2076 1018 2108 sequebatur,
1037 2075 1061 2100 si
1078 2079 1118 2101 est
1130 2077 1163 2106 A,
1177 2080 1218 2101 est
1238 2077 1273 2107 C‚·
1291 2083 1358 2110 ergo
1376 2079 1402 2101 et

331 2112 358 2138 in
378 2112 536 2138 deductione
554 2110 681 2136 circulari
698 2111 831 2143 sequitur,
851 2111 874 2136 si
892 2114 932 2136 est
944 2112 976 2141 A,
991 2114 1031 2136 est
1043 2111 1082 2141 A,
1102 2111 1165 2144 quia
1182 2112 1205 2136 C
1215 2119 1274 2137 cum
1293 2114 1317 2138 A
1331 2112 1400 2137 idem

326 2147 450 2180 ponitur.
465 2161 486 2167 —-
498 2146 593 2171 Cod.L
609 2150 648 2170 est
667 2146 750 2178 magis
773 2145 938 2179 imperfectus
962 2154 1040 2179 quam
1059 2147 1095 2172 B:
1118 2147 1212 2171 omittit
1235 2148 1303 2172 enim
1322 2147 1401 2172 verba

331 2183 436 2212 omnia,
455 2182 503 2207 sed
520 2189 580 2207 cum
599 2186 647 2206 etc.
666 2189 753 2214 usque
776 2182 808 2206 ad
827 2182 985 2214 sequebatur
1003 2182 1171 2207 exclusive.·-
1183 2182 1248 2208 Cod.
1267 2183 1291 2208 G
1305 2183 1400 2208 omittit

331 2218 411 2243 verba
430 2217 568 2243 dicebatur
586 2221 611 2241 et
629 2217 969 2248 sequebatur.-Praeterea
988 2225 1047 2242 cum
1067 2217 1150 2248 codd.‚
1170 2225 1222 2243 exc.
1242 2219 1349 2249 HKQT,
1365 2219 1400 2243 le-

349 2253 418 2278 'mus
437 2253 515 2285 paulo
529 2252 609 2277 infra:
629 2252 692 2284 quia
712 2252 736 2277 C
750 2260 810 2277 cum
829 2253 853 2277 A
872 2252 942 2277 idem
956 2253 1078 2284 ponitur,
1097 2253 1155 2277 loco
1178 2253 1286 2279 Pianae:
1305 2262 1363 2279 cum
1377 2254 1400 2278 A

343 2288 401 2313 dem
415 2291 539 2320 ponatur
552 2287 624 2320 quod
640 2287 696 2312 C.-
710 2287 792 2312 Codd.
807 2288 906 2318 HKQT
925 2288 1043 2313 mendosi
1068 2294 1143 2313 sunt:
1167 2289 1230 2321 quia
1245 2288 1296 2323 (H,
1313 2288 1400 2323 quod)

332 2330 391 2349 cum
411 2323 459 2358 (T,
479 2323 541 2356 quia
559 2322 726 2356 est)Aidem
741 2326 870 2354 ponatur.
891 2323 927 2348 Et
945 2323 984 2348 ita
1002 2324 1169 2348 etc.—Tom.
1184 2325 1246 2356 quia
1259 2325 1283 2350 C
1289 2332 1347 2350 cum
1363 2327 1395 2350 A.

387 2357 413 2393 o)
430 2359 490 2384 Hoc
508 2362 597 2384 autem
617 2365 669 2383 non
678 2361 770 2390 potest
779 2358 930 2391 fieri.-G:
949 2359 1034 2384 hoc...
1049 2359 1101 2384 nisi
1112 2366 1150 2384 ex
1167 2359 1216 2389 his,
1231 2367 1298 2393 quae
1316 2367 1343 2385 se
1362 2361 1401 2385 in-

332 2393 415 2419 vicem
437 2397 642 2423 conver-tuntum·
667 2399 692 2418 et
716 2401 784 2426 quae
801 2401 829 2418 se
857 2394 966 2419 invicem
991 2398 1184 2420 convertuntur
1207 2395 1302 2420 habent
1324 2396 1400 2421 etiam

333 2429 408 2455 codd.
422 2429 695 2460 ACDELOQRST.—
705 2429 787 2454 Codd.
802 2429 863 2454 HN:
883 2437 951 2462 quae
964 2429 1014 2455 sibi
1028 2430 1138 2455 invicem
1153 2435 1360 2461 convertuntur5
1379 2432 1401 2456 1:

333 2471 400 2498 quae
419 2465 445 2490 in
467 2472 495 2490 se
518 2465 628 2490 invicem
653 2468 716 2494 etc.;
740 2464 803 2489 KM:
822 2472 890 2497 quae
911 2465 982 2490 inter
1003 2473 1031 2490 se
1054 2465 1164 2490 invicem
1188 2467 1400 2499 etc.—Denique‚

333 2500 403 2525 idest
424 2500 607 2526 convertibilia
628 2505 676 2524 etc.
701 2499 783 2525 Codd.
808 2500 1084 2530 CDEHKLMQRST:
1108 2501 1177 2526 idest
1201 2503 1400 2532 convertibilia,

332 2535 401 2560 sicut
419 2539 482 2561 sunt
494 2536 623 2568 propria,-
642 2534 787 2560 ABGINO:
807 2535 875 2561 idest
888 2536 1069 2561 convertibilia
1082 2539 1157 2565 sunt,
1176 2537 1245 2562 sicut
1262 2541 1325 2563 sunt
1333 2545 1403 2571 pro-

326 2577 402 2603 prta.

386 2605 465 2631 Addit
483 2614 505 2631 s.
519 2605 646 2637 Thomas,
661 2605 730 2631 sicut
739 2606 864 2638 propria.
882 2607 910 2631 ln
925 2606 996 2632 omni
1015 2614 1044 2631 re
1058 2608 1110 2632 duo
1128 2613 1189 2632 sunt
1207 2608 1401 2639 consideranda,

333 2641 429 2667 scilicet
447 2641 577 2670 essentia,
595 2646 620 2666 et
638 2649 668 2666 ea
689 2649 757 2674 quae
785 2648 981 2675 consequuntur
1002 2643 1141 2667 essentiam
1161 2641 1243 2676 (sicut
1267 2645 1402 2676 capacitas

332 2676 434 2702 sciendi
451 2682 477 2702 et
495 2676 632 2702 risibilitas
651 2676 676 2700 in
695 2676 823 2711 homine),
839 2685 907 2710 quae
925 2685 977 2702 non
991 2683 1053 2702 sunt
1071 2678 1128 2711 ipsa
1143 2678 1286 2704 substantia
1300 2688 1346 2704 seu
1361 2687 1401 2704 es·-

334 2711 415 2737 sentia
427 2712 472 2744 rei,
487 2712 535 2737 sed
549 2712 698 2737 accidentia
711 2712 775 2743 eius,
788 2720 841 2737 non
855 2713 960 2746 quidem
977 2713 1137 2746 separabilia,
1151 2714 1198 2738 sed
1212 2714 1400 2748 inseparabilia,

335 2747 400 2772 dicta
418 2752 555 2781 propterea
574 2747 711 2772 accidentia
727 2754 778 2779 per·
795 2755 830 2773 se.
850 2748 883 2773 Et
901 2749 1020 2773 dicuntur
1038 2749 1114 2773 etiam
1128 2750 1252 2782 propria,
1267 2750 1328 2784 quia
1342 2758 1403 2775 cum

335 2788 526 2816 consequantur
544 2783 684 2808 essentiam
703 2783 912 2815 determinatam,
931 2784 966 2808 ita
983 2789 1044 2808 sunt
1061 2784 1164 2817 propria
1184 2785 1266 2817 illius,
1285 2791 1312 2810 ut
1331 2786 1403 2810 nullo

334 2821 411 2851 pacto
424 2818 450 2842 in
463 2818 512 2843 alia
531 2818 643 2843 essentia
661 2818 824 2843 inveniantur
860 2819 897 2844 Cf.
912 2820 969 2844 lect.
982 2827 1015 2850 11,
1034 2825 1088 2845 not.
1107 2816 1139 2854 α)
1158 2821 1255 2845 -Hinc
1273 2821 1340 2846 sicut
1358 2821 1403 2846 de-

334 2851 416 2878 finitio
432 2853 575 2878 essentialis
591 2854 748 2878 convertitur
762 2861 822 2878 cum
855 2853 954 2886 efinito,
974 2859 1000 2879 et
1014 2863 1075 2879 vere
1089 2855 1212 2880 dicimus:
1227 2857 1312 2882 omnis
1324 2857 1403 2882 homo

335 2890 375 2913 est
392 2888 493 2913 animal
512 2889 657 2917 rationale.
678 2896 755 2914 omne
773 2890 874 2914 animal
893 2890 1024 2915 rationale
1035 2893 1075 2915 est
1088 2891 1166 2916 homo
1172 2898 1182 2920 ;
1200 2891 1234 2916 ita
1248 2900 1309 2917 vere
1325 2892 1402 2917 etiam

337 2922 459 2948 dicimus:
478 2924 563 2949 omnis
581 2924 660 2949 homo
678 2927 718 2949 est
743 2925 850 2950 risibilis
856 2932 865 2954 ,·
883 2932 960 2950 omne
978 2926 1077 2950 risibile
1090 2929 1130 2951 est
1142 2926 1229 2952 homo.
1244 2927 1284 2952 De
1296 2935 1403 2952 conver-

336 2958 408 2982 sione
426 2959 633 2992 propositionum
652 2959 711 2984 vide
730 2967 808 2992 supra
827 2968 852 2984 n.
869 2967 891 2991 2,
911 2966 972 2985 nota
990 2968 1016 2985 α.
1164 2962 1169 2966 ”

389 2992 419 3028 π)
435 2993 585 3019 Secundum
599 2994 760 3026 positionem
775 2995 887 3020 istorum
904 2995 956 3030 (H,
972 2995 1105 3031 ipsorum)
1120 2997 1238 3022 ete-lta
1252 3005 1345 3022 omnes
1358 3005 1402 3022 co—

337 3028 444 3054 dices.-
454 3029 487 3053 P:
506 3030 650 3054 secundum
658 3029 818 3062 positionem
834 3030 945 3055 istorum
959 3034 1051 3063 patet:
1065 3031 1128 3064 quia
1147 3035 1279 3057 ostensum
1293 3036 1334 3058 est
1354 3037 1402 3058 etc.

389 3063 415 3098 p)
434 3064 589 3089 Monstrare
607 3065 634 3089 in
646 3065 739 3097 prima
747 3066 852 3098 figura.
861 3080 881 3085 —-
890 3066 983 3096 Figura
997 3066 1142 3099 syllogismi
1155 3072 1195 3092 est
1208 3067 1342 3101 dispositio
1352 3075 1402 3093 ex-

337 3102 482 3124 tremorum
495 3107 554 3124 cum
568 3099 651 3130 tertio,
665 3101 735 3133 quod
753 3100 844 3125 dicitur
858 3101 960 3126 medius
974 3101 1103 3127 terminus
1121 3110 1168 3127 seu
1187 3102 1337 3136 simpliciter
1351 3111 1404 3128 me-

337 3134 425 3164 aium,
444 3139 473 3159 ut
490 3134 606 3160 videatur
628 3143 660 3160 an
684 3135 762 3160 simul
786 3144 845 3160 cum
864 3135 914 3160 isto
931 3140 1056 3162 extrema
1080 3138 1245 3168 conveniant,
1271 3146 1303 3163 an
1321 3146 1402 3163 unum

337 3170 472 3194 conveniat
489 3174 515 3194 et
533 3171 643 3195 alterum
657 3178 709 3194 non
728 3170 778 3202 (Cf.
792 3171 850 3196 lect.
864 3179 882 3203 1,
901 3177 955 3196 not.
967 3171 1009 3204 η);
1029 3177 1054 3197 et
1068 3172 1105 3197 sic
1119 3173 1241 3198 inferatur
1256 3174 1346 3198 eadem
1361 3181 1402 3198 ex-

337 3210 418 3230 trema
433 3204 498 3229 inter
513 3212 543 3230 se
555 3205 692 3230 convenire
705 3206 747 3230 vel
766 3214 818 3230 non
835 3206 980 3238 convenire,
991 3207 1014 3231 vi
1028 3207 1131 3232 illorum
1150 3208 1317 3233 axiomatum:
1336 3215 1404 3241 quae

337 3243 400 3265 sunt
417 3240 510 3265 eadem
530 3240 576 3264 uni
589 3240 680 3269 tertio,
698 3244 761 3265 sunt
774 3241 866 3266 eadem
880 3241 950 3266 inter
967 3242 1106 3271 se,·-—duo,
1119 3251 1231 3276 quorum
1247 3251 1327 3268 unum
1341 3251 1403 3268 con-

338 3275 409 3300 venit
426 3283 485 3300 cum
505 3275 585 3300 tertio
603 3278 629 3300 et
647 3276 760 3300 alterum
780 3283 831 3301 non
853 3277 985 3306 convenit,
1005 3285 1057 3303 non
1076 3278 1235 3303 conveniunt
1253 3279 1322 3303 inter
1339 3286 1405 3303 se.—

338 3310 439 3341 Quibus
458 3310 549 3344 positis
571 3310 646 3335 facile
670 3316 710 3335 est
733 3311 875 3343 intelligere
893 3313 964 3345 quod
983 3313 1117 3345 dispositio
1141 3316 1323 3338 extremorum
1343 3322 1403 3338 cum

338 3345 433 3375 medio,
448 3346 538 3379 triplex
557 3353 616 3370 esse
628 3350 722 3378 potest.
737 3347 920 3379 Supponuntur
931 3348 957 3372 M
971 3348 1096 3372 terminus
1109 3348 1218 3379 medius,
1231 3349 1252 3372 E
1266 3356 1346 3373 unum
1360 3357 1403 3374 ex-

337 3385 459 3412 tremum,
478 3381 512 3405 E'
532 3381 641 3405 alterum
660 3386 818 3412 extremum;
837 3387 863 3406 et
881 3390 913 3407 en
931 3382 1017 3407 variae
1035 3383 1226 3416 dispositiones.

711 3441 744 3466 1⁸.
764 3440 800 3465 M
816 3444 856 3466 est
878 3441 905 3466 E

767 3477 807 3501 E'
824 3479 864 3501 est
882 3476 917 3500 M

768 3511 804 3536 E'
822 3514 862 3536 est
881 3512 908 3536 E

391 3573 420 3598 In
438 3571 487 3597 hac
506 3571 674 3604 dispositione
692 3571 793 3596 medius
811 3571 936 3596 terminus
955 3572 980 3596 M
1000 3577 1040 3597 est
1058 3571 1202 3596 subiectum
1220 3571 1246 3596 in
1263 3572 1367 3600 maiori,
1381 3576 1407 3596 et

338 3607 512 3641 praedicatum
531 3607 557 3631 in
571 3607 684 3632 minori:
702 3612 727 3632 et
739 3607 841 3639 quoties
860 3607 1028 3640 syllogismus
1041 3607 1133 3632 habeat
1145 3610 1268 3632 extrema
1281 3606 1406 3640 disposita

481 3661 550 3694 Opp.
570 3662 600 3686 D.
615 3661 729 3686 Tnonna
743 3661 775 3686 T.
795 3662 812 3686 1.

2441 274 2511 322 169

1450 356 1579 394 omnia
1611 363 1771 405 possunt
1804 353 2056 392 demonstrari
2094 353 2416 390 demonstratione
2445 353 2512 389 cir-

1450 410 1584 455 culari3
1614 417 1650 446 et
1677 409 1727 446 ita
1754 420 1910 445 necesse
1938 408 2081 444 habent
2108 407 2232 443 dicere
2261 406 2364 455 quod
2392 406 2430 442 in
2449 406 2513 442 de-

1450 463 1722 500 monstratione
1752 462 1922 499 circulari
1951 473 1996 497 ex
2017 460 2260 516 copclusione
2279 459 2396 508 possit
2424 471 2512 495 con-

1451 517 1550 553 cludi
1574 519 1592 536 ⁹⁶
1616 525 1776 565 utraque
1818 515 2125 565 praemissarum.
2161 515 2247 550 Hoc
2279 521 2407 549 autem
2435 524 2514 549 non

1449 577 1574 618 potest
1592 570 1675 607 fieri
1694 569 1764 606 nisi
1783 569 1822 606 in
1840 568 1910 615 his,
1928 581 2026 617 quae
2046 568 2095 605 ad
2115 579 2156 603 se
2175 566 2340 604 invicem
2356 577 2513 603 conver-

1450 630 1577 659 tuntur
1600 628 1634 670 ⁰,
1668 622 1765 659 idest
1792 622 2051 659 convertibilia
2079 627 2185 667 sunt,
2224 619 2318 656 sicut
2339 619 2511 667 propria.

1452 676 1530 712 Sed
1557 688 1636 712 non
1664 675 1795 712 omnia
1814 683 1901 712 sunt
1919 674 2149 712 huiusmodi.
2172 674 2274 720 Ergo
2293 684 2439 710 vanum
2460 680 2515 708 est

1451 729 1576 766 dicere
1605 728 1709 776 quod
1738 728 1868 765 omnia
1895 735 2056 776 possunt
2075 726 2338 773 demonstrari,
2359 733 2514 774 propter

1451 782 1524 818 hoc
1553 781 1658 829 quod
1687 781 1958 818 demonstratio
1989 788 2044 817 est
2072 780 2272 816 circularis.

1506 835 1541 871 8.
1563 833 1681 880 Quod
1700 841 1828 870 autem
1849 841 2022 883 oporteat
2045 834 2084 871 in
2103 831 2426 870 demonstratione
2447 830 2514 867 cir-

1452 888 1569 924 culari
1588 886 1718 924 omnia
1742 899 1824 923 esse
1845 887 2103 924 convertibilia
2131 887 2343 924 secundum
2362 884 2515 934 positio—

1450 954 1542 978 nem
1557 941 1729 986 istorum,
1745 940 1799 977 sic
1814 940 1976 977 ostendit
1989 946 2020 977 π.
2031 961 2055 968 -
2072 941 2278 978 Ostensum
2294 946 2349 975 est
2363 938 2401 975 in
2419 937 2515 974 libro

1450 993 1783 1041 Priorum*quod,
1802 1006 1882 1030 uno
1910 993 2046 1042 posito,
2076 1006 2155 1030 non
2183 993 2350 1042 sequitur
2378 1004 2423 1028 ex
2450 1003 2515 1028 ne—

1453 1047 1623 1084 cessitate
1652 1046 1755 1082 aliud
1770 1049 1808 1092 ⁷²³3
1829 1059 1900 1083 nec
1918 1046 2042 1094 posito
2064 1059 2140 1085 uno
2160 1046 2334 1092 termino,
2358 1057 2429 1082 nec
2448 1057 2516 1093 po-

1453 1101 1522 1137 sita
1549 1112 1627 1136 una
1654 1100 1915 1148 propositione
1943 1107 2101 1136 tantum.
2124 1101 2228 1136 Nam
2253 1098 2377 1136 omnis
2405 1099 2516 1147 syllo-

1453 1154 1597 1201 gismus
1626 1161 1681 1189 est
1701 1165 1746 1189 ex
1773 1153 1892 1190 tribus
1919 1153 2088 1189 terminis
2115 1161 2151 1190 et
2172 1154 2191 1175 *
2210 1153 2357 1190 duabus
2376 1164 2516 1200 propo-

1454 1206 1651 1243 sitionibus
1689 1207 1738 1243 ad
1766 1206 1904 1243 minus.
1932 1207 2095 1255 Oportet
2122 1219 2211 1254 ergo
2241 1206 2409 1255 accipere
2443 1214 2518 1242 tres

1454 1259 1637 1296 terminos
1667 1260 1932 1297 convertibiles
1951 1260 1990 1296 in
2013 1260 2335 1307 demonstratione
2365 1259 2518 1295 circula-

1454 1314 1496 1361 ri,
1517 1313 1657 1350 scilicet
1675 1315 1721 1359 A,
1748 1314 1790 1360 B,
1813 1314 1843 1350 C
1862 1315 1900 1359 *3
1921 1314 1970 1350 ita
2000 1313 2104 1362 quod
2124 1316 2158 1350 A
2178 1313 2263 1350 insit
2291 1313 2396 1349 omni
2423 1313 2454 1348 B
2484 1319 2520 1348 et
2545 1326 2554 1334 -

1454 1367 1561 1404 omni
1590 1367 1633 1413 C,
1656 1375 1692 1404 et
1719 1367 1815 1403 haec
1843 1367 1983 1404 scilicet
2010 1368 2040 1403 B
2071 1375 2106 1403 et
2134 1367 2165 1403 C
2201 1367 2421 1403 inhaereant
2448 1364 2518 1401 sibi

1454 1420 1633 1468 invicem,
1653 1421 1703 1457 ita
1732 1421 1836 1469 quod
1865 1433 1981 1457 omne
2011 1422 2042 1457 Β
2070 1420 2116 1457 sit
2144 1420 2187 1467 C,
2216 1428 2251 1456 et
2279 1431 2394 1456 omne
2424 1419 2455 1455 C
2475 1417 2521 1454 sit

1454 1475 1497 1521 B,
1520 1482 1556 1510 et
1574 1474 1711 1511 iterum
1740 1475 1836 1510 haec
1851 1474 1871 1495 *
1891 1474 2004 1511 insint
2031 1474 2102 1522 ipsi
2121 1476 2175 1520 A,
2202 1474 2253 1510 ita
2272 1473 2375 1521 quod
2405 1483 2519 1508 omne

1454 1530 1489 1564 A
1517 1527 1563 1564 sit
1589 1528 1633 1574 B,
1656 1535 1692 1564 et
1719 1540 1835 1564 omne
1864 1530 1899 1564 A
1919 1528 1964 1564 sit
1992 1528 2036 1564 C.
2071 1528 2120 1564 Et
2147 1527 2197 1564 ita
2225 1539 2264 1563 se
2294 1525 2520 1563 habentibus

1454 1581 1624 1618 terminis
1637 1610 1646 1627 ,
1671 1582 1854 1631 contingit
1875 1582 1894 1603 *
1914 1587 2125 1618 monstrare
2145 1581 2181 1617 in
2201 1580 2330 1628 prima
2349 1581 2487 1629 figura
2506 1584 2522 1609 Ρ

1456 1723 1505 1748 hoc
1524 1724 1603 1748 modo
1622 1731 1681 1748 cum
1701 1723 1786 1748 medio
1806 1723 1895 1748 dicitur
1914 1723 2082 1756 syllogismus
2096 1723 2122 1747 in
2142 1722 2224 1755 prima
2242 1721 2331 1754 figura.
2344 1722 2520 1747 —Notandum

1457 1759 1527 1791 quod
1547 1759 1634 1784 maior
1653 1759 1797 1792 syllogismi
1816 1759 1920 1791 proprie
1939 1758 2037 1789 dicitur,
2053 1767 2104 1782 non
2123 1758 2165 1782 illa
2184 1765 2251 1790 quae
2265 1758 2349 1790 primo
2367 1758 2522 1790 pronuncia—

1456 1799 1498 1818 tur
1510 1802 1556 1819 seu
1571 1794 1683 1827 ponitur,
1694 1795 1740 1819 sed
1752 1802 1819 1827 quae
1832 1794 1943 1818 continet
1957 1794 2130 1826 praedicatum
2145 1793 2324 1824 conclusioniS,
2335 1793 2422 1818 minor
2434 1798 2522 1818 autem

1456 1829 1500 1854 illa
1518 1835 1566 1860 est,
1589 1837 1656 1862 quae
1675 1829 1751 1854 habet
1775 1829 1892 1854 eiusdem
1912 1829 2085 1854 conclusionis
2105 1829 2249 1854 subiectum
2265 1827 2314 1861 (Cf.
2329 1828 2393 1853 infra
2412 1829 2468 1853 lect.
2481 1837 2521 1859 xv,

1457 1873 1482 1889 n.
1497 1863 1534 1900 6).
1552 1866 1582 1890 E.
1602 1873 1641 1898 g.,
1667 1865 1750 1889 Omne
1768 1865 1869 1889 animai
1887 1868 1927 1889 est
1950 1865 2111 1894 substantia‚·
2135 1865 2221 1890 omnis
2244 1864 2322 1889 homo
2342 1867 2381 1889 est
2402 1864 2519 1894 animal;

1457 1901 1543 1925 omnis
1561 1900 1639 1926 homo
1658 1903 1697 1925 est
1708 1900 1866 1925 substantia.
1881 1900 2057 1925 Praedicatum
2072 1900 2149 1925 huius
2163 1899 2334 1924 conclusionis
2349 1899 2521 1931 (substantia)

1457 1941 1497 1960 est
1515 1936 1540 1960 in
1559 1936 1642 1969 prima
1669 1936 1848 1968 propositione
1867 1935 1960 1969 (omne
1978 1935 2080 1960 animal
2098 1935 2167 1969 etc.).
2192 1936 2261 1959 Haec
2284 1935 2360 1967 igitur
2378 1940 2417 1959 est
2436 1935 2522 1959 maior

1457 1971 1583 1997 enunciati
1597 1971 1756 2004 syllogismi:
1771 1971 1871 2000 Maior,
1884 1971 1999 2004 inquam,
2014 1975 2061 2001 est,
2076 1971 2174 1995 etiamsi
2191 1971 2354 1995 materialiter
2367 1970 2451 2003 primo
2464 1971 2521 1995 loco

1457 2014 1509 2032 non
1528 2012 1681 2040 poneretur,
1700 2012 1731 2036 ut
1748 2011 1809 2039 puta
1828 2007 1848 2031 si
1869 2007 2009 2031 diceretur:
2033 2006 2123 2031 Omnis
2147 2007 2224 2031 homo
2250 2009 2289 2031 est
2307 2006 2408 2030 animal
2414 2013 2422 2035 ,·
2446 2013 2522 2031 omne

1456 2043 1557 2068 animal
1570 2045 1610 2067 est
1627 2042 1776 2067 substantia
1782 2049 1791 2071 ;
1811 2042 1895 2067 omnis
1915 2042 1993 2066 homo
2014 2045 2053 2067 est
2070 2041 2331 2067 substantia-Hinc
2349 2046 2521 2066 extremorum

1456 2079 1626 2104 terminorum
1645 2078 1710 2102 alius
1725 2077 1817 2102 dicitur
1836 2077 1922 2102 maior
1937 2081 2075 2102 extremus
2090 2077 2131 2111 (ex
2146 2085 2198 2110 quo
2214 2077 2304 2101 dicitur
2323 2076 2409 2102 maior
2427 2084 2522 2109 propo-

1457 2113 1539 2149 sitio),
1566 2113 1632 2138 alius
1657 2113 1747 2138 dicitur
1770 2112 1857 2137 minor
1879 2116 2016 2138 extremus
2043 2111 2131 2147 (unde
2156 2113 2243 2137 minor
2261 2111 2428 2146 propositio).
2447 2112 2522 2137 Ratio

1456 2155 1496 2175 est
1514 2149 1575 2182 quia
1588 2148 1777 2181 praedicatum
1797 2148 1979 2181 propositionis
1998 2148 2138 2180 generatim
2158 2148 2234 2173 habet
2253 2148 2377 2172 maiorem
2396 2148 2521 2172 extensio-

1456 2193 1524 2216 nem,
1545 2192 1591 2209 seu
1611 2184 1827 2208 universalitatem
1847 2192 1925 2215 quam
1945 2183 2098 2208 subiectum.

1819 2238 1862 2263 112.
1887 2239 1913 2262 E
1938 2242 1977 2263 est
1995 2238 2030 2262 M

1886 2274 1922 2298 E’
1941 2281 1992 2298 non
2012 2277 2051 2298 est
2069 2273 2104 2297 M

1885 2309 1922 2333 E'
1941 2317 1992 2334 non
2012 2312 2052 2334 est
2072 2309 2098 2333 E

1509 2366 1537 2390 In
1551 2365 1599 2390 hac
1613 2366 1726 2390 secunda
1740 2365 1916 2398 dispositione,
1930 2365 1964 2394 M,
1975 2372 2022 2389 seu
2035 2364 2159 2389 terminus
2173 2363 2282 2394 medius,
2296 2367 2336 2387 est
2348 2363 2521 2395 praedicatum

1456 2401 1481 2425 in
1501 2406 1608 2433 utraque
1627 2401 1784 2434 praemissa3
1804 2406 1829 2425 et
1847 2400 2014 2433 syllogismus
2035 2399 2125 2425 dicitur
2143 2400 2168 2424 in
2188 2399 2300 2424 secunda
2318 2397 2406 2430 figura.

1810 2456 1864 2480 111³.
1883 2455 1918 2480 M
1937 2458 1976 2480 est
1996 2455 2022 2479 E

1882 2491 1917 2515 M
1935 2494 1975 2515 est
1995 2491 2031 2514 E'

1884 2526 1921 2550 E'
1940 2529 1979 2551 est
1999 2526 2025 2550 Ε

1509 2585 1537 2609 In
1556 2585 1603 2609 hac
1621 2584 1694 2609 tertia
1713 2582 1881 2616 dispositione
1899 2583 1938 2614 Μ,
1952 2590 1998 2607 seu
2017 2583 2142 2607 terminus
2161 2583 2271 2613 medius,
2284 2588 2323 2607 est
2341 2583 2484 2608 subiectum
2497 2583 2522 2607 in

1455 2625 1565 2652 utraque
1583 2620 1726 2652 praemissa
1733 2627 1740 2650 ;
1760 2623 1786 2643 et
1804 2618 1971 2650 syllogismus
1991 2618 2081 2643 dicitur
2100 2618 2124 2643 in
2144 2619 2216 2643 tertia
2234 2617 2322 2650 figura.

1510 2655 1556 2680 His
1576 2655 1676 2679 additur
1695 2663 1709 2680 a
1728 2653 1859 2679 nonnullis
1879 2658 1969 2686 quarta
1988 2654 2131 2687 dispositio,
2152 2662 2218 2687 quae
2237 2655 2315 2686 vulgo
2334 2653 2423 2678 dicitur
2441 2653 2522 2686 figura

1457 2691 1587 2721 Galenica,
1600 2691 1672 2723 quasi
1693 2698 1707 2715 a
1726 2691 1825 2715 Galerio
1844 2690 1954 2720 inventa,
1970 2694 1995 2714 et
2013 2695 2053 2714 est
2067 2691 2171 2722 quando
2189 2690 2290 2714 medius
2308 2689 2432 2714 terminus
2451 2697 2523 2722 prae-

1457 2727 1556 2751 dicatur
1573 2726 1599 2751 in
1618 2726 1716 2751 maiori
1733 2731 1758 2750 et
1777 2725 1910 2750 subiicitur
1928 2725 1953 2749 in
1973 2725 2078 2754 minori,
2094 2733 2201 2758 nempe:

1822 2783 1879 2807 Νι.
1899 2782 1927 2807 E
1945 2785 1985 2807 est
2002 2782 2037 2807 M

1901 2818 1936 2842 M
1950 2821 1990 2843 est
2009 2818 2044 2842 Ε

1902 2854 1939 2878 Ε’
1963 2857 2002 2878 est
2022 2854 2049 2877 E

1511 2904 1561 2928 Sed
1579 2903 1642 2928 haec
1662 2908 1752 2935 quarta
1771 2902 1853 2934 figura
1872 2903 2009 2927 commode
2027 2902 2114 2927 reduci
2133 2907 2218 2934 potest
2236 2903 2267 2926 ad
2286 2902 2396 2934 primam
2414 2901 2523 2934 figuram

1457 2939 1615 2969 indirectam,
1630 2939 1656 2963 in
1670 2946 1722 2970 qua
1735 2939 1866 2963 conclusio
1880 2938 1994 2968 infertur,
2010 2938 2055 2962 sed
2070 2938 2125 2962 eius
2139 2938 2254 2962 terminis
2269 2938 2409 2962 conversis.
2425 2938 2470 2962 Ex.
2485 2946 2523 2970 gr.

1457 2973 1540 3006 figura
1558 2974 1653 2998 directa
1672 2978 1725 2998 est:
1749 2973 1832 2998 Omne
1850 2974 1952 2998 animal
1970 2976 2009 2998 est
2026 2973 2195 3001 sensitivam
2214 2973 2298 2998 omnis
2312 2973 2389 2998 homo
2408 2977 2447 2998 est
2465 2973 2522 2998 ani-

1458 3010 1526 3039 ma1‚·
1544 3009 1629 3034 omnis
1652 3009 1730 3034 homo
1748 3013 1788 3034 est
1805 3009 1953 3034 sensitivus.
1974 3008 2097 3033 Indirecta
2117 3008 2153 3041 (et
2171 3008 2271 3042 quarta)
2291 3007 2372 3039 figura
2391 3009 2482 3038 evadit,
2502 3009 2523 3033 si

1457 3045 1575 3070 ordinem
1594 3045 1795 3077 praemissarum
1815 3045 1941 3074 invertas,
1957 3052 1986 3068 ac
2005 3044 2087 3068 dicas:
2107 3051 2172 3077 ergo
2190 3042 2299 3076 aliquod
2311 3044 2464 3068 sensitivam
2483 3048 2524 3069 est

1458 3081 1544 3105 homo.
1553 3094 1572 3099 -
1582 3080 1655 3104 Hanc
1669 3080 1746 3112 igitur
1760 3085 1878 3112 quanam
1892 3079 2009 3112 figuram,
2025 3087 2071 3103 nec
2086 3087 2138 3103 non
2153 3084 2265 3104 caeteras
2280 3078 2375 3111 figuras
2389 3079 2523 3104 indirectas

1458 3116 1554 3140 missas
1572 3114 1698 3145 facimus,
1722 3120 1748 3139 et
1766 3116 1798 3139 de
1817 3115 1917 3147 legibus
1937 3114 2029 3146 cuique
2053 3113 2149 3146 figurae
2174 3114 2283 3139 directae
2302 3113 2419 3146 praefixis
2438 3114 2522 3139 dicen-

1459 3152 1522 3176 dum
1547 3150 1702 3183 suscipimus
1722 3149 1835 3184 (Videsis
1854 3150 2035 3180 Aristotelem,
2060 3150 2184 3174 Priorum
2210 3150 2420 3183 analyticorum,
2442 3149 2485 3174 lib.
2504 3150 2523 3180 1,

1459 3194 1515 3218 cap.
1528 3193 1562 3215 ιν,
1575 3184 1672 3219 seqq.).

1512 3220 1602 3245 Sciunt
1619 3228 1711 3244 omnes
1735 3220 1917 3253 syllogismum
1943 3228 1996 3244 non
2016 3228 2063 3252 pro
2082 3221 2163 3245 lubito
2187 3220 2290 3244 formari
2309 3228 2400 3252 posse,
2420 3221 2467 3245 sed
2492 3221 2524 3245 ad

1460 3261 1528 3280 recte
1546 3255 1704 3280 inferendam
1723 3255 1930 3286 conclusionem,
1951 3256 1983 3279 ad
2000 3256 2071 3287 quod
2085 3255 2240 3286 assumitur,
2261 3255 2315 3280 suis
2335 3256 2434 3287 legibus
2457 3256 2523 3288 regi,

1460 3292 1524 3316 intra
1543 3298 1608 3322 quas
1627 3290 1750 3315 contineri
1769 3291 1852 3315 debet.
1871 3291 1904 3315 Et
1927 3290 1987 3322 quia
2005 3291 2030 3315 in
2049 3291 2202 3323 syllogismo
2226 3296 2250 3315 et
2273 3291 2381 3315 termini
2398 3291 2524 3315 habentur

1461 3331 1486 3351 et
1493 3325 1698 3358 propositiones,
1712 3333 1742 3350 ex
1752 3330 1862 3358 utraque
1876 3330 1947 3357 parte
1962 3327 2032 3357 leges
2047 3326 2241 3357 assignantur.-
2251 3326 2367 3356 Quatuor
2381 3331 2441 3350 sunt
2453 3327 2523 3358 leges

1459 3369 1508 3394 pro
1531 3360 1662 3385 terminis:
1686 3365 1713 3384 18
1732 3361 1759 3384 In
1778 3361 1849 3385 omni
1866 3361 2020 3393 syllogismo
2034 3361 2086 3385 sint
2099 3367 2151 3386 tres
2171 3361 2271 3385 termini
2290 3366 2403 3386 tantum:
2422 3369 2483 3386 nam
2496 3361 2524 3386 fit

1460 3395 1617 3428 comparatio
1637 3400 1810 3420 extremorum
1825 3403 1886 3420 cum
1905 3396 1991 3420 medio
2005 3396 2037 3420 ad
2056 3396 2296 3428 deprehendendam
2311 3404 2402 3421 eorum
2416 3397 2481 3421 inter
2495 3404 2524 3422 se

1461 3430 1665 3456 convenientiam
1679 3431 1721 3455 vel
1736 3439 1788 3455 non
1801 3431 2013 3460 convenientiam,
2026 3436 2054 3455 ut
2068 3431 2092 3456 in
2108 3431 2231 3464 principio
2245 3431 2320 3456 huius
2335 3437 2410 3456 notae
2429 3432 2524 3457 dictum

1461 3472 1534 3491 est.-
1544 3469 1573 3490 2⁸
1586 3466 1706 3490 Extrema
1716 3473 1767 3490 non
1782 3465 1892 3490 habeant
1906 3466 2029 3490 maiorem
2042 3467 2217 3491 extensionem
2230 3467 2255 3491 in
2269 3467 2434 3492 conclusione
2443 3475 2523 3500 quam

1461 3502 1487 3526 in
1506 3501 1669 3534 praemissis:
1688 3501 1749 3533 quia
1767 3501 1859 3526 eadem
1878 3501 1985 3525 omnino
2004 3501 2080 3526 debet
2099 3509 2158 3527 esse
2172 3502 2197 3526 in
2212 3503 2378 3527 conclusione
2397 3507 2523 3528 exn-emo-

1461 3545 1519 3561 rum
1534 3536 1701 3569 comparatio,
1711 3544 1779 3568 quae
1792 3536 1839 3560 suit
1853 3544 1943 3560 eorum
1957 3537 2114 3569 comparatio
2128 3537 2153 3561 in
2172 3537 2321 3570 praemissis
2335 3546 2395 3562 cum
2414 3538 2524 3562 termino

1461 3572 1555 3596 medio.
1567 3586 1587 3590 -
1598 3571 1627 3596 3⁸
1645 3571 1744 3596 Medius
1763 3571 1888 3596 terminus
1907 3571 1983 3596 debet
2002 3572 2101 3597 excludi
2119 3580 2134 3597 a
2148 3573 2314 3598 conclusione
2320 3581 2327 3604 ;
2341 3573 2401 3605 quia
2415 3573 2524 3598 assumi-

1461 3612 1503 3632 tur
1521 3607 1688 3632 solummodo
1708 3606 1735 3631 in
1753 3606 1903 3639 praemissis
1922 3611 1950 3632 ut
1968 3606 2028 3631 cum
2047 3615 2078 3632 eo
2097 3607 2244 3633 instituatur
2261 3613 2435 3634 extremorum
2454 3616 2525 3634 com-

2323 3662 2380 3687 22*

2542 518 2550 526 ·
2565 522 2594 537 1:
2622 523 2652 538 ex
2681 517 2755 539 conci.

2543 543 2705 565 concludatur.

2638 632 2652 648 0

2640 948 2658 964 π

2544 1005 2553 1013 ’
2560 1004 2664 1031 Cap.xx11
2672 1005 2707 1030 (al.
2716 1006 2756 1032 23),

2544 1037 2757 1085 3‹enciiiot-ncaliquid.

2546 1163 2554 1170 ·
2570 1167 2690 1187 Λευῑιαετ
2703 1169 2708 1183 :
2733 1163 2760 1182 et

2547 1194 2583 1209 ex.

2573 1332 2738 1352 mmmm·
2751 1334 2757 1348 ε

2547 1354 2571 1373 et
2584 1352 2609 1374 C.

2548 1485 2557 1495 ⁶
2575 1490 2680 1506 naboan:
2702 1484 2760 1506 haec

2547 1511 2638 1532 iterum.

2547 1538 2558 1547 ¹⁵
2566 1537 2641 1558 Codd.
2649 1538 2759 1563 (excmnk

2548 1564 2676 1591 continget.

2646 1600 2658 1624 Ρ
