2788 4204
91 315 102 326 ¹*
116 320 131 335 o
146 319 193 334 om.
209 312 303 333 univer-

91 341 164 362 salia.
186 351 201 355 -
223 345 237 360 Α
255 344 304 359 om.

91 368 156 388 nota.

90 472 102 483 ⁴*
110 477 125 492 Λ
135 476 242 492 erronee:
252 470 304 490 Ale-

91 497 191 519 xander.

90 525 102 536 ¹*
117 524 214 551 Cap.1x,
225 529 248 544 n.
270 530 305 544 o.-

93 551 224 572 Comment.
234 529 304 571 s.31'h.

92 578 143 599 leet.
154 582 210 597 xvii.

190 613 205 636 η

333 219 408 255 260

330 309 487 344 verum,
520 295 749 333 universalia
772 296 792 316 *
819 295 954 331 fierent
987 292 1097 329 nobis
1125 297 1216 328 nota
1249 290 1394 338 absque

331 350 571 394 inductione3
607 356 642 385 et
669 349 719 385 ita
746 359 949 397 possemus
974 345 1166 393 acquirere
1197 342 1394 379 scientiam

333 416 483 450 eorum,
514 414 679 451 quorum
708 412 863 438 sensum
893 411 972 435 non
1000 398 1199 434 habemus.
1222 396 1334 433 Unde
1360 402 1403 431 et*

331 458 406 494 hoc
434 463 658 503 argumento
686 454 800 490 utitur
827 452 1045 488 Aristoteles
1065 450 1085 471 '¹‘
1110 456 1241 486 contra
1269 449 1394 485 Plato-

332 522 423 546 nem
438 509 476 545 in
492 510 568 546 fine
590 509 603 544 I
619 505 906 554 Metaphysicae
917 506 979 540 ’'.-
993 503 1170 540 Secunda
1186 509 1241 538 est
1254 501 1393 550 positio

332 562 537 600 dicentium
561 566 575 584 ⁷¹
603 561 706 609 quod
737 569 943 607 possumus
977 557 1014 592 in
1042 557 1115 592 hac
1146 555 1225 592 vita
1254 566 1393 602 cogno-

331 628 434 652 scere
469 613 694 651 substantias
722 618 934 660 separatas,
969 609 1212 656 intelligendo
1246 607 1395 656 quiddi-

328 801 386 826 vide
400 807 467 832 quae
479 797 642 823 recitavimus
658 804 688 821 ex
702 796 816 821 Menone
830 796 888 820 lect.
896 803 933 826 111,
945 799 997 820 not.
1005 793 1028 825 ζ,
1039 799 1064 819 et
1074 802 1103 819 ex
1118 794 1226 819 Timaeo
1239 794 1264 818 in
1275 793 1284 818 1
1295 793 1393 823 Perih„

329 837 386 861 lect.
400 843 423 865 x,
438 839 491 859 not.
507 842 532 867 μ..
542 848 561 851 -
570 832 835 857 Animadvertendum
849 836 937 856 tamen
951 836 992 855 est
1006 831 1077 863 quod
1091 830 1165 854 Plato
1179 829 1323 854 affirmabat
1337 829 1394 861 qui·

329 872 387 896 dem
401 870 471 902 quod
482 869 532 893 «id
545 868 615 901 quod
629 868 727 892 discere
741 867 901 899 appellamus
915 872 985 891 esset
998 866 1130 891 scientiam
1144 866 1274 898 propriam
1287 872 1394 896 recupe-

329 917 342 929 ι
363 913 419 930 rare
430 914 453 935 io,
468 905 517 929 hoc
532 909 571 928 est
583 903 785 933 reminiscentia;
800 907 912 927 attamen
927 902 1004 926 simul
1018 901 1129 934 ponebat
1143 901 1244 925 nonnisi
1258 908 1303 933 per
1315 908 1393 924 usum

327 948 452 966 sensuum
471 947 519 964 nos
538 946 690 971 recuperare
703 939 775 968 illu,
792 945 857 970 quas
878 942 952 962 antea
971 937 1122 968 habuimus,
1141 937 1276 961 scientias:
1297 944 1310 959 α
1323 936 1393 966 Hoc,

329 987 341 999 »
363 976 454 1008 inquit,
475 974 636 1004 confitemur,
656 981 704 998 nos
723 981 809 1006 neque
828 974 930 998 aliunde
949 973 973 997 id
993 973 1129 1005 agnovisse
1148 980 1233 1004 neque
1253 978 1394 1003 agnoscere

329 1022 341 1034 »
362 1019 441 1044 posse
460 1018 538 1043 quam
557 1018 587 1035 ex
605 1010 671 1040 visu,
690 1009 730 1033 vel
750 1014 828 1039 tactu,
847 1009 888 1033 vel
907 1009 958 1033 alio
975 1009 1090 1041 quodam
1109 1016 1197 1032 sensu.
1210 1018 1222 1029 »
1242 1008 1320 1040 Igitur
1334 1014 1394 1031 cum

327 1055 420 1072 sensus
440 1051 571 1071 exercetur
590 1050 615 1070 et
634 1052 709 1069 mens
728 1045 847 1076 intelligit
865 1045 897 1069 ad
916 1045 1088 1077 praesentiam
1113 1051 1201 1068 rerum
1220 1042 1393 1072 sensibilium,

327 1083 378 1107 duo
398 1081 577 1114 distinguenda
595 1085 670 1110 sunt,
697 1088 779 1113 eaque
798 1088 890 1112 reapse
915 1080 1026 1104 distinxit
1044 1079 1133 1110 Plato,
1152 1086 1246 1111 nempe
1265 1078 1396 1103 sensibilia

326 1118 462 1147 individua,
482 1124 549 1149 quae
569 1117 661 1141 dantur
680 1123 695 1140 a
713 1115 842 1146 sensibus,
858 1121 883 1140 et
895 1115 1050 1145 universale,
1065 1115 1135 1147 quod
1149 1115 1180 1139 ab
1195 1114 1331 1138 individuis
1345 1113 1394 1138 illis

327 1154 483 1183 distinctum,
501 1160 554 1176 non
573 1160 603 1176 ex
622 1151 742 1176 sensibus
757 1152 891 1184 colligitur,
905 1151 952 1176 sed
969 1151 1049 1175 menti
1063 1156 1103 1175 est
1117 1151 1244 1175 innatum:
1266 1159 1278 1172 α
1291 1150 1332 1173 An
1346 1149 1395 1173 sci-

329 1199 340 1211 »
362 1196 421 1213 mus
438 1193 463 1213 et
478 1189 565 1221 ipsum
580 1188 652 1220 quod
667 1191 706 1211 est
720 1186 844 1219 aequale?
862 1187 977 1211 Omnino
987 1187 1101 1219 quidem.
1111 1186 1248 1211 Undenam
1262 1185 1395 1209 scientiam

329 1234 341 1247 »
363 1225 417 1249 eius
437 1222 600 1256 accepimus?
618 1223 659 1247 An
673 1230 725 1247 non
745 1230 775 1247 ex
788 1222 857 1247 his..
866 1240 872 1246 .
881 1241 887 1252 ,
900 1230 967 1255 quae
980 1222 1118 1254 conspicati
1132 1222 1174 1245 vel
1189 1221 1258 1253 ligna
1271 1221 1313 1244 vel
1326 1228 1394 1250 saxa,

328 1269 342 1283 ³>
363 1260 404 1284 vel
424 1260 472 1284 alia
491 1259 620 1291 quaedam
645 1258 775 1291 aequalia,
801 1265 832 1282 ex
850 1257 890 1282 his
915 1257 977 1282 illud
997 1257 1104 1288 (ipsum
1123 1257 1249 1289 aequale)
1269 1256 1396 1287 excogita-

329 1306 341 1318 »
362 1296 462 1325 vimus,
482 1295 553 1327 quod
572 1294 640 1319 aliud
659 1299 700 1319 est
719 1301 798 1326 quam
816 1292 942 1318 haec?...
961 1293 1040 1325 Atqui
1060 1301 1075 1317 a
1093 1292 1214 1316 sensibus
1233 1291 1339 1324 quidem
1358 1292 1396 1316 in-

330 1342 341 1354 »
363 1331 491 1355 tellexisse
509 1334 612 1362 oportet
629 1330 731 1359 omnia,
750 1337 817 1361 quae
836 1328 952 1353 subiecta
966 1333 1026 1353 sunt
1039 1327 1168 1357 sensibus,
1183 1327 1246 1351 illud
1265 1327 1337 1359 quod
1356 1331 1396 1351 est

330 1376 342 1389 »
362 1366 471 1399 aequale
486 1370 615 1398 appetere,
625 1365 745 1397 quamvis
760 1365 846 1397 ipsum
858 1371 911 1388 non
925 1368 1105 1396 assequantur.
1115 1372 1127 1385 ³
1145 1362 1316 1387 Nihilominus
1328 1371 1342 1386 ι
1351 1370 1395 1386 an-

330 1412 342 1424 »
362 1407 469 1434 tequam
488 1401 659 1433 inciperemus
679 1401 774 1430 videre,
791 1405 834 1424 aut
853 1400 948 1429 audire,
962 1399 1070 1431 aliisque
1089 1399 1125 1423 uti
1139 1398 1268 1428 sensibus,
1281 1398 1397 1430 oportuit

329 1446 343 1461 »
363 1445 411 1462 nos
431 1437 545 1469 aequalis
565 1436 645 1468 ipsius
661 1436 793 1460 scientiam
807 1435 966 1467 possedisse,
979 1444 991 1456 »
1008 1434 1141 1458 scientiam
1156 1440 1250 1465 nempe
1264 1438 1395 1464 acceptam

328 1478 387 1498 ante
404 1478 500 1503 ortum,
520 1472 567 1496 sed
586 1472 658 1496 cuius
677 1471 757 1495 homo
775 1471 934 1495 obliviscitur
953 1477 1012 1495 cum
1028 1470 1140 1494 nascitur
1156 1466 1234 1502 (Opp.
1249 1468 1313 1493 Plat.
1328 1468 1395 1493 Mar-

328 1509 385 1533 silio
399 1508 486 1533 Ficino
499 1506 791 1539 interprete.—Phaedo,
802 1514 860 1538 pag.
871 1504 911 1536 56,
922 1513 988 1538 seq„
1000 1505 1047 1530 Ed.
1058 1504 1191 1537 cit.).-Ad
1201 1504 1395 1536 explicationem

328 1551 391 1576 ergo
409 1544 557 1573 mentalem,
573 1543 640 1566 iuxta
653 1542 835 1571 Aristotelem,
854 1549 947 1565 sensus
967 1546 1027 1565 sunt
1046 1540 1183 1565 necessarii
1195 1545 1224 1564 ut
1237 1547 1346 1572 organa,
1366 1546 1396 1563 ex

326 1579 423 1612 quibus
442 1579 586 1603 intellectus
605 1577 683 1602 habet
701 1577 843 1607 materiam,
858 1577 883 1601 in
900 1584 952 1609 qua
967 1577 1113 1601 universale
1127 1575 1290 1607 singulariter
1303 1575 1396 1605 existit,

328 1620 353 1639 et
372 1622 403 1639 ex
421 1622 473 1646 qua
491 1613 637 1638 universale
656 1613 742 1645 ipsum
757 1611 894 1637 abstrahit:
914 1612 1075 1644 proindeque
1090 1611 1277 1636 intellectiones
1292 1615 1397 1635 nostrae

327 1658 379 1674 non
399 1654 467 1679 sunt,
487 1650 534 1673 nisi
554 1653 682 1681 quatenus
701 1648 801 1673 obiecta
819 1648 922 1672 realiter
941 1653 1011 1672 extra
1023 1655 1071 1677 nos
1085 1646 1218 1672 existentia
1231 1646 1282 1670 sint
1294 1645 1396 1670 termini

328 1685 479 1718 cognitionis
498 1690 602 1709 nostrae
616 1684 734 1708 directae.
754 1682 894 1708 Deficiente
913 1691 976 1715 ergo
995 1690 1083 1713 sensu,
1103 1681 1196 1711 deficit,
1211 1682 1278 1706 iuxta
1296 1681 1397 1706 Aristo-

326 1722 413 1751 telem,
433 1720 538 1745 scientia
551 1719 644 1744 obiecti
658 1719 756 1744 relativi
771 1719 803 1744 ad
818 1726 926 1744 sensum
940 1719 1023 1744 illum.
1038 1719 1075 1743 Ex
1091 1718 1220 1750 opposito,
1233 1718 1259 1741 in
1272 1717 1398 1742 sententia

327 1756 441 1781 Platonis
455 1763 548 1780 sensus
562 1763 613 1779 non
629 1760 690 1780 sunt
702 1755 750 1779 nisi
767 1751 857 1779 ‘merae
875 1755 1025 1779 occasiones
1045 1753 1219 1786 explicationis
1239 1753 1397 1777 intellectua-

327 1793 373 1816 lis:
393 1799 467 1816 mens
487 1796 576 1815 nostra
594 1791 628 1815 nil
648 1791 737 1822 recipit
755 1790 786 1815 ab
799 1790 907 1815 obiectis
921 1790 1104 1820 sensibilitatis,
1119 1789 1165 1813 sed
1179 1789 1301 1813 excitatur
1313 1788 1345 1813 ad
1360 1788 1398 1812 in—

327 1827 507 1859 telligendum3
521 1826 584 1851 illud
597 1831 683 1851 autem
694 1827 840 1850 universale
854 1826 925 1858 quod
939 1825 1088 1857 intelligitur
1101 1824 1248 1857 praeexistit
1262 1824 1287 1848 in
1302 1828 1397 1848 mente.

328 1863 379 1887 Sed
397 1863 528 1887 undenam
547 1862 573 1886 in
591 1867 679 1886 mente
698 1867 786 1886 nostra
811 1862 944 1893 suppellex
963 1861 1079 1885 idearum
1103 1858 1303 1885 universalium?
1322 1859 1398 1884 Certe

328 1906 381 1923 non
394 1898 496 1923 aliunde
515 1905 594 1930 quam
613 1897 644 1922 ab
664 1898 804 1929 exemplari
823 1897 887 1929 ipso,
902 1897 973 1929 quod
987 1896 1118 1921 sensibilia
1136 1900 1267 1928 appetunt,
1280 1895 1327 1919 sed
1346 1902 1398 1919 non

329 1939 518 1966 assequuntur:
533 1943 546 1955 ι
557 1933 623 1957 Cum
643 1933 728 1958 anima
743 1933 774 1958 ad
789 1933 884 1965 aliquid
898 1932 1115 1957 considerandum
1128 1932 1229 1956 socium
1242 1930 1290 1955 sibi
1304 1938 1398 1962 corpus

331 1979 343 1992 »
365 1969 482 1998 assumit,
495 1969 538 1993 vel
557 1975 602 2001 per
620 1969 719 1999 visum,
738 1969 779 1993 vel
799 1976 846 2000 per
864 1968 988 1998 auditum,
1002 1968 1043 1992 vel
1058 1975 1104 2000 per
1117 1968 1196 1992 alium
1210 1973 1318 1991 sensum
1338 1965 1398 1998 (hoc

331 2014 344 2027 ι
365 2005 433 2029 enim
453 2009 493 2029 est
510 2012 557 2036 per
575 2012 669 2036 corpus
684 2004 856 2034 considerare,
870 2004 931 2036 quia
943 2010 989 2035 per
1002 2010 1096 2028 sensus
1110 2003 1135 2027 id
1150 2001 1253 2034 agitur),
1265 2006 1327 2026 tunc
1341 2001 1399 2034 qui-

332 2050 344 2062 »
366 2040 426 2064 dem
438 2048 454 2064 a
466 2047 574 2072 corpore
592 2039 707 2064 trahatur
720 2040 752 2064 ad
767 2047 797 2064 ea
811 2046 878 2072 quae
891 2046 1025 2071 nunquam
1038 2039 1131 2063 eodem
1145 2038 1225 2062 modo
1238 2042 1306 2068 sunt,
1320 2042 1399 2069 atque

332 2085 344 2098 »
366 2076 421 2107 ipsa
439 2075 541 2100 aberret
563 2075 791 2108 perturbeturque,
811 2075 886 2108 quasi
906 2074 976 2099 ebria
1000 2074 1114 2103 vacillet,
1139 2078 1228 2106 utpote
1247 2080 1315 2105 quae
1339 2072 1400 2097 talia

917 211 1302 251 POSTERIORUM
1329 210 1760 247 ANALYTICORUM
1788 212 1882 249 LIB.
1896 214 1928 248 Ἰ

1451 296 1544 325 tates
1570 301 1722 335 earum;
1749 302 1846 339 quae
1874 299 2005 328 tamen
2032 304 2103 341 per
2121 292 2311 330 sensibilia
2331 306 2428 342 quae
2455 305 2517 330 co-

1450 342 1683 390 gnoscimus,
1713 355 1811 393 quae
1840 345 1888 381 ab
1920 345 1972 381 eis
1993 345 2217 383 omnimode
2246 347 2518 384 transcendun-

1450 402 1521 443 tur,
1543 397 1722 443 cognosci
1748 409 1827 433 non
1845 406 2016 446 possunt.
2043 399 2167 446 Unde,
2189 399 2220 435 si
2243 399 2348 447 ipsae
2378 411 2517 447 cogno-

1450 456 1644 485 scerentur
1680 451 1892 487 secundum
1932 463 2019 488 suas
2058 452 2259 498 essentias,
2299 460 2518 501 sequeretur

1451 503 1556 550 quod
1580 503 1707 551 aliqua
1736 512 2057 551 cognoscerentur
2076 506 2221 554 absque
2241 505 2462 542 inductione
2483 512 2519 542 et

1450 567 1586 644 sgnsu:
1616 556 1722 614 quod
1750 556 2007 606 Philosophus
2035 558 2097 595 hic
2125 566 2253 606 negat,
2285 558 2400 594 etiam
2422 558 2442 579 *
2469 558 2517 595 de

1450 620 1472 644 a
1501 615 1656 645 stractis.

1450 803 1462 815 ι
1484 794 1613 826 quaedam
1632 795 1786 827 attigerit...
1800 795 1834 819 At
1852 802 1915 819 vero
1934 795 2036 827 quoties
2056 795 2112 827 ipse
2130 796 2232 820 animus
2249 803 2296 828 per
2308 797 2424 828 seipsum
2443 804 2519 822 exco-

1450 838 1462 851 »
1483 830 1553 862 gitat,
1567 829 1628 854 illuc
1641 837 1671 854 se
1690 830 1789 854 confert
1807 830 1839 854 ad
1858 837 1962 862 purum,
1977 831 2174 862 sempiternum,
2187 831 2342 861 immortale,
2356 839 2461 863 semper
2473 840 2518 857 eo-

1450 874 1462 886 »
1484 865 1544 889 dem
1564 865 1644 889 modo
1662 872 1692 889 se
1711 865 1825 890 habens:
1844 870 1870 890 et
1887 870 2013 898 tanquam
2032 866 2113 897 ipsius
2131 871 2258 898 cognatus
2279 874 2384 898 semper
2403 866 2520 892 inhaeret

1450 909 1462 922 »
1484 900 1527 931 illi,
1541 901 1644 932 quoties
1664 901 1720 932 ipse
1733 901 1837 925 redierit
1850 901 1876 925 in
1895 901 2020 933 seipsum,
2034 901 2110 933 eique
2123 901 2204 931 liceat,
2219 906 2357 934 cessetque
2371 901 2403 926 ab
2417 910 2519 927 errore:

1450 945 1462 957 »
1484 940 1509 960 et
1528 936 1595 960 circa
1607 936 1650 960 illa
1668 943 1773 968 semper
1792 937 1939 960 secundum
1957 936 2049 961 eadem
2069 936 2163 961 eodem
2181 937 2261 961 modo
2275 944 2305 961 se
2319 937 2410 968 habet,
2429 942 2520 970 utpote

1450 981 1462 993 »
1483 971 1527 1003 qui
1546 971 1606 995 talia
1625 971 1676 995 iam
1695 972 1829 1004 attigerit»
1851 971 1919 1004 (Op.
1939 972 1995 1003 cit.,
2015 979 2073 1004 pag.
2093 970 2154 1004 60).
2176 972 2255 1004 Igitur
2274 971 2407 997 deficiente
2426 980 2520 1004 sensu,

1448 1005 1540 1036 deficit,
1550 1006 1619 1031 iuxta
1633 1006 1777 1037 Platonem,
1792 1015 1842 1031 non
1859 1007 1965 1039 quidem
1981 1007 2094 1038 scientia,
2108 1008 2155 1032 sed
2168 1007 2358 1033 reminiscentia
2373 1006 2423 1044 (Cf.
2437 1015 2459 1034 s.
2469 1008 2520 1034 Th.

1448 1042 1468 1066 ΙΙ
1490 1042 1592 1067 Contra
1613 1043 1698 1072 Gent„
1719 1042 1763 1067 lib.
1778 1042 1807 1072 11,
1827 1043 1876 1067 loc.
1893 1050 1972 1074 supra
1991 1042 2053 1075 cin).

1502 1077 1528 1110 η)
1550 1077 1674 1103 Secunda
1692 1081 1733 1103 est
1746 1078 1847 1110 positio
1861 1078 2005 1103 dicentium
2025 1078 2137 1103 ete-S.
2149 1077 2275 1109 Thomas,
2291 1079 2403 1103 Summa
2421 1078 2522 1104 theolo-

1447 1113 1516 1146 gica,
1532 1113 1561 1138 P.
1572 1113 1590 1143 1,
1610 1121 1654 1145 qu.
1666 1121 1781 1144 Lxxxvui,
1797 1114 1867 1138 artic.
1881 1121 1908 1143 11,
1929 1121 1959 1138 ex
1978 1113 2128 1138 testimonio
2146 1114 2278 1144 Averrois,
2297 1113 2374 1138 huius
2393 1115 2521 1146 opinionis

1449 1149 1507 1173 dicit
1520 1156 1579 1173 esse
1591 1149 1781 1181 Avempacem:
1798 1149 1942 1180 «Vidimus,
1956 1149 2042 1182 inquit
2056 1150 2196 1179 Averroes,
2211 1149 2243 1174 de
2256 1157 2379 1174 sermone
2391 1150 2522 1182 exposito-

1451 1194 1463 1207 »
1484 1192 1543 1208 rum
1557 1184 1781 1216 peripateticorum
1800 1185 1826 1209 in
1844 1184 1913 1209 hunc
1931 1183 2011 1209 finem
2029 1192 2089 1209 esse
2107 1184 2244 1216 possibile,
2264 1185 2361 1210 scilicet
2378 1185 2522 1217 intelligere

1451 1229 1464 1242 ι
1485 1220 1510 1244 in
1523 1225 1657 1252 postremo
1676 1227 1718 1244 res
1738 1220 1888 1244 abstractas.
1908 1220 2056 1252 Avempace
2074 1220 2187 1244 multum
2206 1220 2362 1252 loquebatur
2378 1221 2405 1245 in
2422 1220 2481 1252 hoc,
2496 1225 2523 1245 et

1451 1265 1464 1278 »
1484 1255 1596 1280 maxime
1614 1256 1639 1279 in
1658 1255 1768 1287 epistola
1786 1263 1866 1288 quam
1885 1256 2024 1288 appellavit
2042 1255 2276 1280 Continuatibnem
2295 1256 2441 1281 intellectus
2461 1263 2522 1281 eum

1451 1300 1464 1313 »
1485 1290 1605 1321 homine;
1620 1296 1645 1315 et
1657 1291 1722 1315 illud
1734 1299 1813 1323 super
1827 1291 1898 1323 quod
1914 1296 2074 1315 sustentatus
2089 1295 2129 1316 est
2143 1291 2168 1315 in
2181 1290 2229 1315 hac
2242 1291 2395 1323 quaestione
2411 1296 2451 1316 est
2463 1291 2522 1316 hoc.

1451 1336 1464 1348 ›
1486 1326 1573 1350 Primo
1593 1326 1662 1351 enim
1680 1327 1767 1358 posuit
1786 1327 1856 1359 quod
1876 1327 2005 1351 intellecta
2018 1326 2176 1358 speculativa
2191 1331 2252 1351 sunt
2270 1326 2351 1357 facta;
2370 1326 2462 1351 deinde
2475 1334 2522 1359 po-

1451 1371 1464 1384 »
1485 1362 1537 1386 suit
1555 1362 1626 1394 quod
1645 1369 1724 1386 omne
1741 1362 1838 1387 factum
1857 1361 1935 1386 habet
1953 1362 2135 1394 quidditatem;
2156 1362 2248 1386 deinde
2261 1362 2347 1394 posuit
2358 1362 2430 1394 quod
2443 1369 2523 1387 omne

1452 1407 1464 1419 »
1485 1397 1584 1422 habens
1594 1397 1771 1429 quidditatem,
1785 1397 1930 1422 intellectus
1944 1398 2046 1422 innatus
2061 1402 2101 1422 est
2114 1397 2247 1422 extrahere
2259 1397 2331 1422 illam
2343 1397 2522 1430 quidditatem.

1452 1442 1464 1455 ›
1486 1432 1523 1456 Ex
1542 1432 1636 1464 quibus
1656 1433 1817 1457 concluditur
1831 1433 1902 1465 quod
1923 1433 2069 1458 intellectus
2088 1432 2192 1457 innatus
2212 1437 2252 1457 est
2271 1432 2405 1457 extrahere
2423 1432 2522 1457 formas

1452 1477 1464 1490 ι
1486 1468 1675 1492 intellectorum
1685 1473 1711 1492 et
1721 1468 1876 1500 quidditates
1891 1475 1991 1493 eorum.
2002 1468 2035 1492 Et
2049 1468 2075 1492 in
2086 1468 2136 1493 hoc
2150 1469 2270 1493 convenit
2282 1476 2341 1493 cum
2355 1468 2413 1500 ipso
2422 1468 2523 1493 Alfara-

1452 1513 1464 1525 ›
1485 1503 1543 1527 bius
1558 1503 1583 1527 in
1594 1502 1660 1527 libro
1670 1503 1712 1528 De
1726 1503 1857 1528 intellectu
1871 1506 1898 1528 et
1911 1504 2067 1529 intellecto.»
2082 1503 2110 1528 ln
2123 1503 2153 1528 Ill
2165 1503 2207 1528 De
2216 1504 2315 1533 anima,
2327 1503 2429 1528 Comm.
2439 1511 2522 1535 xxxvi,

1451 1538 1499 1563 col.
1515 1538 1528 1563 3
1549 1538 1614 1570 (Ed.
1634 1538 1675 1563 cit.
1688 1539 1754 1563 Veii.
1771 1537 1852 1572 1489,
1871 1539 1927 1563 sine
1945 1546 2018 1563 num.
2038 1538 2136 1571 pagg).
2162 1538 2288 1569 Quamvis
2313 1539 2400 1571 opinio
2424 1539 2523 1564 Avern-

1450 1574 1520 1607 pacis
1538 1574 1574 1598 nil
1593 1581 1733 1598 commune
1745 1573 1841 1598 habere
1859 1582 1920 1599 cuin
1932 1574 2053 1606 opinione
2066 1574 2181 1599 Platonis
2193 1574 2318 1604 videatur,
2337 1581 2367 1599 re
2383 1579 2472 1599 tamen
2484 1574 2523 1599 in-

1449 1610 1537 1634 timius
1556 1614 1702 1641 penetrata,
1721 1617 1744 1634 s.
1753 1609 1871 1634 Thomas
1890 1608 2001 1634 affirmat
2016 1610 2172 1641 Avempacis
2190 1610 2340 1641 opinionem
2352 1617 2383 1634 ex
2396 1610 2524 1642 platonica

1451 1645 1618 1670 descendere.
1644 1645 1701 1669 Hoc
1721 1654 1734 1667 ε
1755 1645 1861 1677 quidem
1889 1643 2026 1669 efficaciter
2049 1645 2191 1674 diceretur,
2213 1644 2300 1677 inquit
2321 1644 2478 1677 Angelicus,
2500 1644 2524 1670 si

1453 1691 1466 1704 »
1487 1681 1647 1705 substantiae
1670 1680 1853 1706 immateriales
1879 1685 1968 1705 essent
1992 1679 2092 1705 formae
2110 1685 2136 1704 et
2158 1680 2259 1712 species
2283 1679 2379 1704 horum
2404 1679 2524 1706 materia-

1454 1726 1466 1739 »
1488 1716 1564 1747 lium,
1584 1721 1614 1740 ut
1631 1715 1755 1740 Platonici
1773 1721 1917 1748 posuerunt
1935 1726 1947 1738 ι»
1969 1715 2036 1747 (loc.
2055 1714 2125 1750 cit.).
2144 1715 2215 1740 Sicut
2238 1715 2307 1740 enim
2330 1715 2452 1748 praecisis
2476 1722 2524 1748 per

1452 1751 1651 1776 abstractionem
1671 1751 1800 1784 principiis
1820 1751 2036 1776 individuantibus
2056 1751 2087 1776 ab
2107 1751 2253 1782 individuo,
2272 1750 2382 1775 habetur
2394 1751 2451 1776 eius
2463 1757 2523 1783 spe-

1452 1788 1519 1818 cies3
1540 1792 1566 1811 et
1590 1787 1719 1812 essentiae
1743 1787 1838 1819 pariter
1861 1794 1950 1811 rerum
1969 1791 2145 1819 separatarum
2164 1794 2211 1819 per
2230 1786 2349 1812 eamdem
2373 1786 2524 1812 abstractio-

1452 1831 1513 1847 nem
1539 1823 1766 1855 dignoscerentur,
1786 1823 1807 1847 si
1826 1822 1875 1847 hae
1899 1827 1943 1847 aut
1966 1827 2055 1847 essent
2079 1822 2197 1846 eiusdem
2221 1822 2330 1854 speciei,
2356 1826 2400 1847 aut
2424 1821 2525 1847 formae

1452 1865 1541 1883 rerum
1561 1858 1731 1883 sensibilium.
1753 1867 1765 1880 «
1781 1858 1838 1882 Hoc
1856 1863 1943 1882 autem
1962 1865 2014 1882 non
2033 1857 2132 1890 posito,
2151 1857 2199 1882 sed
2216 1858 2352 1890 supposito
2371 1857 2443 1890 quod
2461 1857 2524 1882 sub-

1454 1903 1468 1917 »
1489 1894 1597 1918 stantiae
1616 1894 1799 1918 immateriales
1814 1894 1864 1918 sint
1876 1893 1984 1918 omnino
2003 1893 2108 1918 alterius
2122 1893 2228 1918 rationis
2241 1900 2257 1917 a
2269 1892 2455 1925 quidditatibus
2469 1899 2524 1918 ma-

1455 1939 1467 1953 »
1488 1929 1616 1954 terialium
1634 1936 1737 1959 rerum;
1756 1934 1988 1961 quantumcunque
2012 1929 2157 1953 intellectus
2180 1933 2270 1953 noster
2293 1928 2426 1953 abstrahat
2448 1928 2524 1961 quid-

1455 1975 1467 1987 »
1489 1965 1594 1989 ditatem
1622 1965 1658 1989 rei
1686 1964 1825 1989 materialis
1851 1972 1866 1989 a
1891 1964 2015 1994 materia,
2042 1971 2178 1996 nunquam
2207 1964 2339 1996 perveniet
2367 1963 2399 1988 ad
2426 1963 2524 1996 aliquid

1455 2011 1467 2023 »
1488 2001 1573 2025 simile
1597 2000 1758 2024 substantiae
1782 2000 1954 2024 immateriali.
1979 1999 2012 2024 Et
2037 1999 2096 2024 ideo
2121 2006 2167 2032 per
2193 1998 2351 2024 substantias
2376 1999 2524 2024 materiales

1455 2046 1467 2059 »
1488 2043 1542 2104 n)on
1565 2043 1708 2068 possumus
1734 2035 1847 2068 perfecte
1870 2035 2029 2060 substantias
2054 2034 2238 2060 immateriales
2261 2035 2403 2067 intelligere
2422 2044 2436 2057 ι
2456 2032 2525 2069 (loc.

1453 2072 1494 2096 cit.
1513 2089 1520 2096 .

2545 566 2556 576 ⁶
2566 565 2646 587 Etiam
2660 572 2708 587 om.
2718 572 2749 588 iu.
