2548 4192
241 298 336 323 LXXII

243 366 458 405 adolescentis,
483 366 546 395 sive
570 364 682 394 morbo
707 369 844 393 extremo
868 359 1054 395 laborantis;
1078 365 1204 396 unaque
1228 354 1303 384 furti

243 411 441 442 accusatione
464 410 630 446 intentata,
654 407 711 437 sibi
735 414 858 436 sacrum
886 404 1068 434 thesaurum
1094 400 1233 430 ablatum
1257 408 1302 428 re-

243 456 328 486 stitui
352 454 598 495 postulaverunt.
994 490 1000 495 .

309 500 358 529 En
380 499 484 535 verba,
509 507 546 527 en
571 505 680 526 causae
704 498 886 533 argumenta
914 497 1148 538 omnianquae,
1172 486 1301 516 laudato

243 543 424 574 Raimundo
448 541 607 577 referente,
633 538 732 578 capite
746 548 767 566 11
787 535 916 566 nomine
934 534 1083 569 Abbaus‚
1105 531 1237 560 Iacobus
1262 530 1300 559 de

243 588 331 624 Seva,
352 586 531 616 Advocatus
545 583 699 619 Fiscalis,
728 590 834 611 coram
856 576 1008 608 Pontifice
1031 576 1190 624 Romano,
1215 573 1301 613 apud

243 640 339 672 quem
352 630 390 660 lis
404 629 561 668 agebatur,
572 626 655 657 brevi
671 624 820 655 sententia
839 620 1016 662 proposuit,
1027 619 1187 659 inquiens:
1208 617 1301 666 Quod

240 675 402 715 Magister
415 671 572 703 Generalis
596 668 722 700 Ordinis
745 666 1018 701 Praedicatorum‚
1043 663 1126 693 Elias
1150 671 1298 697 nomme,

243 720 419 749 intraverat
442 720 627 746 conventum
653 713 908 746 Fossae-novae,
941 713 970 738 et
996 707 1147 747 fregerat
1170 714 1298 744 campa-

242 762 315 798 nile,
340 766 370 791 et
392 760 592 790 commiserat
613 756 831 796 sacrilegium,
857 758 887 783 et
902 752 1033 793 fecerat
1051 750 1196 791 furtum.
1221 749 1298 798 Fur-

240 812 310 836 tum
340 804 434 834 etiam
464 802 540 832 sacri
571 800 704 841 depositi
733 798 873 838 nihilque
906 803 1062 836 praeterea
1090 794 1175 825 aliud
1210 792 1298 822 Ehae

241 848 354 879 obiecit
376 848 520 878 Urbanus
544 846 572 876 V
591 845 645 885 qui
669 842 832 873 monachis
856 841 990 871 favebat:
1021 840 1067 869 Tu
1082 838 1223 879 furatus
1246 846 1295 885 es,

239 892 393 932 inquiens,
416 899 531 930 corpus
550 899 576 920 s.
593 887 754 919 Romae?
775 886 836 917 Cui
851 894 977 915 summa
990 883 1117 913 fidentia
1135 880 1298 921 respondlt

238 937 302 966 ille:
327 935 530 966 Sanctissime
552 934 659 970 Pater,
684 941 760 962 caro
784 936 814 960 et
827 929 942 970 frater
966 933 1072 958 noster
1095 932 1159 963 est,·
1181 934 1297 964 nempe

238 987 272 1011 ut
295 979 418 1010 subiicit
439 977 621 1014 historicus,
651 977 749 1007 voluit
771 975 891 1010 dicere,
923 972 1007 1013 quod
1034 972 1104 1012 quis
1132 980 1198 1019 rem
1217 978 1296 1018 pro—

230 1025 339 1064 priam
364 1033 425 1053 non
437 1022 588 1063 furatur.
605 1021 684 1058 Quis
704 1019 816 1056 credat,
835 1017 957 1048 meliori
978 1023 1093 1053 mente,
1109 1014 1296 1053 meliorique

237 1067 367 1098 consilio
392 1077 457 1097 non
481 1073 605 1097 acturos
629 1065 723 1095 fuisse
741 1072 867 1094 causam
891 1071 982 1091 suam
1006 1060 1258 1095 Fossanovanos,
1279 1067 1295 1086 e

236 1112 426 1142 monachatu
449 1122 472 1141 s.
489 1110 634 1140 Thomae
653 1114 837 1148 argumento
858 1106 1038 1144 desumpto,
1054 1104 1078 1134 si
1100 1101 1295 1150 monachum

236 1156 383 1186 eumdem
407 1162 437 1185 et
456 1154 563 1195 primis
583 1161 612 1184 et
631 1151 796 1193 postremis
819 1150 900 1181 vitae
918 1149 1007 1179 annis
1031 1147 1208 1179 scivissent!
1228 1145 1296 1176 Cur

234 1200 428 1231 monachum
451 1199 612 1229 Thomam
635 1207 700 1227 non
724 1195 836 1226 adserit
862 1193 1006 1225 Pontifex
1030 1192 1160 1232 eiusque
1183 1200 1294 1220 mona-

235 1245 362 1275 chatum
385 1254 449 1274 non
473 1242 618 1283 opponit,
643 1248 678 1271 ut
702 1250 737 1270 ex
756 1246 842 1280 parte
861 1238 971 1269 saltem
994 1237 1080 1267 Eliae
1104 1245 1295 1276 responsum

235 1289 375 1326 elideret,
403 1287 458 1328 qui
487 1286 583 1317 sancti
611 1284 756 1316 Doctoris
781 1293 911 1323 corpus,
935 1289 1099 1322 tamquam
1128 1290 1194 1311 rem
1214 1290 1293 1320 pro-

226 1334 353 1373 priam,
383 1332 440 1362 sibi
464 1341 499 1361 ac
520 1329 632 1361 Ordini
655 1328 908 1359 Praedicatorum
934 1326 1130 1363 restitutum,
1160 1334 1200 1355 ne
1224 1334 1293 1372 mo?

232 1377 339 1407 nachis
363 1375 511 1406 extraneis
535 1375 661 1405 reddere
685 1379 860 1412 cogeretur,
884 1371 953 1402 iura
976 1370 1085 1400 omnia
1108 1369 1166 1400 sibi
1190 1368 1293 1399 favere

233 1421 419 1458 declamans,
444 1415 672 1450 obtestabatur?

297 1466 407 1505 Neque
431 1464 527 1494 semel
550 1470 614 1493 tam
633 1462 732 1492 altum
751 1460 954 1501 mirabileque
974 1459 1134 1490 silentium
1157 1458 1189 1488 in
1209 1458 1292 1488 Pon-

231 1509 322 1548 tifice,
345 1510 378 1539 in
401 1507 564 1538 monachis
583 1507 620 1537 de
644 1506 833 1536 monachatu
857 1505 1003 1535 Thomae
1027 1503 1173 1534 admirari
1198 1502 1292 1540 subit;

231 1564 304 1585 cum
328 1553 468 1584 eiusdem
491 1551 610 1582 mentio
634 1550 719 1581 nulla
741 1549 853 1580 iniecta
877 1559 1021 1590 unquam
1045 1548 1148 1585 fuerit,
1168 1547 1291 1578 tametsi

230 1598 321 1628 ferret
344 1597 465 1628 occasio
496 1606 531 1626 ac
563 1595 660 1635 ipsius
683 1594 761 1625 ratio
793 1603 904 1624 causae
932 1593 1093 1633 postulare
1122 1592 1290 1623 videretur.

229 1642 481 1672 Praedicatorum
499 1639 579 1670 votis
601 1648 712 1680 parum
727 1638 884 1669 faventem
904 1638 1081 1676 Urbanum,
1101 1637 1291 1667 subiratum-

229 1696 291 1727 que
314 1685 509 1726 respondisse
528 1684 588 1714 illis
614 1690 715 1713 narrat
733 1683 818 1713 idem
837 1682 1037 1713 Raimundus
1053 1682 1153 1722 capite
1172 1689 1223 1712 111:
1250 1681 1292 1712 Se

230 1731 380 1761 iustitiam
401 1730 480 1760 velle
489 1728 607 1769 facere
625 1729 656 1758 in
677 1728 737 1758 hac
755 1737 864 1758 causa.
882 1727 1031 1765 Iustitiae,
1051 1733 1106 1757 aut
1126 1725 1291 1767 aequitatis

229 1775 383 1815 quaedam
393 1773 509 1814 species
520 1779 593 1809 erat,
605 1779 640 1803 ut
655 1782 769 1812 corpus
784 1771 943 1810 Thomae,
959 1771 984 1802 si
999 1771 1170 1812 aliquando
1182 1770 1292 1801 fuisset

227 1818 418 1855 monachus,
443 1826 544 1858 eoque
575 1816 673 1856 magis
697 1817 721 1847 si
746 1816 922 1846 monachus
953 1816 1040 1846 obire
1063 1815 1215 1846 voluisset
1238 1815 1290 1846 sti-

228 1863 321 1893 mulis
345 1862 550 1894 conscientiae
574 1868 671 1899 actus,
695 1861 754 1901 ipsi
778 1860 928 1891 monachi
947 1859 1180 1897 Fossanovani,
1205 1860 1291 1900 apud

227 1917 308 1948 quos
332 1907 395 1937 fato
420 1906 545 1937 functus
575 1905 770 1937 mortalitatis
801 1904 919 1942 fuerat,
948 1911 1114 1935 servarent.
1139 1906 1183 1935 At
1212 1904 1291 1934 nihil

227 1951 410 1982 huiusmodi
433 1951 465 1981 in
488 1949 647 1981 Pontificis
677 1956 816 1980 mentem
846 1949 948 1987 venit,
973 1949 1028 1990 qui
1053 1949 1174 1980 furtum
1198 1949 1290 1979 dum-

228 2003 309 2026 taxat
332 1995 438 2026 animo
457 2005 598 2033 versans,
618 1994 780 2035 respondit
797 2003 832 2025 se
851 1994 932 2024 velle
950 1994 1104 2025 iustitiam
1120 1993 1241 2034 facere
1259 1999 1289 2024 et

225 2040 426 2071 Decretalem
442 2040 479 2070 de
498 2039 673 2080 raptoribus
687 2039 869 2076 observare,
885 2048 949 2079 qua
963 2038 1082 2069 dicitur
1090 2038 1289 2079 praedonem

226 2084 339 2115 debere
357 2085 523 2122 restituere
530 2092 544 2121 ;
566 2091 596 2114 et
619 2083 704 2114 Eliae
727 2082 919 2120 subiicienti,
942 2083 1080 2113 honores
1096 2082 1253 2113 maximos
1269 2093 1289 2113 a

215 2127 382 2169 fratribus
408 2129 475 2159 suis
502 2128 780 2159 Praedicatoribus
807 2127 954 2158 Thomae
978 2127 1176 2158 sanctissimo
1205 2126 1288 2157 exhi-

226 2173 344 2203 bendos
364 2182 440 2210 esse,
459 2172 491 2202 id
506 2182 607 2203 unum
625 2172 800 2212 respondit:
816 2171 983 2212 Numquid
1006 2181 1069 2202 non
1088 2171 1177 2202 Ordo
1201 2181 1291 2202 meus

223 2226 248 2248 s.
267 2217 432 2248 Benedicti
454 2222 500 2247 est
516 2218 770 2257 potentissimus,
795 2221 826 2247 et
853 2215 941 2247 Ordo
965 2221 1040 2247 tuus
1062 2217 1156 2257 quasi
1179 2216 1290 2247 nullus

225 2261 267 2292 ad
280 2261 500 2292 honorandum
515 2261 632 2292 dictum
647 2261 822 2291 Sanctum?
835 2261 956 2292 Melius
970 2270 1050 2302 ergo
1065 2261 1192 2292 videtur
1204 2261 1290 2302 quod

225 2306 311 2345 apud
329 2306 498 2336 monachos
517 2311 642 2336 nostros
665 2306 731 2346 ipse
754 2310 929 2336 remaneat.
955 2305 1063 2343 Quam
1086 2312 1158 2346 apte
1177 2315 1288 2336 mona-

225 2350 352 2380 chatum
377 2356 580 2380 memorasset
602 2349 764 2387 Pontifex,
793 2359 891 2390 quern
921 2349 1043 2380 iuvenis
1066 2349 1211 2380 Thomas
1235 2349 1289 2380 ali-

225 2395 353 2435 quando
377 2394 535 2434 professus
559 2394 682 2425 fuisset:
707 2394 759 2424 sed
792 2394 846 2435 qui
871 2394 978 2424 nullus
1002 2401 1083 2432 erat,
1111 2404 1177 2424 non
1201 2394 1288 2425 obie-

226 2445 334 2469 cerunt
363 2438 588 2469 monachatum
619 2438 684 2469 eius
713 2438 932 2469 Cistercienses
962 2438 1196 2477 Fossanovani,
1230 2438 1288 2469 sibi

224 2493 338 2524 corpus
362 2489 504 2523 ereptum
527 2483 644 2513 restitui
668 2483 880 2523 postulantes;
911 2493 968 2513 nec
992 2482 1107 2514 obiecit
1134 2483 1288 2514 Summus

223 2527 378 2565 Pontifex,
397 2527 451 2567 qui
471 2527 633 2558 monachis
652 2527 791 2567 primum
811 2527 932 2558 favebat
951 2527 1172 2569 subiratusque
1187 2527 1288 2559 fuerat

226 2571 368 2602 fratribus
391 2571 666 2602 Praedicatoribus.

582 2642 778 2680 CAPUT
806 2643 922 2680 VIII.

224 2711 397 2736 Additamenti
416 2711 447 2736 ad
466 2716 597 2736 vetustum
617 2711 757 2736 Casinense
776 2713 990 2745 martyrologium
1014 2711 1079 2738 fides
1100 2720 1152 2737 non
1172 2717 1212 2738 est
1231 2713 1286 2738 ido-

295 2754 356 2777 nea,
382 2754 433 2780 qua
457 2747 624 2772 monachatus
639 2747 756 2772 Thomae
771 2748 872 2773 suaderi
892 2754 978 2781 queat.
999 2749 1144 2779 Nonnulla,
1159 2756 1227 2781 quae
1247 2748 1285 2774 fe-

293 2787 385 2807 runtur
403 2782 519 2807 eiusdem
539 2782 707 2807 monachatus
728 2783 832 2814 indicia,
858 2784 965 2809 levitatis
989 2789 1014 2809 et
1033 2783 1089 2808 falsi
1115 2784 1231 2809 convicta
1257 2792 1285 2809 ac

294 2818 409 2850 depulsa.

226 2883 247 2913 Ι.
270 2875 463 2959 Nimium
494 2882 579 2913 dolet
602 2883 801 2924 Disquisitor‚
827 2883 987 2914 clarissimi
1012 2884 1192 2916 Casinensis
1215 2885 1285 2916 Μο-

351 2927 474 2958 nasterii
497 2927 636 2965 tabulas,
651 2927 769 2968 quippe
787 2928 875 2968 quod
899 2929 1045 2960 Friderici
1070 2929 1199 2960 secundi
1223 2930 1285 2960 Im-

224 2971 374 3011 peratoris
396 2971 441 3001 ira
463 2981 498 3002 ac
522 2970 626 3002 furore
650 2972 820 3012 expilatum
843 2972 922 3003 illud
947 2972 1023 3011 fuit,
1049 2974 1285 3014 perturbatum,

225 3025 260 3046 ac
283 3025 363 3056 pene
386 3015 597 3053 devastatum,
621 3016 660 3046 ad
683 3026 742 3046 nos
770 3026 871 3057 usque
901 3027 966 3047 non
986 3018 1174 3058 pervenisse,
1201 3028 1286 3060 quae

226 3060 359 3090 maxime
383 3059 606 3099 patefacerent,
630 3069 693 3100 qua
716 3059 809 3091 fuerit
830 3061 911 3091 vitae
936 3062 1117 3093 conditione
1141 3062 1286 3094 Thomas

226 3103 366 3143 quandiu
390 3102 495 3133 Casini
518 3103 670 3141 substitit,
695 3105 909 3144 quodvejllic
937 3106 1071 3137 tenuerit
1093 3106 1284 3138 institutum.

226 3147 350 3187 Ecquid
372 3147 461 3177 aliud
483 3157 557 3178 vero
581 3146 637 3190 (ait
659 3148 711 3178 ille
734 3148 834 3189 capite
858 3159 900 3187 vr,
924 3160 1012 3181 num.
1044 3149 1073 3193 ι)
1103 3151 1190 3182 ultra
1213 3161 1282 3192 spe-

227 3191 364 3222 randum
389 3192 420 3220 in
445 3191 538 3221 rebus
560 3191 627 3222 alta
651 3192 791 3233 caligine
813 3194 940 3231 mersis,
966 3200 997 3225 et
1013 3194 1106 3235 sorte
1130 3206 1192 3226 non
1216 3197 1286 3227 sine

227 3235 385 3266 industria
404 3235 594 3265 occultatis?
611 3236 729 3266 Mirum
748 3243 804 3274 est,
823 3238 1050 3269 monachatum
1069 3239 1215 3272 ‘rhomae
1239 3240 1285 3271 in-

226 3285 271 3309 ter
300 3279 361 3309 alta
391 3278 519 3318 caligine
549 3289 664 3309 mersas
694 3290 742 3310 res
772 3282 947 3319 numerari,
971 3292 1068 3323 quem
1095 3283 1285 3323 gravissimis

224 3322 414 3362 argumentis
438 3332 473 3353 ac
497 3323 584 3353 certis
614 3323 708 3354 etiam
738 3324 1058 3357 demonstrationibus
1085 3327 1118 3358 in
1142 3328 1285 3368 apricum

226 3376 258 3397 se
288 3367 394 3397 tulisse
425 3366 618 3407 frequentius
647 3368 797 3407 gloriatur
827 3369 1026 3410 Disquisitor.
1055 3372 1127 3413 Age
1157 3377 1282 3411 tamen,

227 3409 341 3452 (pergit
363 3409 427 3452 ine)
447 3416 477 3441 et
495 3412 523 3441 si
545 3412 616 3452 quis
634 3412 707 3442 inde
725 3412 838 3443 radius
859 3415 982 3452 emicat,
1003 3417 1210 3456 excipiamus.
1225 3417 1285 3448 Ra-

228 3454 317 3484 dium
339 3464 445 3495 porro,
469 3464 566 3495 quem
589 3455 751 3496 exciperet,
776 3456 833 3487 sibi
857 3457 962 3488 videre
989 3459 1177 3491 emicantem
1199 3460 1285 3492 visus

228 3504 274 3528 est
300 3498 332 3528 in
355 3498 510 3539 aliquibus
541 3499 685 3530 Richardi
716 3500 755 3531 de
785 3510 808 3531 s.
841 3501 1000 3533 Germano
1030 3503 1132 3534 verbis
1162 3505 1202 3535 ad
1231 3515 1284 3535 an-

228 3550 307 3571 num
340 3543 420 3582 1239
451 3542 566 3582 quibus
596 3545 690 3574 tertia
725 3545 952 3576 monachorum
987 3548 1130 3579 exclusio
1155 3548 1286 3580 refertur

229 3584 270 3615 de
298 3586 494 3616 Monasterio
526 3586 702 3618 Casinensi.
732 3588 856 3619 Locum
886 3590 1092 3630 expendimus
1123 3592 1222 3632 capite
1245 3603 1284 3632 v,

228 3637 318 3659 num.
344 3638 374 3667 2,
397 3639 492 3670 quern
523 3630 604 3660 mala
638 3629 699 3661 fide
729 3631 952 3672 interpolatum
983 3634 1284 3668 demonstravimus:

955 275 1413 317 DISSERTATIONES
1443 275 1693 311 CRITICAE

1358 352 1524 393 ipsamque
1547 360 1706 392 praeterea
1724 350 2004 391 interpolationem
2023 350 2102 381 nihil
2121 350 2265 381 exhibere
2285 352 2432 392 omnino,

1357 397 1446 436 quod
1469 396 1674 427 monachatui
1699 396 1762 425 divi
1782 395 1928 425 Thomae
1949 394 2061 432 faveat,
2087 395 2295 426 ostendimus.

1423 442 1466 470 At
1487 445 1592 470 exstat
1607 441 1781 470 etiamnum
1797 439 1890 469 hodie
1905 437 2036 480 (inquit)
2055 438 2168 469 Casini
2181 440 2320 480 optimae
2339 446 2434 472 notae

1356 483 1579 514 documentum
1604 485 1684 514 anni
1707 484 1837 513 circiter
1864 481 1949 512 1380
1977 483 2063 523 quod
2091 484 2196 514 virum
2220 490 2368 515 sanctum
2392 495 2436 516 ex

1354 527 1562 558 Benedictino
1586 527 1738 558 Instituto
1753 527 1797 557 ad
1813 527 2065 557 Dominicanum
2086 528 2265 566 transiisse,
2285 529 2429 560 disertis—

1354 572 1434 601 sime
1457 577 1555 601 notat.
1582 572 1648 601 Iam
1673 581 1747 610 ergo
1772 570 1919 600 dolorem
1943 581 2039 601 suum
2069 571 2216 603 cohibere
2239 572 2434 614 Disquisitor

1355 615 1513 645 debuisset
1544 616 1582 645 de
1614 615 1728 645 tabulis
1758 614 1986 645 casinensibus
2017 615 2177 656 expilatis,
2206 617 2310 658 deque
2340 619 2434 649 rebus

1354 666 1521 699 propterea
1549 659 1610 689 alta
1639 659 1771 699 caligine
1799 659 1929 698 mersis,
1955 669 2031 690 cum
2058 660 2108 690 vel
2137 671 2204 691 uno
2236 661 2433 693 documento

1353 704 1490 742 optimae
1506 709 1610 741 notae,
1627 703 1717 744 quod
1731 703 1908 733 etiamnum
1929 703 2026 735 hodie
2044 705 2237 744 adservatur,
2259 707 2432 737 monacha-

1353 753 1403 776 tus
1423 747 1570 777 Thomae
1593 747 1801 778 disertissime
1826 754 1963 778 notetur.
1987 748 2070 779 Illud
2097 756 2160 787 est,
2188 751 2278 791 quod
2297 751 2433 782 Ioannes

1352 790 1556 821 Mabillonius
1571 791 1603 821 in
1618 792 1751 822 Musaeo
1773 791 1880 822 Italico
1900 792 2020 832 publici
2038 793 2115 824 iuris
2138 793 2222 825 facto
2242 805 2328 826 anno
2348 796 2430 837 1687

1352 842 1509 865 memorat
1527 846 1563 866 ac
1586 836 1620 865 in
1643 836 1748 866 lucem
1768 836 1888 876 profert
1906 844 1994 877 parte
2014 837 2042 877 1,
2058 848 2129 879 pag.
2152 840 2231 870 123:
2254 853 2269 867 «
2282 840 2331 871 Ex
2349 841 2431 871 Mar-

1355 891 1368 905 »
1391 879 1550 919 tyrologio
1570 880 1667 910 veteri
1691 880 1853 919 discimus,
1873 882 2032 922 inquiens,
2053 882 2218 914 Thomam
2236 884 2431 925 Aquinatem

1354 934 1368 948 »
1392 923 1499 961 Casini
1523 925 1721 955 monachum
1745 925 1857 963 fuisse,
1883 933 2055 967 antequam
2080 927 2113 957 in
2138 927 2430 960 Dominicanorum

1354 979 1368 993 »
1391 967 1578 1008 religionem
1598 969 1790 1000 convolaret.
1814 970 1860 1000 Ita
1879 970 1966 1000 enim
1993 971 2031 1001 de
2056 981 2095 1002 eo
2115 972 2209 1003 nonis
2228 973 2359 1012 martiis,
2383 984 2430 1005 se-

1353 1023 1367 1038 »
1391 1013 1495 1042 cunda
1518 1013 1650 1054 quidem
1669 1024 1784 1053 manu,
1804 1015 1860 1045 sed
1879 1022 1951 1046 ante
1975 1026 2077 1046 annos
2103 1016 2165 1046 300
2181 1017 2324 1057 (scilicet
2342 1019 2430 1049 circa

1353 1068 1367 1082 ›>
1390 1066 1512 1087 annum
1535 1058 1656 1089 Christi
1674 1057 1781 1101 1380)
1802 1059 1998 1100 adscriptum
2020 1060 2151 1100 legitur:
2175 1061 2281 1093 Nonis
2299 1063 2425 1100 martii,

1353 1112 1367 1126 2>
1389 1101 1478 1141 apud
1491 1102 1754 1141 Fossamnovam,
1780 1104 1900 1135 natalis
1921 1114 1946 1135 s.
1968 1105 2108 1135 Thomae
2126 1105 2341 1146 confessoris,
2367 1108 2430 1138 viri

1353 1157 1366 1171 »
1390 1146 1615 1178 eruditissimi:
1633 1148 1867 1188 qui‘oriundus
1889 1148 1929 1180 de
1951 1150 2090 1190 Aquino,
2105 1151 2215 1190 primo
2241 1150 2431 1183 Casinensis

1352 1201 1366 1216 »
1390 1191 1566 1222 monachus
1581 1191 1719 1233 factus,
1740 1193 1947 1233 postmodum
1968 1195 2000 1224 in
2024 1193 2148 1225 Ordine
2167 1194 2252 1226 beati
2263 1196 2430 1227 Dominici
2475 1204 2480 1210 ⁴

1351 1246 1366 1260 »
1389 1235 1600 1267 Praedicator
1619 1236 1763 1277 effectus,
1778 1247 1839 1268 sua
1855 1238 2025 1278 multiplici
2043 1244 2074 1269 et
2083 1238 2263 1279 fructuosa
2277 1240 2426 1272 doctrina

1351 1290 1365 1305 »
1389 1279 1584 1311 illuminavit
1603 1281 1697 1312 valde
1714 1282 1892 1313 Ecclesiam
1911 1288 2058 1313 sanctam
2082 1283 2155 1315 Dei.
2173 1297 2188 1311 »
2211 1284 2292 1322 Quis
2317 1291 2427 1316 contra

1348 1324 1464 1355 mutire
1488 1323 1708 1366 (Disquisitor
1730 1327 1870 1369 clamat)
1894 1327 1966 1368 quis
1990 1327 2110 1358 hiscere
2134 1326 2267 1360 audeat?

1415 1369 1483 1400 Cur
1501 1379 1576 1400 vero
1596 1370 1715 1401 hiscere
1735 1381 1802 1402 non
1820 1371 1912 1402 liceat
1938 1378 2047 1402 contra
2073 1373 2288 1412 monachum,
2308 1373 2426 1405 eidem·

1347 1423 1410 1454 que
1434 1413 1531 1444 fidem
1555 1414 1726 1455 denegare,
1751 1415 1807 1456 qui
1832 1416 1959 1447 saeculo
1983 1415 2126 1456 integro,
2152 1417 2224 1458 ipso
2253 1418 2427 1450 adnotante

1347 1458 1548 1498 Mabillonio,
1572 1459 1610 1489 ab
1635 1459 1726 1490 obitu
1750 1460 1910 1498 Thomae,
1929 1460 1986 1502 qui
2010 1471 2095 1492 anno
2121 1471 2204 1503 1274
2224 1462 2347 1502 accidit,
2373 1462 2422 1493 in·

1347 1503 1524 1543 terpolabat
1542 1510 1704 1535 vetustum
1720 1504 1997 1546 martyrologium,
2015 1506 2143 1536 saeculo
2163 1506 2336 1538 undecimo
2351 1507 2427 1538 scri-

1347 1554 1458 1587 ptum,
1484 1547 1509 1577 si
1533 1547 1667 1579 Erasmo
1693 1548 1839 1580 Gattulae
1864 1547 2043 1580 credimus?
2067 1550 2129 1581 Sed
2152 1551 2202 1581 vel
2230 1561 2269 1583 ea
2292 1557 2386 1583 aetas
2407 1562 2427 1582 a

1347 1591 1534 1622 Mabillonio
1561 1593 1733 1624 constituta
1755 1594 1835 1624 satis
1857 1595 2010 1634 scriptori
2039 1591 2149 1637 (verba
2172 1602 2247 1626 sunt
2269 1595 2427 1638 Disquisi-

1347 1636 1423 1666 toris
1448 1636 1549 1677 capite
1568 1647 1599 1668 V1
1626 1637 1732 1680 citato,
1757 1647 1847 1668 num.
1871 1638 1910 1679 3)
1930 1639 2080 1676 conciliat
2098 1641 2314 1678 auctoritatis,
2336 1645 2372 1672 ut
2390 1642 2424 1672 in

1337 1680 1434 1721 sacto
1457 1681 1497 1712 de
1519 1691 1582 1722 quo
1602 1692 1689 1713 nunc
1706 1683 1888 1723 quaeritur,
1903 1682 2008 1724 fidem
2028 1684 2192 1725 integram
2207 1683 2336 1725 saciat:
2350 1694 2424 1717 cum

1346 1735 1383 1756 eo
1407 1726 1439 1755 in
1465 1726 1534 1756 loco
1556 1727 1722 1767 scripserit
1755 1727 1825 1764 ille,
1859 1727 1913 1758 ubi
1935 1737 1978 1758 ex
1996 1727 2135 1768 publicis
2158 1728 2278 1761 tabulis
2304 1729 2431 1763 rescire.

1337 1767 1445 1810 facile
1457 1771 1576 1811 potuit,
1591 1781 1675 1812 quae
1679 1770 1791 1812 fuerit
1815 1772 1954 1802 Tkomae
1963 1771 2119 1812 fortuna,
2143 1772 2256 1804 Casini
2273 1773 2351 1806 dum
2370 1773 2425 1806 de·

1344 1819 1438 1855 geret
1456 1815 1652 1846 adolescens.
1669 1815 1815 1846 Publicas
1834 1816 2045 1847 monachatus
2064 1817 2212 1848 Thomae
2231 1817 2355 1850 tabulas
2373 1827 2424 1850 ex-

1346 1858 1459 1890 stitisse
1482 1859 1590 1890 Casini
1614 1870 1699 1890 anno
1724 1859 1844 1891 circiter
1873 1860 1967 1899 1380,
1986 1871 2054 1902 quo
2077 1861 2256 1893 monachus
2279 1862 2332 1894 ille
2351 1862 2425 1894 scu*-

1346 1903 1455 1941 bebat,
1479 1904 1594 1935 adserit
1616 1904 1717 1935 modo
1741 1904 1951 1946 Disquisitor‚
1976 1905 2032 1946 qui
2062 1905 2173 1946 paullo
2200 1912 2272 1938 ante
2296 1906 2424 1939 dolebat

1345 1947 1473 1988 periisse
1487 1948 1555 1979 illas
1569 1948 1602 1979 in
1617 1948 1808 1989 expilatione
1819 1949 1977 1980 Coenobii
1988 1949 2272 1992 Casinensis,quae
2286 1952 2426 1993 contigit

1344 1992 1512 2023 Friderico
1539 1993 1581 2023 II
1605 1993 1808 2034 Imperatore
1833 1995 1866 2024 in
1886 1994 2146 2035 religiosissimos
2172 1996 2346 2028 monachos
2359 1995 2424 2037 fia-

1345 2042 1446 2075 rente,
1458 2047 1544 2068 anno
1559 2037 1677 2069 scilicet
1696 2039 1790 2079 1239,
1801 2048 1838 2069 ac
1852 2038 2000 2079 deinceps
2015 2049 2118 2080 usque
2133 2039 2173 2070 ad
2187 2049 2311 2071 annum
2327 2041 2424 2079 1250,

1345 2091 1411 2122 quo
1435 2088 1574 2113 mortem
1597 2082 1676 2113 obiit
1694 2082 1757 2113 ille.
1778 2085 1821 2114 At
1838 2082 2012 2114 vetustiora
2030 2093 2112 2124 quae
2131 2083 2263 2116 lustrare
2282 2085 2423 2126 potuerit

1344 2133 1556 2157 monumenta
1574 2127 1679 2158 bonus
1698 2127 1750 2158 ille
1770 2127 1959 2166 monachus,
1979 2127 2005 2158 si
2024 2138 2107 2169 quae
2130 2135 2313 2169 supersunt,
2332 2135 2364 2161 et
2381 2129 2423 2161 ad
2466 2151 2470 2157 ·

1344 2180 1404 2201 nos
1428 2178 1654 2211 pervenerunt,
1683 2172 1722 2202 nb
1747 2171 1930 2203 auctoribus
1953 2172 2148 2213 conscripta,
2177 2172 2233 2214 qui
2257 2173 2424 2207 Thon-m

1343 2214 1490 2246 viderunt
1518 2223 1549 2246 et
1567 2225 1649 2259 cum·
1667 2226 1706 2247 eo
1730 2216 1843 2247 versati
1866 2223 1952 2254 sunt,
1966 2223 2022 2248 aut
2046 2216 2151 2248 eidem
2169 2223 2270 2249 aetate
2283 2217 2422 2260 proximi

1344 2259 1483 2298 fuerunt,
1504 2260 1693 2301 oppositum
1711 2261 1840 2292 tradunt
1858 2260 2033 2292 manifeste.
2054 2261 2281 2294 Ptolomaeum
2297 2262 2421 2295 Lucen-

1343 2313 1412 2334 sem
1429 2303 1584 2345 intelligo,
1604 2312 1635 2336 et
1654 2304 1865 2336 Guillelrnum
1884 2306 1923 2336 de
1942 2305 2065 2344 Tocco,
2085 2312 2116 2337 et
2136 2306 2422 2339 Bai-tholomaeum

1344 2348 1383 2379 de
1403 2347 1515 2389 Capua
1541 2349 1754 2390 Logothetam
1768 2349 1875 2391 ¹Regni
1891 2349 2025 2388 Siciliae,
2045 2357 2076 2382 et
2092 2350 2258 2382 Thomam
2275 2350 2419 2383 Cantim-

1343 2399 1540 2433 pratensem,
1565 2404 1648 2435 quos
1678 2394 1908 2426 monachatum
1931 2394 2078 2426 ‘rhomae
2105 2394 2249 2435 pluribus
2282 2402 2419 2427 evertere

1344 2444 1509 2469 ostensum
1533 2445 1588 2469 est.
1615 2439 1707 2470 Adde
1731 2445 1825 2470 testes
1850 2438 1883 2469 in
1906 2439 2060 2470 Processu
2089 2439 2340 2472 canonizationis
2361 2449 2420 2472 vo-

1343 2489 1430 2513 catos
1455 2490 1485 2514 et
1507 2482 1638 2522 iuratos,
1662 2483 1718 2524 qui
1742 2483 1871 2524 plurimi
1896 2490 1985 2521 sunt,
2005 2493 2071 2514 non
2098 2493 2135 2514 ex
2154 2483 2276 2516 Ordine
2293 2483 2419 2517 Praedi—

1344 2533 1488 2558 catorum
1519 2527 1700 2565 dumtaxat,
1725 2528 1780 2558 sed
1804 2527 1981 2558 monachos
2005 2534 2036 2559 et
2059 2527 2175 2567 laicos;
2198 2528 2254 2571 qui
2281 2537 2356 2561 cum
2379 2529 2420 2561 de

1343 2570 1490 2602 Thomae
1514 2571 1608 2612 gestis
1632 2571 1854 2603 testimonium
1876 2572 2080 2613 perhibeant,
2104 2572 2236 2615 eiusque
2255 2572 2338 2606 vitae
2361 2573 2420 2605 cir-

1343 2616 1558 2654 cumstantias,
1583 2626 1791 2658 quocumque
1814 2617 1915 2647 modo
1939 2616 2087 2648 noverint
2109 2626 2172 2655 eas,
2194 2617 2289 2648 etiam
2313 2617 2420 2650 minu-

1343 2659 1478 2691 tissimas
1493 2660 1692 2701 patefaciant,
1707 2661 1937 2692 monachatum
1951 2661 2019 2692 eius
2041 2667 2096 2692 aut
2117 2661 2182 2692 alto
2206 2660 2332 2693 silentio
2348 2671 2419 2703 pre-

1343 2711 1436 2736 munt
1457 2712 1512 2736 aut
1531 2712 1612 2736 certe
1631 2704 1810 2746 profligant.
1840 2705 1932 2743 Quae
1960 2705 2112 2736 hactenus
2144 2705 2352 2738 disseruimus
2370 2716 2417 2738 re-

1343 2748 1411 2780 cole
1435 2756 1466 2780 et
1489 2749 1639 2790 expende.

1409 2793 1516 2824 Fuerit
1534 2803 1609 2834 ergo
1633 2800 1700 2825 tam
1720 2794 1826 2825 bonus
1841 2793 1975 2825 loannes
1988 2793 2205 2833 Mabillonius,
2221 2794 2272 2826 cui
2291 2801 2417 2826 tantum

1341 2837 1434 2869 debet
1456 2837 1603 2869 litteraria
1621 2837 1822 2879 Respublica,
1837 2845 1995 2879 quantum
2013 2837 2064 2869 vix
2083 2838 2188 2876 alteri,
2215 2838 2271 2880 qui
2295 2839 2416 2880 praedi-

1340 2881 1381 2913 cti
1405 2882 1610 2914 additamenti
1636 2882 1676 2913 ad
1697 2882 1870 2914 Casinense
1892 2882 2158 2924 martyrologium
2181 2882 2313 2924 allegata
2332 2882 2416 2923 fide,

1339 2926 1568 2958 addiscendum
1597 2927 1751 2968 proponit
1773 2926 1806 2958 in
1825 2927 1958 2958 Musaeo
1986 2926 2111 2958 Italico:
2141 2927 2294 2959 nomam
2317 2928 2417 2970 Aqui-

1340 2975 1446 3002 nutem
1473 2971 1586 3003 Casini
1609 2971 1800 3003 monachum
1815 2970 1942 3013 fuisse,
1967 2977 2139 3012 antequam
2163 2971 2208 3004 ad
2225 2972 2414 3004 Dominica-

1339 3025 1454 3047 norum
1471 3015 1674 3057 Religionem
1699 3015 1910 3058 convolaret?
1932 3015 2040 3047 Refert
2061 3026 2097 3047 ea
2124 3015 2172 3047 vir
2193 3015 2416 3056 doctissimus,

1339 3069 1421 3100 quae
1444 3060 1604 3101 praedicto
1623 3060 1658 3091 in
1676 3060 1903 3092 Additamento
1927 3059 2060 3101 legerat:
2085 3070 2227 3102 quorum
2252 3067 2360 3093 tamen
2382 3071 2418 3093 ee

1338 3104 1453 3135 vadem
1476 3104 1583 3145 ipsum
1614 3105 1688 3136 dare
1710 3104 1798 3135 haud
1821 3111 1911 3145 puto.
1937 3104 2018 3135 Rem
2042 3104 2137 3136 affero
2165 3111 2325 3146 praeterea
2349 3105 2416 3137 eni-

1339 3148 1558 3180 madversione
1593 3149 1732 3190 dignam.
1762 3148 1908 3180 Thomas
1944 3148 2059 3180 dicitur
2092 3149 2125 3180 in
2160 3149 2214 3181 ina
2339 3148 2348 3157 “
2405 3149 2413 3157 ’

1339 3193 1555 3232 adnotatione,
1572 3194 1683 3235 primo
1709 3193 1895 3225 Casinensis
1918 3194 2094 3225 monachus
2113 3193 2248 3235 sactus:
2273 3193 2413 3236 indeque

1339 3237 1567 3269 addiscendum
1590 3237 1695 3269 scribit
1717 3237 1934 3276 Mabillonius,
1959 3238 2111 3269 „tomam
2134 3238 2330 3280 Aquinatem
2350 3237 2413 3271 Ca-

1338 3282 1402 3313 sini
1429 3282 1619 3314 monachum
1634 3281 1763 3324 suisse,·
1794 3292 1876 3323 quae
1900 3282 1967 3314 sine
1990 3282 2090 3314 dubio
2118 3282 2230 3322 verba,
2253 3281 2287 3315 in
2315 3281 2414 3315 obvio

1339 3326 1534 3368 proprioque
1552 3335 1647 3358 sensu
1667 3333 1805 3367 accepta,
1822 3326 2052 3359 monachatum
2071 3326 2228 3366 exhibent,
2243 3335 2342 3369 quem
2359 3335 2411 3358 ιο-

1338 3370 1435 3401 lemni
1460 3370 1576 3402 emisso
1599 3377 1676 3402 voto
1696 3370 1804 3403 Casini
1823 3370 1986 3412 professus
2009 3370 2114 3411 fuerit,
2133 3377 2189 3404 aut
2206 3377 2289 3403 certe
2305 3376 2412 3402 retum

1339 3422 1490 3446 renovato
1514 3422 1591 3446 voto
1615 3415 1759 3447 habuerit
1786 3422 1913 3447 sanctus
1939 3415 2094 3447 Thomas.
2119 3418 2163 3447 At
2184 3414 2284 3456 probe
2307 3423 2411 3446 sense-

1338 3466 1385 3490 rat
1399 3459 1603 3491 Mabillonius
1618 3459 1737 3491 nemini
1753 3459 1821 3491 fore
1843 3459 2073 3492 monachatum
2089 3459 2154 3491 divi
2174 3458 2323 3491 Thomae
2341 3468 2410 3500 per-

1339 3503 1556 3543 suadendum
1587 3504 1672 3536 unde
1702 3504 1833 3545 proprio
1862 3504 2042 3545 marginalis
2071 3503 2156 3535 imus
2181 3509 2277 3535 notae
2301 3502 2412 3535 relicto

1339 3557 1443 3585 sensu,
1465 3548 1577 3579 maluit
1600 3558 1670 3579 eam
1690 3548 1812 3580 cautior
1831 3548 1958 3581 effectus
1976 3548 2149 3589 intelligere
2171 3547 2212 3579 de
2234 3546 2303 3578 nola
2320 3546 2412 3579 Tho-

1339 3601 1409 3623 mae
1428 3592 1508 3623 inter
1522 3593 1698 3624 monachos
1713 3593 1912 3632 educatione,
1927 3592 2059 3635 eiusque
2073 3591 2198 3633 pueruli
2212 3590 2287 3622 divo
2310 3591 2410 3622 Bene-

1340 3634 1423 3666 dicto
1434 3646 1452 3667 a
1462 3636 1644 3676 parentibus
1655 3636 1735 3669 facta
1750 3637 1923 3676 oblatione,
1933 3637 1967 3668 in
1976 3635 2173 3669 Praefatione
2183 3635 2279 3677 partis
2289 3635 2411 3677 primae
