2788 4204
69 375 80 386 ⁴⁸
88 381 115 396 u:
124 374 185 395 sicut
191 372 285 400 antiqui

70 401 188 423 dixerunt.

69 433 81 444 ⁴*
103 431 164 454 cf.1
184 430 280 456 Perih.,

69 459 121 480 lect.
131 464 154 479 111
162 474 167 483 ,
179 463 202 478 n.
213 463 235 484 7.

70 487 78 494 ·
94 485 186 507 Comm.
203 490 221 504 s,
237 482 283 504 Th.

69 513 121 533 lect.
132 517 179 532 νιιι.
195 522 205 526 -
221 509 281 531 Edit.

68 538 122 560 Did.
132 538 172 559 lib.
180 537 219 563 111,
231 543 282 564 cap.

69 571 99 591 tv,
116 571 138 586 n.
150 564 181 590 16,
198 570 264 591 seqq.

68 592 79 602 ⁶
94 598 121 612 o:
137 591 213 618 sequi.
258 616 262 620 Δ

71 620 79 627 ·'
95 618 152 639 Loc.
163 623 233 644 supra
243 620 282 638 cit.

69 647 79 654 “
96 644 171 666 Codd.
182 660 187 670 ,
203 649 252 664 exc.
268 650 282 664 n

68 678 107 692 nr:
118 677 175 698 seq.;
187 677 210 691 u:
221 676 284 697 quae

68 699 252 725 cognoscuntur.

69 751 78 759 ”
92 756 182 771 anni-u:
198 755 263 776 sequ.

71 804 78 812 ·
94 803 178 828 Codd.,
193 808 242 823 exc.
253 808 265 822 G
277 809 281 822 :

67 830 144 858 falso;
152 836 173 851 c:
184 829 282 854 falsum.

159 1054 190 1088 ββ

158 1227 191 1252 ΥΥ

68 1326 165 1349 ‘Codd.:
173 1332 283 1348 commen-

68 1355 183 1376 sut-atum.

158 1381 186 1406 ὃὸ

68 1492 79 1503 ⁸
94 1498 121 1513 o:
137 1497 180 1513 nos
194 1491 269 1519 accip.

69 1545 77 1553 '¹
94 1550 230 1566 CDEGRNOST
240 1552 244 1566 :
261 1536 284 1565 el

69 1571 158 1599 opinio.

69 1654 166 1686 ⁸Codd.
182 1666 192 1670 -
209 1661 234 1676 P:
252 1655 285 1676 sit

69 1688 125 1703 vere
139 1687 245 1703 mcomm.

159 1772 182 1788 ΕΞ

314 230 387 266 322

311 308 415 357 quod
453 307 584 357 opinio
614 319 706 343 vera
736 314 772 343 et
800 306 891 342 falsa
921 312 1046 341 essent
1073 303 1224 352 penitus
1254 303 1300 340 de
1323 315 1386 339 eo-

311 362 416 408 dem,
443 362 539 398 sicut
567 360 681 409 aliqui
712 360 841 397 dicunt
860 359 890 405 ³¹⁶,
912 365 1004 406 puta
1033 357 1083 393 illi
1115 357 1180 405 qui
1210 355 1388 393 dicebant

311 416 416 464 quod
444 427 560 451 omne
590 414 695 462 quod
728 412 837 449 alicui
865 410 1017 447 videtur
1037 417 1092 446 est
1120 422 1258 447 verum
1278 410 1319 456 ³¹²,
1345 417 1387 446 ut

312 468 447 505 dicitur
460 468 498 505 in
515 469 566 504 IV
585 466 852 515 Metaphys.*;
870 464 930 510 ille
950 463 1014 512 qui
1032 463 1085 499 sic
1101 463 1253 510 diceret,
1273 463 1387 499 vellet

312 522 493 570 consequi
513 522 533 542 '¹‘
553 521 679 568 aliqua
698 516 1019 563 inconvenientia,
1037 524 1073 553 et
1088 517 1207 553 multa
1228 516 1385 565 quidem

312 576 395 622 alia,
422 587 519 623 quae
539 574 662 622 posita
678 572 817 609 suntin
834 571 885 607 IV
899 570 1162 618 Metaphys.*,
1179 582 1278 619 quae
1296 582 1386 606 con-

312 635 521 678 sequuntur
540 629 560 646 ⁴*
581 639 626 662 ex
645 627 740 672 hoc,
762 624 867 674 quod
896 623 1030 672 aliquis
1051 623 1141 660 dicit
1169 623 1273 660 idem
1303 635 1385 660 esse

311 694 447 719 verum
468 688 503 717 et
521 681 675 723 falsum;
702 686 738 715 et
766 676 978 727 specialiter
1005 677 1080 713 hoc
1108 676 1386 714 inconveniens

313 741 606 782 consequeretur
619 733 639 753 '¹‘
655 731 700 779 ci,
718 732 824 781 quod
839 731 942 768 nulla
957 730 1089 779 opinio
1112 738 1210 767 esset
1229 730 1332 777 falsa,
1350 737 1387 767 et

311 788 416 837 quod
435 788 494 823 ille
514 786 578 834 qui
599 785 776 834 opinatur
795 785 887 822 falsa
902 785 933 831 ²¹²,
950 796 1029 821 non
1049 784 1280 833 opinaretur.
1293 784 1385 820 Non

312 853 400 888 ergo
429 847 554 888 potest
586 839 660 876 dici
690 840 796 888 quod
823 850 916 875 vera
949 837 1082 887 opinio
1121 845 1157 874 et
1187 837 1279 874 falsa
1313 837 1387 874 sint

311 893 484 931 eiusdem
512 892 744 941 simpliciter.
773 893 850 930 Sed
879 892 969 941 quia
997 892 1094 928 idem
1124 890 1261 928 dicitur
1288 891 1385 928 mul-

310 947 499 996 tipliciter,
530 947 714 994 contingit
741 946 1034 995 quodammodo
1064 945 1292 994 opinionem
1318 957 1385 982 ve-

311 1013 392 1037 ram
413 1008 450 1037 et
468 1000 600 1037 falsam
621 1012 703 1036 esse
725 999 911 1047 eiusdem,
929 1006 965 1035 et
984 998 1276 1047 quodammodo
1292 1010 1383 1035 non.

311 1055 352 1092 Si
378 1054 483 1091 enim
508 1053 714 1102 accipiatur
742 1053 846 1090 idem
875 1053 1091 1090 subiectum
1111 1050 1147 1080 ¹⁹¹⁹
1171 1051 1385 1089 secundum

310 1120 403 1154 rem,
425 1108 472 1145 de
501 1119 579 1156 quo
600 1115 687 1144 sunt
715 1106 930 1156 opiniones,
952 1107 1006 1143 sie
1026 1107 1073 1144 de
1094 1106 1233 1143 eodem
1261 1113 1387 1154 potest

310 1173 391 1198 esse
407 1161 541 1210 opinio
556 1174 649 1199 vera
665 1169 701 1198 et
714 1161 818 1198 falsa.
841 1161 880 1197 Si
902 1168 1031 1197 autem
1055 1159 1263 1209 accipiatur
1280 1159 1385 1196 idem

310 1223 392 1252 esse
423 1215 551 1263 ipsum
582 1214 821 1252 enunciabile
851 1213 1073 1263 opinatum,
1101 1213 1155 1250 sic
1179 1213 1254 1250 hoc
1274 1218 1305 1240 ⁷⁷
1330 1220 1386 1249 est

309 1268 558 1317 impossibile.
581 1269 679 1305 Puta
695 1268 924 1305 diametrum
950 1279 1031 1304 esse
1058 1266 1384 1303 commensurabi-

310 1324 385 1360 lem
399 1322 419 1343 *
439 1322 544 1359 lateri
565 1322 738 1371 quadrati
758 1322 937 1371 opinatur
965 1320 1101 1370 aliquis
1121 1320 1212 1357 falsa
1233 1319 1384 1368 opinio-

310 1388 358 1413 ne
377 1373 416 1423 3‘5,
435 1384 471 1413 et
490 1375 767 1413 inconveniens
784 1382 839 1412 est
855 1374 979 1412 dicere
995 1374 1099 1423 quod
1114 1373 1189 1410 hoc
1205 1373 1384 1410 enuncia—

311 1430 389 1467 bile
401 1430 536 1479 aliquis
552 1430 729 1479 opinetur
742 1441 834 1466 vera
853 1427 1051 1476 opinione.
1073 1426 1149 1464 Sed
1170 1426 1383 1463 secundum

311 1484 417 1532 quod
453 1483 662 1532 accipimus
684 1484 703 1504 ²²²
732 1482 860 1531 ipsum
895 1480 1109 1517 subiectum
1145 1478 1383 1517 enunciabile

312 1538 551 1583 diametrum,
574 1537 627 1573 sic
648 1536 820 1573 eiusdem
839 1541 964 1583 potest
990 1546 1071 1570 esse
1101 1533 1235 1582 opinio
1252 1534 1272 1554 *
1290 1544 1384 1570 vera

312 1598 348 1627 et
375 1591 478 1628 falsa.
501 1591 603 1627 Nam
627 1590 725 1626 circa
744 1589 986 1634 diametrum,
1008 1599 1108 1624 unus
1136 1599 1227 1624 vere
1248 1586 1383 1636 opina-

310 1652 370 1681 tur
388 1644 493 1693 quod
513 1644 559 1680 sit
577 1640 977 1680 incommensurabilis
994 1641 1026 1687 *,
1047 1640 1143 1677 alius
1163 1641 1257 1677 falso
1278 1640 1383 1689 quod

311 1698 357 1735 sit
386 1696 754 1734 commensurabilis.
776 1697 825 1732 Et
844 1694 898 1733 sic
918 1694 1163 1731 manifestum
1190 1700 1246 1731 est
1278 1695 1384 1743 quod

310 1752 349 1789 id
375 1752 422 1789 de
450 1764 528 1800 quo
558 1758 614 1788 est
641 1749 775 1799 opinio
805 1756 841 1786 et
869 1748 1042 1795 scientia,
1073 1748 1142 1784 etsi
1171 1747 1217 1784 sit
1242 1746 1385 1784 idemss

310 1805 497 1850 subiecto,
527 1817 607 1841 non
634 1811 765 1841 tamen
799 1810 854 1840 est
881 1802 986 1839 idem
1021 1801 1238 1838 secundum
1273 1801 1384 1838 ratio-

309 1968 353 1988 cut
371 1969 450 1995 supra
468 1961 568 1993 legitur,
587 1959 635 1984 sed
652 1958 743 1991 aliquo
764 1957 856 1985 modo.
876 1964 923 1990 per
942 1957 1136 1989 oppositionem
1155 1956 1188 1980 ad
1206 1954 1385 1980 omnium—C

309 2007 332 2024 s.
347 2006 398 2023 m.:
418 2004 469 2022 non
490 1999 594 2021 tantum
613 1994 786 2026 simpliciter:
800 1996 905 2018 tantum
926 1997 1047 2025 corrupte
1066 1999 1114 2025 pro
1134 1994 1240 2019 tamem·
1253 1991 1275 2015 D
1291 1999 1314 2016 s.
1333 1999 1384 2015 m.:

309 2033 464 2066 simpliciter
482 2035 571 2056 autem
592 2038 660 2060 non,
675 2030 713 2055 sic
732 2035 790 2055 etc.:
806 2036 873 2062 quae
892 2029 968 2053 lectio
987 2033 1027 2053 est
1046 2028 1078 2052 ad
1093 2035 1202 2052 sensum
1221 2027 1240 2051 Ρ
1246 2035 1253 2058 ;
1270 2026 1308 2056 Q:
1322 2027 1385 2052 sim-

306 2070 415 2102 pliciter
433 2071 482 2093 aut
503 2066 636 2100 (corrupte
654 2073 703 2099 pro
721 2064 823 2099 autem)
842 2072 911 2094 non,
930 2064 969 2089 sic
983 2069 1032 2089 etc.
1048 2063 1069 2088 E
1087 2071 1142 2088 om.
1155 2063 1285 2088 sed.·-A:
1302 2062 1342 2087 sic
1359 2065 1386 2087 et

311 2106 343 2130 de
368 2105 491 2137 opinione
497 2111 506 2134 ,·
526 2103 549 2127 G
568 2107 594 2127 et
612 2110 638 2134 p.
659 2109 695 2126 m.
711 2101 748 2125 K:
767 2101 806 2126 sic
831 2101 912 2126 etiam
932 2100 965 2125 de
979 2106 1011 2124 ea
1036 2098 1161 2132 opinione
1167 2106 1176 2128 ‚·
1196 2098 1220 2123 G
1243 2098 1341 2131 pergit:
1360 2101 1387 2123 et

310 2140 420 2167 scientia
439 2143 486 2165 est.

365 2175 407 2209 ββ)
428 2175 460 2200 Si
477 2174 547 2199 enim
566 2173 716 2205 accipiatur
741 2177 789 2197 etc.
804 2183 824 2191 —-
842 2171 938 2196 Codd.:
962 2171 1046 2203 accip.
1066 2170 1136 2195 idem
1161 2169 1305 2195 secundum
1329 2177 1386 2195 rem

310 2212 453 2238 subiectam
470 2210 518 2244 (G,
534 2210 573 2234 rei
586 2208 779 2238 substantiam5
793 2208 827 2238 L,
840 2214 890 2232 sec.
905 2214 961 2232 esse
977 2205 1100 2239 (expung.
1115 2205 1181 2240 esse)
1197 2213 1262 2235 rem,
1282 2206 1316 2231 de
1329 2211 1386 2236 etc.;

311 2248 375 2278 ΜΟ,
395 2254 450 2272 rem
470 2249 496 2271 et
514 2244 718 2278 substantiam),
738 2244 771 2268 de
790 2250 842 2276 qua
861 2245 924 2268 sunt
943 2247 1001 2273 etc.;
1020 2241 1146 2267 Bz'idem
1166 2242 1310 2266 secundum
1330 2249 1386 2267 rem

311 2283 464 2311 subiectum,
485 2282 517 2306 de
536 2288 587 2313 quo
606 2283 668 2305 sunt
687 2285 736 2305 etc.

365 2318 408 2352 γγ)
428 2318 474 2343 Sic
487 2317 535 2342 hoc
554 2322 631 2341 etc.-
645 2315 781 2345 ACELQS
801 2319 826 2339 et
845 2322 870 2346 p.
883 2322 920 2339 m.
932 2314 992 2338 DN:
1013 2313 1052 2338 sic
1070 2315 1165 2338 contra
1184 2315 1238 2343 est‚·
1256 2313 1294 2337 T:
1315 2313 1354 2338 sic
1374 2320 1388 2338 e

311 2357 407 2380 contra
421 2356 476 2382 est5
495 2353 535 2376 M:
549 2352 587 2377 sic
601 2350 741 2377 contraria
761 2350 892 2383 (corrupte
912 2357 959 2382 pro
979 2348 1085 2380 contra)
1101 2351 1141 2373 est
1154 2348 1316 2380 impossibile
1334 2355 1390 2374 esse

314 2391 340 2415 in
355 2389 455 2414 eodem.
475 2387 614 2413 Puta.·-H
632 2394 686 2411 om.
701 2386 765 2416 hoc,·
783 2386 809 2410 in
829 2385 850 2410 N
871 2393 982 2418 expung.
997 2387 1101 2410 contra.

366 2424 407 2459 δδ)
427 2423 560 2456 Opinatur
572 2422 668 2455 aliquis
676 2422 752 2456 salsa
765 2421 896 2453 opinione.
905 2435 925 2439 —
935 2420 974 2445 O:
989 2420 1085 2452 aliquis
1100 2419 1228 2451 opinatur
1238 2419 1264 2444 in
1275 2422 1390 2452 utraque

313 2460 451 2493 opinione,·
469 2459 493 2483 T
507 2466 561 2482 orn.
576 2458 734 2490 opimone.-
744 2457 818 2487 Quae
832 2462 918 2481 autem
934 2456 1082 2480 immediate
1097 2460 1244 2488 sequuntur
1258 2463 1343 2488 usque
1357 2456 1389 2480 ad

314 2496 438 2528 opinetur
452 2501 515 2519 vera
530 2493 654 2525 opinione
668 2493 802 2522 inclusive,
817 2492 901 2517 omitt.
917 2492 1002 2522 codd„
1018 2499 1072 2516 exc.
1087 2491 1135 2516 ΒΟ
1150 2496 1177 2516 et
1191 2499 1212 2516 s.
1220 2499 1256 2516 m.
1268 2491 1298 2516 N.
1309 2492 1344 2516 B:
1363 2494 1390 2516 et

315 2530 475 2564 impossibile
489 2529 582 2563 (marg.
598 2529 638 2553 vel
653 2526 864 2561 inconveniens);
879 2527 900 2552 N
921 2536 943 2552 s.
959 2535 994 2552 m.
1008 2535 1061 2551 om.
1081 2527 1131 2552 hoc
1143 2532 1202 2551 ante
1216 2526 1389 2552 enunciabile.

369 2566 403 2600 εε)
426 2566 484 2591 Etsi
502 2565 538 2590 sit
557 2565 627 2589 idem
640 2564 747 2588 οἱα-Ι..
762 2571 815 2588 om.
830 2563 894 2591 etsi,⁸
913 2563 934 2587 E
947 2570 1001 2587 om.
1014 2565 1054 2591 et;
1071 2563 1094 2587 Α
1107 2569 1161 2586 om.
1175 2562 1212 2591 si:
1227 2562 1261 2593 Ο,
1274 2570 1328 2587 om.
1341 2562 1391 2587 etsi

315 2603 364 2633 sit,
385 2602 460 2633 legit:
481 2601 550 2625 idem
570 2603 617 2625 est.
631 2613 650 2620 ·-
664 2600 734 2624 Idem
754 2606 813 2623 esse
835 2598 952 2623 subiecto
972 2606 1052 2630 penes
1077 2597 1245 2622 scholasticos
1265 2597 1391 2630 significat

316 2646 375 2663 esse
394 2637 463 2662 idem
482 2636 604 2664 realiter,·
623 2640 649 2660 et
667 2634 808 2667 opponitur
826 2633 868 2658 hic
887 2642 902 2658 a
921 2633 1056 2658 s.Thoma
1076 2634 1107 2658 ad
1127 2633 1152 2657 id
1172 2633 1243 2665 quod
1263 2638 1302 2658 est
1321 2633 1390 2658 idem

314 2673 459 2699 secundum
478 2672 610 2696 rationem
630 2670 680 2703 (Cf.
694 2670 842 2694 Commeat.
862 2669 887 2693 in
901 2669 910 2693 l
926 2669 1041 2702 Phssic„
1055 2669 1113 2693 lect.
1128 2669 1181 2699 xv).

369 2708 411 2743 ζζ)
426 2707 552 2732 Eiusdem
566 2706 692 2732 subiecto.
701 2721 721 2724 —
732 2705 857 2737 Legimus
876 2704 993 2730 subiecto
1010 2712 1070 2729 cum
1084 2703 1391 2734 ABCDEHKLNOQST

317 2746 376 2770 loco
394 2743 503 2769 subiecti
521 2743 540 2767 P
560 2741 612 2775 (Cf.
627 2747 681 2767 not.
699 2740 839 2774 praeced.).
855 2755 875 2759 —
892 2739 958 2764 lnfra
978 2739 1128 2773 (Similiter
1146 2739 1206 2770 etc.)
1226 2739 1345 2764 addimus
1365 2742 1392 2764 et

317 2786 376 2805 ante
391 2779 424 2804 de
441 2778 561 2807 scientia,
581 2783 607 2802 et
625 2777 659 2802 de
677 2782 737 2802 ante
755 2776 895 2808 opinione.-
914 2775 1028 2808 primum
1042 2775 1112 2799 enim
1128 2774 1224 2799 habent
1238 2775 1322 2805 codd„
1337 2782 1390 2799 exc.

317 2815 379 2846 AQ3
399 2815 509 2839 alterum
527 2821 605 2843 vero,
625 2820 678 2838 exc.
697 2812 759 2842 B0;
779 2812 846 2842 MQ:
872 2811 1004 2836 Similiter
1028 2813 1117 2835 autem
1137 2812 1185 2835 est.
1199 2823 1218 2828 -
1233 2810 1333 2835 Deinde
1352 2810 1390 2835 G:

316 2851 388 2876 Nam
407 2849 561 2876 scientia...
577 2849 649 2880 quod
662 2848 712 2873 scit
730 2847 828 2879 aliquis
843 2847 942 2879 (marg.
957 2846 1016 2871 add.
1037 2846 1163 2878 animal),
1178 2845 1250 2878 quod
1262 2852 1314 2870 non
1329 2852 1391 2870 con-

318 2886 400 2920 tingit
418 2886 542 2919 (expung.
557 2885 638 2909 aliter
655 2891 683 2909 se
701 2883 808 2915 habere)
824 2882 891 2907 illud
909 2889 965 2907 esse
983 2882 1101 2910 animal,·
1119 2881 1167 2906 sed
1185 2881 1283 2913 opinio.
1303 2881 1392 2906 Lectio

318 2922 452 2947 mendosa.
471 2921 509 2947 K:
529 2920 601 2945 Nam
623 2919 782 2944 scientia...
795 2918 866 2951 quod
883 2917 934 2943 scit
952 2917 1051 2949 aliquis
1069 2917 1183 2946 animal,
1204 2916 1276 2948 quod
1288 2917 1312 2941 si
1329 2923 1391 2942 con-

318 2958 407 2991 tingat
426 2957 495 2981 idem
515 2955 615 2988 (marg.
630 2955 688 2979 add.
703 2954 773 2986 non)
793 2960 849 2979 esse
866 2953 970 2978 animal
975 2961 983 2983 ,·
1001 2953 1050 2977 sed
1068 2952 1159 2984 opinio
1175 2957 1223 2976 etc.
1243 2951 1332 2977 Lectio
1346 2960 1391 2985 pa-

318 2993 379 3017 riter
397 2991 634 3017 erronea.-Codd.
647 2991 713 3024 (exc.
726 2990 776 3022 T):
797 2989 868 3021 quod
886 2989 983 3021 aliquis
997 2988 1049 3014 scit
1063 2987 1152 3021 (HLO
1171 2987 1268 3020 aliquis
1286 2987 1354 3022 δίης
1367 2987 1392 3012 Τ

319 3036 372 3053 orn.
391 3028 466 3053 sciat.

371 3063 416 3097 ηη)
432 3062 596 3095 Impossibile
613 3062 649 3087 sit
667 3061 747 3086 aliter
765 3067 793 3085 se
807 3059 904 3085 habere
924 3059 1092 3084 arca-Deest
1108 3059 1188 3084 aliter
1206 3058 1231 3083 in
1251 3058 1306 3090 PH,
1320 3059 1392 3091 quod

320 3099 438 3124 addimus
453 3106 483 3123 ex
502 3098 558 3122 aliis
577 3098 680 3122 codd.-
694 3097 753 3122 AC:
773 3099 799 3121 et
817 3095 853 3121 sit
872 3095 1032 3127 impossibile
1050 3094 1131 3119 aliter
1148 3101 1176 3119 se
1190 3094 1296 3119 habere.
1311 3107 1330 3113 —-
1349 3094 1391 3120 G:

319 3134 409 3166 opinio
423 3134 594 3167 quaqua—A
613 3140 736 3158 erronee:
756 3131 827 3164 quod
846 3134 885 3156 est
903 3131 982 3156 homo
996 3137 1058 3155 vere
1075 3130 1111 3155 sit
1125 3130 1205 3160 illud‚·
1225 3130 1262 3160 Q:
1282 3136 1344 3155 vere
1357 3130 1394 3155 sit

320 3171 376 3195 hoc.
387 3184 405 3188 —
419 3170 454 3195 L:
470 3172 496 3194 et
511 3169 582 3201 quod
594 3169 643 3193 hoc
655 3167 811 3200 confingam
830 3167 854 3191 G
873 3166 936 3198 (om.
951 3167 1004 3199 et):
1019 3173 1071 3198 per
1090 3166 1139 3191 hoc
1160 3165 1233 3198 quod
1245 3165 1317 3198 quod
1330 3172 1392 3191 con-

321 3206 417 3239 tingat.
430 3219 449 3225 —-
463 3205 483 3230 C
502 3212 532 3230 ex
550 3204 683 3229 oscitantia
701 3211 755 3228 om.
773 3202 853 3228 verba
871 3202 962 3234 opinio
981 3209 1057 3232 vero,
1077 3209 1163 3234 usque
1182 3201 1214 3226 ad
1232 3201 1312 3226 homo
1339 3208 1392 3226 non

321 3241 453 3266 inclusive.

374 3274 413 3310 00)
436 3275 514 3306 Quod
533 3275 602 3300 idem
621 3277 660 3300 est
678 3274 822 3300 subiectum
842 3278 918 3298 etc.—-
934 3273 974 3299 0:
995 3273 1067 3306 quod
1086 3272 1155 3297 idem
1174 3272 1290 3297 subiecto
1309 3274 1350 3297 est
1367 3274 1393 3296 et

322 3312 432 3337 scientia
451 3315 477 3336 et
495 3311 586 3343 opinio
604 3318 663 3336 cum
677 3310 727 3335 hoc
741 3309 811 3341 quod
825 3309 886 3338 hoc,
905 3308 953 3333 sed
965 3314 1013 3333 etc.
1023 3322 1042 3326 —
1053 3308 1124 3333 Licet
1139 3308 1222 3340 prima
1235 3315 1296 3340 pars
1316 3307 1393 3332 huius

323 3347 437 3371 lectionis
453 3347 573 3371 sustineri
593 3346 689 3379 possit;
709 3350 733 3370 at
752 3345 865 3370 secunda
880 3352 940 3377 pars
959 3344 1038 3376 (cum
1058 3344 1107 3368 hoc
1120 3343 1192 3376 quod
1205 3343 1272 3375 hoc)
1292 3343 1393 3367 nullum

323 3382 423 3407 exhibet
437 3389 554 3408 sensum.
563 3396 581 3400 —
591 3381 629 3407 G:
645 3381 707 3413 quia
719 3381 805 3410 homo,
818 3381 876 3405 loco
890 3380 961 3412 quod
975 3383 1015 3405 est
1030 3380 1123 3407 homo;
1139 3379 1161 3403 K
1172 3387 1198 3412 p.
1208 3386 1244 3403 m.
1257 3381 1366 3404 om.est.
1375 3391 1395 3398 -—

324 3418 390 3442 Infra
408 3418 476 3449 (non
495 3417 643 3450 contingit)
664 3416 774 3447 legimus
798 3423 858 3440 cum
877 3415 965 3445 codd.,
986 3423 1040 3440 exc.
1056 3414 1141 3445 BLQ,
1165 3414 1246 3440 simul
1268 3414 1396 3443 οηιηίηος

324 3453 360 3478 P:
379 3453 486 3478 omnino
504 3453 598 3481 simum
617 3453 654 3478 L:
672 3452 753 3477 simul
771 3451 840 3476 idem
860 3451 981 3480 omnium·
1001 3451 1022 3475 B
1041 3450 1188 3475 om.1'dem.

378 3487 406 3522 ιι)
428 3488 457 3512 In
477 3488 567 3513 eodem
588 3495 649 3512 vero
668 3487 773 3512 homine
793 3494 844 3511 non
864 3486 1008 3519 contingit,
1025 3486 1093 3510 idern
1112 3485 1209 3510 scilicet
1227 3493 1288 3510 esse
1301 3485 1395 3510 scitum

325 3528 351 3547 et
368 3523 511 3555 opinatum,
525 3531 571 3548 seu
591 3531 650 3548 esse
669 3522 801 3547 scientiam
815 3527 840 3547 et
855 3522 1005 3555 opinionem
1020 3521 1125 3554 proprie
1149 3521 1242 3545 dictam
1258 3520 1301 3552 (cf.
1316 3528 1396 3553 supra

327 3563 380 3583 not.
399 3559 421 3590 ι)
442 3563 560 3591 respectu
584 3558 701 3582 eiusdem
719 3557 812 3582 obiecti
832 3557 935 3589 cogniti.
954 3570 972 3576 —-
989 3557 1059 3581 Haec
1084 3564 1106 3581 s.
1122 3556 1240 3581 'rhomae
1265 3556 1394 3587 doctrina,

327 3601 406 3627 quam
425 3599 481 3618 tum
499 3593 549 3618 hoc
568 3594 626 3618 loco
644 3598 700 3618 turn
720 3593 779 3618 alibi
798 3600 919 3625 expresse
938 3593 1024 3623 tradit,
1038 3599 1052 3617 a
1069 3591 1202 3624 plerisque
1221 3591 1397 3624 impugnatur.

903 224 1290 262 POSTERIORUM
1317 223 1749 260 ANALYTICORUM
1777 223 1872 260 LIB.
1904 224 1918 260 1

1442 315 1545 340 nem.
1576 303 1644 339 Est
1673 302 1778 340 enim
1806 302 1910 340 idem
1945 301 2117 339 subiecto
2146 301 2376 339 diametrum
2409 314 2515 338 com-

1442 355 1665 403 mensurari,
1688 363 1724 392 et
1743 355 1972 393 diametrum
1992 368 2071 392 non
2092 354 2406 402 commensurari,
2423 354 2515 404 quia

1442 409 1657 446 subiectum
1676 410 1873 459 utriusque
1894 408 2144 446 enunciabilis
2169 415 2224 445 est
2242 408 2362 445 idem:
2383 415 2514 445 tamen

1442 462 1689 499 manifestum
1719 471 1774 500 est
1802 463 1908 512 quod
1943 462 2089 499 ratione
2125 462 2310 499 diameter
2336 462 2356 482 '¹‘
2390 461 2515 498 differt

1442 516 1656 553 secundum
1677 517 1783 565 quod
1814 515 1997 564 accipitur
2022 522 2064 552 ut
2086 514 2456 560 commensurabilis,
2478 521 2515 551 et

1442 570 1655 606 secundum
1677 570 1783 618 quod
1802 569 1985 618 accipitur
2003 576 2045 606 ut
2061 570 2080 590 *
2099 567 2512 606 incommensurabilis.

1442 623 1491 658 Et
1519 622 1577 663 sic,
1597 622 1729 671 opinio
1749 635 1842 659 vera
1862 629 1898 659 et
1916 622 2010 659 falsa
2035 630 2198 671 possunt
2227 635 2308 659 esse
2339 622 2514 659 eiusdem

1442 675 1614 713 subiecto
1631 675 1681 722 ἔς,
1703 688 1783 712 non
1811 683 1940 712 autem
1962 676 1981 697 *
2011 675 2184 713 eiusdem
2213 677 2427 713 secundum
2456 687 2513 711 ra-

1441 729 1601 767 tionem.
1634 729 1816 766 Similiter
1844 729 1960 765 etiam
1990 735 2045 766 est
2074 737 2110 766 et
2148 730 2194 767 de
2215 729 2372 766 scientia
2401 736 2437 765 et
2466 728 2513 765 de

1441 782 1637 831 opinione.
1668 783 1772 819 Nam
1802 781 1959 819 scientia
1978 782 2137 831 quidem
2166 789 2222 819 est
2247 783 2294 819 de
2313 783 2389 820 hoc
2407 782 2514 832 quod

1442 836 1578 885 aliquis
1607 835 1700 873 sciat
1725 836 1880 883 animal,
1901 836 1953 873 ita
1971 843 2102 872 tamen
2123 835 2230 884 quod
2257 848 2338 872 non
2367 836 2514 872 contin-

1441 897 1503 937 gat
1531 890 1624 927 illud
1645 891 1665 911 *
1694 902 1775 926 non
1804 901 1886 926 esse
1921 889 2086 935 animan
2122 889 2191 926 sed
2219 888 2352 938 opinio
2381 896 2438 925 est
2465 889 2512 926 de

1441 944 1516 980 hoc
1544 943 1650 992 quod
1670 942 1805 992 aliquis
1829 943 1898 979 scit
1913 943 1934 964 *
1952 942 2107 989 animal,
2128 942 2179 979 ita
2202 949 2332 979 tamen
2345 943 2388 964 ²⁸*
2407 942 2514 992 quod

1442 996 1635 1045 contingat
1661 996 1755 1033 illud
1782 1008 1862 1033 non
1883 1008 1965 1033 esse
1994 995 2150 1033 animal.
2175 996 2274 1032 Puta
2297 995 2328 1032 si
2356 995 2515 1032 scientia

1442 1050 1489 1087 sit
1509 1052 1530 1072 *²
1558 1051 1664 1100 quod
1691 1051 1812 1087 homo
1840 1062 1932 1087 vere
1962 1049 2010 1086 sit
2034 1049 2073 1086 id
2092 1049 2198 1098 quod
2227 1056 2283 1086 est
2302 1049 2456 1096 animal,
2478 1056 2515 1086 et

1441 1104 1495 1141 sic
1523 1103 1760 1154 impossibile
1781 1103 1829 1140 sit
1847 1103 1954 1140 aliter
1973 1116 2012 1140 se
2032 1103 2174 1140 habere
2194 1108 2240 1150 “'1;
2266 1102 2399 1151 opinio
2418 1115 2513 1140 vero

1441 1159 1489 1195 sit
1513 1159 1559 1195 de
1588 1159 1663 1195 hoc
1695 1157 1800 1207 quod
1820 1158 1941 1194 homo
1970 1169 2050 1193 non
2068 1168 2160 1194 vere
2189 1156 2237 1193 sit
2265 1156 2305 1193 id
2332 1157 2439 1205 quod
2459 1164 2515 1193 est

1441 1212 1595 1258 animal,
1619 1219 1654 1248 et
1672 1223 1741 1260 per
1759 1211 1835 1247 hoc
1856 1210 2050 1258 contingat
2068 1210 2175 1247 aliter
2194 1223 2234 1247 se
2253 1210 2407 1247 habere.
2429 1211 2513 1247 Ma·-

1441 1265 1621 1302 nifestum
1657 1272 1713 1302 est
1741 1264 1845 1301 enirn
1878 1265 1984 1313 quod
2018 1263 2122 1301 idem
2158 1271 2214 1300 est
2245 1263 2460 1300 subiectum
2488 1260 2515 1284 ⁰⁰

1442 1326 1478 1355 et
1505 1319 1642 1355 scitum
1668 1326 1704 1355 et
1723 1317 1941 1367 opinatum,
1962 1318 2067 1366 quod
2093 1323 2147 1353 est
2175 1318 2318 1363 homo;
2346 1317 2415 1354 sed
2434 1328 2516 1354 non

1441 1379 1497 1409 est
1523 1380 1565 1409 ut
1598 1372 1701 1409 idem
1735 1371 1892 1408 ratione.
1928 1370 1992 1407 Sic
2023 1371 2135 1419 igitur
2173 1383 2218 1407 ex
2247 1370 2356 1407 dictis
2393 1369 2515 1407 mani-

1439 1426 1578 1462 festum
1600 1432 1655 1462 est
1673 1425 1779 1474 quod
1794 1437 1874 1461 non
1891 1425 2075 1472 contingit
2093 1423 2207 1461 simul
2228 1423 2390 1461 omnino
2410 1423 2515 1461 idem

1439 1478 1535 1515 scire
1565 1485 1602 1515 et
1628 1478 1794 1527 opinari;
1825 1477 1915 1526 quia
1934 1477 2048 1514 simul
2068 1479 2189 1514 homo
2208 1478 2366 1515 haberet
2391 1476 2516 1515 existi-

1440 1531 1654 1569 mationem
1682 1532 1788 1580 quod
1815 1538 1946 1579 posset
1965 1531 2071 1568 aliter
2097 1544 2138 1568 se
2157 1532 2315 1578 habere,
2346 1538 2383 1567 et
2409 1530 2516 1579 quod

1440 1598 1519 1622 non
1545 1592 1676 1634 posset
1703 1584 1810 1622 aliter
1828 1596 1868 1621 se
1888 1584 2042 1622 habere.
2065 1584 2142 1621 Sed
2160 1584 2201 1621 in
2220 1584 2295 1621 alio
2316 1585 2335 1603 ⁴*
2355 1584 2515 1621 homine

1439 1639 1515 1676 hoc
1540 1637 1723 1686 contingit
1741 1637 1847 1688 quod
1868 1637 1916 1674 de
1937 1638 2076 1675 eodem
2098 1639 2117 1659 *
2137 1650 2238 1674 unus
2259 1637 2376 1674 habet
2395 1636 2517 1674 scien-

1440 1692 1554 1739 tiam,
1585 1699 1622 1729 et
1653 1691 1748 1729 alius
1781 1691 2030 1741 opinionem,
2066 1690 2163 1728 sicut
2195 1690 2340 1728 dictum
2375 1697 2441 1727 est.
2472 1691 2517 1728 In

1441 1747 1580 1784 eodem
1612 1757 1706 1783 vero
1739 1744 1898 1782 homine
1932 1757 2012 1782 non
2047 1744 2231 1793 contingit
2263 1743 2410 1781 ratione
2437 1743 2517 1782 iam

1441 1800 1540 1837 dicta
1566 1806 1595 1836 ¹⁴.

1441 1955 1518 1980 Unde
1535 1953 1650 1980 officium
1675 1954 1751 1979 nobis
1778 1954 1903 1979 incumbit
1921 1959 1951 1979 ut
1969 1961 2042 1984 eam,
2061 1957 2190 1986 quantum
2216 1960 2359 1985 possumus
2383 1958 2408 1979 et
2426 1958 2519 1979 natura

1440 1990 1519 2015 huius
1538 1990 1625 2023 operis
1644 1991 1745 2022 patitur,
1765 1990 1929 2015 declaremus
1948 1994 1974 2014 et
1993 1989 2174 2015 defendamus.
2195 1989 2352 2022 Praeprimis
2372 1988 2518 2015 definienda

1441 2031 1481 2051 est
1500 2031 1591 2051 natura
1609 2026 1778 2059 quaestionis.

1494 2062 1611 2087 Dubium
1626 2069 1708 2094 penes
1723 2061 1855 2086 neminem
1870 2065 1910 2086 est
1926 2060 2061 2086 scientiam
2074 2065 2099 2085 et
2112 2059 2263 2092 opinionem
2276 2067 2358 2093 posse
2367 2060 2518 2092 coexistere,

1442 2103 1467 2123 et
1485 2098 1627 2122 coexistere
1646 2097 1678 2122 de
1697 2097 1766 2122 sacto
1784 2097 1809 2122 in
1829 2104 1882 2121 uno
1907 2097 2055 2129 eodemque
2079 2095 2186 2120 homine
2207 2100 2329 2128 respectu
2354 2095 2518 2121 diversorum

1441 2133 1620 2159 obiectorum:
1640 2133 1764 2157 nonnulla
1789 2132 1859 2157 enim
1879 2132 1992 2162 scimus,
2012 2132 2044 2156 de
2063 2131 2152 2156 multis
2176 2131 2329 2164 opinamur,
2349 2131 2381 2156 de
2400 2130 2518 2164 pluribus

1442 2169 1604 2199 dubitamus,
1628 2169 1709 2194 multa
1734 2168 1900 2201 ignoramus,
1919 2167 1945 2192 in
1970 2167 2088 2200 pluribus
2108 2174 2233 2192 erramus.
2258 2167 2306 2191 Est
2331 2166 2427 2191 factum
2446 2166 2519 2199 quod

1442 2204 1551 2237 quilibet
1570 2204 1651 2229 homo
1669 2204 1775 2229 rationis
1795 2211 1905 2236 compos
1925 2203 1950 2228 in
1970 2211 1999 2228 se
2014 2202 2151 2236 experitur.
2171 2202 2250 2227 Error
2263 2202 2348 2235 igitur,
2364 2202 2518 2235 ignorantia,

1442 2240 1560 2270 dubium,
1579 2240 1675 2273 opinio,
1695 2239 1808 2269 scientia,
1824 2239 1976 2270 intellectus,
1990 2243 2111 2272 respectu
2129 2245 2218 2263 rerum
2233 2238 2403 2269 diversarum,
2418 2242 2479 2263 sunt
2492 2237 2519 2263 in

1442 2283 1496 2301 uno
1516 2276 1663 2308 eodemque
1681 2275 1797 2300 humano
1816 2274 2045 2300 intellectu.·-Sed
2064 2278 2196 2306 praeterea
2210 2281 2263 2298 non
2277 2281 2345 2306 opus
2360 2278 2402 2298 est
2415 2278 2444 2298 ut
2455 2281 2518 2306 pro-

1442 2312 1536 2336 bemus
1551 2312 1623 2344 quod
1636 2311 1668 2336 de
1682 2319 1733 2335 una
1746 2311 1891 2343 eademque
1900 2318 1928 2335 re
1937 2310 2032 2335 diversi
2047 2309 2153 2334 humani
2164 2309 2310 2334 intellectus
2324 2309 2426 2342 possint
2439 2309 2519 2334 simul

1442 2347 1539 2373 habere
1552 2347 1702 2380 opinionem
1712 2351 1737 2371 et
1747 2345 1890 2376 scientiam,
1901 2345 2018 2376 dubium,
2029 2344 2200 2377 ignorantiam
2215 2349 2241 2370 et
2253 2352 2378 2370 errorem.
2392 2345 2441 2369 Est
2454 2344 2518 2370 alte-

1443 2391 1502 2408 rum
1516 2382 1613 2408 factum
1626 2382 1698 2415 quod
1713 2382 1828 2415 quotidie
1847 2381 2004 2414 experimur.
2013 2393 2033 2401 -
2048 2381 2117 2413 Ergo
2131 2381 2251 2414 quaestio
2265 2385 2306 2405 est
2320 2380 2353 2405 de
2365 2380 2519 2405 simultane·

1444 2418 1609 2443 coexistentia
1627 2418 1758 2451 opinionis
1769 2423 1795 2442 et
1822 2417 1928 2442 cientiae
1938 2417 1963 2442 in
1974 2425 2027 2442 una
2040 2417 2186 2450 eademque
2203 2421 2292 2441 mente
2306 2421 2427 2448 respectu
2441 2416 2519 2441 unius

1444 2454 1616 2486 eiusdemque
1639 2453 1733 2478 obiecti
1757 2453 1865 2486 cogniti,
1885 2458 1911 2478 et
1934 2452 2050 2485 praecise
2069 2451 2149 2485 (nota
2167 2451 2250 2484 bene)
2270 2452 2414 2476 secundum
2434 2451 2519 2484 ipsam

1443 2490 1552 2514 omnino
1570 2489 1754 2514 formalitatem
1773 2489 1910 2522 cognitam.
1930 2488 1996 2513 Aliis
2015 2487 2110 2519 verbis,
2130 2487 2263 2520 quaeritur
2287 2492 2376 2512 utrum
2396 2494 2472 2512 mens
2491 2485 2519 2512 A

1444 2525 1529 2558 possit
1541 2525 1653 2550 retinere
1665 2524 1731 2549 hanc
1745 2524 1960 2557 propositionem,
1974 2523 1998 2548 13
2011 2526 2052 2549 est
2069 2524 2105 2552 C,
2119 2528 2149 2547 ut
2163 2527 2269 2553 certam,
2283 2527 2309 2547 et
2323 2523 2403 2547 simul
2415 2527 2445 2547 ut
2457 2530 2520 2555 pro-

1444 2561 1566 2586 babilem.
1581 2561 1615 2585 Et
1628 2560 1761 2593 signanter
1774 2559 1878 2592 ponitur
1891 2559 1985 2584 simul:
2003 2566 2064 2583 nam
2084 2557 2233 2583 conceditur
2251 2558 2323 2591 quod
2342 2557 2422 2582 homo
2435 2557 2520 2590 possit

1445 2597 1477 2621 de
1490 2601 1558 2621 statu
1571 2595 1700 2629 opinionis
1714 2595 1863 2620 successive
1873 2595 1982 2620 transire
1996 2594 2028 2619 ad
2043 2599 2140 2619 statum
2155 2593 2314 2618 certitudinis
2327 2600 2374 2617 seu
2385 2593 2516 2618 scientiae.

1497 2631 1667 2656 Distinximus
1682 2636 1768 2656 autem
1787 2638 1867 2663 supra
1886 2630 1955 2662 (not.
1971 2630 1993 2662 ι)
2013 2629 2164 2662 opinionem
2181 2629 2206 2653 in
2221 2628 2390 2653 subiectivam
2403 2633 2430 2653 et
2445 2628 2518 2653 obie-

1445 2667 1548 2692 ctivam.
1567 2667 1626 2691 Non
1644 2671 1731 2699 potest
1749 2666 1868 2699 quaestio
1887 2673 1946 2690 esse
1959 2665 1991 2690 de
2009 2664 2131 2697 opinione
2145 2669 2171 2689 et
2184 2664 2290 2689 scientia
2303 2663 2430 2689 obiective
2444 2671 2518 2688 sum-

1444 2708 1503 2735 pta:
1522 2702 1655 2727 obiectum
1673 2702 1743 2726 enim
1768 2701 1890 2726 scientiae
1909 2706 1949 2725 est
1967 2699 2159 2730 necessarium,
2178 2699 2309 2724 obiectum
2328 2699 2458 2732 opinionis
2477 2704 2519 2725 est

1445 2739 1607 2770 contingens.
1628 2737 1765 2770 Repugnat
1783 2741 1870 2761 autem
1883 2735 2014 2761 obiectum
2034 2743 2094 2760 esse
2113 2734 2191 2759 simul
2211 2735 2364 2768 contingens
2383 2739 2409 2760 et
2427 2742 2518 2760 neces-

1445 2774 1552 2798 sarium.
1571 2772 1699 2803 Quocirca
1718 2772 1837 2805 quaestio
1856 2776 1896 2796 est
1915 2771 1947 2796 de
1966 2771 2089 2804 opinione
2108 2770 2249 2796 subiective
2267 2775 2391 2804 spectata,
2410 2770 2459 2796 hoc
2479 2774 2520 2796 est

1445 2809 1530 2842 prouti
1549 2814 1590 2833 est
1608 2815 1742 2834 assensus.
1761 2807 1794 2832 Et
1812 2807 1874 2840 quia
1892 2814 2017 2832 assensus
2036 2806 2166 2840 opinionis
2185 2811 2225 2831 est
2243 2813 2370 2831 assensus
2389 2813 2449 2831 cum
2466 2805 2519 2831 for-

1445 2844 1550 2874 midine,
1570 2851 1694 2868 assensus
1713 2850 1777 2868 vero
1796 2842 1918 2867 scientiae
1938 2841 2048 2867 excludit
2067 2842 2237 2877 essentialiter
2249 2841 2424 2873 formidinem,
2438 2849 2518 2875 quae-

1445 2880 1495 2905 stio
1514 2885 1555 2909 est
1572 2885 1660 2904 utrum
1679 2886 1731 2903 una
1750 2879 1895 2911 eademque
1909 2885 1984 2903 mens
2002 2877 2086 2911 possit
2099 2877 2177 2902 simul
2192 2885 2251 2902 cum
2271 2877 2409 2902 formidine
2423 2882 2449 2902 et
2462 2877 2520 2902 sine

1445 2915 1582 2940 formidine
1601 2915 1727 2939 assentire
1746 2914 1829 2939 eidem
1849 2914 2030 2946 propositioni,
2049 2914 2073 2938 A
2092 2916 2131 2938 est
2150 2913 2183 2939 B.
2202 2912 2235 2937 Et
2249 2913 2342 2938 dicitur
2358 2913 2443 2938 eidem
2452 2919 2518 2945 pro-

1441 2950 1579 2984 posin’oni,
1599 2958 1652 2975 non
1671 2955 1759 2975 autem
1772 2949 1908 2982 oppositis,
1923 2954 1984 2981 puta
1998 2950 2021 2974 Α
2035 2951 2075 2974 est
2088 2949 2123 2979 B,
2143 2950 2167 2973 A
2182 2955 2234 2973 non
2248 2951 2288 2974 est
2300 2948 2333 2975 Β.
2352 2947 2518 2974 Manifestum

1446 2986 1515 3012 enim
1535 2990 1576 3011 est
1594 2986 1665 3018 quod
1684 2992 1759 3010 mens
1779 2985 1869 3018 nequit
1887 2984 2014 3010 assentire
2033 2984 2112 3009 simul
2131 2983 2235 3017 utrique
2253 2983 2438 3018 propositioni,
2457 2991 2519 3009 cum

1445 3030 1497 3048 una
1516 3022 1623 3046 alteram
1643 3021 1766 3046 destruat.

1499 3057 1589 3082 Tertio
1604 3061 1644 3082 est
1657 3056 1872 3089 praenotandum,
1886 3056 1957 3089 quod
1971 3055 2060 3089 opinio
2075 3060 2101 3080 et
2114 3054 2221 3080 scientia
2235 3059 2346 3088 possunt
2361 3054 2519 3080 considerari

1445 3098 1475 3119 ut
1492 3095 1568 3119 actus
1587 3097 1613 3117 et
1631 3097 1659 3117 ut
1677 3092 1791 3117 habitus.
1811 3091 1899 3116 Primo
1919 3091 1998 3116 modo
2021 3091 2169 3123 intelligitur
2191 3090 2297 3116 actualis
2321 3090 2415 3116 mentis
2434 3090 2519 3116 consi-

1447 3129 1544 3154 deratio
1563 3132 1588 3153 et
1607 3135 1732 3153 assensus
1746 3128 1884 3160 praestitus
1904 3127 1977 3152 alicui
1991 3127 2168 3160 propositioni,
2182 3131 2211 3151 ut
2225 3134 2285 3151 cum
2300 3126 2432 3151 actualiter
2445 3125 2518 3152 dico:

1447 3165 1600 3198 triangulus
1618 3163 1698 3189 habet
1716 3166 1771 3188 tres
1793 3163 1907 3196 angulos
1926 3163 2050 3196 aequales
2070 3162 2171 3188 duobus
2190 3161 2279 3187 rectis.
2294 3175 2313 3182 ·-
2327 3161 2437 3187 Habitus
2455 3169 2520 3187 vero

1447 3205 1494 3231 est,
1510 3207 1562 3224 non
1576 3199 1681 3224 actualis
1700 3198 1879 3229 consideratio,
1894 3198 1940 3223 sed
1960 3197 2095 3231 dispositio
2108 3197 2140 3222 ad
2153 3197 2371 3222 considerandum
2386 3197 2418 3222 de
2433 3197 2520 3230 aliqua

1447 3244 1476 3261 re
1501 3236 1603 3268 quoties
1628 3242 1704 3259 mens
1727 3234 1817 3259 habitu
1842 3233 1978 3258 informata
2002 3233 2127 3264 voluerit;
2154 3233 2220 3258 sicut
2245 3232 2442 3258 mathematicus
2466 3239 2520 3258 non

1448 3278 1554 3304 semper
1572 3270 1718 3295 considerat
1736 3270 1768 3294 de
1787 3270 1943 3302 proprietate
1962 3269 2004 3294 illa
2023 3269 2150 3302 trianguli,
2164 3273 2276 3293 attamen
2296 3273 2383 3301 potest
2401 3268 2519 3293 conside-

1448 3314 1504 3332 rare
1523 3311 1549 3332 et
1568 3304 1706 3331 scientifice
1725 3305 1904 3330 demonstrare
1923 3305 2026 3338 quoties
2043 3304 2164 3329 voluerit.
2184 3303 2309 3334 Quaestio
2326 3304 2402 3337 igitur
2415 3303 2519 3337 quadri-

1448 3342 1538 3367 fariam
1557 3341 1691 3367 dividitur:
1715 3348 1736 3366 1.
1755 3346 1843 3366 utrum
1867 3340 1983 3371 habitus,
2003 3347 2050 3365 seu
2069 3347 2193 3365 assensus
2215 3339 2352 3365 habitualis
2375 3339 2519 3372 opinativus

1448 3378 1531 3410 possit
1550 3377 1627 3402 simul
1647 3377 1672 3402 in
1690 3384 1742 3401 uns
1761 3377 1907 3409 eademque
1926 3380 2013 3401 mente
2032 3381 2101 3400 stare
2119 3383 2179 3400 cum
2199 3374 2287 3400 habitu
2306 3373 2454 3405 scientifico,
2468 3373 2520 3398 hoe

1450 3418 1490 3438 est
1509 3421 1569 3438 cum
1589 3420 1699 3437 assensu
1724 3417 1795 3437 certo
1814 3416 1839 3436 et
1858 3411 1982 3443 evidenti;
1996 3425 2014 3431 -
2030 3418 2054 3436 2.
2066 3416 2154 3436 utrum
2174 3410 2276 3436 habitus
2296 3410 2418 3435 scientiae
2436 3409 2520 3442 possit

1450 3449 1528 3473 simul
1544 3453 1612 3473 stare
1624 3455 1684 3473 cum
1699 3453 1756 3473 actu
1770 3447 1913 3480 opinativ03
1922 3460 1942 3467 -
1953 3446 1976 3471 3.
1988 3452 2075 3471 utrum
2088 3446 2190 3471 habitus
2204 3445 2332 3479 opinionis
2344 3445 2427 3478 possit
2440 3444 2518 3469 simul

1450 3489 1519 3509 stare
1538 3491 1599 3509 cum
1622 3489 1681 3508 actu
1701 3483 1822 3508 scientiae
1840 3490 1893 3507 non
1916 3483 2075 3515 producente
2097 3481 2214 3507 habitum
2235 3479 2273 3515 (si
2292 3481 2361 3506 enim
2380 3480 2517 3513 producat,

1450 3519 1559 3544 habetur
1577 3519 1660 3551 prims
1679 3518 1828 3554 quaestio);
1842 3531 1862 3538 -
1875 3525 1902 3550 4.
1914 3523 2003 3543 utrum
2016 3523 2088 3543 actus
2103 3517 2248 3551 opinativus
2261 3515 2344 3550 possit
2357 3515 2435 3540 simul
2449 3519 2518 3540 stare

1450 3562 1511 3580 cum
1530 3560 1588 3579 actu
1607 3555 1736 3580 scientiae.

1505 3590 1604 3620 Quarto
1614 3590 1727 3622 denique
1735 3594 1929 3623 praenotamus,
1941 3589 2099 3614 simultatem
2109 3588 2142 3613 de
2152 3595 2204 3621 qua
2218 3586 2357 3620 loquimur,
2368 3592 2428 3610 esse
2437 3592 2517 3618 posse

2540 469 2552 480 ⁸
2566 475 2597 490 τι
2618 468 2682 490 ratio
2703 468 2756 490 dia-

2541 495 2618 518 metri.

2541 576 2550 585 '¹
2569 575 2597 597 Ut
2611 581 2640 597 ex
2654 575 2724 597 codd.

2541 717 2550 726 '
2565 722 2592 737 o:
2608 717 2694 737 tamen.

2541 902 2550 911 ·
2566 901 2641 923 codd.
2652 912 2663 918 -
2678 907 2704 923 r:
2718 901 2759 928 id,-

2542 934 2573 953 Q:
2588 927 2658 950 iden«.

2541 955 2757 1007 :sitisset-

2542 1014 2591 1030 om.
2606 998 2692 1030 tanen.
2750 997 2757 1009 ’

2540 1061 2554 1073 “
2566 1067 2581 1083 o
2590 1068 2596 1082 :
2611 1061 2665 1083 scit.

2630 1119 2663 1144 ’l’l

2540 1593 2552 1603 '
2566 1601 2595 1617 a:
2608 1595 2704 1623 aliquo,-
2717 1601 2732 1617 o

2543 1627 2613 1670 ‘'’ml'je
2635 1648 2688 1670 eod.
2709 1654 2761 1672 om.

2545 1674 2623 1703 codd„
2634 1681 2684 1697 exc.
2693 1681 2732 1697 so.
