2548 4192
229 276 382 301 CCXLVIII

880 537 1522 603 DISSERTATIO
1579 541 1772 603 XXI.

230 706 297 746 De
335 703 496 745 Officio
534 704 580 743 in
618 703 740 743 festo
779 702 1080 743 sacratissimi
1117 702 1331 753 Corporis
1368 703 1559 752 Christi,
1594 706 1712 755 quod
1744 706 1967 757 integrum
2005 708 2199 750 confecit
2237 714 2430 752 sanctus

311 773 514 815 Thomas
540 773 766 824 Aquinasz
795 774 937 823 deque
961 772 1050 813 alio
1071 772 1232 813 Officio
1252 785 1373 813 nunc
1396 773 1585 823 primum
1617 775 1664 815 in
1692 775 1837 816 lucem
1864 778 2111 827 prodeunte
2140 779 2327 830 eiusque
2355 792 2429 821 au-

313 849 455 886 ctore:
477 844 671 895 itemque
699 844 754 885 de
783 843 1028 895 Opusculis
1056 843 1271 894 Aquinati
1299 844 1551 894 suppositis
1576 844 1630 885 de
1653 846 1903 886 venerabili
1923 846 2222 890 Sacramento
2242 851 2428 892 Altaris.

641 1237 839 1275 CAPUT
868 1238 895 1274 1.

232 1354 403 1381 Sacratissimi
423 1353 545 1387 Corporis
564 1353 658 1378 Christi
676 1353 772 1378 festum
790 1352 934 1378 institutum
952 1352 1055 1377 Leodii:
1079 1353 1305 1386 compositumque

303 1389 426 1415 Officium
439 1397 454 1414 a
470 1389 563 1414 Ioanne
581 1388 681 1414 clerico.
696 1388 794 1414 Eadem
804 1388 836 1412 ad
850 1387 999 1412 universam
1013 1387 1155 1412 Ecclesiam
1170 1396 1185 1413 a
1194 1389 1304 1413 Summo

301 1424 425 1450 Pontifice
443 1424 548 1450 Urbano
563 1424 596 1449 IV
611 1429 715 1449 extensa
733 1422 891 1448 solemnitas.
910 1423 993 1456 Ipsius
1012 1423 1084 1448 iussu
1102 1431 1200 1448 novum
1215 1431 1230 1448 a
1243 1431 1303 1448 san-

303 1466 343 1486 cto
362 1460 465 1485 Thoma
483 1459 612 1492 Aquinate
631 1459 775 1484 confectum
794 1457 925 1483 Officium.
944 1458 1082 1491 Specimen
1100 1458 1168 1484 eius:
1188 1458 1303 1492 itemque

302 1495 456 1521 mutationes
474 1500 564 1528 postea
582 1495 706 1520 invectae.

415 1769 472 1839 §Ep
508 1767 544 1817 ξ-
558 1768 720 1809 Episcopo
740 1774 770 1799 et
788 1768 956 1799 adiuvante
975 1769 1114 1808 Hugone
1133 1768 1172 1799 de
1191 1775 1300 1799 sancto

282 1819 289 1827 ¹
340 1820 418 1866 ’,ἦν
517 1811 545 1836 ι’
559 1812 642 1844 Caro
667 1812 808 1853 primum
831 1812 938 1843 Priore
960 1812 1148 1843 Provinciali
1172 1812 1301 1844 Ordinis

558 1856 815 1887 Praedicatorum
833 1864 903 1887 turn
927 1857 959 1888 S.
976 1857 1014 1887 R.
1032 1857 1069 1887 E.
1087 1856 1246 1888 Cardinali
1271 1864 1301 1888 et

229 1902 316 1933 Sedis
327 1901 530 1942 Apostolicae
541 1911 596 1942 per
606 1900 829 1932 Alemanniam
840 1901 970 1941 Legato.
982 1901 1079 1932 Datae
1094 1901 1148 1931 abs
1159 1901 1300 1932 Roberto

228 1946 379 1987 epistolae
403 1956 488 1976 anno
513 1946 606 1985 1246,
626 1945 742 1986 quibus
767 1946 926 1976 universis
943 1946 1133 1976 Dioeceseos
1149 1947 1300 1986 personis

228 1991 461 2022 Ecclesiasticis
479 1989 712 2030 iniungebatur,
732 1995 768 2020 ut
787 1990 887 2030 ipsam
909 1990 1141 2020 solemnitatem
1160 1990 1301 2031 singulis

228 2037 334 2073 annis,
352 2035 404 2065 die
426 2034 470 2065 ad
488 2034 546 2065 hoc
563 2039 694 2072 statuto,
716 2043 786 2064 cum
807 2033 924 2075 Officio
934 2035 1071 2075 proprio
1089 2034 1297 2065 celebrarent.

227 2080 329 2110 Morte
338 2078 500 2119 Episcopi,
509 2088 590 2119 quae
601 2078 715 2108 eodem
726 2088 810 2108 anno
822 2078 963 2118 contigit,
973 2085 1123 2119 coeptum
1133 2079 1299 2118 negotium

227 2133 328 2154 novae
357 2122 564 2153 solemnitatis
588 2122 813 2153 intermissum.
838 2122 961 2153 Paucos
989 2130 1063 2163 post
1091 2132 1191 2153 annos
1220 2123 1299 2154 illud

227 2167 403 2199 executioni
414 2166 575 2197 mandavit
585 2167 682 2206 Hugo
694 2166 880 2204 Cardinalis,
889 2166 977 2197 Sedis
988 2167 1190 2207 Apostolicae
1201 2168 1298 2208 Lega-

227 2220 288 2250 ωε,
304 2211 383 2242 datis
398 2210 510 2241 Leodii
523 2210 631 2241 litteris
646 2221 677 2241 1v
691 2210 757 2241 kal.
768 2211 929 2249 Ianuarii,
945 2211 1154 2253 Pontificatus
1166 2212 1300 2242 Domini

226 2256 406 2287 Innocentii
424 2255 478 2285 IV
490 2265 578 2286 anno
595 2255 728 2292 decimo,
753 2265 841 2286 aerae
860 2255 997 2295 vulgaris
1022 2257 1114 2287 1252.
1135 2256 1298 2287 statutum

227 2308 317 2341 ergo:
345 2299 439 2337 Quod
461 2300 614 2340 proxima
637 2300 749 2340 quinta
772 2299 870 2330 Feria
892 2305 968 2340 post
995 2306 1125 2331 octavas
1146 2301 1297 2332 Penteco-

226 2351 300 2383 stes,
309 2344 434 2385 festum
451 2344 491 2374 de
505 2344 565 2374 hoc
579 2344 843 2374 excellentissimo
857 2343 1067 2375 Sacramento
1083 2344 1172 2386 infra
1188 2355 1298 2377 omnes

226 2389 414 2430 Legationis
437 2389 589 2418 terminos
612 2388 834 2426 celebraretur,
863 2398 934 2419 cum
959 2398 1070 2420 novem
1099 2389 1296 2428 lectionibus,

226 2433 447 2474 responsoriis,
469 2432 645 2469 versiculis,
666 2433 848 2472 antiphonis
860 2434 1015 2473 propriis,
1035 2442 1134 2474 super
1151 2434 1211 2465 hoc
1227 2443 1297 2475 spe-

227 2478 352 2509 cialiter
370 2476 536 2507 ordinatis.
557 2476 644 2506 Haec
662 2475 772 2506 latiore
796 2476 918 2507 calamo
937 2477 1114 2508 referuntur
1136 2478 1246 2509 omnia
1264 2478 1297 2509 in

227 2522 369 2552 eiusdem
386 2520 524 2550 Iulianae
539 2519 626 2550 Actis
642 2520 728 2560 apud
738 2520 882 2551 Bollandi
894 2520 1141 2552 Continuatores
1156 2522 1196 2552 ad
1212 2522 1297 2554 diem

229 2567 245 2596 5
271 2564 388 2606 aprilis,
412 2564 492 2594 libro
517 2563 555 2602 11,
580 2573 670 2604 capp.
694 2574 727 2602 11,
752 2574 784 2594 111
809 2571 839 2595 et
861 2575 902 2595 1v.

294 2609 472 2639 Iniunxerat
501 2608 750 2648 componendum
775 2613 885 2638 tantae
906 2609 1117 2640 solemnitatis
1143 2609 1296 2652 Officium

227 2653 449 2695 probatissima
478 2652 598 2682 Iuliana
625 2651 751 2683 cuidam
776 2652 889 2683 Fratri
911 2653 1025 2684 domus
1054 2663 1149 2692 suae,
1178 2654 1297 2685 Ioanni

228 2699 366 2734 nomine,
397 2697 504 2727 iuveni
527 2695 664 2737 quidem,
689 2695 746 2726 sed
761 2696 942 2736 plurimum
967 2697 1137 2728 innocenti.
1164 2699 1296 2730 Munere

227 2741 379 2782 imposito
404 2747 439 2772 ut
467 2740 660 2780 fungeretur,
678 2749 878 2780 percurrens
905 2741 1078 2771 multorum
1103 2741 1295 2773 Sanctorum

228 2787 336 2823 libros,
361 2786 443 2816 sicut
466 2785 536 2825 apis
552 2784 822 2825 prudentissima,
851 2785 1035 2815 divinarum
1065 2787 1295 2817 sententiarum

220 2830 327 2871 flores
350 2829 486 2871 legebat,
512 2828 714 2859 Sacramenti
739 2828 893 2869 Corporis
920 2834 951 2859 et
973 2828 1152 2870 Sanguinis
1178 2829 1298 2861 Christi

228 2874 427 2905 dulcedinem
451 2874 627 2913 sapientes:
649 2882 691 2903 ex
713 2872 827 2914 quibus
850 2872 1031 2904 confectum
1050 2880 1096 2904 est
1114 2879 1213 2904 totum
1237 2873 1296 2913 Of-

217 2919 334 2960 ficium
374 2927 476 2949 novae
507 2917 717 2948 solemnitatis
754 2922 946 2947 nocturnum
980 2922 1011 2948 et
1049 2917 1223 2956 diurnum,
1263 2919 1295 2949 in

227 2963 375 3003 hymnis,
407 2962 606 3002 antiphonis,
639 2961 867 3001 responsoriis,
900 2961 1096 2999 lectionibus,
1126 2962 1292 3002 capitulis,

228 3007 367 3038 collectis
391 3011 420 3037 et
439 3006 513 3037 aliis
538 3005 683 3036 omnibus
700 3006 855 3046 propriis.
875 3007 965 3043 Acta,
985 3015 1066 3046 quae
1084 3005 1295 3044 laudavimus,

227 3051 357 3081 consule
379 3050 460 3081 libro
485 3050 522 3089 II,
547 3049 647 3090 capite
666 3059 699 3088 11,
723 3059 813 3080 num.
833 3059 851 3090 9
876 3049 931 3080 ubi
955 3048 1202 3081 Continuatores
1220 3050 1295 3081 Bol-

226 3095 311 3125 landi
342 3094 374 3125 in
397 3094 489 3125 Notis
514 3093 656 3125 codicem
687 3103 748 3125 ms.
772 3093 1006 3124 Rubeae-vallis
1037 3093 1184 3132 afferunt,
1221 3104 1296 3126 cum

226 3139 274 3169 his
298 3138 413 3169 verbis:
446 3151 460 3166 «
478 3138 551 3169 Hoc
581 3137 733 3168 Officium
760 3137 881 3178 incipit,
913 3138 1104 3169 Animarum
1134 3139 1239 3170 cibus:
1266 3146 1296 3170 et

229 3195 243 3210 »
266 3182 417 3223 reperitur
441 3182 571 3222 plenum
595 3181 627 3212 in
651 3181 790 3212 Ecclesia
813 3181 992 3222 Tungrensi
1021 3189 1051 3213 et
1079 3182 1146 3213 aliis
1170 3183 1258 3214 locis.
1277 3196 1292 3210 ³>

226 3227 298 3257 Hoc
321 3226 399 3257 illud
423 3225 575 3257 Officium
599 3232 655 3263 est,
680 3226 768 3266 quod
792 3232 863 3256 ante
887 3225 1012 3256 obitum
1040 3226 1197 3258 Robertus
1220 3227 1295 3267 Epi-

227 3280 343 3311 scopus
367 3270 550 3301 Leodiensis
574 3270 705 3300 describi
730 3269 849 3301 curavit
871 3270 910 3300 ad
934 3280 1008 3301 suae
1027 3270 1216 3302 Dioeceseos
1235 3271 1294 3302 Ec-

226 3315 333 3346 clesias
352 3314 639 3345 transmittendum.
654 3314 704 3345 Sic
724 3314 809 3344 enim
828 3314 944 3345 habent
962 3316 1040 3345 Acta
1055 3325 1122 3355 cap.
1138 3325 1182 3353 111,
1197 3325 1229 3346 n.
1245 3326 1255 3345 1
1266 3316 1294 3354 3,

226 3359 307 3389 libro
328 3359 368 3389 11:
397 3358 534 3389 Circiter
557 3359 673 3399 viginti
695 3358 802 3399 officia
822 3359 922 3399 ipsius
939 3358 1134 3390 Festivita‘tis
1147 3359 1234 3400 fecit
1256 3359 1296 3390 de

221 3404 357 3443 proprio
377 3403 542 3440 conscribi,
564 3402 672 3433 volens
691 3412 729 3433 ea
748 3402 791 3433 ad
809 3402 985 3433 habendam
1005 3404 1128 3444 copiam
1142 3413 1206 3444 per
1224 3403 1294 3434 loca

227 3447 375 3477 distribui
392 3452 581 3487 opportuna.
603 3446 683 3477 lllud
707 3446 803 3477 etiam
822 3446 974 3478 Officium
997 3452 1027 3478 et
1045 3448 1153 3478 omnia
1174 3448 1207 3478 in
1227 3448 1294 3488 ipso

228 3496 374 3521 contenta
412 3489 462 3533 (ut
484 3500 573 3521 num.
605 3500 642 3530 ¹4
670 3500 791 3521 narrare
822 3491 922 3531 pergit
961 3489 1084 3534 auctor)
1112 3491 1294 3533 diligentio-

229 3534 316 3565 ribus
343 3535 444 3565 oculis
471 3535 678 3565 considerans
705 3540 735 3565 et
756 3540 969 3575 perscrutans
997 3536 1094 3576 Hugo
1119 3535 1294 3567 Cardinalis

229 3585 259 3607 et
283 3578 433 3617 Legamus,
464 3579 543 3610 nihil
570 3578 768 3616 addendum,
799 3579 878 3609 nihil
901 3579 1089 3610 mutandum
1118 3580 1295 3611 arbitratus

229 3626 286 3658 est,
312 3627 425 3652 cuncta
449 3622 596 3652 decenter
620 3623 784 3653 inveniens
806 3623 967 3653 ordinata.

1255 997 1399 1024 ...pjggm

1425 1237 1562 1268 Firmior
1582 1244 1613 1269 et
1640 1238 1827 1270 inconvulsa
1851 1249 1907 1279 per
1929 1239 2036 1271 futura
2063 1241 2188 1272 saecula
2210 1248 2247 1272 ut
2269 1251 2354 1273 nova
2376 1252 2430 1274 so-

1356 1281 1503 1312 lemnitas
1525 1282 1559 1312 in
1590 1282 1731 1313 Ecclesia
1753 1283 1922 1314 Leodiensi
1953 1292 2161 1324 permaneret,
2194 1295 2261 1316 non
2284 1285 2430 1318 infimam

1357 1326 1519 1356 bonorum
1541 1336 1676 1357 suorum
1698 1334 1821 1367 partem
1839 1328 1997 1359 Ecclesiae
2020 1339 2045 1360 s.
2061 1329 2188 1360 Martini
2207 1330 2343 1361 contulit
2361 1330 2430 1362 Ste—

1356 1369 1481 1410 phanus
1512 1370 1683 1402 canonicus
1714 1381 1789 1402 cum
1811 1372 1910 1403 Maria
1929 1380 2052 1404 sorore:
2076 1373 2218 1415 itemque
2237 1374 2370 1406 Ioannes
2389 1375 2430 1406 de

1355 1414 1526 1453 Lauduno,
1542 1415 1700 1446 Ecclesiae
1714 1416 1890 1456 praedictae
1913 1417 2101 1456 canonicus,
2122 1424 2253 1450 octavas
2275 1418 2431 1460 Corporis

1358 1457 1478 1489 Christi
1495 1458 1529 1489 in
1548 1459 1658 1490 eadem
1678 1469 1702 1490 s.
1719 1460 1847 1491 Martini
1870 1461 1997 1493 basilica
2006 1461 2175 1502 fundavit.
2196 1463 2284 1494 Haec
2301 1469 2429 1495 narrant

1354 1503 1433 1532 Acta
1455 1502 1537 1533 libro
1554 1502 1581 1533 11
1597 1503 1662 1542 cit.,
1679 1504 1780 1544 capite
1802 1514 1845 1543 1v,
1864 1515 1955 1537 num.
1985 1506 2021 1536 16
2042 1513 2073 1538 et
2094 1517 2142 1547 ¹9·
2163 1507 2276 1548 Neque
2295 1508 2429 1539 demum

1354 1545 1479 1577 silentio
1502 1547 1780 1587 praetereundum,
1803 1550 1892 1589 quod
1915 1550 2077 1590 superiore
2101 1550 2202 1592 capite
2224 1561 2263 1590 n,
2291 1561 2381 1583 num.
2406 1563 2427 1594 7

1353 1590 1499 1621 traditur:
1529 1591 1668 1622 Iulianae
1691 1592 1940 1624 sanctimonialis
1969 1601 2083 1625 votum
2111 1595 2295 1636 expendisse
2321 1602 2352 1627 et
2372 1596 2428 1627 ad-

1353 1635 1503 1674 probasse
1518 1635 1671 1667 Iacobum
1688 1635 1728 1666 de
1748 1637 1866 1675 ssecis,
1887 1642 1964 1668 tunc
1976 1638 2247 1670 Archidiaconum
2262 1640 2430 1672 Ecclesiae

1353 1679 1549 1718 Leodiensis,
1574 1686 1686 1721 postea
1704 1680 1938 1712 virdunensem
1956 1682 2156 1723 Episcopum
2178 1693 2264 1714 anno
2293 1685 2376 1716 1252
2396 1690 2428 1716 et

1353 1723 1565 1754 Patriarcham
1589 1724 1889 1766 ierosolymitanum
1917 1735 2002 1756 anno
2031 1728 2112 1758 1255
2141 1737 2178 1758 ac
2205 1727 2339 1759 demum
2360 1727 2428 1760 Ro-

1354 1777 1487 1798 manum
1510 1767 1698 1799 Pontificem
1722 1779 1806 1799 anno
1836 1770 1913 1800 1261
1943 1771 2001 1801 sub
2025 1771 2157 1802 nomine
2183 1771 2308 1803 Urbani
2328 1772 2353 1804 Ι
2355 1772 2388 1804 V.

1427 1811 1464 1843 11.
1493 1811 1670 1843 Occasione
1705 1813 1778 1844 data
1805 1813 1936 1854 insignis
1970 1815 2132 1855 miraculi,
2161 1816 2251 1858 quod
2277 1816 2312 1848 in
2340 1815 2428 1848 Italia

1353 1855 1465 1887 accidit
1479 1856 1634 1887 Bolsenae
1650 1867 1716 1888 non
1732 1857 1827 1898 longe
1843 1858 1882 1888 ab
1898 1858 2091 1898 Urbeveteri‚
2106 1859 2194 1890 idem
2212 1860 2428 1893 sanctissimus

1353 1899 1498 1931 Pontifex
1521 1908 1697 1941 permotuS‚
1728 1902 1927 1932 sacratissimi
1952 1902 2105 1944 Corporis
2129 1903 2247 1935 Christi
2275 1905 2427 1936 solemni-

1353 1951 1450 1975 tatem
1468 1945 1501 1975 in
1520 1945 1660 1976 Ecclesia
1679 1945 1824 1976 universa
1847 1946 2067 1978 celebrandam
2085 1947 2206 1979 indixit.
2222 1950 2356 1980 Annum
2373 1949 2428 1980 de-

1353 1988 1422 2020 finit
1444 1989 1666 2021 Theodoricus
1690 1990 1864 2021 Vallicolor
1891 1990 1924 2021 in
1948 1991 2015 2022 eius
2038 1991 2111 2023 Vita
2141 1992 2269 2024 metrice
2297 1993 2425 2034 scripta:

1502 2078 1639 2119 Hocque
1661 2079 1713 2109 sui
1735 2084 1827 2109 terno
1850 2080 1993 2120 Papatus
2005 2079 2093 2121 fecit
2115 2081 2148 2111 in
2172 2089 2276 2112 anno:

1352 2165 1407 2207 qui
1427 2166 1536 2197 tertius
1556 2176 1658 2198 annus
1677 2167 1727 2197 die
1748 2176 1789 2207 29
1805 2167 1931 2208 augusti
1951 2168 2025 2198 anni
2050 2169 2130 2199 1263
2153 2168 2282 2200 initium
2304 2169 2426 2201 habuit.

1352 2210 1421 2241 Hac
1445 2211 1483 2241 de
1507 2220 1539 2241 re
1563 2211 1833 2251 elegantissimum
1856 2212 1999 2252 diploma
2027 2212 2160 2251 editum,
2187 2213 2277 2254 quod
2304 2213 2338 2244 in
2360 2213 2426 2245 Ro-

1351 2264 1448 2285 mano
1467 2255 1608 2286 Bullario
1627 2262 1758 2296 prostat,
1775 2256 1886 2287 datum
1901 2257 1987 2297 apud
2003 2256 2261 2288 Urbemveterem
2279 2267 2330 2288 an.
2343 2258 2428 2299 ¹264

1352 2309 1418 2329 non
1434 2299 1486 2330 die
1501 2305 1614 2337 octaua
1629 2300 1815 2340 septembris
1831 2307 1867 2331 ut
1885 2300 2099 2332 communiter
2111 2301 2229 2332 habent
2247 2301 2425 2342 scriptores,

1352 2342 1505 2374 Caietano
1529 2344 1627 2374 Maria
1651 2345 1769 2375 Merata
1792 2345 1963 2376 adnotante
1985 2352 2078 2376 tomo
2102 2345 2113 2376 I
2138 2345 2293 2376 Thesauri
2321 2355 2426 2378 sacro-

1351 2397 1424 2418 rum
1447 2388 1582 2419 Rituum
1605 2388 1738 2419 Gavanti
1751 2411 1759 2426 ,
1789 2389 1843 2419 sed
1866 2389 1918 2420 die
1940 2399 1972 2420 11
1995 2390 2129 2431 augusti
2160 2389 2246 2421 iuxta
2273 2389 2426 2431 originale

1351 2431 1384 2462 in
1408 2432 1535 2463 archivo
1552 2439 1671 2463 secreto
1688 2432 1895 2464 bibliothecae
1911 2433 2079 2464 Vaticanae
2094 2434 2305 2466 adservatum.
2325 2435 2427 2467 Datae

1351 2475 1447 2507 etiam
1470 2477 1509 2507 ad
1533 2477 1635 2507 Evam
1653 2477 1809 2508 reclusam
1832 2477 1951 2508 litterae
1973 2483 2064 2509 sexto
2083 2478 2156 2509 idus
2180 2488 2236 2509 seu
2261 2478 2312 2510 die
2336 2477 2362 2510 8
2376 2488 2424 2511 se-

1344 2521 1516 2560 ptembris,
1545 2521 1755 2563 Pontificatus
1782 2531 1869 2552 anno
1892 2527 2019 2563 quarto,
2045 2521 2162 2554 Christi
2190 2523 2284 2563 1264,
2307 2522 2425 2565 quibus

1350 2564 1462 2605 virgini
1486 2565 1725 2606 probatissimae
1748 2566 1878 2597 nunciat
1896 2566 2050 2597 Summus
2072 2566 2218 2598 Pontifex
2244 2565 2314 2598 testi
2337 2567 2424 2599 insti-

1350 2608 1509 2640 tutionem
1535 2609 1568 2640 in
1597 2609 1736 2640 Ecclesia
1764 2610 1918 2641 universa.
1948 2610 2086 2651 Integras
2117 2610 2250 2642 afferunt
2276 2611 2424 2642 Bollandi

1350 2651 1598 2684 Continuatores
1621 2660 1695 2694 post
1716 2656 1796 2684 Acta
1819 2664 1843 2684 s.
1865 2654 2003 2684 Iulianae
2027 2654 2068 2685 ad
2090 2654 2176 2685 diem
2201 2655 2217 2685 5
2242 2654 2349 2695 aprilis
2372 2665 2423 2686 ea-

1349 2695 1414 2736 pite
1442 2706 1474 2727 1x
1504 2703 1535 2728 et
1564 2697 1597 2728 in
1620 2697 1798 2738 Propylaeo
1827 2697 1902 2728 maii
1926 2697 2055 2728 Dissert.
2079 2698 2192 2729 XXIII.
2222 2698 2326 2738 Digna
2348 2706 2424 2730 sunt

1351 2739 1634 2779 animadversione,
1665 2750 1746 2782 quae
1769 2741 1802 2771 in
1825 2741 1901 2781 ipsis
1924 2741 2072 2782 leguntur
2094 2741 2189 2772 verba
2211 2742 2251 2772 ad
2279 2741 2423 2774 officium

1351 2783 1527 2814 attinentia:
1552 2785 1596 2815 Et
1620 2786 1696 2825 quia
1717 2790 1922 2825 quaternum,
1943 2786 1976 2816 in
1995 2795 2057 2826 quo
2077 2786 2176 2826 ipsius
2189 2785 2274 2826 festi
2288 2786 2424 2818 habetur

1355 2827 1519 2868 Officium,
1544 2828 1599 2859 tibi
1621 2829 1680 2859 sub
1701 2828 1801 2859 Bulla
1825 2834 1936 2860 nostra
1953 2839 2017 2870 per
2039 2830 2174 2860 latorem
2203 2831 2422 2870 praesentium

1351 2871 1558 2910 destinamus,
1592 2873 1738 2903 volumus
1761 2878 1792 2903 et
1812 2882 1877 2913 per
1898 2874 2081 2914 Apostolica
2108 2874 2228 2914 scripta
2252 2874 2309 2905 tibi
2330 2884 2422 2906 man-

1350 2915 1481 2953 damus,
1499 2921 1658 2957 quatenus
1673 2922 1865 2958 quaternum
1890 2918 1992 2958 ipsum
2016 2927 2088 2949 cum
2104 2918 2270 2949 devotione
2285 2919 2423 2960 recipias

1351 2965 1381 2990 et
1397 2961 1466 2991 eius
1481 2962 1603 3001 copiam
1615 2962 1766 3001 personis
1782 2961 1870 2992 illam
1881 2962 2064 3002 petentibus
2079 2962 2229 2993 exhibeas
2244 2963 2424 2995 liberaliter

1351 3010 1382 3035 et
1409 3004 1552 3036 libenter.
1583 3005 1681 3042 Quod
1710 3015 1833 3036 novum
1862 3006 1999 3046 appellat
2025 3005 2178 3038 Officium
2201 3006 2423 3039 Theudoricus

1350 3047 1524 3079 Vallicolor
1547 3049 1620 3080 Ioco
1644 3049 1789 3090 superIus
1813 3049 1922 3080 citato:

1533 3136 1748 3178 Officiumque
1772 3147 1887 3168 novum
1912 3139 2050 3169 continet
2078 3139 2139 3170 ista
2163 3139 2240 3170 dies.

1350 3224 1569 3266 Eamdemque
1598 3235 1665 3256 rem
1694 3232 1824 3256 testatur
1854 3226 1953 3257 codex
1980 3236 2039 3258 ms.
2071 3226 2305 3258 Rubeae-vallis
2333 3227 2420 3268 apud

1348 3268 1495 3299 Bollandi
1512 3268 1770 3308 Continuatores,
1790 3270 1844 3300 ubi
1861 3270 1938 3301 haec
1956 3270 2125 3302 habentur:
2149 3283 2164 3299 ‹
2177 3271 2250 3302 Hoc
2267 3269 2418 3303 Officium

1352 3325 1366 3340 »
1389 3311 1422 3355 (a
1433 3313 1550 3344 Ioanne
1561 3313 1728 3344 Leodiensi
1743 3313 1974 3357 compositum)
1985 3314 2105 3356 incipit,
2114 3315 2308 3346 Animarum
2318 3314 2419 3346 cibus:

1352 3369 1366 3384 >>
1390 3363 1420 3388 et
1442 3357 1595 3398 reperitur
1617 3357 1750 3398 plenum
1773 3358 1806 3388 in
1829 3358 1968 3389 Ecclesia
1986 3358 2165 3399 Tungrensi
2189 3365 2220 3390 et
2237 3357 2304 3389 aliis
2326 3357 2415 3390 locis.

1353 3414 1366 3428 »
1389 3401 1510 3432 Deinde
1530 3401 1676 3433 Urbanus
1696 3402 1738 3433 IV
1757 3401 1920 3441 Officium,
1943 3403 2033 3444 quod
2056 3403 2174 3444 ubique
2198 3407 2349 3441 cantatur,
2369 3401 2417 3433 in·

1352 3458 1366 3473 2
1388 3445 1497 3476 stituit.
1517 3458 1532 3473 >

1416 3490 1467 3521 111.
1493 3490 1676 3522 institutum
1699 3490 1991 3532 compositumque,
2014 3490 2103 3522 iussu
2126 3489 2245 3522 Urbani
2268 3489 2311 3520 lv
2334 3489 2415 3521 Offi-

1349 3533 1446 3573 cium,
1465 3540 1580 3565 notum
1598 3533 1634 3565 fit
1649 3541 1922 3576 compertumque.
1940 3535 2032 3576 Opus
2051 3534 2130 3566 illud
2148 3533 2246 3564 sancti
2269 3533 2415 3565 Thomae

1348 3577 1526 3619 Aquinatis,
1555 3579 1695 3619 produnt
1721 3585 1856 3617 veteres,
1880 3578 2066 3619 synchroni,
2098 3586 2313 3618 supparesque
2341 3578 2415 3608 scri-

1319 3619 1323 3671 Ι
1349 3628 1464 3662 ptores.
1489 3622 1693 3654 Ptolomaeus
1717 3623 1755 3653 de
1772 3623 1859 3653 Luca
1881 3622 1913 3652 in
1937 3622 2018 3653 Hist.
2043 3621 2117 3653 eccl.
2141 3621 2221 3652 libro
2247 3621 2346 3660 XXII,
2366 3631 2415 3653 ca-
