2548 4192
550 259 1010 296 DISSERTATIONES
1040 257 1288 295 CRITICAE

218 351 233 366 »
253 338 474 369 abominabilis
499 345 545 370 est
567 349 635 369 non
654 339 762 369 solum
785 339 818 369 in
837 338 910 377 fide,
931 338 985 368 sed
1001 337 1097 368 etiam
1116 336 1203 377 apud
1219 336 1289 376 phi-

218 396 233 411 »
253 383 409 424 losophos
433 383 489 424 qui
513 383 703 414 confitentur
726 390 757 414 et
780 383 935 423 probant,
959 381 1048 422 quod
1080 391 1177 411 omne
1200 381 1290 422 quod

218 440 232 455 >
253 434 300 461 est
323 428 571 469 quoquomodo,
591 438 658 458 esse
682 438 748 458 non
771 427 891 468 possit,
913 425 973 456 nisi
998 432 1163 456 causatum
1186 426 1225 455 ab
1249 435 1288 455 eo

219 485 234 500 >
256 472 312 514 qui
336 472 473 502 maxime
497 479 528 503 et
552 472 714 502 verissime
742 472 837 502 habet
867 480 944 501 esse.
977 470 1010 500 Si
1040 476 1148 500 autem
1175 469 1288 500 intelli-

218 529 233 544 »
255 523 366 558 gatur,
395 517 518 557 aliquid
539 526 666 557 semper
679 516 790 557 fuisse
813 521 843 546 et
867 520 972 546 tamen
990 519 1158 545 causatum
1175 523 1196 544 a
1218 514 1290 544 Deo

219 574 234 589 >
253 560 427 593 secundum
454 566 553 591 totum
577 561 662 601 quod
686 562 718 590 in
751 569 787 590 eo
811 565 874 597 est,
896 559 1066 590 videndum
1100 563 1147 589 est
1179 563 1288 589 utrum

219 619 235 635 2>
253 607 313 637 hoc
337 606 440 645 possit
462 610 560 636 stare.
575 617 590 632 ι»

286 650 338 680 111.
356 649 560 689 Opusculum
580 649 632 678 De
642 648 731 689 fato,
744 648 834 688 quod
849 653 1034 678 numeratur
1048 646 1181 678 XXVIII
1198 653 1229 677 et
1242 646 1289 677 in-

219 694 304 735 cipit,
324 694 502 730 Quaeritur
517 693 556 723 de
564 692 656 734 fato,
673 703 716 722 an
733 693 815 723 silet
828 692 905 733 quid
920 693 972 729 sit,
983 691 1130 722 Thomae
1146 691 1291 722 tribuunt

217 738 422 770 Ptolomaeus
446 738 485 767 de
508 738 613 775 Luca,
637 737 815 767 Bernardus
839 735 1018 774 Guidonis,
1041 735 1289 774 Valleoletanus‚

218 789 343 813 sanctus
367 781 560 812 Antoninus.
578 781 753 812 Casimirus
777 781 926 812 Oudinus
943 780 1044 821 capite
1066 790 1121 810 xm
1144 779 1225 810 inter
1240 790 1290 810 ca-

218 837 339 865 noneS,
363 826 480 867 quibus
511 835 585 856 vera
608 832 639 856 et
661 825 792 856 indubia
818 825 916 856 sancti
946 825 1094 855 Thomae
1121 824 1290 865 Aquinatis

219 871 324 911 Opera
340 870 390 901 vel
406 870 571 910 opuscula
595 870 744 910 cognosci
767 877 896 911 queant,
914 870 1091 900 secundum
1110 869 1234 908 statuit,
1251 869 1290 899 ab

218 915 355 956 antiquis
387 914 679 945 nomenclatoribus
711 915 924 945 recedendum
955 924 1022 944 non
1058 924 1144 953 esse,
1173 914 1292 954 absque

218 959 396 990 rationibus
416 959 538 990 idoneis
561 964 592 990 et
616 959 885 990 demonstrativis.
910 959 984 996 Qua
1006 959 1115 999 regula
1139 958 1290 997 adhibita,

217 1014 315 1045 quam
339 1003 618 1044 prudentissimam
641 1004 801 1044 negaverit
823 1014 932 1042 nemo,
950 1003 1144 1034 censendum
1166 1003 1292 1034 videtur

219 1058 293 1079 curn
316 1048 507 1088 peritissimo
541 1049 656 1079 Iacobo
680 1048 847 1087 Echardo,
876 1047 1062 1079 huiusmodi
1086 1048 1291 1088 Opusculum

218 1094 303 1123 inter
320 1092 387 1123 alia
400 1093 502 1133 plura
522 1093 758 1123 numerandum
782 1103 860 1132 esse,
884 1098 942 1123 aut
958 1093 1115 1134 Aquinati
1123 1092 1218 1134 falso
1234 1092 1290 1123 ad-

216 1138 336 1177 scripta
353 1142 411 1168 aut
428 1138 542 1168 saltem
558 1137 666 1168 dubia.

286 1182 419 1212 Idoneas
451 1181 589 1212 rationes
621 1181 766 1213 attulerat
797 1182 972 1212 Barbavara
994 1182 1027 1212 in
1052 1192 1109 1213 sua
1128 1181 1290 1213 Censura:

221 1239 236 1254 ι
250 1226 455 1267 Opusculum
478 1226 609 1258 XXVIII
629 1227 680 1257 De
692 1226 772 1268 fato
797 1226 830 1256 in
850 1226 1130 1267 supposititiorum
1143 1226 1291 1257 foetuum

219 1283 235 1298 2>
256 1271 388 1301 classem
408 1271 604 1311 reponimus.
635 1271 719 1302 Nam
741 1277 962 1312 praeterquam
983 1271 1073 1312 quod
1096 1270 1164 1302 eius
1188 1270 1292 1312 operis

214 272 307 297 CCXL

1317 257 1373 293 IN
1404 257 1442 294 S.
1463 258 1705 295 THOMAM
1732 259 2057 306 AQUINATEM

1345 348 1360 364 x>
1380 344 1490 368 auctor
1504 337 1735 369 mathematicis
1750 338 2024 369 observationibus
2038 338 2177 369 nimium
2189 338 2298 377 defert;
2313 349 2418 380 neque

1345 392 1359 407 ³·
1379 382 1509 422 stylum,
1521 392 1625 423 neque
1642 382 1787 413 ordinem
1797 383 1950 423 Aquinati
1965 390 2156 414 consuetum
2172 383 2293 414 retinet.
2312 383 2419 420 Quae-

1345 437 1360 452 »
1383 426 1534 465 rendum,
1558 426 1680 468 inquit,
1705 426 1810 467 primo
1834 437 1877 458 an
1901 429 1943 458 sit
1957 427 2071 468 fatum
2096 433 2127 458 et
2149 427 2227 468 quid
2249 429 2291 458 sit
2321 433 2352 458 et
2374 437 2417 458 an

1346 482 1360 497 »
1382 471 1524 510 imponat
1547 471 1642 502 rebus
1675 472 1893 502 necessitatem
1899 479 1913 509 ;
1937 472 2050 502 deinde
2083 478 2192 503 utrum
2224 473 2266 503 sit
2292 472 2421 503 scibile:

1345 526 1360 541 w
1383 515 1474 555 quasi
1498 525 1566 546 esse
1597 515 1706 546 scibile
1729 515 1773 546 sic
1797 525 1872 546 cum
1896 516 1963 546 aliis
1986 516 2019 547 in
2043 526 2216 547 numerum
2239 523 2358 557 ponat,
2384 522 2420 547 ut

1346 571 1360 586 2>
1383 559 1422 589 de
1445 569 1478 590 re
1502 570 1601 600 quam
1620 566 1743 590 constat
1766 565 1796 591 et
1818 561 1904 601 quod
1927 566 1974 591 est
1996 566 2027 591 et
2050 561 2127 601 quid
2142 562 2195 599 sit,
2212 561 2348 591 dubitari
2366 571 2420 591 va-

1346 615 1361 630 »
1379 603 1442 634 leat
1465 609 1574 635 utrum
1593 605 1635 635 sit
1652 604 1781 635 scibilis.
1803 605 1859 635 Illa
1882 604 1977 636 etiarn
2001 605 2055 636 fati
2079 604 2221 636 definitio
2250 603 2321 648 (art.
2345 615 2367 635 11
2382 603 2416 648 ):

1346 660 1360 674 2>
1379 647 1497 678 Fatum
1521 654 1569 679 est
1580 648 1699 689 forma
1722 649 1857 687 ordinis,
1873 658 1942 680 esse
1965 655 1995 680 et
2014 650 2098 681 vitae
2117 649 2323 691 inferiorum,
2341 659 2418 680 cau-

1346 704 1361 719 »
1379 697 1452 722 sata
1476 693 1508 722 in
1533 694 1610 733 ipsis
1626 703 1668 723 ex
1684 692 1821 733 periodo
1844 694 1990 724 caelestis
2013 694 2139 731 circuli,
2164 694 2250 735 quod
2270 695 2340 725 suis
2363 704 2418 724 ra-

1346 748 1361 763 »
1379 735 1575 767 diationibus
1596 737 1695 767 ambit
1728 738 1911 768 nativitates
1943 748 2075 777 eorum,
2104 738 2184 768 nihil
2213 738 2308 769 habet
2331 748 2418 769 corn-

1346 793 1361 808 »
1382 790 1479 811 mune
1504 790 1579 811 cum
1601 780 1680 820 inis,
1705 791 1787 822 quae
1811 781 1886 812 alibi
1913 782 1953 812 de
1981 782 2046 813 fato
2071 782 2265 813 definiuntur
2288 783 2327 813 ab
2346 783 2418 823 ipso

1346 837 1361 852 ν
1380 825 1540 865 Aquinate
1566 825 1590 855 1.
1607 835 1651 865 p.,
1671 835 1702 866 q.
1730 835 1812 864 cxw,
1832 832 1863 856 et
1878 826 1919 856 111
1936 833 2045 857 contra
2061 826 2189 865 Gentes,
2211 827 2312 867 capite
2334 837 2419 858 xcm.

1346 882 1362 897 a>
1382 867 1516 910 (Fatum
1550 875 1597 900 est
1627 870 1800 900 inhaerens
1828 870 1924 901 rebus
1953 870 2121 901 mobilibus
2151 871 2335 911 dispositio,
2355 881 2420 911 per

1347 927 1362 942 »
1380 924 1476 955 quam
1487 914 1696 954 providentia
1711 915 1779 944 suis
1794 923 1940 955 quaeque
1955 915 2052 945 nectit
2066 915 2259 957 ordinibus).
2275 911 2422 956 Deniqu‘e

1346 971 1362 986 x>
1381 958 1488 989 minus
1503 958 1704 999 peripatetice
1728 957 1841 989 dicitur
1857 956 1964 1001 (artic.
1981 956 2049 1002 1n):
2065 959 2266 990 Relationem
2286 960 2423 1000 regulae

1347 1016 1362 1031 »
1381 1003 1426 1034 ad
1457 1003 1644 1044 regulatum
1669 1003 1765 1034 talem
1791 1012 1879 1040 esse,
1906 1004 2012 1044 qualis
2037 1008 2084 1034 est
2102 1004 2211 1044 patris
2231 1003 2276 1034 ad
2288 1003 2422 1044 filium:

1347 1061 1362 1076 »
1382 1058 1456 1079 cum
1472 1048 1549 1078 haec
1571 1057 1645 1078 vere
1661 1047 1789 1078 relativa
1812 1047 1885 1086 sint,
1901 1047 1954 1078 illa
1973 1047 2100 1078 relative
2124 1054 2250 1078 tantum
2266 1047 2420 1078 dicantur.

1348 1106 1362 1121 »
1383 1093 1463 1124 Item
1485 1092 1564 1123 illud
1583 1090 1690 1134 (artic.
1715 1090 1757 1134 v)
1781 1092 1871 1133 quod
1893 1092 2006 1133 fatum
2039 1102 2141 1133 neque
2163 1101 2263 1123 causa
2285 1093 2343 1130 sit,
2367 1101 2422 1122 ne-

1348 1151 1362 1165 »
1382 1147 1443 1178 que
1467 1142 1655 1174 causatum,
1680 1137 1737 1167 sed
1759 1137 1883 1177 aliquid
1914 1144 2054 1175 causae;
2076 1137 2293 1178 superstitiosa
2316 1143 2347 1167 et
2370 1146 2421 1167 so-

1348 1196 1363 1210 »
1383 1181 1516 1222 phistica
1539 1181 1634 1212 nimis
1663 1187 1710 1212 est
1732 1181 1846 1212 divisio
1878 1191 1933 1212 seu
1958 1181 2127 1213 distinctio.
2155 1194 2170 1209 ι·
2202 1182 2238 1212 In
2261 1181 2421 1222 aliquibus

1346 1226 1508 1258 codicibus
1531 1236 1652 1257 nomen
1675 1226 1796 1256 Alberti
1819 1225 1927 1266 Magni
1943 1226 2105 1266 praedicto
2121 1225 2289 1266 Opusculo
2311 1225 2420 1257 inscri-

1345 1278 1440 1313 ptum
1462 1270 1585 1311 legitur.
1603 1270 1762 1302 Iudicium
1785 1269 1886 1302 serant
1905 1270 2073 1302 doctiores.
