2548 4192
194 285 371 310 CCLXXXVI

200 368 214 382 »
237 361 268 386 et
293 357 456 386 increatos
479 361 509 386 et
532 356 716 390 immensos,
742 353 767 383 si
789 352 936 382 adiective
952 357 1133 381 sumantur:
1154 349 1179 379 si
1194 359 1270 379 vero

198 411 212 426 >v
238 400 433 430 substantive
458 406 633 437 sumantur,
650 398 784 428 dicimus
809 407 907 426 unum
933 397 1122 431 increatum,
1140 395 1270 424 immen-

198 457 213 472 »
235 454 306 475 sum
335 450 365 474 et
387 450 573 480 aeternum,
600 450 635 473 ut
658 441 848 472 Athanasius
877 440 952 469 dicit
973 452 987 466 »
1015 436 1068 480 (in
1093 439 1269 479 Symbolo,

196 489 285 529 quod
313 488 379 519 eius
403 488 534 518 nomine
565 487 752 526 inscriptum
780 485 1009 524 vulgatumque
1035 481 1112 525 est).
1142 483 1201 513 Par
1225 489 1271 512 est

196 533 338 563 eiusdem
357 533 504 562 Thomae
529 531 669 561 doctrina
692 530 725 559 in
750 529 779 566 1,
804 529 873 558 dist.
898 538 946 565 lx,
972 538 1004 568 q.
1030 539 1051 565 1,
1069 533 1124 557 art.
1142 537 1174 557 11.

265 577 353 607 Haec
377 583 461 613 sunt,
478 585 559 616 quae
579 574 700 604 adludit
723 573 869 603 Petavius
884 572 964 602 libro
982 572 1022 601 III
1040 572 1088 602 De
1104 571 1269 607 Trinitate,

200 621 300 661 capite
324 630 366 658 1x,
387 630 466 650 num
484 627 514 659 9:
534 633 547 647 «
561 618 656 648 Haud
677 617 753 654 scio,
770 618 927 657 inquiens,
945 626 985 646 an
1002 615 1169 646 discrimen
1185 615 1271 645 istud

201 678 216 693 »
238 665 466 695 adiectivorum
494 663 828 701 substantivorumque
850 660 1021 691 nominum
1043 661 1076 690 in
1099 659 1160 689 illis
1179 660 1271 700 Sym-

202 722 216 737 »
239 709 305 739 boli
328 708 430 738 verbis
453 708 562 738 locum
585 707 707 736 habeat.
726 705 806 742 Quis
836 705 922 735 enim
954 705 1086 735 nomina
1118 704 1194 734 haec
1218 713 1270 734 ae-

202 766 216 781 »
241 754 335 790 terni,
361 753 593 792 omnipotentis,
620 751 772 787 iti‘creati,
798 750 945 780 immensi
968 749 1056 779 aliter
1079 750 1117 779 ab
1142 755 1271 778 auctore

203 810 218 825 »
241 796 405 838 Symboli,
434 806 532 836 quam
564 795 738 836 adiective,
773 800 923 834 usurpata
954 804 1020 824 esse
1053 794 1111 824 sibi
1143 803 1270 843 persua-

203 854 217 869 >
242 839 330 871 deat?
355 840 442 877 Quid
466 847 572 870 autem
597 849 722 870 necesse
747 845 807 876 est,
833 848 900 868 rem
924 839 963 868 ad
987 845 1088 869 tantas
1112 844 1271 877 angustlas

203 898 218 913 »
242 885 414 924 deducere,
448 891 484 915 ut
512 891 621 914 contra
653 883 934 923 grammaticorum
962 883 1085 922 regulas
1114 882 1270 912 affirman-

202 943 217 957 »
241 930 317 959 dum
348 929 388 959 sit
419 929 575 959 vocabula
606 928 665 958 ista
702 938 768 958 esse
801 927 1000 958 substantiva
1031 927 1139 967 potius
1172 936 1271 966 quam

201 987 215 1002 ›>
238 974 415 1011 adiectiva,
450 983 532 1014 quae
565 972 836 1003 substantivorum
874 971 1110 1002 conditionibus
1146 977 1270 1020 carent,

200 1030 214 1045 ι»
238 1018 467 1048 adiectivorum
490 1018 607 1048 habent
633 1014 767 1047 omnes?
786 1016 964 1057 Equidem,
989 1016 1078 1056 quod
1101 1015 1179 1046 tanti
1211 1015 1269 1044 viri

200 1075 215 1090 »
239 1060 364 1102 (sancti
392 1060 552 1103 Yhomae)
577 1072 611 1091 ac
642 1061 868 1100 theologorum
898 1067 1094 1091 caeterorum
1118 1069 1195 1100 pace
1226 1059 1271 1109 di3

199 1119 214 1133 ι
238 1114 325 1137 ctum
349 1106 407 1145 sit,
428 1106 516 1136 aliter
547 1106 708 1136 existimo:
730 1115 795 1135 non
820 1115 886 1135 esse
914 1105 947 1135 in
982 1105 1042 1135 illis
1066 1103 1271 1135 Athanasiam

199 1163 214 1177 ι·
237 1151 382 1192 Symboli
413 1161 448 1181 ac
489 1150 644 1180 similibus
682 1157 826 1180 veterum
868 1149 1028 1180 sententiis
1066 1148 1271 1179 differentiam

200 1196 326 1225 »illam
358 1195 623 1235 interponendam
655 1195 846 1225 substantivi
886 1194 936 1224 vel
974 1194 1122 1224 adiectivi
1168 1193 1271 1223 nomi-

199 1253 214 1268 »
237 1241 295 1271 nis.
325 1252 340 1266 »
373 1239 531 1277 Quocirca
560 1239 603 1269 ita
638 1238 812 1279 loquutum
850 1245 1014 1268 auctorem
1054 1238 1127 1268 ideo
1167 1244 1272 1268 censet

197 1284 364 1322 Petavius,
397 1290 434 1314 ut
467 1283 618 1314 Arianam
650 1283 804 1319 haeresim
838 1283 933 1322 longe
967 1283 1092 1323 lateque
1130 1292 1271 1322 grassan-

199 1336 264 1360 tem
293 1328 406 1358 fortius
435 1328 631 1368 profligaret:
656 1337 738 1368 quae
768 1327 957 1357 Trinitatem
986 1336 1022 1357 ex
1051 1327 1151 1357 tribus
1184 1336 1270 1357 com-

200 1374 340 1414 ponebat
354 1372 500 1403 Personis
516 1372 734 1412 inaequalibus
751 1378 782 1402 et
796 1371 968 1401 substantia
983 1371 1122 1408 diversis,
1134 1381 1271 1411 quarum

200 1417 342 1457 singulae
365 1417 497 1456 singulis
522 1417 707 1447 constabant
730 1422 766 1446 ut
789 1415 928 1452 naturis,
951 1415 994 1445 ita
1027 1415 1270 1455 proprietatibus

200 1469 329 1492 naturae
353 1468 383 1492 et
406 1461 571 1491 attributis
590 1461 665 1498 Quo
689 1467 795 1490 tamen
819 1460 851 1489 in
875 1460 948 1490 loco
969 1459 1123 1490 intactum
1141 1459 1235 1489 video
1253 1470 1271 1489 a

197 1507 266 1537 viro
291 1505 475 1536 doctissimo
499 1505 633 1545 relinqui
658 1504 824 1534 discrimen
840 1504 930 1542 illud,
947 1504 1036 1544 quod
1055 1504 1198 1544 Aquinas
1222 1513 1269 1534 re-

199 1551 278 1591 petit
305 1551 338 1580 in
370 1549 554 1580 nominibus
586 1549 744 1579 adiectivis
777 1555 807 1578 et
840 1548 1042 1579 substantivis
1075 1558 1111 1578 ex
1144 1548 1269 1579 diverso

199 1594 395 1635 significandi
419 1594 529 1624 modo.
557 1593 640 1623 Hinc
673 1592 747 1622 oriri
780 1603 874 1632 posse
906 1592 1066 1633 negaverit
1095 1603 1192 1623 nemo
1222 1593 1269 1623 lo-

200 1639 318 1680 quendi
351 1638 487 1668 rationes
518 1637 638 1675 varias,
662 1647 744 1677 quae
776 1637 809 1666 in
842 1637 1032 1677 exponendo
1056 1637 1270 1668 sanctissimae

199 1683 361 1714 Trinitatis
385 1682 555 1723 mysterio,
580 1688 615 1712 ut
634 1691 720 1711 error
743 1681 849 1711 omnis
873 1681 1022 1720 evitetur,
1047 1689 1102 1712 aut
1125 1682 1270 1722 usurpari

199 1728 332 1758 debeant
353 1733 408 1757 aut
435 1726 530 1756 reiici.
548 1725 705 1756 Advocati
729 1736 804 1756 vero
829 1736 969 1766 pronum
993 1726 1074 1757 foret
1088 1737 1155 1757 non
1170 1727 1270 1757 modo

198 1773 322 1808 Patres,
347 1771 402 1812 qui
426 1770 560 1801 Arianae
584 1770 748 1800 haereseos
781 1778 926 1811 tempore
959 1776 1024 1801 tres
1051 1770 1272 1802 inficiabantur

198 1817 231 1846 in
256 1815 378 1846 Divinis
406 1821 574 1852 aeternos,
600 1816 779 1852 increatos,
805 1817 994 1853 immensos,
1020 1817 1250 1856 omnipotentes
1259 1824 1272 1854 ;

197 1870 309 1891 verum
333 1860 427 1890 etiam
451 1859 507 1900 qui
532 1859 677 1900 sequiore
701 1865 800 1890 aetate
824 1859 1010 1897 floruerunt,
1031 1867 1067 1891 ut
1096 1861 1271 1892 Alcuinum

199 1905 360 1945 aliosque,
385 1904 440 1945 qui
464 1904 549 1934 iuxta
574 1904 770 1944 praedictum
801 1904 972 1935 nominum
1001 1904 1168 1936 discrimen
1193 1912 1271 1936 tem-

198 1959 322 1990 perasse
345 1949 492 1979 videntur
514 1948 668 1989 loquendi
683 1948 808 1979 modos.
827 1949 1025 1989 Scriptorum
1046 1959 1177 1991 quoque
1201 1960 1272 1981 sen-

198 1993 313 2024 tentiae
337 1999 518 2030 occurrunt,
535 2003 614 2033 quas
638 2002 703 2023 non
727 1993 770 2023 ita
793 1993 883 2023 facile
907 2003 1057 2034 exponaS,
1074 1995 1134 2025 nisi
1158 1995 1272 2026 eodem

199 2038 341 2068 adhibito
366 2037 561 2067 discrimine:
579 2044 768 2077 praestoque
793 2038 976 2078 exemplum
1000 2045 1046 2069 est
1069 2039 1101 2069 in
1117 2050 1140 2069 s.
1159 2039 1272 2070 Hilarii

199 2082 283 2112 dicto
302 2082 354 2112 lib.
368 2082 453 2112 11De
469 2081 570 2119 Trin.,
583 2091 672 2111 num.
686 2089 738 2121 29:
757 2081 966 2123 Confitendus
981 2088 1028 2113 est
1042 2083 1183 2124 Spiritus
1195 2094 1271 2115 san-

198 2131 269 2157 ctus
300 2127 399 2156 Patre
431 2131 462 2156 et
491 2126 575 2156 Filio
607 2126 816 2164 auctoribus,·
848 2127 978 2157 nomine
1020 2127 1082 2158 isto
1122 2128 1272 2161 adiective

199 2177 364 2210 usurpato,
389 2180 455 2200 non
479 2170 681 2200 substantive.
703 2171 827 2211 Itaque,
851 2171 968 2202 Petavii
989 2182 1076 2212 pace,
1097 2172 1183 2203 haud
1206 2185 1271 2205 am-

199 2215 274 2254 bigo
299 2214 366 2245 fore
399 2221 435 2245 ut
465 2214 497 2244 in
530 2214 715 2245 nominibus
748 2215 908 2246 adiectivis
932 2222 962 2246 et
985 2217 1207 2256 substantivis,
1233 2220 1271 2249 ad

199 2259 429 2289 sanctissimam
453 2259 642 2289 Trinitatem
668 2259 841 2298 translatis,
866 2260 1017 2291 traditum
1050 2262 1088 2292 ab
1112 2263 1272 2303 Aquinate

199 2303 365 2334 discrimen
389 2303 529 2343 theologi
549 2303 669 2344 quique
689 2314 841 2344 usurpare
860 2312 992 2345 pergant
1015 2312 1046 2336 et
1068 2313 1225 2339 tueantur.

595 2410 793 2448 CAPUT
823 2412 873 2448 ΙΙ.

199 2505 310 2535 Thesis,
330 2513 396 2538 quae
421 2505 536 2530 Verbum
566 2506 680 2531 divinum
700 2508 819 2532 enunciat
845 2509 1024 2541 adsumpsisse
1051 2510 1198 2543 hominem,
1218 2519 1272 2544 quo

271 2548 349 2565 sensu
369 2540 492 2566 catholice
512 2541 590 2566 dicta:
610 2550 697 2574 quove
716 2550 802 2571 sensu.
818 2551 865 2576 pro
884 2545 953 2569 varia
973 2545 1119 2578 hypostasis
1138 2552 1162 2572 et
1181 2555 1270 2580 perso-

270 2584 318 2600 nae
337 2576 492 2609 acceptione,
507 2582 550 2601 aut
568 2577 692 2602 haeretica
709 2583 751 2602 aut
767 2586 874 2603 erronea
894 2579 1019 2606 habenda.
1034 2582 1232 2607 Animadversio
1246 2583 1271 2607 in

271 2611 367 2636 Petavii
386 2612 548 2637 sententiam.
563 2613 629 2637 Nota
649 2613 765 2638 censoria
784 2614 816 2639 ab
835 2615 963 2647 Aquinate
982 2616 1074 2642 inusta.

199 2720 222 2750 1.
326 2722 368 2754 lia
391 2729 569 2764 sequuntur
592 2723 734 2754 eiusdem
758 2735 781 2755 s.
800 2725 946 2756 Thomae
970 2726 1051 2764 loca,
1068 2737 1150 2768 quae
1173 2726 1271 2758 veluti

327 2767 520 2808 pugnantia,
545 2777 580 2798 ac
604 2767 629 2798 si
652 2768 684 2798 in
714 2778 827 2800 eorum
855 2770 953 2800 altero
987 2771 1080 2802 cubet
1108 2781 1213 2810 error,
1237 2772 1270 2802 in

201 2811 345 2842 medium
378 2811 583 2852 proferuntur
610 2812 648 2842 ab
682 2813 874 2844 adversariis.
905 2815 940 2844 In
973 2815 1064 2846 tertio
1098 2815 1270 2846 Sententia-

199 2867 272 2887 rum
295 2855 395 2894 libro,
419 2855 553 2887 distinct.
580 2866 613 2886 v1
636 2857 814 2897 opinionem
848 2858 1022 2898 quamdam
1046 2859 1138 2890 refert
1162 2860 1270 2891 Petrus

200 2900 412 2939 Lombardus,
437 2910 519 2941 quae
542 2900 736 2939 admittebat,
752 2908 822 2933 tum
838 2903 956 2933 Filium
975 2904 1039 2934 Dei
1061 2904 1271 2944 assumpsisse

198 2946 378 2982 hominem,
403 2952 473 2975 tum
496 2944 529 2975 in
554 2944 682 2976 Christo
706 2946 788 2977 duas
817 2956 884 2978 esse
906 2948 1095 2988 hypostases
1125 2954 1183 2979 aut
1206 2949 1270 2980 duo

197 2990 376 3030 supposita,
402 2999 468 3019 non
492 2999 566 3020 vero
585 2999 745 3030 personas
768 2990 860 3022 duas.
886 2993 983 3032 Apud
1006 3000 1124 3023 veteres
1152 2993 1268 3031 Patres,

198 3034 262 3063 sive
293 3033 348 3074 qui
372 3040 443 3064 ante
476 3033 541 3064 sive
569 3033 624 3074 qui
658 3042 731 3074 post
764 3034 918 3066 haeresim
946 3036 1166 3068 Nestorianam
1197 3038 1269 3068 scri-

197 3087 298 3117 psere,
322 3078 407 3108 haud
432 3088 501 3108 raro
522 3077 642 3108 dictum
665 3078 811 3118 legimus,
831 3080 1039 3121 adsumptum
1062 3081 1228 3112 hominem
1251 3093 1269 3113 a

196 3121 279 3152 Filio
295 3121 364 3152 Dei.
381 3122 492 3152 Homo
517 3121 542 3151 si
566 3121 736 3162 accipiatur
755 3134 813 3164 pro
833 3124 1028 3156 humanitate
1053 3126 1084 3156 in
1109 3132 1267 3164 concreto,

198 3172 232 3196 ut
256 3165 416 3206 inquiunt,
434 3166 498 3196 sive
523 3175 581 3206 pro
605 3166 764 3198 humanae
784 3175 912 3199 naturae
936 3169 1113 3209 individuo,
1135 3181 1269 3211 corpore

196 3209 326 3250 quidem
356 3217 386 3240 et
409 3210 514 3240 anima
538 3209 682 3241 rationali
707 3220 889 3251 constante,
914 3214 1041 3254 propria
1072 3221 1178 3246 tamen
1202 3225 1267 3245 non

197 3254 308 3284 affecto
333 3255 574 3294 personalitate,
604 3256 784 3287 obtruditur
806 3257 884 3288 nihil
917 3259 1006 3299 quod
1029 3259 1067 3289 ab
1092 3259 1269 3290 orthodoxa

198 3297 259 3328 fide
286 3298 460 3329 abhorreat.

265 3342 362 3373 Addit
381 3343 473 3373 allata
497 3343 607 3383 opinio
622 3344 819 3385 hypostasim
841 3347 1025 3387 quamdam,
1042 3358 1123 3388 quae
1147 3358 1213 3379 non
1230 3348 1269 3379 sit

199 3397 344 3426 persona.
366 3387 457 3418 Hanc
482 3387 572 3420 divus
597 3389 741 3420 Thomas
766 3392 944 3431 expendens
968 3392 1000 3422 in
1026 3391 1267 3424 Commentario

199 3440 253 3470 qu.
281 3440 303 3467 1,
329 3438 384 3462 art.
414 3439 448 3461 11:
474 3431 665 3471 Sciendum,
691 3434 747 3473 ait,
768 3436 853 3475 quod
869 3437 979 3476 prima
1004 3437 1110 3476 opinio
1135 3447 1197 3468 non
1222 3442 1269 3468 est

199 3474 369 3505 haeretica.
389 3476 602 3508 Reiiciendam
627 3478 737 3519 utique
765 3479 851 3510 illam
876 3480 977 3517 iubet,
1002 3487 1038 3511 ut
1061 3480 1141 3512 infra
1165 3481 1269 3512 dicen—

200 3518 294 3548 dum:
320 3519 527 3551 nihilominus
551 3522 691 3562 putabat,
712 3530 821 3554 notam
845 3524 1009 3555 haereseos
1033 3525 1118 3556 haud
1138 3525 1181 3556 illi
1197 3525 1268 3556 inu-

200 3562 330 3592 rendam
359 3571 444 3601 esse;
470 3574 635 3606 propterea
668 3567 762 3607 quod
784 3569 943 3608 ponebat,
969 3569 1054 3610 quod
1085 3575 1156 3600 erat
1168 3570 1267 3611 facta

200 3607 278 3635 unio
301 3607 474 3638 secundum
494 3610 553 3640 hoc
584 3610 669 3651 quod
685 3621 828 3650 persona
858 3613 950 3643 Verbi
973 3615 1088 3654 incepit
1114 3624 1182 3644 esse
1210 3615 1267 3645 illa

925 267 1385 307 DISSERTATIONES
1416 268 1664 305 CRITICAE

1325 347 1503 378 substantia
1529 346 1598 391 (seu
1623 348 1677 378 illa
1700 348 1899 389 hypostasis,
1925 359 1962 379 ex
1986 349 2092 380 anima
2116 350 2259 381 rationali
2289 358 2320 382 et
2342 352 2402 383 hu-

1326 402 1420 422 mana
1444 403 1535 423 carne
1566 392 1777 435 composita):
1809 394 1895 423 unde
1927 404 1993 424 non
2026 395 2211 425 admittebat
2241 396 2399 427 hominem

1326 438 1450 467 unitum
1475 437 1720 467 accidentaliter
1742 437 1824 467 Filio
1850 438 1918 475 Dei,
1939 444 1975 468 ut
1996 440 2137 469 tunicam
2162 440 2293 477 homini,
2311 442 2401 481 quod

1325 481 1463 511 adseruit
1486 481 1678 511 Dioscorus:
1696 491 1797 522 neque
1815 492 1878 522 per
1894 483 2022 513 modum
2038 486 2297 525 aggregationis,
2318 487 2402 516 sicut

1326 525 1463 565 lapidem
1488 526 1589 565 lapidi
1613 527 1644 556 in
1669 534 1805 556 acervo:
1831 537 1935 567 neque
1967 528 2076 568 aliquo
2109 529 2293 566 accidente,
2318 531 2402 560 sicut

1324 569 1417 599 homo
1442 571 1556 600 unitur
1573 570 1643 600 Deo
1662 580 1725 610 per
1747 581 1889 601 amorem
1915 572 1965 601 vel
1987 573 2149 612 gratiam,
2175 574 2264 614 quod
2287 575 2400 605 Nesto—

1325 613 1390 643 rius
1414 621 1616 644 commentus
1640 621 1696 644 est.
1720 615 1756 644 ld
1773 615 1806 645 in
1831 615 1989 656 Aquinate
2009 617 2316 657 reprehendendum,
2336 619 2401 649 iarn

1325 657 1404 687 olim
1427 658 1548 688 notavit
1571 659 1681 689 Petrus
1699 659 1737 689 de
1760 659 1884 689 Alliaco
1903 660 1976 690 loco
2002 662 2147 700 superius
2171 662 2277 693 citato.

1391 701 1463 731 Alia
1486 712 1577 732 mens
1597 712 1664 733 esse
1687 703 1812 733 videtur
1836 704 2051 745 Praeceptoris
2076 706 2218 746 Angelici
2243 707 2276 737 in
2292 707 2400 738 Tertia

1325 752 1423 785 parte,
1443 756 1497 786 qu.
1516 755 1552 783 11,
1569 753 1624 777 art.
1645 754 1694 777 vr:
1718 760 1733 774 α
1753 747 1927 784 Quidam...
1949 758 2183 788 concesserunt,
2208 752 2398 792 inquientis,

1328 801 1343 816 s
1367 799 1465 820 unam
1485 790 1606 820 Christi
1624 801 1798 830 personam
1811 800 1822 822 .·
1844 793 1899 822 sed
1916 801 2093 832 posuerunt
2111 795 2194 825 duas
2210 796 2400 836 hypostases

1328 846 1343 861 »
1366 834 1431 863 sive
1454 834 1518 864 duo
1541 836 1727 874 supposita;
1751 835 1900 873 dicentes,
1925 837 2091 868 hominem
2115 840 2288 879 quemdam
2312 851 2399 871 com-

1328 889 1342 904 »
1366 877 1509 918 positum
1533 888 1570 908 ex
1594 889 1727 919 corpore
1758 886 1788 910 et
1817 880 1922 910 anima
1950 891 1968 910 a
1991 882 2147 922 principio
2180 893 2255 914 suae
2288 894 2400 915 conce-

1328 934 1343 949 »
1367 922 1521 962 ceptionis
1545 933 1612 953 esse
1636 931 1836 963 assumptum
1861 935 1879 954 a
1897 924 1956 955 Dei
1980 926 2096 956 Verbo.
2114 927 2156 957 Et
2174 927 2250 958 haec
2266 935 2312 959 est
2330 930 2400 969 pri-

1329 979 1343 994 »
1366 977 1419 996 ma
1443 968 1571 1007 opinio,
1601 977 1700 1008 quam
1731 968 1880 1008 Magister
1912 969 2005 1009 ponit
2027 969 2060 1000 in
2085 977 2170 1001 sexta
2200 971 2400 1003 distinctione

1329 1024 1343 1038 ι
1366 1011 1447 1042 tertii
1471 1011 1542 1042 libri
1565 1011 1818 1043 Sententiarum.
1832 1036 1839 1043 .
1853 1035 1860 1043 .
1890 1013 1931 1043 Et
1958 1013 2068 1045 incidit
2092 1016 2124 1045 in
2153 1016 2311 1047 haeresim
2337 1017 2400 1047 Ne-

1328 1067 1342 1082 »
1365 1057 1515 1086 storii...
1533 1056 1608 1096 quia
1631 1056 1717 1086 idem
1741 1063 1787 1087 est
1810 1067 1930 1097 ponere
1953 1058 2036 1089 duas
2059 1059 2249 1099 hypostases
2267 1061 2318 1091 vel
2336 1061 2401 1092 duo

1329 1112 1343 1127 »
1365 1101 1528 1140 supposita
1562 1100 1595 1130 in
1629 1100 1777 1139 Christo,
1802 1102 1891 1142 quod
1915 1112 2034 1142 ponere
2057 1103 2141 1134 duas
2158 1114 2339 1144 personas,
2364 1112 2401 1136 ut

1329 1157 1344 1172 »
1367 1154 1463 1184 supra
1485 1145 1606 1175 dictum
1623 1151 1670 1176 est
1692 1143 1769 1187 (art.
1785 1144 1845 1188 ιιι).
1862 1146 1904 1177 Et
1926 1146 1952 1176 si
1976 1146 2031 1178 fiat
2052 1148 2099 1178 vis
2123 1148 2156 1178 in
2175 1149 2307 1180 nomine
2323 1150 2400 1180 Per-

1329 1201 1344 1216 »
1366 1198 1484 1226 sonae,
1511 1189 1779 1220 considerandum
1803 1198 1849 1221 est
1865 1191 1955 1231 quod
1978 1191 2073 1222 etiam
2096 1193 2262 1224 Nestorius
2289 1195 2399 1225 uteba-

1329 1245 1343 1260 »
1366 1240 1418 1263 tur
1440 1233 1560 1264 unitate
1584 1244 1737 1273 personae
1761 1242 1891 1275 propter
1918 1235 2073 1266 unitatem
2105 1237 2264 1276 dignitatis
2288 1245 2319 1269 et
2341 1239 2399 1269 ho-

1328 1289 1343 1304 ›
1366 1277 1469 1307 noris:
1504 1278 1589 1308 unde
1622 1279 1716 1308 etiam
1749 1279 1868 1316 Quinta
1899 1279 2049 1321 Synodus
2086 1281 2196 1312 definit
2232 1283 2400 1313 anathema

1329 1333 1342 1348 »
1366 1331 1461 1359 eum,
1486 1322 1541 1363 qui
1568 1322 1643 1353 dicit
1672 1333 1769 1353 unam
1797 1334 1972 1364 personam
2003 1325 2179 1356 secundum
2207 1326 2399 1368 dignitatem

1328 1377 1343 1392 »
1367 1371 1397 1396 et
1419 1367 1571 1397 honorem
1596 1373 1626 1397 et
1648 1367 1882 1405 adorationem,
1908 1369 1989 1399 sicut
2011 1369 2204 1401 Theodorus
2227 1378 2259 1402 et
2284 1372 2397 1402 Nesto-

1327 1421 1342 1436 »
1365 1409 1430 1440 rius
1462 1410 1652 1442 insanientes
1686 1412 2019 1453 conscripserunt....
2046 1414 2261 1453 Unde‚etiam
2288 1417 2399 1456 prima

1327 1465 1342 1480 »
1364 1455 1492 1494 opinio,
1517 1465 1599 1495 quae
1627 1456 1719 1495 ponit
1750 1457 1833 1488 duas
1864 1458 2073 1498 hypostases,
2098 1469 2165 1489 non
2198 1466 2245 1491 est
2267 1460 2400 1491 dicenda

1328 1510 1342 1525 ²
1366 1498 1488 1538 opinio,
1504 1499 1559 1529 sed
1581 1499 1725 1531 haeresis
1747 1500 1780 1532 in
1804 1501 1957 1532 Conciliis
1981 1503 2020 1532 ab
2045 1502 2186 1534 Ecclesia
2212 1505 2396 1535 damnata.»

1324 1542 1436 1572 Paucis
1450 1542 1552 1573 verbis
1569 1553 1636 1573 rem
1652 1545 1798 1575 eamdem
1813 1546 2035 1586 complectitur
2050 1557 2105 1588 qu.
2119 1558 2161 1586 tv,
2171 1556 2227 1579 art.
2243 1556 2288 1579 m:
2307 1549 2401 1580 Unde

1325 1591 1355 1617 et
1363 1587 1474 1626 prima
1484 1588 1602 1627 opinio,
1614 1587 1772 1628 inquiens,
1787 1599 1870 1629 quae
1879 1591 2017 1630 ponitur
2035 1592 2067 1621 in
2086 1598 2179 1623 sexta
2197 1593 2401 1624 distinctione

1325 1632 1411 1661 tertii
1439 1631 1514 1661 libri
1542 1631 1798 1670 Sententiarum,
1829 1635 1972 1665 concedit
1994 1635 2152 1666 hominem
2179 1646 2247 1668 esse
2275 1647 2399 1668 assum-

1318 1681 1434 1716 ptum:
1451 1675 1508 1706 sed
1531 1676 1588 1706 illa
1611 1678 1719 1716 opinio
1742 1687 1880 1709 erronea
1904 1684 1962 1716 est,
1988 1684 2023 1709 ut
2044 1689 2146 1720 supra
2169 1681 2288 1712 dictum
2312 1686 2369 1712 est.

1392 1719 1553 1750 Reiectam
1580 1720 1668 1751 vides
1701 1722 1739 1751 ab
1768 1722 1928 1763 Aquinate
1962 1723 2150 1763 opinionem
2177 1725 2286 1764 illam,
2315 1735 2399 1767 quae

1325 1773 1423 1794 unam
1446 1764 1479 1794 in
1503 1764 1631 1795 Christo
1655 1775 1825 1805 personam
1849 1767 2014 1805 fatebatur,
2034 1769 2089 1799 sed
2112 1769 2299 1810 hypostases
2318 1770 2398 1801 duas

1326 1808 1456 1848 duoque
1480 1809 1646 1849 supposita
1671 1810 1899 1851 distinguebat:
1925 1812 2135 1854 eamdemque
2157 1823 2288 1845 censura
2309 1821 2400 1845 nota·

1326 1859 1403 1890 tam,
1414 1859 1579 1894 tamquam
1593 1863 1763 1885 erroneam
1779 1861 1810 1886 et
1824 1856 2013 1887 incidentem
2029 1858 2061 1888 in
2076 1858 2234 1889 haeresim
2246 1859 2401 1890 Nestorii:

1325 1906 1430 1937 neque
1453 1897 1586 1928 demum
1608 1899 1788 1939 opinionem
1814 1900 1980 1931 dicendam
2004 1910 2082 1939 esse,
2104 1903 2159 1932 sed
2181 1903 2341 1934 haeresim
2365 1904 2399 1934 in

1329 1941 1482 1972 Conciliis
1504 1942 1702 1974 damnatam.
1730 1944 1836 1975 Locus
1859 1944 1955 1985 igitur
1977 1945 2074 1985 alter,
2097 1946 2131 1977 in
2163 1957 2230 1988 quo
2255 1947 2399 1979 animad—

1326 1985 1417 2016 vertit
1433 1986 1589 2024 Thomas,
1604 1987 1686 2018 hanc
1705 1989 1884 2028 opinionem
1909 1999 1973 2020 non
1997 2000 2065 2022 esse
2087 1991 2282 2023 haereticam
2293 2015 2304 2030 ,
2320 1991 2399 2023 vitio

1325 2030 1447 2060 laboret
1470 2037 1613 2071 oportet:
1639 2033 1728 2072 quod
1752 2043 1818 2064 non
1843 2033 1989 2065 exciderit
2021 2045 2058 2066 ex
2090 2035 2213 2066 calamo
2237 2037 2396 2075 Thomae,

1326 2081 1454 2105 auctore
1478 2075 1581 2114 Poza,
1615 2077 1670 2106 sed
1698 2077 1787 2117 quod
1816 2077 1990 2110 invexerint
2021 2079 2158 2120 imperiti
2191 2090 2400 2114 amanuenses

1326 2125 1380 2149 aut
1403 2119 1572 2150 oscitantes
1596 2121 1798 2161 typographi.

1394 2163 1431 2194 ll.
1452 2164 1561 2201 Quam
1576 2165 1660 2195 vania
1677 2172 1751 2196 sunt
1765 2165 1936 2197 hominum
1951 2167 2092 2207 ingenia!
2108 2168 2234 2200 Locum
2249 2179 2286 2200 ex
2300 2169 2399 2202 Com

1326 2207 1482 2238 mentario
1507 2209 1714 2249 desumptum
1734 2210 1832 2250 carpit
1845 2211 1945 2242 Poza:
1964 2212 2075 2243 locum
2089 2212 2224 2244 alterum
2238 2224 2275 2245 ex
2289 2214 2398 2246 Tertia

1326 2259 1413 2292 parte
1448 2259 1537 2283 notat
1567 2253 1724 2285 Petavius.
1754 2255 1857 2286 Verba
1885 2256 1953 2287 eius
1983 2263 2058 2288 sunt
2084 2257 2165 2288 libro
2195 2258 2239 2289 lv
2267 2259 2316 2290 De
2349 2259 2399 2290 ln-

1326 2303 1455 2334 caman,
1481 2297 1582 2337 capite
1607 2308 1672 2336 xu,
1697 2309 1788 2330 num.
1811 2300 1844 2330 3:
1874 2314 1888 2328 α
1906 2301 2025 2332 Mirum
2049 2308 2096 2332 est
2121 2311 2148 2333 s.
2177 2303 2329 2334 nomam
2353 2303 2400 2335 aie

1328 2353 1342 2368 »
1366 2341 1503 2380 priorem
1533 2343 1713 2382 opinionem
1742 2343 1950 2384 interpretari,
1975 2346 2022 2376 uti
2052 2346 2133 2377 duas
2151 2346 2342 2388 hypostases
2360 2347 2400 2379 ab

1328 2397 1343 2412 ›
1370 2385 1422 2415 illa
1454 2385 1588 2416 totidem
1618 2387 1737 2418 naturis
1768 2388 1879 2419 ascribi
1908 2389 2002 2428 velit,
2032 2399 2099 2421 non
2127 2391 2206 2422 duas
2236 2401 2398 2432 personas.

1328 2441 1351 2456 r
1365 2429 1464 2470 Atqui
1488 2430 1675 2461 Nestoriana
1691 2431 1767 2463 haec
1782 2440 1848 2463 erat
1871 2433 2077 2475 blasphemia,
2096 2435 2233 2466 duarum
2248 2436 2398 2477 hyposta-

1328 2486 1343 2501 »
1366 2483 1443 2504 seon
1474 2475 1734 2506 coniunctionem
1757 2477 1790 2507 in
1814 2477 1942 2509 Christo
1968 2486 2107 2519 ponere:
2124 2490 2223 2521 quam
2246 2480 2272 2511 si
2296 2481 2399 2521 prima

1328 2531 1342 2545 ι
1365 2518 1477 2558 opinio
1501 2518 1554 2549 illa
1579 2519 1776 2558 defenderet,
1801 2531 1867 2552 non
1890 2532 1962 2554 eam
1986 2524 2134 2564 probaret
2157 2525 2208 2555 vel
2223 2525 2263 2555 de
2282 2534 2319 2556 ea
2338 2524 2399 2556 sal-

1327 2574 1342 2588 »
1365 2569 1431 2593 tem
1464 2563 1620 2594 dubitaret
1643 2565 1808 2604 Magister;
1834 2567 1889 2597 sed
1918 2567 1986 2598 sine
2013 2568 2221 2600 haesitatione
2257 2579 2293 2600 ac
2322 2579 2399 2600 con·

1328 2618 1342 2632 »
1365 2606 1457 2637 tinuo
1488 2607 1660 2639 damnaret.
1683 2610 1756 2639 Non
1790 2610 1885 2650 igitur
1915 2611 2161 2643 existimandum
2189 2620 2246 2652 est,
2277 2613 2400 2654 primae

1328 2662 1342 2677 »
1365 2650 1455 2680 istius
1478 2659 1622 2682 auctores
1653 2654 1844 2692 sententiae,
1867 2655 2035 2686 hominem
2063 2656 2156 2687 illum
2179 2667 2215 2687 ex
2238 2657 2344 2687 anima
2367 2663 2399 2688 et

1328 2706 1342 2721 »
1366 2704 1458 2724 carne
1481 2695 1569 2735 prius
1593 2696 1713 2727 ratione
1737 2697 1929 2734 conflatum.
1953 2709 2052 2740 quam
2075 2710 2150 2731 cum
2174 2701 2280 2732 Verbo
2310 2707 2342 2732 et
2363 2701 2397 2732 in

1328 2750 1342 2764 ²
1366 2738 1471 2768 Verbo
1496 2739 1729 2778 subsistentem,
1747 2751 1813 2772 esse
1836 2742 2034 2783 hypostasim
2050 2744 2215 2775 arbitratos
2238 2752 2325 2776 esse:
2341 2745 2398 2776 sed

1327 2793 1342 2808 ›
1364 2781 1563 2814 individuam
1586 2784 1727 2825 aliquam
1750 2792 1916 2824 naturam,
1940 2797 2023 2828 quae
2046 2795 2118 2819 ante
2150 2789 2282 2829 spectari
2305 2789 2339 2820 in
2363 2799 2398 2820 se

1328 2838 1342 2852 ιο
1365 2826 1477 2857 debeat
1500 2827 1564 2857 suis
1588 2838 1625 2858 ex
1648 2829 1789 2868 partibus
1819 2838 2039 2870 coagmentata
2066 2839 2097 2864 et
2120 2833 2274 2872 existens,
2297 2843 2398 2875 quam

1328 2882 1342 2897 ι
1365 2870 1454 2901 unita
1477 2871 1592 2902 Verbo:
1616 2884 1629 2898 »
1657 2873 1699 2904 Et
1722 2883 1810 2905 num.
1827 2882 1868 2914 4:
1894 2876 2008 2907 Merito
2031 2876 2170 2908 reiicitur
2198 2877 2310 2918 opinio
2333 2877 2397 2919 pri-

1325 2924 1388 2952 ma,
1409 2928 1423 2943 ‹
1445 2914 1470 2945 si
1495 2915 1575 2946 duae
1599 2916 1632 2947 in
1656 2917 1784 2949 Christo
1809 2926 1975 2959 ponuntur
1997 2920 2195 2961 hypostases,
2211 2922 2255 2953 ita
2272 2929 2308 2953 ut
2321 2932 2398 2961 vox,

1327 2971 1341 2986 w
1364 2959 1566 2999 hypostasis,
1592 2962 1758 2992 communi
1782 2970 1813 2993 et
1835 2973 2022 3003 graecorum
2047 2975 2107 2996 usu
2132 2966 2262 2997 Patrum
2285 2967 2397 2998 den-ita

1326 3015 1341 3030 ν
1364 3003 1592 3042 significatione
1615 3013 1767 3037 sumatur.
1786 3006 1956 3039 Caeterum
1979 3009 2006 3040 si
2029 3019 2096 3040 non
2119 3010 2300 3052 hypostasis
2320 3021 2397 3052 pro-

1325 3059 1340 3074 »
1363 3047 1430 3087 prie
1453 3048 1534 3079 dicta
1558 3049 1659 3080 homo
1683 3050 1734 3081 ille
1758 3061 1833 3082 cum
1858 3053 1962 3084 Verbo
1986 3053 2114 3085 iunctus
2130 3055 2325 3095 intelligitur,
2341 3055 2397 3087 sed

1325 3103 1339 3118 »
1363 3092 1535 3123 substantia
1552 3093 1658 3134 aliqua
1671 3094 1833 3126 individua
1858 3103 1890 3128 et
1907 3104 2054 3129 naturam
2070 3099 2242 3139 perfectam
2265 3099 2395 3140 habens,

1325 3148 1339 3163 ι·
1363 3146 1428 3166 non
1454 3143 1501 3167 est
1523 3138 1725 3177 poenitenda.
1744 3151 1758 3166 »
2407 3145 2410 3150 ’

1388 3180 1450 3211 Hic
1474 3181 1636 3221 opinionis
1660 3183 1744 3213 illius
1768 3183 1888 3224 primae
1912 3185 1936 3216 si
1962 3185 2055 3218 fuerit
2078 3197 2200 3225 sensus,
2224 3198 2282 3219 cur
2304 3188 2344 3219 de
2358 3198 2396 3220 ea

1322 3224 1432 3255 saltem
1458 3225 1612 3257 dubitavit
1634 3226 1804 3267 Magister?
1828 3229 1962 3261 Constat
1985 3231 2105 3272 quippe
2136 3231 2197 3263 fide
2221 3233 2395 3270 catholica.

1321 3268 1518 3300 individuam
1538 3277 1684 3301 naturam
1700 3272 1874 3303 humanam
1892 3275 2095 3315 adsumptam
2111 3287 2129 3307 a
2146 3287 2282 3316 persona
2300 3276 2394 3308 Verbi

1322 3312 1426 3343 divina
1451 3313 1557 3344 fuisse.
1573 3317 1663 3346 Aevo
1687 3315 1743 3347 illo
1767 3317 1902 3348 extitisse
1922 3319 2101 3359 theologos,
2121 3320 2177 3362 qui
2195 3321 2394 3362 hypostasim

1321 3356 1371 3386 vel
1394 3358 1610 3398 suppositum,
1626 3360 1722 3391 veluti
1739 3361 1816 3401 quid
1835 3363 1977 3393 medium
1993 3363 2202 3403 intelligerent
2223 3365 2305 3395 inter
2322 3374 2394 3405 per-

1321 3411 1434 3431 sonam
1459 3409 1489 3432 et
1512 3409 1657 3434 naturam
1681 3404 1889 3444 individuam,
1914 3408 2044 3446 agnovit
2066 3409 2161 3439 etiam
2184 3419 2209 3440 s.
2226 3409 2392 3439 Bonaven·

1321 3452 1390 3475 tura
1414 3446 1501 3484 ibid„
1525 3457 1579 3488 qu.
1595 3457 1607 3478 1
1633 3448 1665 3478 in
1691 3450 1803 3485 concl..
1820 3450 1874 3480 ubi
1898 3452 2046 3483 adnotat:
2072 3453 2193 3483 Primae
2216 3452 2300 3483 illius
2322 3452 2393 3492 opi-

1322 3489 1426 3520 nionis
1443 3498 1586 3522 auctores
1600 3493 1664 3523 duo
1681 3494 1853 3525 adseruisse
1867 3497 2030 3536 supposita
2047 3497 2079 3527 in
2095 3496 2234 3533 Christo,
2249 3496 2394 3537 duasque

1321 3543 1374 3564 res
1390 3540 1529 3566 naturae
1544 3546 1579 3566 ac
1595 3537 1674 3567 duas
1694 3538 1898 3578 hypostases:
1919 3540 2018 3571 veluti
2032 3550 2115 3581 quae
2130 3545 2238 3571 tenent
2251 3541 2391 3572 medium

1322 3579 1407 3608 inter
1428 3579 1617 3610 dualitatem
1642 3587 1782 3612 naturae
1799 3588 1829 3613 et
1844 3583 2032 3614 dualitatem
2046 3594 2216 3625 personae.
2234 3585 2319 3615 Hinc
2335 3585 2392 3616 tria

1321 3621 1354 3652 in
1370 3622 1501 3653 homine
1518 3623 1733 3656 discernebant
1747 3626 1804 3665 illi,
1821 3627 1938 3659 scilicet
1953 3635 2098 3659 naturam
2113 3628 2289 3659 humanam
2311 3629 2392 3660 indi-
