2788 4204
88 3380 299 3405 ·Cf.1ib.1.1ect.1x‚

89 3414 112 3455 g.
123 3407 154 3455 gl,
170 3409 191 3428 et
205 3407 257 3427 lect.
268 3412 298 3428 xi.

89 3483 98 3492 ‘
107 3481 299 3507 ef.1ib.1,1ect.x,

90 3514 113 3530 n.
125 3514 158 3535 ¹5³-
170 3511 191 3529 et
202 3508 253 3529 lect.
265 3513 300 3534 xz,

90 3541 112 3556 n.
124 3540 143 3555 2.

314 231 361 267 92

1065 219 1183 254 PERI
1214 217 1562 254 HERMENEIAS
1601 218 1694 255 LIB.
1727 219 1757 254 II

1064 371 1364 428 LEcho
1419 373 1759 445 QUARTA

1218 487 1315 522 (Cam).
1335 489 1466 515 emaum
1487 491 1544 516 lect.
1558 489 1600 526 11).

447 580 710 613 NONNULLAE
735 577 865 609 ClRCA
889 578 945 607 EA
970 577 1088 614 QUAE
1113 577 1247 607 DICTA
1271 578 1384 608 SUNT
1407 578 1730 611 DUBITATIONES
1754 581 2000 614 MOVENTUR
2023 584 2080 615 AC
2105 585 2370 619 SOLVUNTUR

309 692 406 723 Ἐπεὶ
430 686 467 720 δὲ.
491 689 633 720 ἐναντία
668 685 836 730 ἀπόφασίς
868 686 941 717 ἐστι
967 686 1031 726 τῇ,
1066 684 1157 716 ἅπαν
1191 686 1263 716 ἐστὶ
1298 685 1381 727 ζῷον

382 731 524 773 δίκαιον,
545 733 565 768 ἡ
591 732 804 774 σημαίνουσα
831 728 885 761 ὅτι
912 725 1008 761 οὐδέν
1027 730 1101 761 ἐστι
1126 730 1208 772 ζῷον
1234 725 1380 770 δίκαιον,

383 776 571 820 αὗταιμέν
595 774 737 830 ’φανερὸν
765 773 819 807 ὅτι
846 770 1014 807 οὐδέποτε
1041 774 1179 806 ἔσονται
1203 774 1281 806 οὔτε
1302 775 1384 811 ἀλη-

382 822 445 859 θεῖς
474 820 545 865 ἅμα
570 832 649 852 ουτε
684 820 738 851 ἐπὶ
764 821 826 851 τοῦ
863 819 992 860 αὐτοῦ,
1028 821 1062 850 αἱ
1087 814 1124 851 δὲ
1153 819 1381 863 ἀντικείμεναι

381 866 529 903 ταύταις
560 865 697 896 ἔσονταί
724 875 824 904 ποτε,
853 865 942 904 οἷον,
971 863 1007 895 οὗ
1034 863 1100 895 πᾶν
1125 863 1209 905 ζῷον
1235 858 1379 904 δίκαιον,

379 914 436 943 καὶ
464 910 538 942 ἔστι
564 921 598 942 τι
623 909 706 951 ζῷον
733 903 875 941 δίκαιον.

307 954 545 988 Ἀκολουθοῦσι
570 950 607 985 δὲ
634 953 754 994 αὗται,
774 954 819 996 τῇ
838 954 896 997 μέν
919 954 986 990 πᾶς
1006 951 1175 997 ἄνθρωπος
1197 953 1233 984 οὑ
1251 947 1380 990 δίκαιός

381 1001 486 1040 ἐστιν,
514 1000 549 1040 ἡ,
577 993 684 1036 οὐδείς
711 999 801 1030 ἐστιν
830 997 1000 1041 ἅνθρωπος
1018 992 1161 1034 δίκαιος·
1189 998 1234 1040 τῇ
1253 992 1290 1028 ’δὲ
1309 996 1382 1028 ἔστι

381 1057 430 1082 τις
459 1044 629 1089 ἄνθρωπος
659 1039 808 1084 δίκαιος,
840 1043 860 1079 ἡ
889 1042 1124 1086 ἀντικειμένη,
1160 1041 1213 1075 ὅτι
1245 1042 1282 1073 οὐ
1315 1042 1382 1079 πᾶς

383 1088 553 1132 ἄνθρωπος
579 1089 671 1120 ἐστὶν
699 1087 735 1119 οὐ
760 1084 904 1125 δίκαιος·
933 1087 1064 1133 ἀνάγκη
1089 1087 1154 1132 γάρ
1180 1084 1264 1118 εἷναί
1288 1098 1378 1118 τινα.

313 1178 459 1221 Φανερόν
485 1173 522 1209 δὲ
545 1180 603 1209 καὶ
631 1175 685 1208 ὅτι
710 1177 765 1208 ἐπὶ
783 1177 842 1220 μέν
862 1178 929 1209 τῶν
947 1175 1021 1208 καθ’
1044 1175 1189 1208 ἕκαστον
1208 1176 1234 1206 εἰ
1262 1174 1381 1213 ἀληθές

381 1221 598 1267 ἐρωτηθέντα
625 1222 822 1264 ἀποφῆσαι,
856 1221 909 1253 ὅτι
933 1223 990 1253 καὶ
1015 1222 1218 1265 καταφῆσαι
1246 1219 1380 1258 ἀληθές·

382 1269 464 1307 οἷον,
494 1265 559 1310 ἀραί
574 1278 612 1311 γε
635 1266 816 1310 Σωκράτης
841 1265 959 1310 σοφόςς
983 1265 1032 1297 οὔ.
1063 1265 1241 1309 Σωκράτης
1262 1265 1325 1309 ἄρα
1344 1266 1382 1296 οὐ

381 1313 492 1355 σοφός.
524 1312 601 1343 Ἐπὶ
626 1306 664 1343 δὲ
695 1311 762 1342 τῶν
791 1309 939 1342 καθόλου
972 1311 1030 1342 οὐκ
1062 1310 1188 1347 ἀληθής
1215 1311 1234 1345 ἡ
1262 1311 1382 1352 ὁμοίως

380 1356 562 1400 λεγομένη·
591 1354 718 1393 ἀληθής
743 1350 780 1386 δὲ
806 1356 826 1392 ἡ
856 1354 1037 1397 ἀπόφασις,
1065 1355 1146 1395 οἷον,
1175 1353 1242 1398 οἶροί
1258 1366 1296 1400 γε
1315 1355 1382 1392 πᾶς

385 1401 555 1446 ἄνθρωπος
589 1399 710 1444 σοφός;
739 1400 790 1431 οὔ·
818 1400 883 1437 πᾶς
911 1400 975 1443 ἄρα
1002 1397 1171 1443 ἅνθρωπος
1198 1399 1236 1430 ού
1267 1397 1379 1439 σοφός·

383 1448 489 1479 τοῦτο
514 1446 579 1491 γάρ
604 1440 736 1499 ψεῦδος·
765 1443 855 1476 ἀλλά
879 1443 940 1484 τὸ,
969 1443 1005 1475 οὖ
1024 1445 1090 1481 πᾶς
1118 1443 1183 1485 ἄρα
1210 1442 1380 1485 ἄνθρωπος

380 1491 494 1535 σοφός,
516 1489 648 1528 ἀληθες·
677 1487 764 1526 αὕτη
789 1483 826 1520 δέ
852 1488 942 1520 ἐστιν
970 1489 990 1524 ἡ
1019 1487 1246 1532 ἀντικειμένη,
1274 1487 1380 1525 ἐκείνη

382 1531 419 1567 δὲ
444 1537 464 1572 ἡ
491 1536 643 1567 ἐναντία.

316 1583 352 1612 Αἱ
378 1575 414 1612 δὲ
438 1580 533 1612 κατα
558 1580 605 1611 τα
631 1578 775 1622 ἀόριστα
804 1577 1032 1620 ἀντικείμεναι
1059 1575 1215 1621 ὀνόματα
1239 1579 1297 1608 καὶ
1325 1575 1382 1621 ῥῆ-

382 1636 501 1669 ματα,
537 1624 604 1655 οἷον
631 1623 685 1655 ἐπὶ
712 1623 774 1654 τοῦ
801 1621 846 1665 μή
875 1620 1046 1666 ἄνθρωπος
1078 1622 1136 1653 καὶ
1161 1621 1207 1665 μή
1233 1616 1380 1662 δίκαιος,

382 1669 472 1701 ὥσπε
515 1667 700 1710 ἀποφάσεις
721 1666 797 1699 ἄνευ
817 1666 983 1710 ὀνόματος
1000 1669 1058 1698 καὶ
1081 1665 1230 1709 ’ἤματος
1246 1661 1381 1707 δόξειαν

383 1713 422 1746 ἂν
447 1724 546 1745 ειναι·
574 1713 633 1744 οὐκ
659 1713 721 1743 εἰσὶ
741 1706 790 1742 δέ.
813 1712 882 1742 Ἀεὶ
907 1711 972 1758 γάρ
999 1711 1064 1747 ἀλη
1089 1710 1173 1742 εύειν
1207 1710 1338 1757 ἀνάγκη
1360 1709 1381 1747 ἦ

382 1753 562 1802 ψεύδεσθαι
586 1757 650 1793 τήν
677 1755 860 1800 ἀπόφασιν·
890 1756 905 1787 ὀ
923 1750 951 1787 δ’
981 1756 1097 1796 εἰπών,
1119 1756 1177 1787 οὐκ
1197 1754 1381 1798 ἄνθρωπος,

383 1799 478 1834 οὐδὲν
505 1802 633 1845 μᾶλλον
667 1802 729 1833 τοῦ
761 1799 938 1841 εἰπόντος,
975 1799 1167 1843 ἄνθρωπος,
1206 1800 1296 1833 ἀλλά
1325 1803 1382 1832 καὶ

382 1848 490 1884 ’ἦττον
517 1844 682 1884 ἠλήθευκέ
700 1857 734 1877 τι
753 1844 774 1881 ἦ
793 1843 966 1888 ἔψευσται,
987 1844 1044 1877 ἑοὶν
1063 1844 1111 1889 μή
1136 1856 1171 1877 τι
1197 1843 1382 1889 προστεθῇ.

317 1895 475 1937 Σημαίνει
500 1887 538 1924 δὲ
563 1891 618 1931 τὸ,
645 1890 719 1922 ἔστι
745 1890 810 1927 πᾶς
839 1889 897 1921 οὐκ
924 1888 1095 1934 ἅνθρωπος
1119 1884 1263 1929 δίκαιος,
1291 1884 1383 1921 οὐδε-

383 1937 445 1982 μιᾷ
469 1936 599 1968 ἐκείνων
626 1934 772 1967 ταύτόν·
799 1928 878 1966 οὐδὲ
903 1935 924 1972 ’ἡ
953 1933 1167 1978 ἀντικειμένη
1194 1933 1323 1977 ταύτῃ,
1347 1935 1382 1974 ἡ,

384 1982 442 2014 οὐκ
468 1981 542 2013 ἔστι
567 1981 634 2017 πᾶς
660 1979 719 2011 οὐκ
747 1977 917 2024 ἅνθρωπος
941 1974 1085 2017 δίκαιος·

318 2027 359 2060 τὸ
383 2022 434 2066 δὲ,
461 2026 527 2063 πᾶς
553 2026 591 2057 οὐ
616 2021 744 2062 δίκαιος
763 2024 822 2056 οὐκ
842 2023 1026 2068 ἄνθρωπος,
1046 2025 1108 2066 τῷ,
1129 2018 1235 2060 οὐδεὶς
1253 2018 1382 2059 δίκαιος

385 2071 443 2103 οὑκ
471 2069 656 2114 ἄνθρωπος,
683 2069 814 2101 ταύτὸν
840 2071 1008 2113 σημαίνει,

317 2114 579 2159 Μετατιθέμενα
604 2109 642 2145 δὲ
667 2114 715 2146 ταὶ
750 2113 906 2158 ὀνόματα
930 2114 988 2144 καὶ
1015 2111 1061 2144 τοὶ
1084 2110 1227 2155 ῥήματα
1252 2110 1384 2143 ταύτόν

385 2161 552 2204 σημαίνει,
572 2159 653 2198 οἷον,
675 2158 747 2191 ἔστι
763 2158 879 2196 λευκὸς
900 2157 1084 2202 ἄνθρωπος,
1101 2156 1192 2188 ἔστιν
1213 2155 1384 2199 ἄνθρωπος

383 2203 512 2242 λευκός.

319 2251 355 2282 Εἰ
380 2249 444 2295 γάρ
470 2249 517 2292 μή
536 2246 643 2280 τοῦτο’
663 2247 756 2287 ἐστι,
777 2247 839 2279 τοῦ
861 2246 970 2279 αὐτοῦ
989 2246 1121 2282 πλείους
1145 2244 1283 2277 ἔσονται
1306 2244 1387 2277 ἀπο-

385 2294 513 2336 φάσεις·
543 2293 614 2324 ἀλλ’
645 2285 837 2332 ἐδέδεικτο,
864 2290 917 2323 ὅτι
942 2292 1003 2334 μία
1029 2290 1119 2333 μιᾶς·
1147 2289 1209 2321 τοῦ
1226 2289 1286 2333 μὲν
1306 2287 1385 2335 γάρ,

387 2339 459 2371 ἔστι
482 2336 598 2374 λευκὸς
623 2335 814 2380 ἄνθρωπος,
843 2335 913 2368 ἀπό
941 2346 1013 2372 ασις
1040 2334 1080 2367 τὸ
1103 2333 1162 2366 οὐκ
1180 2333 1254 2366 ἔστι
1268 2333 1386 2370 λευκὸς

389 2382 571 2426 ἄνθρωπος·
599 2381 661 2412 τοῦ
690 2376 727 2412 δὲ
754 2380 845 2412 ἔστιν
878 2380 917 2413 ἄν
941 2390 1049 2422 ρωπος
1078 2377 1212 2419 λευκός,
1240 2379 1268 2410 εἰ
1292 2378 1339 2422 μή
1366 2378 1386 2414 ⁷3

389 2426 481 2462 αὕτη
499 2426 572 2457 ἐστι
589 2426 648 2467 τῇ,
673 2424 745 2456 ἔστι
761 2425 878 2462 λευκὸς
897 2423 1079 2468 ἄνθρωπος,
1099 2422 1197 2455 ἔσται
1218 2421 1386 2466 ἀπόφασις

388 2471 466 2507 η”τοι
492 2470 532 2502 τὸ
559 2470 619 2501 οὐκ
646 2468 738 2501 ἔστιν
761 2469 820 2500 οὐκ
848 2469 1017 2512 ἄνθρωπος
1041 2467 1170 2507 λευκός,
1198 2466 1219 2503 ἦ
1245 2467 1299 2508 τό,
1327 2467 1387 2499 οὐκ

390 2516 480 2547 ἔστιν
509 2514 678 2556 ἄνθρωπος
694 2513 823 2551 λευκός.
842 2514 935 2544 Ἀλλ’
958 2514 977 2549 ἦ
998 2512 1098 2554 ἑτέρα
1112 2512 1174 2566 μέν
1192 2514 1284 2544 ἐστιν
1304 2511 1387 2544 ἀπό-

388 2571 484 2603 φασις
515 2560 595 2599 τοῦ,
623 2557 714 2590 ἔστιν
740 2558 799 2589 οὐκ
826 2556 996 2600 ἄνθρωπος
1020 2559 1150 2593 λευκος·
1177 2557 1198 2593 ἡ
1225 2556 1326 2600 ἑτέρα
1350 2551 1387 2587 δὲ

390 2605 465 2644 τοῦ,
489 2604 560 2636 ἔστι
577 2603 693 2640 λευκὸς
713 2602 897 2645 ἄνθρωπος·
924 2601 1011 2634 ὥστε
1039 2601 1175 2633 ἔσονται
1209 2596 1269 2632 δύο
1295 2601 1386 2644 μιᾶς.

381 2648 458 2680 Ὅτι
468 2648 526 2691 μὲν
537 2646 593 2679 οὖν
605 2645 872 2690 μετατιθεμένου
883 2647 946 2678 τοῦ
958 2645 1126 2689 ὀνόματος
1142 2647 1200 2676 καὶ
1213 2645 1274 2676 τοῦ
1284 2644 1390 2688 ῥήμα-

390 2705 446 2729 τος
463 2693 482 2728 ἡ
503 2692 594 2728 αὐτή
609 2693 744 2737 γίνεται
757 2690 951 2734 κατάφασις
970 2692 1029 2722 καὶ
1049 2689 1232 2732 ἀπόφασις,
1247 2683 1363 2725 δῆλον.

535 2814 549 2833 7.
578 2797 730 2833 ostquam
762 2787 1017 2821 determinatum
1049 2795 1098 2819 est
1131 2786 1171 2819 de
1207 2786 1391 2819 diversitate

324 3031 445 3065 diXerat
469 3031 559 3076 quod
583 3032 615 3064 in
635 3029 872 3064 universalibus
894 3041 963 3063 non
982 3029 1131 3062 similiter
1153 3029 1314 3072 contingit
1337 3039 1392 3061 an-

324 3080 451 3124 gulares
471 3092 542 3113 esse
566 3079 664 3113 simul
681 3090 783 3118 veras,
804 3079 881 3122 quia
898 3078 1109 3111 affirmativae
1134 3077 1304 3121 angulares
1323 3088 1392 3110 non

324 3137 464 3173 possunt
491 3140 561 3161 esse
586 3127 684 3160 simul
708 3139 818 3167 verae,
843 3127 1013 3170 negativae
1038 3135 1147 3159 autem
1172 3127 1234 3165 sic;
1266 3134 1393 3170 poterat

325 3178 487 3222 quispiam
504 3177 661 3216 dubitare,
682 3188 765 3220 quae
782 3185 830 3208 est
847 3187 943 3208 causa
965 3175 1063 3208 huius
1083 3174 1286 3208 diversitatis.
1312 3174 1392 3209 Ideo

325 3238 413 3259 nunc
437 3225 522 3259 illius
547 3225 623 3259 dicti
655 3236 786 3258 causam
811 3224 950 3258 intendit
974 3225 1137 3267 assignare
1165 3223 1274 3263 talem,
1305 3224 1392 3268 quia,

326 3275 458 3315 scilicet,
489 3274 659 3318 angulares
689 3273 900 3307 affirmativae
925 3281 1003 3306 sunt
1027 3273 1206 3306 contrariae
1235 3273 1318 3306 inter
1341 3281 1392 3311 se;

327 3324 502 3357 contrarias
528 3332 638 3356 autem
669 3324 701 3356 in
729 3321 818 3355 nulla
846 3322 980 3355 materia
1009 3322 1170 3365 contingit
1199 3333 1270 3354 esse
1294 3320 1393 3354 simul

327 3383 417 3405 veras
433 3372 459 3405 *.
480 3371 662 3415 Angulares
695 3380 805 3404 autem
837 3371 1006 3414 negativae
1042 3378 1119 3403 sunt
1150 3369 1392 3403 subcontrariae

328 3420 389 3453 illis
414 3422 604 3464 oppositae;
628 3419 866 3453 subcontrarias
891 3428 1000 3452 autem
1020 3419 1180 3462 contingit
1199 3429 1270 3451 esse
1294 3417 1392 3452 simul

328 3481 419 3501 veras
437 3469 462 3502 ⁴¹.
484 3470 525 3502 Et
548 3470 631 3502 circa
660 3468 739 3502 haec
763 3468 830 3502 duo
854 3467 944 3501 facit:
974 3469 1092 3512 primo,
1117 3468 1256 3502 declarat
1279 3466 1392 3514 condi-

329 3518 434 3550 tiones
459 3518 693 3550 contrariarum
722 3526 754 3550 et
777 3516 1091 3557 subcontrariarum;
1116 3516 1273 3557 secundo,
1302 3514 1393 3561 quod

330 3565 498 3609 angulares
522 3565 731 3599 affirmativae
755 3567 819 3598 sint
844 3566 1023 3598 contrariae
1052 3574 1084 3598 et
1108 3564 1198 3609 quod
1222 3564 1392 3608 angulares

1436 689 1453 708 *
1470 689 1634 726 Quoniam
1656 700 1731 721 vero
1756 693 1910 723 contraria
1937 700 1984 724 est
2006 695 2132 734 negatio
2161 696 2188 726 ei
2218 707 2299 737 quae
2323 705 2384 737 est,
2409 710 2505 730 omne

1504 734 1621 764 animal
1637 741 1683 765 est
1697 735 1834 774 iustum,
1853 737 1907 767 illa
1922 747 2004 778 quae
2019 738 2175 778 significat
2189 741 2359 781 quoniam,
2380 744 2507 774 nullum

1504 778 1622 808 animal
1636 785 1682 809 est
1697 779 1829 818 iustum;
1845 781 1904 812 hae
1919 782 2052 822 quidem
2067 783 2271 815 manifestum
2287 793 2334 817 est
2349 788 2507 827 quoniam

1504 832 1671 863 nunquam
1694 831 1797 862 erunt,
1821 835 1925 865 neque
1952 835 2043 856 verae
2072 827 2179 866 simul,
2204 838 2308 870 neque
2330 830 2364 861 in
2391 833 2507 863 eodem

1502 866 1591 906 ipso;
1607 867 1655 897 his
1671 877 1746 898 vero
1762 869 1928 908 oppositae
1945 877 2037 902 erunt
2059 871 2247 912 aliquando:
2267 881 2312 912 ut,
2329 884 2396 905 non
2410 886 2507 908 omne

1504 910 1622 941 animal
1637 912 1759 942 iustum
1783 919 1839 951 est,
1864 920 1905 952 et,
1922 914 2053 955 aliquod
2076 916 2194 947 animal
2216 917 2338 949 iustum
2361 926 2417 950 est.

1437 955 1621 996 Sequuntur
1650 966 1724 986 vero
1756 967 1827 987 earn
1850 968 1931 999 quae
1955 965 2018 997 est,
2043 960 2149 990 omnis
2172 961 2273 992 horno
2298 970 2344 993 est
2371 973 2438 994 non
2461 964 2508 995 iu-

1504 1007 1586 1038 stus,
1603 1000 1655 1030 illa
1678 1011 1760 1041 quae
1785 1008 1840 1040 est,
1862 1003 1970 1033 nullus
1994 1003 2094 1034 homo
2119 1011 2165 1035 est
2187 1005 2305 1046 iustus;
2326 1007 2415 1038 illam
2433 1018 2508 1039 vero

1504 1054 1585 1085 quae
1610 1052 1665 1082 est,
1685 1045 1798 1086 aliquis
1819 1046 1918 1077 homo
1943 1047 2044 1078 iustus
2068 1055 2129 1087 est,
2155 1050 2317 1090 opposita,
2342 1052 2508 1093 quoniam,

1504 1099 1570 1119 non
1595 1089 1699 1119 omnis
1717 1097 1763 1121 est
1781 1090 1881 1121 homo
1901 1101 1967 1122 non
1991 1092 2103 1124 iustus.
2123 1094 2257 1125 Necesse
2276 1102 2323 1126 est
2342 1096 2429 1127 enirn
2452 1097 2506 1127 ali-

1504 1143 1602 1174 quem
1625 1144 1702 1164 esse.

1436 1177 1641 1208 Manifestum
1657 1185 1703 1209 est
1721 1185 1826 1209 autem
1845 1180 1950 1218 etiarn,
1967 1182 2056 1222 quod
2071 1182 2104 1212 in
2120 1183 2330 1223 singularibus
2347 1185 2372 1215 si
2388 1191 2435 1215 est
2457 1195 2509 1216 ve-

1503 1232 1576 1253 rum
1599 1222 1827 1263 interrogatum
1846 1234 1970 1265 negare,
1990 1226 2145 1266 quoniam
2169 1235 2199 1258 et
2220 1227 2374 1260 affirmare
2397 1239 2510 1260 verum

1505 1274 1560 1298 est.
1577 1268 1630 1306 Ut,
1644 1274 1778 1307 putasne
1793 1268 1936 1299 Socrates
1951 1270 2074 1310 sapiens
2091 1269 2154 1302 est?
2168 1282 2244 1303 non.
2256 1273 2399 1304 Socrates
2415 1274 2511 1314 igitur

1504 1322 1570 1342 non
1598 1312 1722 1352 sapiens
1749 1319 1806 1343 est.
1836 1313 1871 1343 In
1895 1314 2123 1346 universalibus
2153 1326 2228 1347 vero
2253 1327 2319 1348 non
2348 1325 2395 1348 est
2417 1328 2508 1358 vera,

1503 1367 1586 1397 quae
1615 1356 1758 1387 similiter
1780 1357 1907 1388 dicitur:
1927 1368 2000 1388 vera
2019 1367 2126 1391 autem
2145 1361 2289 1401 negativa
2305 1369 2360 1393 est.
2381 1362 2434 1401 Ut,
2450 1373 2510 1403 pu—

1504 1407 1591 1431 tasne
1612 1401 1717 1431 omnis
1735 1401 1837 1432 homo
1856 1403 1980 1442 sapiens
2000 1402 2063 1435 est?
2079 1412 2161 1443 non;
2177 1406 2281 1436 omnis
2299 1406 2394 1446 igitur
2408 1407 2509 1438 homo

1505 1455 1571 1475 non
1597 1445 1721 1485 sapiens
1741 1452 1805 1477 est:
1826 1446 1887 1477 hoc
1916 1447 2002 1478 enim
2018 1448 2134 1479 falsum
2150 1456 2214 1480 est:
2236 1451 2301 1488 sed,
2321 1461 2388 1481 non
2415 1451 2511 1492 igitur

1505 1489 1610 1519 omnis
1633 1489 1734 1520 homo
1759 1490 1883 1530 sapiens
1908 1498 1964 1530 est,
1988 1502 2061 1523 vera
2077 1501 2132 1524 est.
2153 1494 2240 1525 Haec
2257 1494 2342 1525 enim
2359 1495 2508 1536 opposita

1505 1540 1568 1571 est;
1592 1533 1646 1564 illa
1669 1543 1745 1564 vero
1770 1535 1934 1566 contraria.

1438 1578 1512 1609 Illae
1531 1588 1606 1608 vero
1622 1578 1799 1609 secundum
1814 1578 1936 1610 infinita
1955 1581 2201 1612 contraiacentes
2221 1589 2295 1613 sunt
2310 1583 2442 1614 nomina
2459 1584 2511 1615 vel

1509 1623 1613 1661 verba,
1637 1629 1674 1653 ut
1696 1622 1728 1653 in
1746 1633 1784 1653 eo
1804 1623 1893 1664 quod
1917 1630 1973 1661 est,
1993 1634 2060 1656 non
2079 1625 2191 1664 homo,
2215 1627 2283 1665 vel,
2308 1636 2374 1658 non
2397 1628 2510 1668 iustus,

1504 1667 1594 1708 quasi
1610 1667 1793 1708 negationes
1807 1668 1874 1698 sine
1898 1668 2028 1699 nomine
2050 1676 2080 1700 et
2098 1671 2195 1701 verbo
2221 1680 2287 1701 esse
2310 1671 2511 1704 videbuntur.

1504 1712 1566 1743 Sed
1584 1722 1650 1742 non
1675 1718 1758 1742 sunt.
1779 1712 1911 1752 Semper
1929 1713 2015 1743 enim
2034 1715 2084 1745 vel
2103 1725 2211 1746 veram
2235 1725 2302 1746 esse
2325 1717 2375 1747 vel
2399 1716 2512 1747 falsam

1504 1766 1630 1787 necesse
1649 1763 1696 1787 est
1714 1757 1931 1796 negationem3
1951 1757 2007 1798 qui
2021 1769 2096 1789 vero
2111 1759 2203 1798 dixit,
2219 1769 2285 1790 non
2308 1761 2420 1799 homo,
2435 1761 2513 1792 nihil

1504 1800 1604 1840 magis
1618 1810 1717 1841 quam
1737 1801 1793 1841 qui
1810 1801 1894 1839 dicit,
1914 1801 2026 1840 homo,
2044 1804 2100 1834 sed
2118 1804 2214 1835 etiam
2228 1804 2336 1836 minus
2351 1815 2444 1836 verus
2461 1806 2513 1837 vel

1505 1845 1602 1875 falsus
1621 1845 1691 1883 fuit,
1708 1845 1732 1875 si
1757 1855 1823 1875 non
1846 1845 1967 1886 aliquid
1989 1847 2131 1879 addatur.

1438 1888 1599 1929 Significat
1617 1896 1736 1927 autem,
1756 1896 1802 1920 est
1820 1890 1926 1921 omnis
1945 1900 2011 1922 non
2030 1891 2131 1922 homo
2153 1893 2267 1931 iustus,
2287 1893 2367 1924 nulli
2385 1893 2513 1926 inarum

1504 1934 1606 1972 idem;
1630 1943 1687 1964 nec
1710 1934 1784 1965 huic
1809 1935 1958 1975 opposita
1981 1946 2017 1966 ea
2041 1946 2122 1978 quae
2152 1944 2216 1976 est,
2240 1947 2306 1968 non
2336 1945 2383 1969 est
2405 1938 2512 1969 omnis

1506 1988 1572 2008 non
1596 1978 1696 2009 homo
1721 1978 1839 2009 iustus:

1439 2022 1492 2053 illa
1514 2032 1601 2061 vero,
1625 2032 1707 2064 quae
1736 2029 1792 2061 est,
1817 2024 1922 2054 omnis
1946 2034 2011 2056 non
2037 2025 2138 2056 iustus
2166 2036 2232 2056 non
2258 2026 2358 2057 homo
2383 2033 2440 2064 est,
2467 2026 2513 2059 ini

1506 2077 1589 2108 quae
1612 2074 1673 2105 est,
1697 2066 1806 2098 nullus
1829 2074 1876 2098 est
1898 2068 2000 2099 iustus
2023 2079 2089 2100 non
2109 2069 2222 2108 homo,
2241 2070 2327 2101 idern
2350 2070 2512 2112 significat.

1440 2111 1647 2152 Transposita
1666 2121 1740 2142 vero
1760 2111 1892 2142 nomina
1921 2119 1952 2144 et
1978 2114 2072 2144 verba
2091 2114 2176 2145 idem
2195 2113 2382 2156 significant,
2401 2122 2447 2154 ut,
2467 2122 2514 2148 est

1508 2156 1598 2187 albus
1621 2156 1741 2194 homo,
1766 2163 1807 2194 et,
1831 2163 1878 2187 est
1900 2157 2001 2188 homo
2025 2158 2125 2189 albus.

1441 2246 1524 2276 Nam
1552 2245 1577 2276 si
1596 2245 1659 2276 hoc
1682 2255 1749 2276 non
1783 2252 1845 2284 est,
1870 2246 2013 2277 eiusdem
2043 2247 2162 2278 multae
2195 2253 2288 2278 erunt
2314 2249 2514 2288 negationem

1508 2290 1563 2320 sed
1580 2296 1745 2320 ostensum
1769 2297 1829 2328 est,
1846 2291 1935 2331 quod
1953 2301 2015 2322 una
2036 2291 2131 2323 unius
2153 2299 2216 2325 est:
2233 2292 2302 2323 eius
2323 2293 2408 2324 enim
2431 2303 2514 2335 quae

1505 2341 1561 2371 est,
1577 2341 1623 2365 est
1639 2334 1729 2365 albus
1753 2335 1864 2373 homo,
1889 2335 2015 2376 negatio
2039 2343 2096 2374 est,
2120 2346 2186 2368 non
2211 2343 2257 2368 est
2279 2338 2370 2369 albus
2393 2337 2511 2370 homo:

1509 2379 1577 2410 eius
1604 2388 1678 2409 vero
1705 2389 1787 2420 quae
1811 2386 1867 2417 est,
1891 2387 1938 2410 est
1961 2380 2062 2411 homo
2086 2381 2187 2420 albus,
2207 2381 2232 2412 si
2252 2392 2319 2414 non
2337 2382 2449 2413 eadem
2467 2389 2515 2417 ,est

1511 2423 1539 2453 ei
1566 2433 1648 2464 quae
1667 2430 1723 2461 est,
1749 2430 1795 2454 est
1818 2424 1908 2454 albus
1926 2424 2038 2463 homo,
2058 2425 2115 2456 erit
2138 2425 2275 2466 negatio,
2295 2427 2345 2457 vel
2371 2437 2407 2457 ea
2432 2437 2515 2468 quae

1511 2474 1567 2505 est,
1588 2478 1653 2498 non
1673 2474 1719 2498 est
1739 2478 1805 2498 non
1824 2468 1925 2499 homo
1945 2469 2049 2507 albus,
2074 2470 2124 2500 vel
2143 2480 2179 2500 ea
2199 2480 2281 2511 quae
2303 2477 2358 2508 est,
2379 2481 2445 2501 non
2469 2478 2516 2503 est

1510 2512 1610 2542 homo
1635 2512 1735 2543 albus.
1760 2512 1820 2543 Sed
1845 2513 1939 2543 altera
1963 2513 2093 2553 quidem
2116 2521 2163 2545 est
2186 2515 2310 2555 negatio
2335 2515 2413 2553 eius,
2433 2525 2515 2556 quae

1510 2563 1574 2593 est,
1597 2563 1643 2586 est
1658 2566 1723 2587 non
1739 2556 1839 2586 homo
1859 2557 1963 2594 albus;
1983 2557 2079 2588 altera
2097 2568 2173 2589 vero
2196 2559 2263 2589 eius
2284 2569 2366 2600 quae
2386 2566 2447 2596 est,
2468 2566 2515 2590 est

1510 2600 1611 2630 homo
1643 2600 1743 2631 albus.
1773 2601 1879 2638 Quare
1912 2608 2003 2631 erunt
2035 2601 2116 2632 duae
2154 2603 2259 2633 unius.
2290 2603 2388 2640 Quod
2420 2603 2515 2644 igitur

1510 2644 1701 2684 transposito
1724 2645 1854 2675 nornine
1884 2645 1934 2675 vel
1956 2646 2069 2684 verbo,
2093 2646 2205 2676 eadem
2220 2647 2260 2677 sit
2278 2646 2444 2678 affirmatio
2463 2647 2514 2678 vel

1513 2688 1650 2728 negati0‚
1677 2688 1880 2719 manifestum
1905 2695 1960 2719 est.

1446 2785 1615 2828 negativae
1645 2784 1709 2816 sint
1738 2783 1997 2824 subcontrariae;
2026 2784 2085 2817 ibi:
2116 2785 2287 2829 Sequuntur
2312 2798 2380 2820 vcro
2397 2786 2412 2803 *
2428 2795 2512 2820 etc.-

1446 2833 1536 2866 Dicit
1551 2843 1631 2876 ergo
1647 2831 1861 2865 resumendo:
1879 2834 2036 2877 quoniam
2054 2834 2087 2866 in
2102 2833 2205 2868 Primo
2221 2834 2346 2868 dictum
2359 2843 2407 2868 est
2423 2834 2515 2879 quod

1444 2881 1636 2914 enunciatio
1659 2881 1810 2924 negativa
1834 2882 1995 2914 contraria
2022 2881 2068 2914 illi
2091 2881 2302 2916 affirmativae
2327 2882 2514 2923 universali,

1446 2928 1578 2970 scilicet,
1601 2941 1687 2963 omne
1709 2929 1829 2962 animal
1849 2930 2014 2971 ernustum,
2035 2939 2084 2963 est
2104 2931 2174 2971 ista,
2193 2931 2315 2965 nullum
2338 2932 2457 2965 animal
2474 2938 2515 2966 est

1444 2978 1560 3012 iustum
1568 2990 1582 3018 ;
1605 2976 1815 3011 manifestum
1847 2987 1896 3011 est
1919 2978 2009 3023 quod
2038 2979 2117 3012 istae
2141 2991 2210 3013 non
2238 2989 2378 3024 possunt
2406 2981 2513 3022 simul,

1446 3026 1529 3060 idest
1552 3028 1586 3059 in
1609 3025 1727 3060 eodem
1752 3035 1920 3071 tempore,
1950 3039 2042 3072 neque
2071 3028 2103 3061 in
2127 3029 2225 3062 eodem
2253 3030 2333 3074 ipso,
2362 3028 2446 3062 idest
2474 3027 2514 3062 de

1441 3075 1565 3109 eodem
1585 3075 1741 3109 subiecto
1773 3087 1843 3109 esse
1874 3087 1980 3109 verae.
2012 3077 2073 3109 His
2102 3089 2181 3111 vero
2210 3078 2400 3122 oppositae,
2431 3076 2515 3110 idest

1446 3123 1688 3158 subcontrariae
1703 3125 1786 3158 inter
1800 3136 1846 3164 se,
1860 3134 2000 3169 possunt
2015 3137 2086 3159 esse
2102 3125 2200 3159 simul
2214 3137 2310 3159 verae
2326 3125 2514 3170 aliquando,

1446 3173 1569 3207 scilicet
1600 3174 1634 3206 in
1663 3174 1797 3207 materia
1827 3174 2048 3217 contingenti,
2073 3183 2123 3215 ut,
2148 3175 2299 3219 quoddam
2328 3174 2446 3208 animal
2474 3180 2515 3208 est

1446 3223 1570 3264 iustum,
1594 3234 1655 3256 non
1678 3234 1763 3256 omne
1785 3222 1904 3256 animal
1926 3229 1967 3256 est
1989 3223 2102 3256 iustum
2114 3223 2138 3256 *.

1515 3281 1545 3304 2.
1563 3271 1691 3305 Deinde
1705 3282 1781 3304 cum
1794 3270 1889 3304 dicit:
1906 3271 2078 3316 Sequuntur
2093 3283 2162 3306 vero
2182 3281 2255 3312 etc„
2271 3271 2411 3305 declarat
2425 3269 2515 3316 quod

1447 3319 1619 3364 angulares
1643 3319 1854 3353 affirmativae
1878 3331 1975 3364 supra
2004 3321 2130 3365 positae
2153 3321 2218 3354 sint
2239 3321 2437 3360 contrariae,
2460 3330 2514 3352 ne-

1446 3370 1573 3412 gativae
1601 3380 1679 3402 vero
1707 3368 1960 3402 subcontrariae.
1975 3389 1993 3394 -
2008 3370 2049 3403 Et
2071 3370 2216 3414 primum
2240 3368 2373 3413 quidem
2403 3379 2443 3401 ex
2472 3378 2514 3400 eo

1448 3417 1539 3462 quod
1563 3417 1755 3450 universalis
1779 3416 1970 3450 affirmativa
1994 3417 2119 3451 infinita
2146 3426 2179 3451 et
2202 3415 2393 3450 universalis
2416 3426 2514 3458 nega-

1448 3467 1514 3499 tiva
1530 3465 1670 3510 simplex
1685 3465 1924 3511 aequipollent;
1941 3475 1974 3499 et
1993 3475 2232 3511 consequenter
2248 3474 2385 3508 utraque
2401 3474 2514 3496 earum

1447 3523 1496 3547 est
1525 3515 1686 3548 contraria
1715 3513 1889 3548 universali
1918 3513 2128 3548 affirmativae
2159 3513 2319 3558 simplici,
2351 3523 2434 3556 quae
2465 3520 2514 3545 est

1446 3563 1544 3597 altera
1560 3563 1733 3607 angularis.
1759 3562 1855 3596 Unde
1872 3561 1949 3596 dicit
1965 3562 2055 3607 quod
2071 3562 2155 3596 hanc
2178 3560 2394 3596 universalem
2418 3571 2515 3604 nega-

2535 710 2543 718 ·
2561 708 2615 736 Seq.
2631 715 2653 731 c.
2669 715 2692 730 x.

2540 2799 2550 2808 '
2561 2797 2631 2820 Num.
2642 2803 2693 2826 aeq.

2541 3237 2602 3285 :3¹35-
2617 3237 2657 3259 lib.
2667 3237 2692 3265 1,
2703 3237 2747 3259 leet
