2548 4192
143 246 297 281 ccrizxw

142 334 174 355 re
190 323 402 363 diplomatica,
415 322 515 362 capite
531 333 584 359 vn,
602 332 691 352 num.
712 332 728 352 2
742 329 772 352 et
791 323 819 359 3,
831 329 862 352 et
876 323 982 352 Abbas
993 321 1214 352 Gottwicensis

141 379 175 399 in
192 368 369 398 Prodromo
386 367 425 397 ad
441 367 613 397 chronicon
629 366 777 397 Gottwici
793 373 884 396 tomo
902 367 924 403 1,
936 366 1016 396 libro
1028 366 1065 403 11,
1077 375 1147 405 pag.
1161 365 1214 396 81.

142 414 223 443 Rem
256 413 402 442 eamdem
434 411 529 441 huius
553 411 620 441 aevi
654 411 766 441 chartis
783 417 822 440 -et
853 410 1003 449 exemplis
1028 410 1216 449 comprobat

141 457 326 496 Ducangius
351 456 383 486 in
417 455 578 486 Glossario
603 455 724 485 mediae
749 462 779 484 et
802 454 929 484 infimae
953 453 1124 484 latinitatis.
1150 454 1214 484 Te-

142 508 336 532 stamentum
360 500 465 540 accipe
489 499 626 539 Philippi
654 498 735 529 Boni
769 499 855 538 apud
886 498 1061 534 Miraeum,
1090 498 1123 527 in
1147 508 1213 538 quo

141 547 218 576 haec
242 546 413 576 habentur:
444 544 595 574 Volumus
617 544 763 582 denique,
786 548 820 572 ut
844 543 958 572 litteris
971 542 1211 585 publicationis,

141 596 199 621 aut
216 600 327 620 earum
347 588 555 629 apographis,
569 588 666 628 vulgo
684 587 830 617 Vidimus
841 586 934 616 dictis
951 593 1008 616 etc.
1027 586 1111 616 Hinc
1126 593 1211 616 acto-

142 645 214 665 rum
238 641 420 664 nostrorum
444 631 635 671 conspicuus
650 637 735 671 patet
751 637 875 660 sensus:
894 631 1047 660 Ioannem
1063 630 1102 660 de
1118 631 1212 660 Mon-

142 686 255 710 tesono
280 676 435 717 deputatis
459 675 615 714 theologis
633 680 871 715 praesentasse,
897 681 967 704 tum
991 675 1116 704 litteras
1144 674 1212 705 Ste-

135 724 239 764 phani
270 721 462 751 Parisiensis
494 729 568 749 cum
597 719 739 749 eiusdem
772 719 896 758 sigillo,
924 725 995 748 tum
1027 719 1212 748 earumdem

142 766 363 806 apographum
384 771 684 804 transumptumque
708 763 902 803 exemplum,
918 762 1082 793 Guillelmi
1098 763 1213 802 pariter

141 810 291 851 Episcopi
319 808 500 839 parisiensis
533 808 695 839 munitum
719 808 833 847 sigillo.
858 808 954 838 Hunc
976 817 1052 837 vero
1079 807 1212 838 Guillel-

141 865 226 885 mum
251 853 388 893 intellige
412 852 562 892 Stephani
587 853 626 883 de
649 854 817 883 Bourretto
841 862 1055 882 successorem
1079 852 1111 881 in
1139 852 1211 882 sede

140 898 320 935 Parisiensi;
337 907 452 937 nempe
476 896 687 928 Guillelmum
712 897 750 927 de
774 896 936 933 Chanaco,
957 896 1052 926 huius
1072 896 1212 926 nominis

140 943 300 984 quintum,
317 952 402 972 anno
428 943 508 972 1332
535 942 671 972 electum
694 952 734 971 xv
758 941 819 971 kal.
837 940 1032 981 septembris,
1051 941 1148 978 Quod
1165 941 1211 971 in-

140 994 352 1018 strumentum
376 987 508 1017 demum
531 986 564 1016 in
588 993 654 1017 acta
674 985 792 1026 redegit
810 986 951 1016 Ioannes
977 985 1132 1016 Coustelli
1155 995 1212 1016 no-

139 1032 245 1063 tarius.

206 1076 253 1106 Ex
277 1082 413 1116 utroque
438 1075 613 1115 litterarum
636 1075 786 1115 Stephani
812 1074 982 1114 exemplari
1006 1081 1037 1105 et
1060 1076 1212 1115 apografo

140 1121 346 1160 desumptum
370 1120 408 1150 ab
432 1120 503 1160 ipso
528 1120 646 1150 Ioanne
670 1119 836 1150 Coustello
860 1119 985 1149 notario
1002 1119 1088 1150 aliud
1108 1129 1212 1151 exem-

139 1165 231 1205 plum
255 1164 362 1202 fuisse,
386 1164 634 1195 instrumentum
662 1164 771 1201 docet,
796 1164 886 1204 quod
916 1164 1068 1204 sequitur,
1093 1174 1111 1194 a
1134 1166 1212 1196 Dar-

139 1216 287 1249 gentraeo
318 1209 402 1250 typis
426 1209 566 1239 editum:
606 1209 670 1238 «In
701 1208 832 1238 nomine
855 1208 988 1238 Domini
1017 1219 1120 1239 amen.
1146 1210 1212 1240 No-

142 1267 156 1281 »
175 1254 277 1284 verint
309 1253 467 1291 universi,
505 1253 594 1294 quod
626 1253 703 1283 haec
732 1259 779 1283 est
806 1252 990 1293 transcripta
1023 1253 1115 1293 copia
1148 1254 1212 1284 sive

142 1311 156 1325 »
177 1298 360 1338 exemplum
383 1305 550 1337 sumptum
579 1308 635 1338 per
658 1307 709 1327 me
740 1297 901 1327 notarium
927 1297 1092 1337 publicum
1116 1298 1211 1329 infra-

141 1355 155 1369 »
177 1343 329 1383 scriptum
354 1352 391 1372 ex
414 1342 606 1383 quibusdam
639 1342 854 1382 originalibus
876 1341 985 1371 litteris
1014 1342 1112 1372 felicis
1146 1353 1211 1373 me-

141 1400 156 1414 »
176 1387 295 1417 moriae
320 1387 443 1417 domini
467 1386 618 1426 Stephani
638 1386 716 1416 olim
740 1385 920 1416 Parisiensis
944 1386 1114 1426 Episcopi,
1139 1397 1211 1418 nec-

142 1444 156 1459 »
177 1442 242 1462 non
273 1431 414 1462 Vidimus
438 1430 539 1472 (idest
562 1441 604 1461 ex
626 1428 835 1471 apographo)
861 1430 1003 1460 eiusdem
1027 1431 1146 1461 litterae
1171 1432 1211 1461 si-

142 1489 156 1503 »
176 1476 252 1516 gillo
277 1476 400 1506 domini
417 1475 580 1506 Guillelmi
605 1475 683 1505 olim
709 1474 890 1504 Parisiensis
914 1474 1077 1515 Episcopi,
1098 1485 1210 1506 eorum

141 1533 156 1547 »
176 1520 285 1560 sigillis
309 1520 469 1560 sigillatis,
494 1526 530 1550 ut
553 1519 655 1559 prima
679 1519 756 1549 facie
789 1519 958 1558 apparebat
982 1526 1012 1549 et
1035 1519 1126 1559 signo
1156 1520 1210 1550 ali-

142 1578 157 1592 »
177 1565 267 1595 cuius
300 1565 414 1595 notarii
447 1564 564 1604 publici
598 1574 664 1594 non
696 1563 834 1602 signatis.
869 1563 1015 1600 Quarum
1048 1570 1140 1594 tenor
1172 1564 1210 1595 de

142 1622 156 1637 »
176 1610 273 1640 verbo
290 1610 330 1639 ad
352 1609 485 1639 verbum
502 1608 643 1648 sequitur
662 1614 693 1638 et
709 1614 754 1638 est
773 1607 853 1637 talis:
875 1607 1042 1639 Universis
1055 1618 1210 1649 praesen-

141 1666 156 1681 »
177 1659 223 1684 tes
255 1654 379 1684 litteras
411 1653 622 1692 inspecturis,
647 1652 829 1692 Stephanus
856 1654 1070 1692 permissione
1099 1653 1209 1684 divina

141 1711 155 1725 »
174 1699 367 1728 Parisiensis
382 1698 569 1737 Episcopus,
585 1697 721 1727 salutem
738 1698 770 1727 in
787 1698 928 1728 omnium
946 1697 1126 1730 salvatore.
1138 1701 1210 1731 Ma-

140 1755 155 1770 »
173 1744 279 1783 gistra
303 1752 412 1773 rerum
438 1742 695 1782 experientia...
720 1741 761 1771 Et
784 1751 844 1781 ego
878 1742 1011 1772 Ioannes
1042 1743 1209 1784 Coustelli,

139 1799 154 1814 »
175 1787 362 1817 Rhemensis
386 1786 537 1816 dioecesis
561 1785 702 1822 clericus,
722 1785 869 1826 publicus
890 1787 1075 1827 Apostolica
1099 1795 1130 1819 et
1149 1790 1209 1820 im-

139 1844 153 1859 »
173 1831 282 1872 periali
306 1830 489 1861 auctoritate
514 1841 549 1861 ac
564 1830 749 1860 venerabilis
774 1830 991 1862 Universitatis
1015 1832 1110 1863 studii
1126 1834 1210 1865 Pari-

139 1889 153 1903 »
173 1875 283 1906 siensis
306 1875 448 1906 notarius
471 1875 607 1913 iuratus,
631 1884 778 1915 praesens
811 1875 1035 1916 transcriptum
1059 1887 1096 1907 ex
1120 1879 1210 1910 dictis

139 1933 154 1948 2>
174 1920 388 1961 originalibus
410 1919 519 1950 litteris
543 1919 666 1959 sumpsi
697 1918 831 1949 fideliter
854 1927 884 1950 et
907 1921 1105 1962 transcripsi3
1131 1924 1210 1955 nihil

140 1978 154 1992 ⁷,
175 1965 292 1995 addens
325 1971 379 1995 aut
402 1964 549 1994 minuens
573 1963 663 2005 quod
690 1973 821 1994 sensum
853 1964 1002 1996 immutet
1032 1972 1087 1996 aut
1113 1968 1211 1999 variet

140 2022 154 2037 »
174 2009 384 2047 intellectum;
419 2009 666 2049 diligentemque
699 2008 738 2038 de
770 2008 860 2039 dictis
888 2010 1103 2050 originalibus
1135 2022 1210 2043 cum

140 2067 155 2082 »
175 2054 309 2084 discreto
324 2054 393 2084 viro
409 2053 544 2093 Aegidio
562 2052 729 2090 Massardi‚
754 2052 867 2083 clerico
887 2055 1100 2086 Atrebatensis
1123 2057 1210 2088 dioe-

141 2112 156 2127 »
177 2098 273 2135 cesis,
299 2098 427 2138 publico
452 2104 483 2128 et
505 2097 659 2138 imperiali
684 2097 868 2128 auctoritate
897 2098 1042 2136 notario,
1068 2101 1210 2132 collatio-

142 2157 156 2172 »
177 2153 252 2173 nem
268 2142 338 2179 feci,
356 2149 385 2173 et
401 2143 477 2183 quia
492 2149 665 2183 utrumque
689 2142 880 2172 concordare
899 2142 1017 2181 inveni,
1033 2144 1106 2175 ideo
1121 2156 1211 2186 prae-

141 2202 156 2217 »
176 2187 255 2217 senti
279 2187 409 2227 publico
433 2186 656 2223 instrumento,
673 2186 774 2216 aliena
790 2196 888 2217 manu
913 2187 1041 2228 scripto,
1062 2199 1114 2220 me
1138 2191 1211 2221 sub-

140 2246 154 2260 »
175 2231 283 2271 scripsi
314 2231 506 2272 signumque
539 2241 650 2261 meum
682 2230 818 2271 apposui
850 2238 1041 2263 consuetum
1071 2242 1209 2274 rogatus.

141 2291 155 2306 »
175 2279 293 2307 Actum
325 2275 470 2313 Parisiis,
494 2275 527 2305 in
559 2276 658 2305 domo
691 2275 893 2306 habitationis
922 2276 1065 2308 eiusdem
1098 2279 1211 2310 notarii

141 2335 155 2351 »
176 2320 326 2361 praefati,
351 2320 409 2351 sita
431 2320 464 2350 in
487 2320 558 2350 vico
586 2320 736 2357 Nucum,
760 2330 846 2350 anno
875 2320 1007 2352 Domini
1040 2322 1212 2355 millesimo

141 2380 155 2394 »
175 2364 395 2395 trecentesimo
411 2364 609 2404 octogesimo
625 2364 773 2404 septimo,
785 2364 939 2396 inditione
950 2366 1083 2403 decima,
1095 2368 1212 2399 mensis

141 2424 156 2439 »
175 2409 243 2440 iulii
263 2410 313 2439 die
328 2409 417 2439 tertia
441 2406 554 2451 (xm),
578 2408 784 2439 Pontificatus
808 2409 1002 2441 Sanctissimi
1026 2411 1059 2441 in
1083 2412 1212 2444 Christo

141 2468 156 2483 »
176 2453 275 2484 Patris
299 2463 334 2484 ac
358 2453 490 2484 Domini
514 2453 612 2483 nostri
635 2453 767 2483 Domini
792 2453 982 2492 Clementis,
1010 2455 1115 2487 divina
1139 2467 1212 2498 pro-

142 2513 156 2528 »
177 2497 315 2528 videntia
338 2498 441 2537 Papae
458 2497 601 2537 Septimi,
618 2507 703 2528 anno
721 2505 825 2528 nono:
843 2500 1060 2538 praesentibus
1079 2501 1119 2531 ad
1136 2501 1212 2533 haec

142 2558 157 2572 »
177 2542 316 2573 discretis
342 2542 415 2572 viris
444 2541 594 2581 magistro
618 2541 750 2572 Nicolao
784 2542 822 2572 de
846 2542 970 2574 Souton
1005 2545 1156 2585 magistro
1179 2547 1212 2577 in

142 2601 156 2616 »
178 2587 295 2618 artibus
319 2593 351 2617 et
373 2586 508 2626 Aegidio
526 2586 717 2626 Imperatore
734 2586 919 2617 subbedello
937 2588 1106 2620 Facultatis
1123 2590 1212 2621 theo-

143 2645 157 2660 »
177 2631 291 2671 logiae,
307 2630 431 2661 Parisiis
448 2630 730 2667 commorantibus,
747 2630 878 2661 testibus
902 2632 942 2662 ad
966 2634 1137 2673 praemissa
1155 2645 1212 2666 vo-

142 2689 157 2705 »
178 2676 252 2707 catis
276 2675 449 2716 specialiter
472 2681 503 2705 et
526 2674 682 2715 requisitis
701 2681 784 2705 etc.»

208 2719 350 2751 Solemni
366 2719 484 2760 publici
508 2718 620 2749 notarii
645 2729 680 2749 ac
703 2719 833 2749 testium
856 2727 1041 2759 rogatorum
1064 2721 1126 2753 fide
1149 2723 1213 2753 iam

140 2771 263 2796 constat
291 2763 504 2804 abrogaton'as
537 2763 679 2794 laudatas
703 2763 853 2804 Stephani
883 2764 921 2794 de
947 2764 1115 2797 Bourretto
1138 2767 1213 2807 Epi-

140 2809 228 2850 scopi
252 2808 433 2840 Parisiensis
465 2808 581 2838 litteras
605 2818 623 2838 a
647 2808 764 2838 Ioanne
789 2808 827 2838 de
851 2808 1043 2840 Montesono
1066 2812 1213 2852 origina-

140 2855 186 2885 les
209 2853 360 2885 exhibitas
379 2853 476 2883 fuisse
501 2852 661 2893 simulque
677 2852 829 2883 traditum
849 2853 1071 2893 apographum
1090 2865 1213 2886 earum-

141 2899 214 2929 dem
238 2898 438 2938 exemplum,
462 2896 650 2927 successoris
673 2896 825 2937 Episcopi
849 2897 1030 2928 Parisiensis
1049 2898 1213 2930 Guillelmi

140 2943 243 2983 sigillo
274 2942 456 2973 munitum:
492 2941 667 2982 eademque
696 2940 758 2971 fide
782 2951 910 2971 rursum
939 2949 1061 2973 constat
1090 2954 1213 2975 novum

141 2988 347 3027 desumptum
371 2986 629 3026 descriptumque
648 2985 822 3016 litterarum
846 2986 1028 3026 exemplum
1053 2997 1089 3018 ex
1113 2990 1212 3030 origi-

141 3032 268 3062 nalibus
291 3030 456 3071 praedictis
480 3030 631 3070 Stephani
655 3031 788 3061 litteris:
804 3040 886 3071 quae
911 3030 1042 3061 demum
1063 3042 1129 3063 non
1149 3043 1212 3064 una

140 3076 219 3114 vice,
244 3076 299 3106 sed
322 3082 368 3106 ter
386 3075 565 3116 originales
588 3074 797 3115 appellantur.
815 3074 984 3115 Ambigere
1008 3076 1047 3106 de
1071 3076 1130 3116 his,
1147 3088 1212 3108 eas-

140 3130 203 3161 que
226 3120 323 3150 veluti
354 3119 476 3150 fictitias
505 3119 629 3149 reiicere
654 3119 678 3149 si
702 3119 808 3156 liceat,
833 3126 940 3159 pereat
972 3119 1112 3152 humana
1135 3121 1212 3153 fides

141 3171 277 3204 oportet.
303 3163 370 3195 Cur
393 3173 468 3203 ergo
491 3163 524 3194 in
547 3163 676 3194 archivo
701 3163 918 3195 Universitatis
941 3164 1139 3205 Parisiensis,
1164 3166 1212 3197 in—

141 3208 252 3249 quies,
276 3208 451 3248 praedictae
475 3207 630 3248 repositae
663 3218 698 3238 ac
731 3214 870 3248 repertae
903 3207 1022 3239 litterae
1054 3220 1120 3241 non
1145 3210 1212 3242 fue-

141 3251 222 3294 rint'R?
245 3252 367 3290 Quidni
391 3252 572 3289 exstiterint,
597 3262 751 3292 reponam
775 3262 834 3292 ego
851 3259 882 3283 et
897 3252 1067 3285 exciderint
1090 3253 1213 3296 postea?

141 3297 208 3328 Cur
230 3307 306 3328 vero
331 3303 448 3328 exstare
473 3296 653 3334 debuerint,
679 3307 752 3327 cum
768 3297 806 3327 ad
823 3303 891 3327 acta
915 3307 1019 3328 sacrae
1042 3298 1212 3331 Facultatis

141 3341 337 3381 theologicae
354 3341 540 3382 pertineant,
558 3351 623 3371 non
640 3341 739 3381 ipsius
755 3341 983 3380 Universitatis,
999 3349 1035 3373 ut
1050 3353 1125 3374 cum
1135 3344 1212 3375 Dar-

141 3393 288 3425 gentraeo
312 3386 376 3416 iam
393 3385 689 3423 animadvertimus;
707 3386 860 3426 dataeque
885 3386 1001 3418 fuerint
1022 3389 1110 3428 apud
1130 3389 1212 3420 Gen-

141 3430 295 3467 tiliacum,
311 3440 376 3460 non
396 3430 532 3467 Parisiis,
549 3440 607 3461 nec
623 3430 711 3470 apud
732 3435 879 3461 sanctum
898 3432 1135 3471 Mathurinum,
1155 3444 1212 3465 nec

142 3474 229 3513 apud
252 3480 396 3506 sanctum
422 3475 587 3505 Iulianum
612 3485 811 3515 pauperem,
836 3485 893 3506 nec
917 3476 1009 3514 alibi,
1034 3477 1088 3508 ubi
1113 3478 1212 3518 magi-

142 3524 279 3548 strorum
308 3519 499 3550 Universitas
523 3519 704 3558 congregari
736 3519 775 3549 ad
799 3520 926 3558 negotia
954 3522 1132 3562 peragenda
1156 3533 1212 3554 sua

144 3561 365 3593 consueverat?
389 3563 439 3593 Ad
472 3572 538 3593 rem
571 3563 692 3603 egregie
726 3563 799 3594 facit
831 3564 951 3604 Egassii
975 3565 1084 3597 Bulaei
1109 3577 1212 3598 exem·

144 3605 245 3645 plum,
266 3606 320 3646 qui
344 3607 377 3637 in
400 3607 529 3638 historia
553 3607 695 3638 eiusdem
719 3608 935 3640 Universitatis
955 3609 1048 3641 refert
1064 3617 1132 3642 acta
1149 3611 1212 3643 fere

888 242 1348 280 DISSERTATIONES
1379 245 1627 304 CRITICAE

1271 323 1379 353 omnia
1403 324 1435 354 in
1460 334 1553 355 causa
1577 325 1704 355 Ioannis
1727 326 1766 356 de
1790 327 1999 358 Monteson0:
2025 328 2079 357 sed
2103 327 2245 368 primurn
2268 335 2346 359 atta-

1270 376 1344 396 men
1368 367 1433 398 iam
1457 369 1627 408 allegatum
1650 369 1782 400 huiusce
1807 381 1918 402 causae
1948 371 2197 402 instrumentum
2226 373 2345 411 omisit,

1270 411 1358 451 quod
1383 413 1414 442 in
1440 414 1577 453 regestis
1603 413 1830 445 Universitatis
1853 413 1973 458 (iacobi
1988 416 2124 447 Echardi
2148 416 2345 447 animadver-

1269 455 1373 485 versio
1397 454 1457 498 est)
1471 456 1567 497 forte
1590 467 1654 487 non
1678 458 1845 490 habeatur.
1862 462 1914 490 An
1933 460 2024 498 illud,
2041 461 2139 491 veluti
2157 460 2273 491 falsum
2290 468 2346 492 aut

1268 497 1426 538 fictitium,
1443 500 1555 531 iccirco
1580 499 1720 532 reiicias?
1744 503 1827 533 Inter
1850 514 1977 534 summa
2000 515 2076 535 vero
2097 504 2230 535 fratrum
2253 506 2345 536 Prae-

1269 543 1446 574 dicatorum
1471 545 1598 585 negotia
1627 552 1692 576 erat
1722 553 1757 577 ut
1781 547 1931 587 Stephani
1956 549 1994 579 de
2017 549 2186 580 Bourretto
2214 549 2343 588 litteras,

1268 587 1384 627 quibus
1407 588 1504 619 inlata
1528 590 1730 629 dogmatibus
1747 591 1810 621 divi
1829 592 1976 623 Thomae
2002 593 2142 633 suspicio
2175 594 2344 624 tollebatur

1268 631 1384 669 omnis,
1409 634 1587 674 originales
1611 635 1821 666 custodirent:
1846 646 1987 676 quorum
2011 647 2048 667 ex
2071 647 2140 668 arca
2165 637 2190 668 si
2213 639 2343 669 tandem

1267 675 1439 716 aliquando
1463 677 1603 717 prolatae
1626 678 1659 708 in
1683 678 1789 709 lucem
1813 679 1940 719 fuerint,
1964 681 2090 712 miratio
2113 681 2210 712 nulla.

1334 720 1433 761 Atqui
1458 721 1588 751 dubiam
1612 723 1797 753 earumdem
1821 723 1928 763 fidem,
1945 735 2020 755 cum
2043 725 2112 755 illas
2133 726 2341 756 Montesonus

1267 763 1419 802 exhibuit,
1443 764 1590 796 habuisse
1614 766 1780 806 magistros
1805 768 1937 799 minime
1960 770 2114 809 probant,
2139 777 2175 800 ut
2199 770 2259 809 ais,
2283 780 2341 801 nec

1266 807 1407 838 indicant
1430 817 1651 848 monumenta,
1676 821 1757 851 quae
1781 811 1814 841 in
1839 812 1982 843 eiusdem
1998 814 2181 844 Montesoni
2212 815 2341 855 negotio

1267 859 1420 892 prostant.
1447 853 1603 890 Quinimo
1627 855 1739 884 eadem
1761 855 1794 885 in
1819 865 1913 886 causa
1943 867 2018 887 curn
2042 857 2237 898 frequentius
2268 869 2342 899 pro-

1266 896 1369 927 testati
1393 897 1575 928 Academici
1599 898 1736 937 fuerint,
1760 899 1938 930 doctrinam
1971 901 2069 932 sancti
2096 902 2244 932 Thomae
2275 913 2343 933 non

1267 941 1374 971 solum
1398 951 1430 971 se
1454 951 1520 971 non
1553 942 1761 982 impugnare,
1787 944 1841 974 sed
1865 951 1896 974 et
1928 955 2053 975 summe
2085 946 2242 977 venerari:
2268 947 2342 977 satis

1267 985 1384 1015 indicio
1409 992 1439 1016 et
1462 993 1650 1026 argumento
1675 994 1731 1026 est,
1757 988 1898 1028 cognitas
1921 989 1982 1019 illis
2006 989 2102 1019 fuisse
2126 989 2278 1030 Stephani
2303 990 2341 1021 de

1267 1030 1436 1060 Bourretto
1459 1030 1597 1069 litteras,
1622 1031 1738 1072 quibus
1771 1032 1981 1063 Praecessoris
2015 1033 2166 1074 Stephani
2190 1034 2343 1075 Tempier

1268 1084 1418 1112 censura,
1453 1074 1478 1105 si
1502 1075 1649 1106 Thomae
1680 1076 1812 1117 quidem
1843 1077 1993 1118 dogmata
2026 1084 2167 1118 tangeret
2197 1086 2252 1110 aut
2274 1086 2342 1110 tan-

1267 1128 1338 1158 gere
1370 1119 1548 1157 videretur,
1580 1120 1802 1151 emolliebatur
1825 1128 1880 1152 aut
1909 1122 2128 1162 abrogabatur.
2155 1123 2343 1164 Inquiebant

1267 1163 1311 1193 illi
1331 1163 1451 1204 quippe
1474 1163 1507 1194 in
1531 1164 1743 1195 instrumento
1767 1175 1852 1196 anno
1874 1165 1954 1196 1388
1976 1166 2026 1196 die
2048 1176 2086 1206 14
2102 1167 2249 1198 februarii
2267 1178 2342 1198 con-

1267 1207 1367 1238 fecto:
1385 1209 1461 1239 ‘Nos
1480 1214 1587 1239 autem
1612 1209 1762 1240 millesies
1785 1210 1945 1241 diximus.
1957 1233 1965 1242 .
1978 1233 1986 1241 .
2001 1212 2142 1252 qualiter
2155 1221 2181 1243 s.
2203 1213 2343 1243 Thomae

1267 1252 1446 1283 doctrinam
1472 1254 1504 1283 in
1529 1253 1614 1284 dicta
1639 1259 1750 1284 nostra
1774 1255 2039 1286 condemnatione
2062 1253 2187 1298 (contra
2216 1257 2341 1287 Monte-

1267 1306 1385 1327 sonum
1417 1295 1503 1339 lata)
1528 1307 1729 1339 nequaquam
1763 1299 1982 1339 reprobamus.
2012 1300 2186 1340 Negotium
2219 1300 2343 1332 facessit

1267 1340 1394 1371 nullum
1419 1341 1545 1372 Ioannis
1570 1342 1679 1372 Vitalis
1704 1350 1735 1373 et
1758 1343 1885 1373 Ioannis
1901 1343 1994 1374 Alani
2019 1345 2200 1383 auctoritas,
2221 1345 2276 1386 qui
2295 1355 2342 1376 re-

1266 1385 1443 1416 vocatorias
1467 1386 1640 1426 praedictas
1663 1387 1780 1418 litteras
1804 1395 1840 1419 ut
1862 1388 2003 1419 reiiciant
2025 1389 2122 1420 veluti
2142 1399 2265 1430 parum
2290 1399 2342 1420 ve-

1267 1430 1436 1467 risimiles,
1460 1428 1678 1470 imprudenter
1700 1431 1826 1472 fingunt
1854 1432 2018 1463 dominum
2043 1433 2240 1474 Stephanum
2265 1434 2342 1475 Epi-

1265 1482 1395 1513 scopum
1419 1474 1646 1513 Parisiensem‚
1671 1486 1689 1505 a
1712 1486 1778 1517 quo
1803 1477 2013 1507 revocatorias
2033 1487 2118 1508 anno
2149 1478 2229 1508 1325
2254 1479 2342 1509 datas

1266 1517 1382 1547 litteras
1402 1518 1637 1555 contendimus,
1655 1529 1758 1550 unum
1775 1530 1842 1551 esse
1858 1521 2073 1563 eumdemque
2092 1532 2128 1552 ac
2143 1522 2343 1563 Stephanum

1265 1561 1473 1592 Parisiensem
1490 1563 1605 1603 pariter
1618 1563 1829 1604 Episcopum,
1841 1565 1896 1606 qui
1913 1566 2138 1597 condemnavit
2152 1577 2236 1597 anno
2259 1577 2341 1609 1277

1260 1606 1376 1646 plures
1397 1608 1563 1644 articulos,
1581 1617 1698 1649 nempe
1722 1618 1817 1649 supra
1841 1609 2006 1640 ducentos.
2023 1610 2127 1648 Duos,
2152 1617 2188 1641 ut
2211 1621 2268 1651 par
2283 1617 2341 1649 est,

1265 1650 1459 1681 Parisiorum
1483 1652 1647 1682 Antistites
1671 1652 1840 1693 distingue,
1861 1653 2060 1694 Stephanum
2089 1655 2223 1685 alterum
2251 1655 2343 1686 Tem-

1259 1696 1335 1735 pier
1358 1696 1634 1735 cognominatum,
1659 1697 1858 1737 Stephanum
1881 1698 1921 1728 de
1943 1698 2118 1729 Bourretto
2138 1699 2290 1730 alterum:
2307 1709 2343 1731 ac

1266 1739 1372 1770 omnis
1397 1750 1472 1770 cum
1495 1741 1673 1781 excogitato
1697 1741 1850 1782 figmento
1876 1741 2042 1773 difficultas
2067 1743 2233 1774 evanescit.

1332 1784 1473 1815 Plurima
1488 1786 1620 1826 posthac
1635 1785 1822 1817 huiusmodi
1836 1786 2011 1817 litterarum
2025 1788 2171 1828 exempla
2185 1787 2342 1828 prodiere,

1266 1838 1349 1869 quae
1372 1829 1491 1870 absque
1525 1830 1590 1860 ulla
1622 1829 1764 1861 falsitatis
1797 1831 1979 1871 suspicione
2003 1841 2021 1862 a
2044 1831 2118 1862 viris
2151 1832 2343 1863 doctissimis

1265 1873 1398 1913 allegata
1421 1881 1512 1905 sunt:
1536 1874 1687 1915 ipsaeque
1711 1875 1831 1906 litterae
1855 1875 2051 1916 frequentius
2075 1876 2260 1916 Mediolani,
2279 1877 2343 1908 Ve-

1266 1917 1369 1955 netiiS,
1386 1918 1522 1957 Parisiis,
1546 1919 1676 1957 Patavii,
1701 1919 1774 1950 alibi
1798 1919 1882 1960 typis
1902 1919 2002 1950 editae
2026 1927 2180 1960 prostant.
2199 1921 2343 1962 Interpo—

1266 1962 1372 1992 latrice
1391 1972 1489 1993 manu
1514 1962 1639 1994 foedata
1662 1963 1716 1994 illa
1739 1963 1887 1994 videntur
1910 1965 2064 2005 exempla,
2091 1965 2272 1996 cuiusmodi
2297 1972 2344 1997 est

1266 2007 1356 2047 quod
1379 2007 1518 2038 Bulaeus
1542 2007 1629 2038 affert
1651 2007 1684 2038 in
1708 2008 1839 2039 historia
1862 2008 2080 2040 Universitatis
2096 2009 2289 2049 Parisiensis,
2309 2010 2343 2040 in

1266 2051 1384 2092 quibus
1407 2052 1485 2082 haec
1509 2052 1629 2083 adiecta
1661 2053 1756 2083 verba
1789 2053 1952 2092 leguntur:
1977 2053 2070 2094 Ipsos
2092 2055 2249 2085 articulos
2277 2064 2341 2086 non

1260 2101 1399 2136 propter
1420 2097 1481 2127 hoc
1502 2097 1727 2137 approbando,
1752 2107 1808 2128 seu
1834 2098 1929 2128 etiam
1955 2098 2176 2138 reprobando,
2200 2099 2258 2130 sed
2276 2108 2343 2130 eos-

1266 2139 1337 2170 dem
1361 2140 1553 2171 discussioni
1570 2141 1780 2172 scholasticae
1803 2141 1902 2172 libere
1925 2142 2144 2183 relinquendo.
2163 2143 2251 2175 Haec
2266 2153 2343 2174 vero

1266 2184 1519 2225 interpolationis
1553 2185 1684 2216 fortasse
1717 2186 1818 2226 origo.
1845 2186 1952 2217 Refert
1980 2196 2120 2228 namque
2150 2197 2243 2228 saepe
2276 2187 2343 2219 lau-

1267 2229 1360 2259 datus
1392 2230 1623 2270 Dargentraeus
1660 2230 1868 2261 Parisiensem
1905 2230 2105 2272 Episcopum
2144 2231 2344 2273 Stephanum

1268 2274 1307 2304 de
1329 2274 1517 2311 Bourretto,
1542 2281 1620 2305 teste
1648 2275 1764 2306 Balaeo
1793 2275 1933 2306 centuria
1958 2275 2005 2314 V,
2031 2275 2087 2317 qui
2111 2276 2238 2307 Ioannis
2266 2277 2343 2308 Bac-

1268 2318 1356 2349 conis
1380 2319 1463 2359 angli
1497 2319 1718 2350 testimonium
1750 2320 1886 2360 profert,
1912 2319 2095 2351 facultatem
2115 2321 2355 2353 Parisiensibus

1269 2363 1425 2403 magistris
1449 2363 1577 2401 fecisse,
1602 2371 1638 2395 ut
1662 2364 1700 2394 de
1725 2364 1867 2395 doctrina
1899 2364 1997 2396 sancti
2021 2364 2169 2396 Thomae
2203 2365 2343 2407 disputa-

1268 2414 1361 2438 rent:
1394 2408 1490 2449 idque
1522 2408 1714 2449 permissum
1746 2408 1828 2448 illis,
1871 2415 2043 2450 antequam
2076 2410 2239 2441 decretum
2276 2410 2344 2442 eius

1268 2462 1328 2492 pro
1351 2452 1451 2493 ipsius
1475 2453 1643 2494 Aquinatis
1677 2453 1819 2484 doctrina
1842 2453 1992 2494 prodiret.
2020 2454 2102 2485 Rem
2126 2454 2273 2485 eamdem
2296 2454 2343 2486 in-

1268 2497 1351 2527 dicat
1382 2497 1521 2528 Bulaeus
1554 2497 1627 2528 loco
1661 2497 1756 2528 citato
1789 2498 1829 2528 ad
1866 2508 1988 2529 annum
2026 2499 2109 2538 1324
2141 2498 2203 2530 fide
2236 2506 2344 2531 tamen

1268 2551 1334 2572 non
1358 2541 1495 2582 integra:
1525 2552 1560 2572 ac
1584 2542 1609 2572 si
1628 2541 1774 2573 videlicet
1802 2542 1942 2573 Antistes
1965 2542 2146 2574 Parisiensis
2171 2545 2343 2586 impugna—

1268 2587 1384 2616 tionem
1404 2587 1591 2626 permiserit
1607 2587 1819 2627 quorumdam
1835 2587 2048 2618 articulorum
2066 2598 2087 2618 a
2109 2588 2229 2619 Thoma
2244 2589 2343 2630 Aqui-

1269 2635 1344 2660 nate
1367 2631 1583 2661 collectorum.
1610 2630 1693 2662 Hinc
1726 2631 1874 2662 facillime
1908 2631 2090 2671 contingere
2118 2632 2225 2673 potuit
2248 2639 2284 2664 ut
2307 2643 2344 2664 ea

1268 2674 1429 2712 clausula,
1454 2685 1518 2715 qua
1542 2675 1690 2705 dicuntur
1712 2676 1863 2713 articuli,
1889 2675 1945 2716 qui
1977 2682 2086 2707 sancto
2119 2676 2267 2707 Thomae
2291 2676 2342 2707 tri-

1268 2719 1463 2756 buebantur,
1487 2719 1697 2761 disputationi
1719 2720 1929 2751 scholasticae
1957 2719 2056 2750 libere
2078 2720 2197 2758 relicti,
2224 2720 2257 2751 in
2287 2720 2341 2751 ali·

1268 2762 1357 2803 quod
1381 2762 1556 2793 litterarum
1580 2763 1774 2804 exemplum,
1793 2763 2028 2804 interpolatoris
2052 2763 2219 2795 cuiusdam
2243 2774 2342 2796 manu

1269 2816 1400 2847 operam
1424 2813 1619 2847 praestante,
1643 2807 1808 2847 irreperet:
1834 2817 1915 2849 quae
1947 2815 2055 2839 tamen
2079 2808 2111 2839 in
2135 2808 2203 2839 aliis
2235 2819 2342 2840 emen-

1268 2850 1442 2881 datioribus
1470 2851 1622 2892 exemplis
1655 2852 1740 2892 apud
1764 2851 2014 2893 Dargentraeum
2046 2852 2190 2894 aliosque
2222 2853 2343 2884 deside-

1268 2902 1362 2926 ratur.
1380 2898 1423 2926 At
1436 2895 1507 2935 ipso
1531 2895 1658 2926 volente
1679 2906 1714 2927 ac
1738 2897 1908 2927 mandante
1928 2896 2090 2937 Stephano
2107 2898 2145 2928 de
2160 2898 2342 2937 Bourretto,

1268 2939 1383 2974 inserta
1406 2949 1443 2970 ea
1464 2940 1559 2970 verba
1583 2940 1708 2971 fuerint.
1734 2941 1808 2972 Non
1833 2941 1932 2972 alium
1965 2941 2076 2983 utique
2109 2951 2238 2972 sensum
2269 2942 2342 2974 effe-

1268 2991 1361 3022 runt,
1386 2983 1446 3014 nisi
1470 2984 1619 3015 articulos
1642 2985 1734 3023 illos,
1759 2985 1784 3016 si
1809 2995 1892 3027 quos
1921 2985 2064 3017 docuerit
2086 2986 2246 3028 Aquinas,
2271 2997 2343 3018 cen-

1268 3038 1358 3059 surae
1383 3035 1459 3059 nota
1487 3029 1629 3067 sublata,
1653 3029 1748 3060 libere
1772 3029 1805 3061 in
1829 3030 1946 3061 scholis
1976 3030 2056 3061 tradi
2086 3041 2122 3062 ac
2147 3031 2343 3072 propugnari

1267 3083 1371 3114 posse.
1405 3073 1481 3103 Inde
1511 3083 1587 3104 vero
1620 3073 1684 3104 iam
1717 3074 1849 3115 collige,
1874 3075 2039 3106 laudatum
2072 3075 2270 3116 Stephanum
2302 3076 2342 3108 de

1266 3117 1456 3156 Bourretto,
1489 3117 1545 3159 qui
1582 3118 1789 3149 Parisiensem
1822 3119 2003 3150 cathedram
2035 3130 2120 3150 anno
2156 3121 2232 3151 1321
2267 3130 2342 3152 con·

1267 3162 1407 3200 scendit,
1439 3162 1477 3192 ab
1510 3162 1581 3202 ipso
1604 3162 1751 3204 indeptae
1784 3163 1865 3194 sedis
1891 3163 1982 3195 initio
2015 3174 2082 3195 non
2115 3164 2158 3195 ita
2190 3163 2343 3206 Stephani

1267 3206 1420 3247 Tempier
1442 3206 1558 3237 litteras
1591 3207 1736 3238 habuisse
1760 3207 1793 3238 in
1822 3208 1944 3249 pretio,
1964 3208 2043 3250 quin
2076 3208 2225 3240 articulos
2249 3209 2341 3249 illos,

1267 3251 1384 3292 quibus
1407 3252 1594 3291 tangebatur
1625 3259 1680 3283 aut
1702 3252 1788 3292 tangi
1811 3253 1977 3284 videbatur
2003 3253 2152 3284 Thomae
2181 3253 2340 3293 doctrina,

1267 3295 1382 3326 liberae
1406 3295 1630 3336 magistrorum
1654 3297 1888 3339 doctorumque
1917 3297 2106 3328 discussioni
2137 3297 2340 3339 permitteret.

1267 3340 1329 3371 Sed
1353 3347 1384 3371 et
1397 3347 1499 3378 antea,
1516 3347 1660 3381 tempore
1679 3340 1818 3372 Simonis
1834 3342 1872 3372 de
1886 3342 2035 3381 Buciaco,
2055 3342 2111 3384 qui
2134 3342 2242 3373 sedem
2256 3351 2340 3374 eam-

1268 3385 1341 3415 dem
1357 3394 1442 3415 anno
1465 3384 1545 3425 1289
1557 3385 1704 3424 obtinuit,
1721 3386 1885 3428 tenuitque
1895 3387 1935 3417 ad
1945 3396 2067 3417 annum
2083 3387 2176 3427 1304,
2193 3385 2340 3418 Godefri-

1267 3429 1327 3459 dus
1343 3429 1381 3460 de
1396 3429 1563 3467 Fontibus,
1580 3429 1702 3470 insigne
1726 3441 1830 3462 sacrae
1853 3431 1878 3462 F
1880 3431 2023 3462 acultatis
2044 3431 2165 3470 lumen,
2182 3429 2339 3472 quaestio-

1267 3484 1342 3504 nem
1359 3481 1502 3505 moverat
1525 3474 1722 3512 Quodlibeto
1741 3475 1811 3513 XII,
1836 3482 1956 3517 quaest.
1973 3485 2004 3514 v,
2027 3475 2142 3506 Utrum
2162 3475 2340 3516 Episcopus

1267 3519 1460 3550 Parisiensis
1476 3524 1588 3559 peccet
1611 3520 1644 3550 in
1667 3519 1727 3550 hoc
1749 3520 1835 3561 quod
1857 3520 1973 3551 omittit
1995 3520 2162 3561 corrigere
2205 3518 2337 3550 uosdam

1267 3563 1423 3594 articulos
1445 3573 1465 3594 a
1485 3563 1736 3595 Praedecessore
1750 3573 1810 3595 suo
1834 3562 2019 3606 (Stephano
2036 3529 2205 3604 Tempiess
2225 3563 2338 3594 conde-

1268 3613 1403 3638 mnatos.
1424 3607 1588 3638 Prolixum
1603 3607 1742 3639 referunt
1759 3608 1869 3639 locum
1884 3607 2046 3639 Echardus
2061 3607 2094 3638 in
2107 3606 2222 3648 Elogio
2240 3607 2338 3639 sancti
