2548 4192
201 277 292 302 CCLll

270 357 284 372 α
303 345 355 375 Ad
372 346 491 376 Malui.
509 345 604 375 Invit.
633 343 744 375 Carnis
772 343 960 373 Dominicae
985 343 1095 373 datum
1129 342 1273 373 edulium

202 402 216 416 ιι
235 389 344 421 laudet
367 389 497 420 mirifice
521 390 611 420 turba
628 388 781 418 fidelium.
798 388 966 428 Hymnus,
982 387 1082 417 Sacris
1099 387 1272 418 solemniis.

202 447 217 461 »
236 434 276 465 In
306 445 330 466 ι.
356 436 448 466 Noct.
473 434 601 474 Antiph.
627 433 766 473 Lignum
795 433 828 462 in
862 432 985 462 mundo
1018 431 1272 471 complantatum

201 490 215 505 »
236 489 340 510 sacrae
354 479 501 519 VirginiS,
513 478 604 508 nobis
619 477 734 517 gratiae
750 483 894 516 tempore
909 476 1049 506 fructum
1064 475 1150 506 dedit
1164 476 1271 507 dulce-

201 535 215 550 »
236 524 327 555 dinis.
340 525 457 555 Psalm.
475 524 590 553 Beatus
606 522 663 559 vir,
682 531 753 551 cum
771 521 913 561 reliquis.
930 521 1006 550 Ant.
1019 519 1141 550 Vinum
1151 520 1272 551 factum

201 580 216 595 2»
236 569 430 609 Sanguinem
449 567 594 598 Christus
619 565 777 605 elargitur,
807 575 844 595 ex
867 575 934 605 quo
955 574 1045 594 mens
1070 564 1272 595 dulcedinem

202 625 216 640 ιν
237 613 363 654 spiritus
384 612 521 642 sortitur.
538 612 613 640 Ant.
634 609 794 640 Dominus
814 619 881 639 sors
902 609 1006 640 calicis
1027 615 1059 639 et
1079 609 1271 648 hereditatis,

202 670 216 685 ›>
236 658 330 688 calice
354 667 435 698 quos
459 655 558 686 reficis
574 654 670 694 iunge
693 653 801 684 beatis.
828 658 856 683 it.
874 654 995 684 Panem
1019 653 1057 683 de
1082 653 1180 684 caelo.

268 715 282 729 s
302 702 409 732 Lectio
428 711 449 730 1.
475 698 523 742 (a)
544 698 715 729 Transiens
733 697 770 728 de
791 698 914 728 mundo
931 698 971 728 ad
987 697 1112 728 Patrem
1129 697 1272 728 Salvator

201 758 215 773 »
235 753 342 777 noster
365 744 523 776 Dominus
550 744 635 774 Iesus
660 742 824 780 Christus,
850 753 925 773 cum
953 749 1080 782 tempus
1114 742 1270 782 passionis

200 803 214 817 »
234 790 372 828 instaret,
397 795 524 829 sumpta
548 798 657 825 coena,
682 787 715 818 in
734 787 924 817 memoriam
948 787 1059 817 mortis
1083 797 1158 817 suae
1181 787 1270 818 insti-

200 847 213 861 »
233 835 293 866 tuit
316 843 481 865 summum
505 840 535 863 et
558 831 765 872 magnificum
788 832 837 862 sui
862 831 1015 872 Corporis
1039 839 1070 862 et
1101 832 1270 871 Sanguinis

200 891 214 906 »
235 880 484 915 Sacramentum,
505 877 633 918 Corpus
656 877 689 907 in
706 877 814 907 cibum
833 884 864 907 et
880 876 1074 916 Sanguinem
1098 876 1130 906 in
1154 883 1270 916 potum

199 935 213 951 s
233 924 411 955 tribuendo.
430 923 514 953 Nam
537 922 804 963 quotiescumque
832 931 949 962 panem
981 921 1068 952 hunc
1098 922 1269 952 manduca-

199 981 213 995 »
233 979 306 999 mus
327 975 358 999 et
376 967 506 999 calicem
529 966 679 1005 bibimus,
704 973 842 997 mortem
856 966 989 996 Domini
1006 964 1053 1008 (b)
1068 965 1268 997 nunciamus.

198 1025 212 1040 »
233 1014 268 1043 In
291 1012 490 1044 institutione
513 1011 646 1053 quidem
669 1011 765 1042 huius
793 1010 944 1041 salutiferi
969 1010 1162 1041 sacramenti
1193 1010 1270 1041 dixit

198 1069 212 1084 ³
231 1058 298 1098 ipse
322 1056 504 1098 Apostolis:
529 1057 601 1087 Hoc
624 1055 714 1087 facite
735 1056 768 1086 in
785 1065 891 1086 meam
916 1055 1268 1094 commemorationem,

198 1114 212 1129 >›
232 1109 268 1133 ut
290 1102 499 1143 praecipuum
529 1101 714 1131 memoriale
743 1100 792 1131 sui
816 1100 933 1130 amoris
962 1100 1088 1138 eximii,
1112 1110 1179 1141 quo
1209 1110 1269 1130 nos

197 1159 212 1174 ²
233 1147 350 1186 dilexit,
375 1153 456 1178 esset
479 1145 571 1177 nobis
594 1145 656 1176 hoc
680 1143 726 1188 (c)
750 1144 926 1185 pretiosum
960 1151 991 1175 et
1013 1144 1190 1175 venerabile
1214 1145 1268 1175 Sa-

197 1204 211 1219 »
232 1199 439 1223 eramentum.
458 1192 612 1231 Respons.
637 1190 798 1221 Mundum
821 1199 939 1220 vocans
967 1189 1008 1219 ad
1032 1190 1104 1229 agni
1130 1190 1268 1230 nuptias,

196 1248 211 1263 ›
231 1236 310 1267 hora
338 1247 454 1268 coenae
486 1234 729 1277 paterfamilias,
760 1234 891 1275 saginati
927 1233 1018 1264 vituli
1049 1234 1149 1264 varias
1179 1242 1270 1274 parat

172 1311 177 1316 ,
196 1294 211 1309 »
232 1281 368 1312 delicias.
384 1287 413 1312 v.
431 1282 482 1312 Ad
512 1280 574 1310 hoc
598 1279 783 1310 convivium
808 1286 874 1310 tam
896 1278 1160 1319 permagnificum
1175 1286 1269 1310 vocat

197 1338 210 1353 »
232 1336 288 1366 per
317 1326 437 1356 Filium
466 1331 595 1356 coetum
626 1324 829 1355 catholicum.
847 1322 996 1363 saginati.

263 1384 278 1398 »
298 1371 406 1402 Lectio
430 1381 464 1402 11.
491 1368 539 1412 (d)
563 1366 771 1400 Memorabile
795 1374 856 1405 est,
890 1367 1039 1408 inquam,
1064 1367 1207 1398 mirabile
1232 1378 1268 1398 ac

196 1427 210 1441 ³·
231 1416 437 1456 stupendum,
464 1413 646 1445 delectabile
667 1423 702 1444 ac
721 1423 827 1450 suave,
845 1410 890 1455 (e)
911 1411 1110 1442 carissimum
1126 1419 1157 1443 et
1173 1422 1268 1452 super

195 1472 210 1487 »
230 1461 339 1491 omnia
362 1460 556 1501 pretiosum:
581 1458 613 1488 in
637 1468 703 1499 quo
728 1458 879 1488 innovata
907 1462 982 1486 sunt
1005 1456 1094 1496 signa
1118 1463 1148 1487 et
1173 1456 1267 1487 mira-

196 1517 210 1532 »
230 1505 304 1536 bilia
334 1505 512 1536 immutata.
532 1504 565 1533 In
583 1513 649 1543 quo
673 1503 806 1533 habetur
830 1511 927 1531 omne
951 1500 1218 1532 delectamentum
1237 1508 1268 1532 et

196 1561 209 1575 ι·
231 1551 336 1581 omnis
362 1549 482 1590 saporis
506 1547 662 1584 suavitas,
686 1547 819 1587 ipsaque
852 1545 988 1576 dulcedo
1012 1545 1146 1576 Domini
1169 1545 1266 1585 degu—

195 1606 210 1621 >
230 1602 337 1626 statur.
356 1595 390 1625 In
420 1604 486 1635 quo
518 1592 628 1632 utique
655 1591 737 1622 vitae
765 1590 951 1630 suffragium
981 1591 1208 1631 consequimur
1237 1597 1267 1621 et

195 1651 210 1665 »
230 1640 349 1670 salutis.
374 1639 446 1670 Hoc
471 1645 517 1668 est
539 1636 723 1667 memoriale
748 1635 979 1673 dulcissimum,
994 1635 1180 1667 memoriale
1196 1646 1267 1666 san-

195 1695 209 1710 »
230 1684 417 1721 cfissimum,
443 1681 628 1713 memoriale
653 1679 847 1711 salvificum:
868 1679 901 1710 in
917 1690 984 1721 quo
1007 1686 1128 1719 gratam
1145 1681 1266 1712 redem-

195 1741 209 1755 »
230 1728 348 1769 ptionis
366 1734 490 1758 nostrae
505 1735 705 1757 recensemus
722 1725 922 1756 memoriam.
940 1726 974 1755 In
990 1734 1056 1765 quo
1072 1735 1090 1754 a
1106 1726 1192 1756 malo
1218 1735 1265 1756 re-

195 1785 209 1799 »
229 1773 393 1811 trahimur,
405 1771 623 1803 confortamur
633 1770 666 1801 in
676 1771 765 1801 bono
779 1776 811 1800 et
825 1770 865 1800 ad
877 1769 1033 1801 virtutum
1048 1776 1079 1800 et
1094 1770 1266 1810 gratiarum

194 1829 208 1843 ²
228 1817 412 1858 proficimus
436 1817 678 1847 incrementum.
698 1815 732 1845 In
762 1824 829 1856 quo
859 1813 1003 1855 profecto
1027 1811 1083 1856 (f)
1107 1814 1266 1846 reficimur

194 1874 208 1889 s
227 1862 326 1903 ipsius
358 1861 514 1902 corporali
539 1859 715 1900 praesentia
737 1859 915 1890 Salvatoris.
934 1860 1127 1899 Responsor.
1144 1860 1265 1891 Datum

194 1919 208 1933 >›
229 1907 352 1938 mundo
383 1907 414 1937 in
446 1906 527 1936 vitae
557 1904 715 1935 ferculum
744 1903 872 1944 Corpus
904 1903 1042 1942 Christi,
1073 1904 1208 1944 Sanguis
1232 1904 1263 1935 in

194 1963 208 1978 »
228 1951 395 1992 poculum,
426 1957 552 1981 mutant
582 1949 677 1989 digne
702 1955 883 1979 sumentem
911 1948 1072 1989 populum
1101 1956 1167 1979 tam
1192 1959 1263 1980 san-

193 2008 208 2023 »
229 2003 316 2027 ctum
338 1996 502 2037 pabulum.
520 2000 549 2026 v.
566 1995 658 2025 Pater
681 2003 820 2034 namque
850 1993 1018 2034 proprium
1049 1993 1167 2024 Filium
1199 1994 1264 2024 via-

193 2052 207 2067 »
227 2041 288 2072 tori
318 2041 370 2072 dat
399 2041 432 2071 in
462 2039 623 2070 solatium.
640 2039 724 2069 Tam
752 2045 907 2069 sanctum.

260 2098 274 2113 »
294 2086 401 2117 Lectio
420 2095 468 2115 111.
486 2084 557 2115 Alia
576 2093 727 2124 namque,
751 2092 892 2124 quorum
917 2082 1107 2113 memoriam
1128 2083 1263 2123 agimus,

192 2141 206 2156 »
227 2130 338 2171 spiritu
369 2136 539 2170 menteque
568 2127 829 2168 complectimur3
855 2127 911 2158 sed
945 2137 1011 2158 non
1041 2134 1171 2168 propter
1202 2128 1263 2159 hoc

191 2186 206 2201 »
227 2175 342 2205 realem
371 2184 483 2204 eorum
513 2172 723 2213 praesentiam
748 2172 941 2203 obtinemus.
961 2172 995 2202 In
1019 2172 1078 2203 hac
1106 2182 1181 2203 vero
1209 2173 1263 2204 Sa-

191 2231 206 2246 »
226 2219 376 2251 eramenti
410 2218 527 2250 Christi
557 2217 865 2248 commemoratione
900 2216 968 2257 ipse
999 2216 1144 2248 Christus
1175 2227 1264 2258 pra&

190 2275 205 2290 ν
226 2275 296 2295 sens
327 2262 378 2307 (g)
410 2262 615 2303 corporaliter
642 2268 673 2292 et
701 2261 851 2292 veraciter
873 2267 920 2292 est
944 2261 1124 2292 nobiscum.
1144 2264 1263 2293 Ascen-

191 2321 206 2335 »
227 2319 318 2340 surus
353 2308 439 2339 enim
473 2307 505 2338 in
542 2307 667 2337 caelum
700 2306 777 2337 dixit
814 2306 979 2346 Apostolis
1010 2315 1188 2348 eorumque
1216 2317 1262 2338 se-

191 2365 206 2380 »
226 2354 394 2395 quacibus:
418 2353 498 2383 Ecce
515 2361 575 2392 ego
598 2351 765 2382 vobiscum
780 2360 851 2381 sum
867 2350 1019 2381 omnibus
1033 2350 1146 2382 diebus
1161 2361 1263 2393 usque

188 2410 203 2424 ν
224 2399 263 2429 ad
291 2397 603 2429 consummationem
633 2395 759 2426 saeculi.
778 2395 918 2436 Benigna
934 2393 983 2438 (h)
1003 2395 1103 2436 ipsius
1127 2396 1262 2436 promis-

189 2455 204 2470 »
224 2443 313 2473 sione
328 2441 557 2479 confortantur,
574 2440 649 2481 quia
665 2446 840 2471 remaneret
862 2446 892 2470 et
914 2446 995 2470 esset
1016 2450 1091 2472 cum
1106 2440 1150 2471 eis
1166 2441 1262 2472 etiam

189 2499 204 2514 »
224 2497 280 2528 per
310 2486 519 2527 praesentiam
549 2485 748 2525 corporalem
772 2482 822 2526 (i).
850 2484 923 2521 Qua
953 2491 1091 2516 mortem
1119 2491 1261 2517 nostram

189 2544 204 2559 w
224 2531 394 2563 recolimus
418 2537 599 2567 mortuam,
624 2536 834 2569 nostrumque
863 2528 1032 2559 interitum
1064 2530 1146 2560 vitae
1170 2530 1260 2561 obitu

189 2589 203 2603 »
224 2576 395 2607 interiisse:
417 2585 451 2606 ac
468 2575 592 2614 lignum
615 2573 788 2610 vivificum,
805 2572 893 2613 ligno
909 2573 1021 2604 mortis
1039 2573 1180 2612 affixum,
1197 2574 1261 2606 fru-

189 2633 204 2648 »
225 2628 312 2652 ctum
335 2620 428 2650 nobis
452 2618 592 2650 attulisse
616 2618 735 2648 salutis.
752 2618 907 2658 Respons.
925 2618 1067 2648 Verbum
1083 2629 1155 2649 caro
1176 2620 1260 2650 carni

188 2678 203 2693 ι
224 2665 437 2705 coniungitur,
454 2664 486 2694 in
506 2672 570 2704 qua
593 2663 683 2703 panis
707 2668 819 2693 natura
843 2661 951 2700 utitur,
970 2672 1061 2693 verus
1078 2662 1166 2693 cibus
1184 2673 1260 2694 con-

190 2723 204 2737 »
224 2709 346 2747 ficitur,
371 2718 437 2750 quo
463 2707 607 2739 Christus
631 2706 777 2737 sumitur.
803 2711 831 2737 v.
860 2705 952 2737 Solae
983 2706 1074 2746 panis
1098 2714 1262 2738 remanent

188 2766 203 2781 »
225 2754 355 2795 species,
371 2753 404 2784 in
421 2763 500 2794 quas
516 2762 627 2783 sensus
643 2751 778 2782 intendit
793 2750 885 2782 acies.
903 2750 1005 2782 Verus
1021 2751 1120 2782 cibus.
1140 2751 1259 2783 Gloria.

256 2810 270 2825 ι·
290 2798 330 2829 In
357 2808 374 2828 2
399 2798 492 2828 Noct.
510 2797 638 2837 Antiph.
657 2795 805 2827 Sacrificii
824 2794 964 2826 Domine
984 2805 1110 2826 memor
1133 2802 1200 2827 esto
1224 2795 1261 2826 fi-

190 2856 203 2870 »
224 2843 355 2880 delium,
379 2842 496 2883 quibus
520 2840 620 2872 carnis
645 2850 719 2871 cum
744 2839 897 2880 sanguine
921 2840 976 2870 das
1002 2839 1120 2880 pingue
1144 2840 1260 2871 sacrifi-

189 2900 203 2915 »
224 2888 319 2918 cium.
331 2888 450 2918 Psalm.
463 2885 713 2917 Exaudiet.Ant.
726 2884 906 2915 Praeclarus
927 2891 974 2915 est
995 2884 1073 2915 calix
1092 2884 1260 2924 inebrians,

189 2945 203 2960 »
223 2938 405 2973 praeparata
429 2941 539 2962 mensa
558 2940 618 2970 nos
635 2929 761 2967 satians,
779 2939 818 2959 ne
834 2928 963 2960 tribulet
978 2929 1078 2960 hostis
1097 2929 1258 2960 insidians.

190 2990 204 3005 »
224 2977 309 3008 Psal.
335 2975 496 3007 Dominus
520 2975 607 3015 regit.
633 2975 708 3005 Ant.
735 2974 817 3005 Vera
844 2972 900 3004 fiat
923 2973 1102 3013 confessio,
1127 2974 1207 3005 adsit
1231 2981 1262 3005 et

189 3034 203 3049 x·
224 3021 390 3059 exultatio,
415 3031 513 3051 sonus
537 3019 577 3050 sit
600 3019 632 3050 in
657 3018 804 3049 convivio
836 3018 994 3059 epulantis
1027 3028 1101 3049 cum
1129 3018 1259 3059 gaudio.

190 3079 204 3093 >v
223 3067 309 3097 Psal.
327 3065 623 3103 Quemadmodum.
640 3068 669 3094 v.
688 3062 814 3094 Cibavit
833 3072 898 3094 eos.

256 3123 270 3137 »
290 3111 397 3141 Lectio
414 3120 453 3140 tv.
466 3109 553 3140 Haec
570 3107 835 3139 commemoratio
852 3107 1002 3147 gloriosa,
1020 3116 1102 3148 quae
1116 3106 1260 3138 fidelium

188 3167 203 3182 »
224 3155 349 3185 animos
372 3154 470 3195 replet
492 3153 610 3193 gaudio
635 3152 773 3189 salutari,
798 3159 828 3183 et
853 3161 928 3182 cum
946 3151 1108 3183 infusione
1126 3151 1261 3183 laetitiae

190 3212 204 3227 »
225 3198 402 3230 devotionis
438 3198 592 3239 lacrymas
625 3196 851 3228 subministrat.
878 3196 1067 3227 Exultamus
1094 3196 1259 3235 nimirum,

188 3254 202 3270 2
223 3250 364 3276 nostram
380 3242 624 3273 rememorando
639 3242 825 3279 libertatem
842 3247 872 3272 et
888 3241 1058 3272 recolendo
1078 3241 1260 3282 passionem

189 3301 203 3315 »
223 3288 437 3325 Dominicam,
454 3296 510 3327 per
533 3296 631 3328 quam
654 3286 774 3316 liberati
799 3295 922 3323 sumus,
939 3285 990 3316 vix
1013 3285 1167 3327 lacrymas
1183 3295 1259 3317 con-

240 3400 279 3433 (a)
298 3399 473 3430 Transiturus,
493 3398 517 3423 in
538 3398 611 3422 Bulla
631 3397 726 3422 Urbani
747 3397 788 3422 lV.

241 3435 278 3467 (b)
298 3434 500 3460 Annunciamus.

240 3470 276 3503 (c)
297 3471 468 3495 Praecelsum.

241 3506 282 3539 (d)
301 3506 458 3530 Memoriale-

241 3541 277 3573 (e)
296 3541 476 3566 Tutissimum.

241 3576 284 3609 (s)
303 3575 463 3601 Proficimus.

188 3646 212 3670 b·
243 3610 283 3643 (g)
303 3611 355 3635 Sub
384 3611 431 3636 alia
460 3611 565 3644 quidem
588 3611 685 3641 forma,
714 3611 737 3635 in
763 3610 866 3643 propria
895 3617 958 3634 vero
982 3609 1124 3634 substantia
1148 3613 1187 3633 est
1211 3615 1258 3633 no-

207 3653 296 3671 iseum.

917 263 1377 301 DISSERTATIONES
1408 265 1656 303 CRITICAE

1330 356 1345 371 s
1364 344 1512 376 tinemus.
1530 346 1566 376 In
1581 346 1640 377 hac
1662 346 1769 387 itaque
1793 348 2001 380 sacratissima
2017 349 2327 381 commemoratione
2352 352 2407 381 ad-

1330 401 1345 416 »
1366 396 1440 420 sunt
1463 390 1555 420 nobis
1580 390 1741 421 suavitatis
1765 392 1930 432 gaudium,
1955 393 2052 424 simul
2076 401 2107 425 et
2129 395 2303 435 lacrymae,
2331 395 2407 436 quia

1331 445 1345 460 »
1365 440 1396 464 et
1419 434 1452 464 in
1476 444 1512 464 ea
1536 433 1576 477 (l)
1601 435 1777 474 gaudemus
1810 437 1862 477 pie
1892 437 2102 479 lacrymantes
2135 446 2166 470 et
2193 439 2407 480 lacrymamur

1330 490 1345 504 »
1365 478 1478 509 devote
1502 480 1694 519 gaudentes,
1714 480 1810 511 laetas
1833 481 1981 513 habendo
2005 483 2160 524 lacrymas
2193 490 2224 514 et
2254 484 2406 514 laetitiam

1330 534 1344 549 »
1365 522 1603 564 lacrymantem.
1639 524 1725 562 Quia
1757 532 1788 556 et
1820 535 1875 556 cor
1907 534 2054 558 nostrum
2086 528 2206 568 ingenti
2240 528 2406 568 perfusum

1329 579 1344 594 »
1359 567 1502 606 gaudio,
1527 566 1587 611 (m)
1612 579 1668 609 per
1691 570 1804 600 oculos
1837 570 1933 601 stillat
1964 578 2080 611 guttas.
2105 572 2135 604 Ο
2159 572 2258 603 divini
2287 573 2406 603 amoris

1329 623 1343 638 ν
1364 611 1571 651 immensitas,
1596 611 1646 655 (n)
1670 613 1788 645 nimiae
1810 614 1934 655 pietatis
1967 616 2180 655 abundantia,
2206 617 2330 648 divinae
2359 617 2405 648 af—

1329 668 1343 682 »
1365 655 1494 687 fluentia
1517 657 1683 697 largitatis!
1707 658 1862 699 Respons.
1886 660 2083 700 Pauperibus
2108 667 2197 701 parat
2221 661 2406 693 convivium

1329 712 1343 727 »
1365 700 1462 738 Iesus,
1486 700 1519 730 in
1544 711 1643 731 coena
1667 702 1745 732 dans
1771 713 1887 744 corpus
1910 703 2038 744 ipsum,
2063 711 2100 735 ut
2122 705 2155 735 in
2178 705 2229 736 via
2253 706 2292 737 sit
2314 706 2405 738 viati-

1329 757 1343 772 »
1364 754 1449 783 cum,
1474 745 1530 785 qui
1554 745 1680 776 futurus
1704 753 1751 777 est
1774 747 1818 777 eis
1838 748 2026 788 praemium.
2045 754 2074 780 v.
2101 750 2277 790 Apostolos
2302 751 2403 791 signat

1328 802 1343 816 »
1363 789 1531 826 character,
1557 796 1593 820 ut
1616 790 1763 830 deinceps
1783 791 1906 831 possint
1924 792 2089 824 conficere.
2115 794 2181 831 Qui
2205 794 2340 826 futurus.

1396 846 1410 860 »0
1430 834 1538 864 Lectio
1562 844 1592 864 v.
1609 834 1705 865 Dedit
1727 835 1815 865 enim
1837 836 1998 867 Dominus
2022 837 2143 875 omnia,
2163 848 2246 879 quae
2270 839 2405 870 subiecit

1328 891 1342 906 »
1363 878 1422 908 sub
1446 878 1580 918 pedibus
1603 879 1718 909 nostris
1747 886 1778 910 et
1801 889 1896 919 super
1924 881 2086 912 universas
2119 889 2217 913 terrae
2246 890 2401 915 creaturas

1327 935 1341 950 »
1362 922 1498 953 contulit
1520 923 1613 953 nobis
1637 923 1773 954 dominii
1796 924 2012 964 principatum
2040 932 2072 956 et
2094 926 2244 958 ministris
2272 926 2316 970 (f.
2343 928 2402 958 mi·

1327 980 1342 994 x»
1363 965 1510 1009 nisteriis)
1535 967 1707 1007 spirituum
1722 978 1937 1008 supernorum
1953 969 2099 1000 nobilitat
2122 977 2153 1001 et
2176 970 2327 1002 sublimat
2339 972 2400 1003 ho-

1327 1025 1341 1039 »
1365 1012 1460 1042 minis
1484 1011 1680 1052 dignitatem.
1697 1013 1966 1044 Administratorii
1986 1024 2125 1056 namque
2149 1021 2224 1046 sunt
2239 1025 2352 1046 omnes
2368 1016 2402 1047 in

1326 1069 1340 1083 »
1361 1056 1574 1087 ministerium
1599 1063 1729 1097 propter
1752 1067 1819 1095 eos,
1839 1058 1895 1099 qui
1919 1058 2127 1090 hereditatem
2152 1059 2282 1100 capiunt
2306 1060 2402 1091 desti·

1327 1114 1341 1129 »
1361 1101 1436 1132 nati.
1459 1101 1500 1132 Et
1525 1111 1599 1131 cum
1622 1108 1689 1132 tam
1713 1102 1845 1142 copiosa
1868 1102 1975 1134 fecerit
1999 1113 2072 1143 erga
2094 1114 2154 1134 nos
2179 1103 2246 1135 eius
2278 1105 2400 1145 magni-

1327 1159 1341 1174 »
1358 1145 1501 1188 ‘ficentia,
1526 1146 1637 1176 volens
1661 1146 1765 1177 adhuc
1788 1147 1856 1187 ipse
1879 1147 1912 1178 in
1935 1148 2029 1178 nobis
2052 1158 2145 1179 suam
2177 1149 2400 1180 exuberantem

1326 1203 1340 1218 s
1361 1191 1521 1222 caritatem
1553 1191 1723 1231 praecipua
1754 1191 1938 1223 liberalitate
1970 1199 2167 1230 monstrare,
2191 1194 2401 1234 semetipsum

1325 1248 1340 1262 »
1360 1236 1452 1266 nobis
1469 1235 1611 1266 exhibuit
1633 1242 1664 1266 et
1682 1236 1905 1267 transcendens
1928 1246 2061 1267 omnem
2084 1237 2318 1278 plenitudinem
2339 1239 2401 1269 lar·

1326 1293 1340 1307 »
1360 1280 1484 1320 gitatis,
1509 1290 1704 1321 omnemque
1728 1281 1865 1312 modum
1889 1281 2066 1312 dilectionis
2095 1282 2267 1321 excedens,
2291 1282 2400 1314 tribuit

1326 1337 1339 1351 »
1361 1335 1393 1355 se
1416 1325 1449 1355 in
1473 1325 1591 1356 cibum.
1618 1325 1727 1362 Quam
1759 1325 1925 1366 singularis
1949 1332 1980 1357 et
2003 1326 2189 1357 admiranda
2219 1326 2398 1366 liberalitas,

1325 1382 1339 1397 2»
1359 1369 1413 1399 ubi
1439 1369 1576 1400 donator
1597 1370 1685 1400 venit
1706 1369 1740 1400 in
1760 1370 1884 1401 donum
1908 1377 1939 1401 et
1962 1371 2073 1401 datum
2097 1377 2144 1401 est
2162 1370 2248 1401 idem
2271 1372 2399 1412 penitus

1324 1426 1338 1440 »
1360 1423 1434 1444 cum
1459 1414 1586 1445 datore!
1611 1415 1804 1455 Responsor.
1829 1415 1923 1445 Panis
1947 1415 2073 1446 oblatus
2097 1415 2226 1446 caelitus
2249 1416 2282 1446 in
2311 1416 2399 1447 altari

1325 1471 1339 1485 »
1361 1458 1569 1498 proponitur,
1595 1468 1631 1489 ex
1655 1469 1721 1499 quo
1745 1459 1825 1489 bene
1849 1459 2021 1500 dispositus
2045 1460 2146 1490 homo
2171 1467 2277 1491 mente
2301 1460 2399 1492 refici-

1325 1515 1339 1530 »
1359 1509 1419 1533 tur.
1436 1508 1465 1533 v.
1483 1502 1729 1533 Consortantem
1748 1513 1803 1534 cor
1818 1514 1935 1544 panem
1959 1504 2074 1535 sumite
2098 1511 2130 1535 et
2152 1514 2211 1545 pro
2227 1505 2303 1535 vino
2320 1505 2399 1536 San-

1325 1560 1339 1574 »
1358 1547 1490 1587 guinem
1514 1547 1620 1578 bibite.
1637 1547 1684 1577 Ex
1707 1557 1784 1588 quo.

1392 1604 1406 1618 »
1425 1592 1534 1622 Lectio
1558 1602 1599 1622 vr.
1626 1591 1735 1630 Quam
1753 1592 1838 1632 larga
1861 1599 1892 1623 et
1915 1593 2049 1633 prodiga
2072 1593 2218 1632 largitas,
2243 1603 2319 1624 cum
2345 1594 2398 1625 tri·

1323 1648 1338 1663 »
1358 1636 1428 1667 buit
1451 1636 1522 1677 quis
1546 1635 1707 1677 seipsum!
1739 1634 1806 1679 (o)
1837 1636 1878 1667 Et
1901 1636 1945 1667 sic
1978 1637 2130 1677 largiendi
2161 1638 2399 1678 superabundat

1324 1693 1338 1708 »
1359 1680 1499 1719 affectus,
1523 1691 1590 1722 quo
1614 1680 1823 1721 amplioribus
1847 1690 1953 1712 rerum
1977 1691 2084 1721 sparsa
2107 1681 2258 1721 donariis,
2282 1682 2315 1712 in
2338 1682 2398 1713 lar-

1323 1737 1338 1751 »
1358 1725 1513 1766 gitionem
1530 1725 1659 1766 insuper
1674 1725 1846 1756 effunditur
1862 1725 2029 1766 largitoris,
2045 1732 2135 1756 tanto
2154 1725 2281 1767 plenius
2297 1726 2398 1758 adim-

1323 1783 1338 1797 »
1358 1770 1453 1811 pleta,
1477 1776 1599 1811 quanto
1624 1769 1786 1810 copiosius
1810 1769 1918 1801 effusa.
1938 1770 2034 1802 Dedit
2057 1779 2132 1811 ergo
2155 1780 2189 1802 se
2212 1771 2305 1802 nobis
2330 1771 2397 1804 Sal-

1323 1827 1337 1841 »
1356 1821 1447 1846 vator
1469 1814 1503 1845 in
1526 1815 1694 1855 pabulum,
1720 1813 1773 1857 (p)
1798 1825 1854 1855 per
1877 1814 1986 1846 cibum
2008 1815 2077 1855 ipse
2100 1824 2160 1846 nos
2183 1815 2334 1847 relevaret
2355 1816 2396 1847 ad

1322 1871 1337 1887 »
1356 1859 1466 1891 vitam.
1498 1859 1540 1890 Et
1571 1859 1627 1900 qui
1660 1859 1771 1890 cecidit
1803 1859 1904 1890 homo
1938 1869 1994 1900 per
2033 1859 2142 1890 cibum
2175 1859 2254 1900 ligni
2286 1860 2396 1893 morti-

1321 1915 1336 1930 »
1357 1904 1434 1943 feri,
1467 1904 1622 1935 relevatus
1659 1910 1706 1935 est
1738 1903 1839 1934 homo
1872 1914 1928 1945 per
1961 1903 2067 1935 cibum
2100 1903 2177 1944 ligni
2211 1904 2325 1937 vitalis.
2361 1905 2398 1937 In

1322 1960 1336 1976 »
1356 1949 1413 1980 illo
1437 1948 1589 1990 pependit
1611 1958 1682 1979 esca
1705 1948 1828 1987 mortis,
1845 1948 1878 1979 in
1901 1948 1962 1980 isto
1985 1947 2068 1979 vitae
2091 1948 2291 1980 alimentum.
2308 1949 2397 1982 nlius

1321 2005 1335 2020 »
1356 2003 1428 2024 esus
1451 1993 1559 2024 intulit
1590 1993 1785 2031 laesionem,
1814 1993 1904 2024 istius
1935 1999 2048 2033 gustus
2080 1992 2186 2024 attulit
2217 1993 2395 2026 sanitatem.

1321 2049 1335 2064 ι
1356 2038 1477 2069 Gustus
1500 2037 1652 2068 sauciavit
1675 2043 1705 2068 et
1727 2044 1839 2078 gustus
1870 2037 2001 2068 sanavit.
2027 2037 2070 2068 Et
2091 2037 2178 2068 unde
2201 2035 2249 2080 (q)
2273 2038 2396 2070 malum

1321 2096 1335 2110 x
1356 2090 1403 2114 est
1425 2089 1544 2120 ortum,
1561 2081 1680 2122 prodiit
1703 2088 1734 2113 et
1757 2082 1881 2112 medela
1899 2088 1931 2112 et
1950 2081 2035 2112 unde
2051 2091 2139 2112 mors
2157 2081 2264 2120 subiit,
2283 2082 2396 2115 exinde

1321 2139 1335 2154 »
1355 2127 1419 2159 vita
1442 2127 1538 2158 venit.
1555 2127 1602 2158 De
1626 2126 1682 2157 illo
1709 2126 1868 2167 siquidem
1899 2132 1995 2166 gustu
2019 2125 2152 2157 dicitur:
2177 2126 2396 2169 Quocumque

1320 2184 1336 2199 »
1356 2173 1406 2203 die
1431 2171 1626 2207 comederis,
1650 2170 1804 2202 morieris.
1831 2171 1880 2202 De
1902 2170 1964 2202 isto
1987 2170 2119 2210 legitur:
2144 2170 2177 2201 Si
2200 2170 2272 2212 quis
2304 2181 2396 2204 man-

1319 2229 1334 2244 »
1355 2216 1515 2248 ducaverit
1547 2226 1584 2247 ex
1614 2216 1676 2246 hoc
1705 2226 1787 2256 pane
1818 2215 1904 2247 vivet
1935 2215 1968 2246 in
2002 2221 2176 2246 aeternum.
2200 2215 2395 2256 Responsor.

1320 2274 1335 2289 »
1355 2262 1500 2293 Granum
1519 2270 1688 2292 excussum
1711 2261 1812 2301 palea,
1837 2261 1951 2292 cadens
1969 2259 2003 2290 in
2022 2266 2138 2290 terram
2155 2259 2308 2291 moritur:
2325 2270 2396 2292 sur-

1320 2318 1334 2334 »
1354 2306 1399 2347 git
1422 2306 1534 2337 messis
1557 2305 1696 2343 triticea,
1721 2305 1759 2336 de
1782 2315 1847 2346 qua
1877 2303 1968 2346 panis
1992 2302 2177 2343 conficitur,
2204 2314 2271 2345 quo
2294 2304 2328 2336 in
2351 2305 2395 2337 nl-

1319 2363 1334 2379 »
1353 2350 1428 2382 taris
1453 2360 1524 2381 area
1547 2350 1636 2391 plebs
1659 2349 1828 2381 christiana
1851 2349 1999 2390 pascitur.
2014 2354 2045 2380 v.
2061 2347 2130 2379 Nisi
2146 2348 2232 2380 lotus
2249 2349 2288 2380 ab
2304 2350 2396 2389 omni

1319 2408 1334 2423 »
1354 2395 1468 2427 scelere
1500 2405 1567 2425 non
1591 2401 1773 2436 praesumat
1795 2404 1913 2436 panem
1944 2393 2030 2424 hunc
2059 2393 2160 2424 edere.
2193 2393 2270 2431 Quo
2293 2393 2327 2425 in
2350 2394 2393 2426 al-

1318 2440 1436 2471 ftan&
1454 2439 1574 2471 Gloria.

1386 2497 1400 2512 2
1420 2485 1461 2515 In
1483 2484 1509 2515 3
1527 2484 1620 2516 Noct.
1644 2484 1774 2524 Antiph.
1794 2484 1911 2514 Laetus
1932 2482 2073 2514 introibo
2089 2482 2131 2513 ad
2153 2482 2249 2514 altare
2272 2482 2344 2522 Dei,
2360 2483 2393 2515 in

1318 2542 1332 2557 ι
1353 2539 1420 2571 quo
1443 2538 1555 2560 vescor
1578 2538 1670 2559 carne
1693 2528 1862 2559 Salvator-is
1885 2527 1959 2558 mei.
1984 2527 2072 2558 Psat.
2096 2526 2213 2558 ludica.
2239 2527 2315 2559 Ant.
2339 2527 2393 2560 Ci-

1318 2586 1332 2601 »
1353 2574 1438 2605 bavit
1461 2583 1498 2604 ex
1521 2573 1614 2614 adipe
1637 2572 1784 2604 Christus
1802 2582 1862 2603 nos
1886 2571 2056 2603 frumenti:
2073 2571 2153 2602 illud
2176 2581 2252 2613 ergo
2267 2571 2394 2613 suscipe

1318 2630 1332 2646 »
1353 2628 1429 2649 cum
1444 2618 1539 2649 corde
1555 2617 1682 2648 fruenti.
1693 2617 1780 2648 Psal.
1791 2617 1948 2648 Exultate.
1957 2618 2034 2647 Ant.
2045 2615 2167 2647 Turtur
2181 2622 2228 2647 est
2241 2616 2393 2656 Ecclesia,

1319 2675 1333 2691 »
1354 2662 1433 2703 pulli
1448 2663 1537 2703 plebs
1560 2661 1672 2700 fidelis,
1689 2661 1807 2702 quibus
1825 2661 1902 2692 dant
1925 2660 2034 2692 altaria
2056 2660 2212 2700 pabulum
2231 2659 2270 2691 de
2286 2659 2390 2692 caelis.

1319 2719 1332 2734 »
1353 2707 1439 2738 Psal.
1459 2706 1567 2744 Quam
1591 2705 1714 2736 dilecta.
1737 2705 1824 2736 Vers.
1843 2704 1968 2736 Educas
1992 2713 2109 2744 panem
2128 2704 2167 2734 de
2190 2710 2280 2735 terra.
2294 2717 2309 2732 »

1383 2749 1521 2793 (Homil.
1546 2756 1582 2780 ut
1604 2749 1637 2780 in
1661 2749 1820 2790 opusculo
1844 2758 1868 2779 s.
1884 2746 2059 2790 Thomae.)
2081 2747 2235 2788 Respons.
2256 2757 2284 2789 7.
2305 2761 2320 2777 ‹
2333 2748 2391 2780 Fe-

1318 2807 1332 2822 »
1353 2795 1396 2826 lix
1413 2795 1497 2832 vitis,
1521 2803 1620 2835 quam
1643 2800 1731 2834 pater
1753 2793 1902 2824 omnium
1926 2791 2165 2833 transplantavit
2186 2792 2220 2823 in
2238 2792 2302 2824 hoc
2326 2792 2389 2824 exi-

1318 2851 1332 2867 »
1351 2839 1453 2877 lium,
1477 2839 1516 2870 de
1548 2848 1612 2879 qua
1644 2837 1715 2869 fluit
1745 2837 1859 2868 vinum
1891 2836 2074 2878 egregium,
2106 2843 2203 2877 potus
2235 2835 2390 2870 fidelium.

1318 2897 1333 2912 ι
1358 2884 1444 2915 Ver-s.
1457 2906 1466 2915 .
1477 2905 1504 2915 ..
1521 2883 1555 2914 in
1571 2882 1634 2914 fide
1657 2882 1768 2913 divites
1784 2888 1860 2913 sunt
1874 2881 1970 2913 huius
1985 2881 2057 2912 vitis
2076 2880 2233 2922 palmites.
2250 2881 2300 2913 De
2315 2892 2390 2924 qua.

1317 2940 1331 2956 ι
1350 2929 1544 2969 Responsor.
1563 2927 1593 2958 8.
1619 2927 1842 2958 Discedentem
1865 2926 1938 2957 hinc
1961 2925 2022 2957 Dei
2040 2925 2143 2956 filium
2167 2925 2261 2966 digne
2283 2926 2392 2959 laudet

1318 2985 1332 3001 »
1351 2972 1453 3004 fidelis
1477 2972 1605 3003 concio:
1623 2978 1699 3003 tunc
1723 2981 1756 3002 se
1780 2970 1867 3002 dedit
1882 2970 1974 3001 nobis
1990 2970 2042 3002 in.
2055 2993 2063 3002 .
2076 2992 2084 3001 .
2102 2969 2242 3011 pretioso
2259 2981 2390 3012 pascens

1318 3030 1332 3046 »
1353 3017 1512 3048 convivio.
1535 3017 1620 3048 Vers.
1647 3015 1853 3056 Quicumque
1876 3015 1971 3055 digne
2000 3025 2032 3046 se
2056 3013 2155 3046 reficit
2179 3021 2210 3046 et
2232 3015 2389 3048 caeli...-

1317 3074 1332 3090 ›
1351 3061 1521 3103 perficitur.
1546 3060 1700 3092 Pretioso-
1726 3060 1919 3100 Responsor.
1946 3069 1981 3101 9.
2012 3059 2205 3091 Terminatis
2236 3058 2390 3101 legalibus

1317 3119 1332 3135 »
1353 3106 1440 3144 cibis,
1465 3106 1610 3137 Christus
1633 3104 1769 3136 instituit
1791 3104 1911 3135 Pascha
1934 3114 2058 3135 novum
2080 3102 2248 3144 fidelibus,
2271 3103 2390 3146 quibus

1317 3163 1332 3178 »
1351 3161 1384 3182 se
1408 3151 1516 3182 cibum
1544 3149 1707 3191 praebuit:
1732 3149 1764 3180 in
1793 3158 1860 3190 quo
1892 3158 2039 3189 praesens
2072 3147 2291 3188 credentibus,
2314 3148 2390 3181 hinc

1317 3207 1331 3223 »
1352 3195 1535 3233 discedens,
1568 3204 1635 3225 non
1663 3193 1773 3225 defuit.
1806 3193 1892 3224 Vers.
1918 3193 2068 3224 Praesens
2090 3193 2124 3224 in
2148 3193 2263 3224 mentis
2286 3192 2388 3225 oculis

1316 3252 1331 3267 ν
1351 3240 1410 3271 sub
1429 3238 1622 3271 Sacramenti
1645 3238 1749 3279 specie
1773 3246 1898 3279 semper
1920 3244 1967 3269 est
1990 3247 2065 3269 cum
2093 3237 2275 3279 discipulis,
2299 3246 2387 3279 prae-

1316 3297 1331 3313 »
1350 3285 1428 3315 bens
1451 3283 1569 3315 fluenta
1587 3283 1713 3324 gratiae.
1732 3283 1766 3313 In
1790 3292 1867 3324 quo.
1885 3281 2005 3313 Gloria.

1368 3394 1407 3428 (h)
1428 3395 1527 3428 ipsos...
1547 3393 1703 3419 confortans.

1368 3430 1400 3464 (i)
1425 3430 1450 3455 O
1470 3430 1545 3461 digna
1565 3435 1590 3454 et
1609 3437 1741 3463 nunquam
1761 3428 1949 3454 intermittenda
1969 3428 2103 3460 memoria,
2123 3427 2148 3453 in
2168 3434 2227 3460 qm.

1367 3465 1399 3498 (1)
1424 3466 1633 3498 Congaudemus.

1367 3501 1417 3535 (ns)
1427 3501 1523 3526 Dulces
1541 3509 1588 3535 per
1605 3501 1704 3526 oculos.

1367 3538 1395 3571 (n
1427 3536 1535 3562 Divinae
1552 3535 1652 3571 pietatis
1671 3535 1912 3570 superabundantia.
2282 3566 2287 3572 ·

1367 3573 1395 3605 (ο
1426 3573 1496 3598 Haec
1515 3572 1540 3597 in
1559 3572 1632 3597 Bulla
1651 3571 1749 3597 Urbani
1767 3571 1802 3596 1v
1821 3570 1999 3596 desiderantur
2017 3569 2095 3594 verba
2113 3573 2204 3600 usque,
2225 3566 2308 3592 dedu.

1366 3607 1408 3640 (p)
1428 3607 1462 3633 Ut
1480 3607 1540 3640 quia
1559 3615 1606 3641 per
1624 3612 1736 3633 mortem
1755 3606 1835 3631 homo
1853 3610 1991 3631 corruent.

1367 3643 1406 3676 (q)
1425 3643 1535 3668 Vulnus.
