<?xml version="1.0" encoding="UTF-8"?>
<!DOCTYPE html PUBLIC "-//W3C//DTD XHTML 1.0 Transitional//EN"
    "http://www.w3.org/TR/xhtml1/DTD/xhtml1-transitional.dtd">
<html xmlns="http://www.w3.org/1999/xhtml" xml:lang="en" lang="en">
 <head>
  <title>
</title>
<meta http-equiv="Content-Type" content="text/html;charset=utf-8" />
  <meta name='ocr-system' content='tesseract 3.04.00' />
  <meta name='ocr-capabilities' content='ocr_page ocr_carea ocr_par ocr_line ocrx_word'/>
</head>
<body>
  <div class='ocr_page' id='page_1' title='image "./operaomniaiussui01thom/operaomniaiussui01thom_0085.png"; bbox 0 0 2548 4192; ppageno 0'>
   <div class='ocr_carea' id='block_1_1' title="bbox 900 278 1642 326">
    <p class='ocr_par' dir='ltr' id='par_1_1' title="bbox 900 278 1642 326">
     <span class='ocr_line' id='line_1_1' title="bbox 900 278 1642 326; baseline 0.004 -12"><span class='ocrx_word' id='word_1_1' title='bbox 900 278 954 314; x_wconf 92' lang='grc' dir='ltr'>ΙΝ</span> <span class='ocrx_word' id='word_1_2' title='bbox 985 278 1022 314; x_wconf 90' lang='lat' dir='ltr'>S.</span> <span class='ocrx_word' id='word_1_3' title='bbox 1045 278 1288 315; x_wconf 90' lang='lat' dir='ltr'>THOMAM</span> <span class='ocrx_word' id='word_1_4' title='bbox 1317 279 1642 326; x_wconf 89' lang='lat' dir='ltr'><strong>AQUINATEM</strong></span> 
     </span>
    </p>
   </div>
   <div class='ocr_carea' id='block_1_2' title="bbox 139 357 1245 3389">
    <p class='ocr_par' dir='ltr' id='par_1_2' title="bbox 160 357 1244 800">
     <span class='ocr_line' id='line_1_2' title="bbox 162 357 1243 398; baseline -0.002 -8"><span class='ocrx_word' id='word_1_5' title='bbox 162 369 234 390; x_wconf 90' lang='lat' dir='ltr'>rum</span> <span class='ocrx_word' id='word_1_6' title='bbox 257 369 276 389; x_wconf 89' lang='lat' dir='ltr'>a</span> <span class='ocrx_word' id='word_1_7' title='bbox 299 358 459 390; x_wconf 86' lang='lat' dir='ltr'>Damiano</span> <span class='ocrx_word' id='word_1_8' title='bbox 484 357 669 398; x_wconf 79' lang='lat' dir='ltr'>propositus</span> <span class='ocrx_word' id='word_1_9' title='bbox 693 357 1004 398; x_wconf 79' lang='lat' dir='ltr'>commendatusque</span> <span class='ocrx_word' id='word_1_10' title='bbox 1030 367 1096 388; x_wconf 90' lang='lat' dir='ltr'>non</span> <span class='ocrx_word' id='word_1_11' title='bbox 1121 358 1243 397; x_wconf 87' lang='lat' dir='ltr'>obstat,</span> 
     </span>
     <span class='ocr_line' id='line_1_3' title="bbox 160 400 1243 445; baseline -0.003 -10"><span class='ocrx_word' id='word_1_12' title='bbox 160 403 337 445; x_wconf 84' lang='lat' dir='ltr'>quominus</span> <span class='ocrx_word' id='word_1_13' title='bbox 366 401 520 443; x_wconf 88' lang='lat' dir='ltr'>puerulus</span> <span class='ocrx_word' id='word_1_14' title='bbox 545 400 691 432; x_wconf 87' lang='lat' dir='ltr'>Thomas</span> <span class='ocrx_word' id='word_1_15' title='bbox 722 402 855 432; x_wconf 87' lang='lat' dir='ltr'>traditus</span> <span class='ocrx_word' id='word_1_16' title='bbox 887 401 1008 432; x_wconf 88' lang='lat' dir='ltr'>eisdem</span> <span class='ocrx_word' id='word_1_17' title='bbox 1039 402 1152 439; x_wconf 89' lang='lat' dir='ltr'>fuerit,</span> <span class='ocrx_word' id='word_1_18' title='bbox 1184 403 1243 442; x_wconf 90' lang='lat' dir='ltr'>piis</span> 
     </span>
     <span class='ocr_line' id='line_1_4' title="bbox 160 446 1243 486; baseline -0.003 -7"><span class='ocrx_word' id='word_1_19' title='bbox 160 449 325 479; x_wconf 77' lang='lat' dir='ltr'><strong>dumtaxat</strong></span> <span class='ocrx_word' id='word_1_20' title='bbox 347 446 492 478; x_wconf 87' lang='lat' dir='ltr'>moribus</span> <span class='ocrx_word' id='word_1_21' title='bbox 523 455 558 477; x_wconf 89' lang='lat' dir='ltr'>ac</span> <span class='ocrx_word' id='word_1_22' title='bbox 589 446 700 486; x_wconf 89' lang='lat' dir='ltr'>primis</span> <span class='ocrx_word' id='word_1_23' title='bbox 729 446 905 477; x_wconf 88' lang='lat' dir='ltr'>litterarum</span> <span class='ocrx_word' id='word_1_24' title='bbox 936 446 1145 482; x_wconf 83' lang='lat' dir='ltr'>rudimentis,</span> <span class='ocrx_word' id='word_1_25' title='bbox 1178 457 1243 477; x_wconf 91' lang='lat' dir='ltr'>non</span> 
     </span>
     <span class='ocr_line' id='line_1_5' title="bbox 161 490 1243 532; baseline -0.002 -8"><span class='ocrx_word' id='word_1_26' title='bbox 161 493 270 524; x_wconf 89' lang='lat' dir='ltr'>relicto</span> <span class='ocrx_word' id='word_1_27' title='bbox 295 491 434 530; x_wconf 90' lang='lat' dir='ltr'>saeculo,</span> <span class='ocrx_word' id='word_1_28' title='bbox 450 490 661 521; x_wconf 82' lang='lat' dir='ltr'>imbuendus:</span> <span class='ocrx_word' id='word_1_29' title='bbox 687 490 811 521; x_wconf 84' lang='lat' dir='ltr'>scholas</span> <span class='ocrx_word' id='word_1_30' title='bbox 831 491 898 521; x_wconf 91' lang='lat' dir='ltr'>imo</span> <span class='ocrx_word' id='word_1_31' title='bbox 919 501 1096 532; x_wconf 88' lang='lat' dir='ltr'>puerorum</span> <span class='ocrx_word' id='word_1_32' title='bbox 1121 491 1243 522; x_wconf 87' lang='lat' dir='ltr'>oblato-</span> 
     </span>
     <span class='ocr_line' id='line_1_6' title="bbox 160 535 1244 576; baseline -0.002 -8"><span class='ocrx_word' id='word_1_33' title='bbox 160 547 245 576; x_wconf 87' lang='lat' dir='ltr'><strong>rum,</strong></span> <span class='ocrx_word' id='word_1_34' title='bbox 271 536 427 568; x_wconf 90' lang='lat' dir='ltr'>Casinum</span> <span class='ocrx_word' id='word_1_35' title='bbox 450 535 600 572; x_wconf 85' lang='lat' dir='ltr'>invisens,</span> <span class='ocrx_word' id='word_1_36' title='bbox 621 544 697 566; x_wconf 91' lang='lat' dir='ltr'>cum</span> <span class='ocrx_word' id='word_1_37' title='bbox 720 545 787 565; x_wconf 91' lang='lat' dir='ltr'>non</span> <span class='ocrx_word' id='word_1_38' title='bbox 811 535 967 566; x_wconf 89' lang='lat' dir='ltr'>invenerit</span> <span class='ocrx_word' id='word_1_39' title='bbox 990 536 1059 574; x_wconf 90' lang='lat' dir='ltr'>ille,</span> <span class='ocrx_word' id='word_1_40' title='bbox 1085 536 1146 566; x_wconf 92' lang='lat' dir='ltr'>hoc</span> <span class='ocrx_word' id='word_1_41' title='bbox 1171 537 1244 566; x_wconf 91' lang='lat' dir='ltr'>sub-</span> 
     </span>
     <span class='ocr_line' id='line_1_7' title="bbox 161 578 1244 622; baseline -0.001 -10"><span class='ocrx_word' id='word_1_42' title='bbox 161 582 235 612; x_wconf 84' lang='lat' dir='ltr'>inde</span> <span class='ocrx_word' id='word_1_43' title='bbox 260 579 405 622; x_wconf 81' lang='lat' dir='ltr'>inspec&#39;to</span> <span class='ocrx_word' id='word_1_44' title='bbox 436 589 547 618; x_wconf 87' lang='lat' dir='ltr'>more,</span> <span class='ocrx_word' id='word_1_45' title='bbox 577 579 602 610; x_wconf 91' lang='lat' dir='ltr'>si</span> <span class='ocrx_word' id='word_1_46' title='bbox 627 578 667 610; x_wconf 82' lang='lat' dir='ltr'>ad</span> <span class='ocrx_word' id='word_1_47' title='bbox 690 589 807 610; x_wconf 86' lang='lat' dir='ltr'>aevum</span> <span class='ocrx_word' id='word_1_48' title='bbox 836 579 900 610; x_wconf 88' lang='lat' dir='ltr'>divi</span> <span class='ocrx_word' id='word_1_49' title='bbox 924 580 1073 611; x_wconf 89' lang='lat' dir='ltr'>Thomae</span> <span class='ocrx_word' id='word_1_50' title='bbox 1097 581 1244 620; x_wconf 89' lang='lat' dir='ltr'>protendi</span> 
     </span>
     <span class='ocr_line' id='line_1_8' title="bbox 162 623 1243 666; baseline -0.001 -9"><span class='ocrx_word' id='word_1_51' title='bbox 162 626 284 664; x_wconf 87' lang='lat' dir='ltr'>debeat,</span> <span class='ocrx_word' id='word_1_52' title='bbox 309 626 412 666; x_wconf 89' lang='lat' dir='ltr'>deque</span> <span class='ocrx_word' id='word_1_53' title='bbox 435 625 566 657; x_wconf 87' lang='lat' dir='ltr'>Thoma</span> <span class='ocrx_word' id='word_1_54' title='bbox 590 623 757 665; x_wconf 85' lang='lat' dir='ltr'>quidpiam</span> <span class='ocrx_word' id='word_1_55' title='bbox 781 625 916 664; x_wconf 86' lang='lat' dir='ltr'>probare</span> <span class='ocrx_word' id='word_1_56' title='bbox 939 625 1015 655; x_wconf 90' lang='lat' dir='ltr'>velit</span> <span class='ocrx_word' id='word_1_57' title='bbox 1038 625 1243 666; x_wconf 86' lang='lat' dir='ltr'>Disquisitor,</span> 
     </span>
     <span class='ocr_line' id='line_1_9' title="bbox 161 668 1244 712; baseline -0.002 -10"><span class='ocrx_word' id='word_1_58' title='bbox 161 671 262 702; x_wconf 86' lang='lat' dir='ltr'>telum</span> <span class='ocrx_word' id='word_1_59' title='bbox 285 670 375 712; x_wconf 93' lang='lat' dir='ltr'>quod</span> <span class='ocrx_word' id='word_1_60' title='bbox 394 669 462 710; x_wconf 90' lang='lat' dir='ltr'>ipse</span> <span class='ocrx_word' id='word_1_61' title='bbox 485 669 597 706; x_wconf 83' lang='lat' dir='ltr'>vibrat,</span> <span class='ocrx_word' id='word_1_62' title='bbox 622 674 732 699; x_wconf 87' lang='lat' dir='ltr'>contra</span> <span class='ocrx_word' id='word_1_63' title='bbox 751 668 859 709; x_wconf 88' lang='lat' dir='ltr'>ipsum</span> <span class='ocrx_word' id='word_1_64' title='bbox 883 670 1102 711; x_wconf 91' lang='lat' dir='ltr'>torquendum</span> <span class='ocrx_word' id='word_1_65' title='bbox 1127 676 1188 707; x_wconf 90' lang='lat' dir='ltr'>est;</span> <span class='ocrx_word' id='word_1_66' title='bbox 1208 680 1244 701; x_wconf 89' lang='lat' dir='ltr'>ac</span> 
     </span>
     <span class='ocr_line' id='line_1_10' title="bbox 161 713 1243 756; baseline -0.001 -10"><span class='ocrx_word' id='word_1_67' title='bbox 161 715 230 746; x_wconf 89' lang='lat' dir='ltr'>iure</span> <span class='ocrx_word' id='word_1_68' title='bbox 253 715 379 756; x_wconf 86' lang='lat' dir='ltr'>potiore</span> <span class='ocrx_word' id='word_1_69' title='bbox 403 713 631 754; x_wconf 84' lang='lat' dir='ltr'>colligendum,</span> <span class='ocrx_word' id='word_1_70' title='bbox 656 713 687 743; x_wconf 88' lang='lat' dir='ltr'>in</span> <span class='ocrx_word' id='word_1_71' title='bbox 708 723 844 745; x_wconf 90' lang='lat' dir='ltr'>numero</span> <span class='ocrx_word' id='word_1_72' title='bbox 866 724 1042 754; x_wconf 89' lang='lat' dir='ltr'>puerorum</span> <span class='ocrx_word' id='word_1_73' title='bbox 1061 714 1243 745; x_wconf 90' lang='lat' dir='ltr'>oblatorum</span> 
     </span>
     <span class='ocr_line' id='line_1_11' title="bbox 162 758 578 800; baseline -0.005 -10"><span class='ocrx_word' id='word_1_74' title='bbox 162 770 228 790; x_wconf 93' lang='lat' dir='ltr'>non</span> <span class='ocrx_word' id='word_1_75' title='bbox 252 759 349 790; x_wconf 89' lang='lat' dir='ltr'>fuisse</span> <span class='ocrx_word' id='word_1_76' title='bbox 373 758 578 800; x_wconf 85' lang='lat' dir='ltr'>Aquinatem.</span> 
     </span>
    </p>

    <p class='ocr_par' dir='ltr' id='par_1_3' title="bbox 157 803 1245 1336">
     <span class='ocr_line' id='line_1_12' title="bbox 229 803 1243 845; baseline 0 -11"><span class='ocrx_word' id='word_1_77' title='bbox 229 804 438 845; x_wconf 77' lang='lat' dir='ltr'><strong>Quamquam</strong></span> <span class='ocrx_word' id='word_1_78' title='bbox 461 813 528 833; x_wconf 92' lang='lat' dir='ltr'>non</span> <span class='ocrx_word' id='word_1_79' title='bbox 553 803 578 833; x_wconf 92' lang='lat' dir='ltr'>is</span> <span class='ocrx_word' id='word_1_80' title='bbox 598 813 658 843; x_wconf 88' lang='lat' dir='ltr'>ego</span> <span class='ocrx_word' id='word_1_81' title='bbox 684 812 768 841; x_wconf 87' lang='lat' dir='ltr'>sum,</span> <span class='ocrx_word' id='word_1_82' title='bbox 783 803 840 844; x_wconf 91' lang='lat' dir='ltr'>qui</span> <span class='ocrx_word' id='word_1_83' title='bbox 864 803 938 834; x_wconf 90' lang='lat' dir='ltr'>huic</span> <span class='ocrx_word' id='word_1_84' title='bbox 958 810 1147 844; x_wconf 87' lang='lat' dir='ltr'>argumento</span> <span class='ocrx_word' id='word_1_85' title='bbox 1172 805 1243 835; x_wconf 88' lang='lat' dir='ltr'>hae-</span> 
     </span>
     <span class='ocr_line' id='line_1_13' title="bbox 161 847 1243 888; baseline 0 -9"><span class='ocrx_word' id='word_1_86' title='bbox 161 856 268 887; x_wconf 86' lang='lat' dir='ltr'>ream;</span> <span class='ocrx_word' id='word_1_87' title='bbox 293 855 324 880; x_wconf 87' lang='lat' dir='ltr'>et</span> <span class='ocrx_word' id='word_1_88' title='bbox 346 858 383 878; x_wconf 91' lang='lat' dir='ltr'>ex</span> <span class='ocrx_word' id='word_1_89' title='bbox 407 857 497 878; x_wconf 90' lang='lat' dir='ltr'>more</span> <span class='ocrx_word' id='word_1_90' title='bbox 516 847 584 886; x_wconf 89' lang='lat' dir='ltr'>illo,</span> <span class='ocrx_word' id='word_1_91' title='bbox 608 857 707 888; x_wconf 90' lang='lat' dir='ltr'>quem</span> <span class='ocrx_word' id='word_1_92' title='bbox 731 848 842 878; x_wconf 87' lang='lat' dir='ltr'>Petrus</span> <span class='ocrx_word' id='word_1_93' title='bbox 861 848 1009 879; x_wconf 85' lang='lat' dir='ltr'>Damiani</span> <span class='ocrx_word' id='word_1_94' title='bbox 1034 859 1119 878; x_wconf 90' lang='lat' dir='ltr'>anno</span> <span class='ocrx_word' id='word_1_95' title='bbox 1150 850 1243 887; x_wconf 86' lang='lat'>1063,</span> 
     </span>
     <span class='ocr_line' id='line_1_14' title="bbox 162 892 1245 931; baseline -0.002 -6"><span class='ocrx_word' id='word_1_96' title='bbox 162 901 197 925; x_wconf 92' lang='lat' dir='ltr'>ut</span> <span class='ocrx_word' id='word_1_97' title='bbox 220 900 310 925; x_wconf 90' lang='lat' dir='ltr'>notat</span> <span class='ocrx_word' id='word_1_98' title='bbox 333 892 490 923; x_wconf 82' lang='lat' dir='ltr'><strong>Batonius</strong></span> <span class='ocrx_word' id='word_1_99' title='bbox 514 892 554 922; x_wconf 89' lang='lat' dir='ltr'>ad</span> <span class='ocrx_word' id='word_1_100' title='bbox 578 892 730 922; x_wconf 87' lang='lat' dir='ltr'>eumdem</span> <span class='ocrx_word' id='word_1_101' title='bbox 753 902 876 924; x_wconf 86' lang='lat' dir='ltr'>annum</span> <span class='ocrx_word' id='word_1_102' title='bbox 899 903 989 924; x_wconf 87' lang='lat' dir='ltr'>num.</span> <span class='ocrx_word' id='word_1_103' title='bbox 1013 903 1043 931; x_wconf 89' lang='lat'>2,</span> <span class='ocrx_word' id='word_1_104' title='bbox 1065 893 1245 924; x_wconf 83' lang='lat' dir='ltr'>observavit</span> 
     </span>
     <span class='ocr_line' id='line_1_15' title="bbox 161 937 1243 978; baseline -0.002 -8"><span class='ocrx_word' id='word_1_105' title='bbox 161 937 282 977; x_wconf 80' lang='lat' dir='ltr'>Casini,</span> <span class='ocrx_word' id='word_1_106' title='bbox 302 938 342 968; x_wconf 91' lang='lat' dir='ltr'>de</span> <span class='ocrx_word' id='word_1_107' title='bbox 360 947 451 968; x_wconf 92' lang='lat' dir='ltr'>more</span> <span class='ocrx_word' id='word_1_108' title='bbox 470 937 590 967; x_wconf 88' lang='lat' dir='ltr'>ibidem</span> <span class='ocrx_word' id='word_1_109' title='bbox 608 937 733 977; x_wconf 84' lang='lat' dir='ltr'>vigente</span> <span class='ocrx_word' id='word_1_110' title='bbox 748 947 827 968; x_wconf 87' lang='lat' dir='ltr'>aevo</span> <span class='ocrx_word' id='word_1_111' title='bbox 847 938 972 978; x_wconf 81' lang='lat' dir='ltr'>pueruli</span> <span class='ocrx_word' id='word_1_112' title='bbox 988 937 1138 968; x_wconf 89' lang='lat' dir='ltr'>Thomae</span> <span class='ocrx_word' id='word_1_113' title='bbox 1161 938 1243 968; x_wconf 92' lang='lat' dir='ltr'>iudi-</span> 
     </span>
     <span class='ocr_line' id='line_1_16' title="bbox 160 981 1242 1022; baseline -0.003 -7"><span class='ocrx_word' id='word_1_114' title='bbox 160 983 247 1015; x_wconf 87' lang='lat' dir='ltr'>cium</span> <span class='ocrx_word' id='word_1_115' title='bbox 262 983 342 1014; x_wconf 91' lang='lat' dir='ltr'>ferre</span> <span class='ocrx_word' id='word_1_116' title='bbox 356 982 463 1013; x_wconf 90' lang='lat' dir='ltr'>velim.</span> <span class='ocrx_word' id='word_1_117' title='bbox 481 981 569 1019; x_wconf 86' lang='lat' dir='ltr'>Quin</span> <span class='ocrx_word' id='word_1_118' title='bbox 584 991 651 1012; x_wconf 90' lang='lat' dir='ltr'>non</span> <span class='ocrx_word' id='word_1_119' title='bbox 667 992 719 1012; x_wconf 91' lang='lat' dir='ltr'>me</span> <span class='ocrx_word' id='word_1_120' title='bbox 735 981 827 1022; x_wconf 88' lang='lat' dir='ltr'>fugit,</span> <span class='ocrx_word' id='word_1_121' title='bbox 838 981 872 1012; x_wconf 92' lang='lat' dir='ltr'>in</span> <span class='ocrx_word' id='word_1_122' title='bbox 886 992 947 1013; x_wconf 91' lang='lat' dir='ltr'>usu</span> <span class='ocrx_word' id='word_1_123' title='bbox 963 982 1061 1012; x_wconf 87' lang='lat' dir='ltr'>fuisse</span> <span class='ocrx_word' id='word_1_124' title='bbox 1076 992 1115 1012; x_wconf 91' lang='lat' dir='ltr'>eo</span> <span class='ocrx_word' id='word_1_125' title='bbox 1131 989 1242 1013; x_wconf 90' lang='lat' dir='ltr'>sancto</span> 
     </span>
     <span class='ocr_line' id='line_1_17' title="bbox 160 1025 1244 1068; baseline -0.002 -9"><span class='ocrx_word' id='word_1_126' title='bbox 160 1028 192 1058; x_wconf 90' lang='lat' dir='ltr'>in</span> <span class='ocrx_word' id='word_1_127' title='bbox 216 1028 312 1066; x_wconf 90' lang='lat' dir='ltr'>loco,</span> <span class='ocrx_word' id='word_1_128' title='bbox 336 1033 372 1058; x_wconf 93' lang='lat' dir='ltr'>ut</span> <span class='ocrx_word' id='word_1_129' title='bbox 395 1026 486 1068; x_wconf 88' lang='lat' dir='ltr'>pueri</span> <span class='ocrx_word' id='word_1_130' title='bbox 515 1025 748 1067; x_wconf 85' lang='lat' dir='ltr'>reciperentur,</span> <span class='ocrx_word' id='word_1_131' title='bbox 779 1033 851 1056; x_wconf 93' lang='lat' dir='ltr'>tum</span> <span class='ocrx_word' id='word_1_132' title='bbox 879 1026 990 1067; x_wconf 86' lang='lat' dir='ltr'>paullo</span> <span class='ocrx_word' id='word_1_133' title='bbox 1019 1033 1092 1063; x_wconf 79' lang='lat' dir='ltr'>ante</span> <span class='ocrx_word' id='word_1_134' title='bbox 1121 1026 1244 1057; x_wconf 88' lang='lat' dir='ltr'>dictum</span> 
     </span>
     <span class='ocr_line' id='line_1_18' title="bbox 160 1070 1243 1112; baseline -0.002 -9"><span class='ocrx_word' id='word_1_135' title='bbox 160 1082 283 1104; x_wconf 87' lang='lat' dir='ltr'>annum</span> <span class='ocrx_word' id='word_1_136' title='bbox 307 1072 402 1110; x_wconf 84' lang='lat'>1063,</span> <span class='ocrx_word' id='word_1_137' title='bbox 418 1077 455 1102; x_wconf 89' lang='lat' dir='ltr'>ut</span> <span class='ocrx_word' id='word_1_138' title='bbox 473 1077 559 1111; x_wconf 88' lang='lat' dir='ltr'>patet</span> <span class='ocrx_word' id='word_1_139' title='bbox 578 1071 617 1101; x_wconf 93' lang='lat' dir='ltr'>de</span> <span class='ocrx_word' id='word_1_140' title='bbox 636 1070 884 1111; x_wconf 88' lang='lat' dir='ltr'>Landenulpho,</span> <span class='ocrx_word' id='word_1_141' title='bbox 904 1070 944 1101; x_wconf 91' lang='lat' dir='ltr'>de</span> <span class='ocrx_word' id='word_1_142' title='bbox 963 1081 1030 1112; x_wconf 94' lang='lat' dir='ltr'>quo</span> <span class='ocrx_word' id='word_1_143' title='bbox 1050 1070 1114 1110; x_wconf 88' lang='lat' dir='ltr'>agit</span> <span class='ocrx_word' id='word_1_144' title='bbox 1131 1071 1243 1101; x_wconf 89' lang='lat' dir='ltr'>Petrus</span> 
     </span>
     <span class='ocr_line' id='line_1_19' title="bbox 160 1114 1242 1154; baseline -0.004 -5"><span class='ocrx_word' id='word_1_145' title='bbox 160 1117 335 1154; x_wconf 88' lang='lat' dir='ltr'>Diaconus,</span> <span class='ocrx_word' id='word_1_146' title='bbox 354 1115 498 1147; x_wconf 90' lang='lat' dir='ltr'>eiusdem</span> <span class='ocrx_word' id='word_1_147' title='bbox 517 1114 677 1146; x_wconf 86' lang='lat' dir='ltr'>Coenobii</span> <span class='ocrx_word' id='word_1_148' title='bbox 696 1114 894 1152; x_wconf 85' lang='lat' dir='ltr'>monachus,</span> <span class='ocrx_word' id='word_1_149' title='bbox 908 1115 990 1145; x_wconf 90' lang='lat' dir='ltr'>libro</span> <span class='ocrx_word' id='word_1_150' title='bbox 1012 1115 1051 1145; x_wconf 93' lang='lat' dir='ltr'>de</span> <span class='ocrx_word' id='word_1_151' title='bbox 1070 1114 1153 1145; x_wconf 89' lang='lat' dir='ltr'>Viris</span> <span class='ocrx_word' id='word_1_152' title='bbox 1172 1115 1242 1146; x_wconf 89' lang='lat' dir='ltr'>illu-</span> 
     </span>
     <span class='ocr_line' id='line_1_20' title="bbox 159 1159 1242 1200; baseline -0.004 -7"><span class='ocrx_word' id='word_1_153' title='bbox 159 1161 275 1193; x_wconf 88' lang='lat' dir='ltr'>stribus</span> <span class='ocrx_word' id='word_1_154' title='bbox 290 1160 528 1197; x_wconf 73' lang='lat' dir='ltr'>Casinemibus,</span> <span class='ocrx_word' id='word_1_155' title='bbox 540 1159 642 1200; x_wconf 86' lang='lat' dir='ltr'>capite</span> <span class='ocrx_word' id='word_1_156' title='bbox 652 1169 703 1197; x_wconf 69' lang='lat' dir='ltr'>xa,</span> <span class='ocrx_word' id='word_1_157' title='bbox 717 1165 808 1190; x_wconf 91' lang='lat' dir='ltr'>tomo</span> <span class='ocrx_word' id='word_1_158' title='bbox 824 1160 896 1190; x_wconf 82' lang='lat' dir='ltr'>XXI</span> <span class='ocrx_word' id='word_1_159' title='bbox 918 1159 1070 1190; x_wconf 87' lang='lat' dir='ltr'>Biblioth.</span> <span class='ocrx_word' id='word_1_160' title='bbox 1082 1159 1141 1190; x_wconf 90' lang='lat' dir='ltr'>PP.</span> <span class='ocrx_word' id='word_1_161' title='bbox 1153 1160 1242 1200; x_wconf 82' lang='lat' dir='ltr'>Lug-</span> 
     </span>
     <span class='ocr_line' id='line_1_21' title="bbox 157 1203 1241 1245; baseline -0.002 -8"><span class='ocrx_word' id='word_1_162' title='bbox 157 1205 254 1244; x_wconf 71' lang='lat' dir='ltr'>dun„</span> <span class='ocrx_word' id='word_1_163' title='bbox 285 1211 316 1236; x_wconf 87' lang='lat' dir='ltr'>et</span> <span class='ocrx_word' id='word_1_164' title='bbox 342 1205 429 1245; x_wconf 83' lang='lat' dir='ltr'>apud</span> <span class='ocrx_word' id='word_1_165' title='bbox 456 1203 671 1235; x_wconf 83' lang='lat' dir='ltr'>Muratorium</span> <span class='ocrx_word' id='word_1_166' title='bbox 699 1210 791 1234; x_wconf 87' lang='lat' dir='ltr'>tomo</span> <span class='ocrx_word' id='word_1_167' title='bbox 821 1204 863 1235; x_wconf 88' lang='lat' dir='ltr'>Vl</span> <span class='ocrx_word' id='word_1_168' title='bbox 888 1203 1087 1244; x_wconf 86' lang='lat' dir='ltr'>Scriptorum</span> <span class='ocrx_word' id='word_1_169' title='bbox 1120 1203 1241 1235; x_wconf 86' lang='lat' dir='ltr'>ltaliae:</span> 
     </span>
     <span class='ocr_line' id='line_1_22' title="bbox 157 1247 1241 1291; baseline -0.005 -8"><span class='ocrx_word' id='word_1_170' title='bbox 157 1258 229 1283; x_wconf 91' lang='lat' dir='ltr'>tum</span> <span class='ocrx_word' id='word_1_171' title='bbox 252 1256 364 1291; x_wconf 87' lang='lat' dir='ltr'>postea</span> <span class='ocrx_word' id='word_1_172' title='bbox 387 1248 515 1280; x_wconf 86' lang='lat' dir='ltr'>saeculo</span> <span class='ocrx_word' id='word_1_173' title='bbox 540 1248 746 1285; x_wconf 88' lang='lat' dir='ltr'>duodecimo,</span> <span class='ocrx_word' id='word_1_174' title='bbox 762 1258 830 1289; x_wconf 92' lang='lat' dir='ltr'>quo</span> <span class='ocrx_word' id='word_1_175' title='bbox 853 1248 996 1285; x_wconf 89' lang='lat' dir='ltr'>Roboas,</span> <span class='ocrx_word' id='word_1_176' title='bbox 1017 1247 1139 1286; x_wconf 83' lang='lat' dir='ltr'>Petrus,</span> <span class='ocrx_word' id='word_1_177' title='bbox 1159 1249 1241 1290; x_wconf 90' lang='lat' dir='ltr'>Ray-</span> 
     </span>
     <span class='ocr_line' id='line_1_23' title="bbox 157 1292 1241 1336; baseline -0.003 -10"><span class='ocrx_word' id='word_1_178' title='bbox 157 1295 289 1334; x_wconf 84' lang='lat' dir='ltr'>naldus,</span> <span class='ocrx_word' id='word_1_179' title='bbox 313 1293 462 1336; x_wconf 72' lang='lat' dir='ltr'>Gelasius</span> <span class='ocrx_word' id='word_1_180' title='bbox 483 1293 663 1327; x_wconf 58' lang='lat' dir='ltr'>abeodem</span> <span class='ocrx_word' id='word_1_181' title='bbox 686 1293 839 1333; x_wconf 85' lang='lat' dir='ltr'>scriptore</span> <span class='ocrx_word' id='word_1_182' title='bbox 857 1293 995 1334; x_wconf 79' lang='lat' dir='ltr'>parvuli</span> <span class='ocrx_word' id='word_1_183' title='bbox 1013 1292 1112 1324; x_wconf 82' lang='lat' dir='ltr'>oblati</span> <span class='ocrx_word' id='word_1_184' title='bbox 1131 1293 1241 1323; x_wconf 87' lang='lat' dir='ltr'>dicun-</span> 
     </span>
    </p>

    <p class='ocr_par' dir='ltr' id='par_1_4' title="bbox 139 1337 1241 1685">
     <span class='ocr_line' id='line_1_24' title="bbox 354 1337 1241 1380; baseline -0.002 -10"><span class='ocrx_word' id='word_1_185' title='bbox 354 1338 430 1380; x_wconf 66' lang='lat' dir='ltr'>i‘pso</span> <span class='ocrx_word' id='word_1_186' title='bbox 445 1339 539 1369; x_wconf 90' lang='lat' dir='ltr'>Petro</span> <span class='ocrx_word' id='word_1_187' title='bbox 550 1338 696 1369; x_wconf 90' lang='lat' dir='ltr'>Diacono</span> <span class='ocrx_word' id='word_1_188' title='bbox 710 1338 864 1377; x_wconf 82' lang='lat' dir='ltr'>legimus:</span> <span class='ocrx_word' id='word_1_189' title='bbox 875 1337 1122 1378; x_wconf 87' lang='lat' dir='ltr'>Quinquennem</span> <span class='ocrx_word' id='word_1_190' title='bbox 1133 1337 1241 1378; x_wconf 90' lang='lat' dir='ltr'>ipsum</span> 
     </span>
     <span class='ocr_line' id='line_1_25' title="bbox 155 1382 1240 1424; baseline -0.003 -8"><span class='ocrx_word' id='word_1_191' title='bbox 155 1385 216 1416; x_wconf 71' lang='lat' dir='ltr'>sub</span> <span class='ocrx_word' id='word_1_192' title='bbox 235 1383 380 1416; x_wconf 85' lang='lat' dir='ltr'>Girardo</span> <span class='ocrx_word' id='word_1_193' title='bbox 398 1383 520 1414; x_wconf 85' lang='lat' dir='ltr'>Abbate</span> <span class='ocrx_word' id='word_1_194' title='bbox 545 1383 636 1414; x_wconf 87' lang='lat' dir='ltr'>beato</span> <span class='ocrx_word' id='word_1_195' title='bbox 654 1382 830 1413; x_wconf 88' lang='lat' dir='ltr'>Benedicto</span> <span class='ocrx_word' id='word_1_196' title='bbox 853 1382 995 1413; x_wconf 88' lang='lat' dir='ltr'>oblatum</span> <span class='ocrx_word' id='word_1_197' title='bbox 1011 1382 1123 1423; x_wconf 86' lang='lat' dir='ltr'>fuisse</span> <span class='ocrx_word' id='word_1_198' title='bbox 1140 1392 1161 1413; x_wconf 89' lang='lat' dir='ltr'>a</span> <span class='ocrx_word' id='word_1_199' title='bbox 1181 1393 1240 1424; x_wconf 83' lang='lat' dir='ltr'>pa-</span> 
     </span>
     <span class='ocr_line' id='line_1_26' title="bbox 139 1426 1240 1470; baseline -0.004 -8"><span class='ocrx_word' id='word_1_200' title='bbox 139 1467 142 1470; x_wconf 39' lang='lat'>,</span> <span class='ocrx_word' id='word_1_201' title='bbox 155 1435 216 1462; x_wconf 80' lang='lat' dir='ltr'>tre.</span> <span class='ocrx_word' id='word_1_202' title='bbox 230 1428 313 1461; x_wconf 83' lang='lat' dir='ltr'>Satis</span> <span class='ocrx_word' id='word_1_203' title='bbox 327 1435 375 1459; x_wconf 92' lang='lat' dir='ltr'>est</span> <span class='ocrx_word' id='word_1_204' title='bbox 388 1438 475 1469; x_wconf 85' lang='lat' dir='ltr'>ergo,</span> <span class='ocrx_word' id='word_1_205' title='bbox 489 1427 637 1458; x_wconf 89' lang='lat' dir='ltr'>Damiani</span> <span class='ocrx_word' id='word_1_206' title='bbox 652 1427 807 1458; x_wconf 90' lang='lat' dir='ltr'>sententia</span> <span class='ocrx_word' id='word_1_207' title='bbox 821 1426 907 1458; x_wconf 90' lang='lat' dir='ltr'>haud</span> <span class='ocrx_word' id='word_1_208' title='bbox 923 1426 1048 1465; x_wconf 87' lang='lat' dir='ltr'>confici,</span> <span class='ocrx_word' id='word_1_209' title='bbox 1063 1437 1240 1467; x_wconf 91' lang='lat' dir='ltr'>puerorum</span> 
     </span>
     <span class='ocr_line' id='line_1_27' title="bbox 155 1471 1240 1512; baseline -0.003 -6"><span class='ocrx_word' id='word_1_210' title='bbox 155 1474 367 1507; x_wconf 73' lang='lat' dir='ltr'>saecularium</span> <span class='ocrx_word' id='word_1_211' title='bbox 381 1473 506 1504; x_wconf 87' lang='lat' dir='ltr'>scholas</span> <span class='ocrx_word' id='word_1_212' title='bbox 522 1471 631 1504; x_wconf 87' lang='lat' dir='ltr'>Casini</span> <span class='ocrx_word' id='word_1_213' title='bbox 647 1472 768 1503; x_wconf 85' lang='lat' dir='ltr'>clausas</span> <span class='ocrx_word' id='word_1_214' title='bbox 788 1471 896 1510; x_wconf 89' lang='lat' dir='ltr'>fuisse,</span> <span class='ocrx_word' id='word_1_215' title='bbox 913 1471 958 1502; x_wconf 90' lang='lat' dir='ltr'>uti</span> <span class='ocrx_word' id='word_1_216' title='bbox 974 1482 1033 1512; x_wconf 92' lang='lat' dir='ltr'>pro</span> <span class='ocrx_word' id='word_1_217' title='bbox 1049 1482 1128 1502; x_wconf 88' lang='lat' dir='ltr'>aevo</span> <span class='ocrx_word' id='word_1_218' title='bbox 1145 1472 1240 1503; x_wconf 89' lang='lat' dir='ltr'>etiam</span> 
     </span>
     <span class='ocr_line' id='line_1_28' title="bbox 154 1516 1239 1559; baseline -0.003 -8"><span class='ocrx_word' id='word_1_219' title='bbox 154 1518 221 1551; x_wconf 78' lang='lat' dir='ltr'>divi</span> <span class='ocrx_word' id='word_1_220' title='bbox 243 1518 393 1550; x_wconf 82' lang='lat' dir='ltr'>Thomae</span> <span class='ocrx_word' id='word_1_221' title='bbox 422 1527 590 1559; x_wconf 85' lang='lat' dir='ltr'>perperam</span> <span class='ocrx_word' id='word_1_222' title='bbox 618 1517 770 1556; x_wconf 89' lang='lat' dir='ltr'>arguebat</span> <span class='ocrx_word' id='word_1_223' title='bbox 795 1516 1009 1557; x_wconf 78' lang='lat' dir='ltr'>Disquisitor3</span> <span class='ocrx_word' id='word_1_224' title='bbox 1039 1527 1239 1558; x_wconf 88' lang='lat' dir='ltr'>quamquam</span> 
     </span>
     <span class='ocr_line' id='line_1_29' title="bbox 154 1561 1238 1606; baseline -0.002 -11"><span class='ocrx_word' id='word_1_225' title='bbox 154 1567 316 1606; x_wconf 72' lang='lat' dir='ltr'>praeterea</span> <span class='ocrx_word' id='word_1_226' title='bbox 338 1572 464 1594; x_wconf 87' lang='lat' dir='ltr'>morem</span> <span class='ocrx_word' id='word_1_227' title='bbox 494 1572 562 1592; x_wconf 89' lang='lat' dir='ltr'>non</span> <span class='ocrx_word' id='word_1_228' title='bbox 592 1561 764 1602; x_wconf 90' lang='lat' dir='ltr'>recipiendi</span> <span class='ocrx_word' id='word_1_229' title='bbox 788 1571 906 1602; x_wconf 89' lang='lat' dir='ltr'>pueros</span> <span class='ocrx_word' id='word_1_230' title='bbox 932 1561 1078 1600; x_wconf 87' lang='lat' dir='ltr'>oblatos,</span> <span class='ocrx_word' id='word_1_231' title='bbox 1103 1561 1142 1592; x_wconf 92' lang='lat' dir='ltr'>de</span> <span class='ocrx_word' id='word_1_232' title='bbox 1171 1572 1238 1603; x_wconf 92' lang='lat' dir='ltr'>quo</span> 
     </span>
     <span class='ocr_line' id='line_1_30' title="bbox 154 1605 1238 1650; baseline -0.003 -9"><span class='ocrx_word' id='word_1_233' title='bbox 154 1608 241 1641; x_wconf 80' lang='lat' dir='ltr'>idem</span> <span class='ocrx_word' id='word_1_234' title='bbox 258 1607 404 1650; x_wconf 83' lang='lat' dir='ltr'>loquitur</span> <span class='ocrx_word' id='word_1_235' title='bbox 422 1607 617 1644; x_wconf 86' lang='lat' dir='ltr'>Damianus,</span> <span class='ocrx_word' id='word_1_236' title='bbox 643 1616 709 1637; x_wconf 92' lang='lat' dir='ltr'>non</span> <span class='ocrx_word' id='word_1_237' title='bbox 729 1606 784 1637; x_wconf 91' lang='lat' dir='ltr'>diu</span> <span class='ocrx_word' id='word_1_238' title='bbox 804 1606 890 1646; x_wconf 90' lang='lat' dir='ltr'>apud</span> <span class='ocrx_word' id='word_1_239' title='bbox 911 1605 1074 1637; x_wconf 87' lang='lat' dir='ltr'>Casinates</span> <span class='ocrx_word' id='word_1_240' title='bbox 1101 1606 1238 1646; x_wconf 88' lang='lat' dir='ltr'>viguisse</span> 
     </span>
     <span class='ocr_line' id='line_1_31' title="bbox 154 1651 802 1685; baseline -0.006 -1"><span class='ocrx_word' id='word_1_241' title='bbox 154 1652 363 1685; x_wconf 78' lang='lat' dir='ltr'>libentissime</span> <span class='ocrx_word' id='word_1_242' title='bbox 386 1651 497 1683; x_wconf 83' lang='lat' dir='ltr'>fateor.</span> <span class='ocrx_word' id='word_1_243' title='bbox 800 1670 802 1673; x_wconf 36' lang='lat' dir='ltr'>s</span> 
     </span>
    </p>

    <p class='ocr_par' dir='ltr' id='par_1_5' title="bbox 141 1695 1237 3343">
     <span class='ocr_line' id='line_1_32' title="bbox 223 1695 1237 1737; baseline -0.003 -8"><span class='ocrx_word' id='word_1_244' title='bbox 223 1697 276 1729; x_wconf 83' lang='grc' dir='ltr'><strong>ΙΙΙ.</strong></span> <span class='ocrx_word' id='word_1_245' title='bbox 307 1697 486 1728; x_wconf 87' lang='lat' dir='ltr'>Feliciorne</span> <span class='ocrx_word' id='word_1_246' title='bbox 522 1695 616 1727; x_wconf 89' lang='lat' dir='ltr'>fuerit</span> <span class='ocrx_word' id='word_1_247' title='bbox 651 1695 872 1736; x_wconf 89' lang='lat' dir='ltr'>Disquisitoris</span> <span class='ocrx_word' id='word_1_248' title='bbox 903 1695 1139 1736; x_wconf 87' lang='lat' dir='ltr'>interpretatio,</span> <span class='ocrx_word' id='word_1_249' title='bbox 1173 1706 1237 1737; x_wconf 89' lang='lat' dir='ltr'>qua</span> 
     </span>
     <span class='ocr_line' id='line_1_33' title="bbox 155 1740 1236 1783; baseline -0.002 -9"><span class='ocrx_word' id='word_1_250' title='bbox 155 1741 344 1774; x_wconf 75' lang='lat' dir='ltr'>Conventus</span> <span class='ocrx_word' id='word_1_251' title='bbox 358 1740 624 1783; x_wconf 87' lang='lat' dir='ltr'>Aquisgranensis</span> <span class='ocrx_word' id='word_1_252' title='bbox 641 1741 820 1778; x_wconf 90' lang='lat' dir='ltr'>decretum,</span> <span class='ocrx_word' id='word_1_253' title='bbox 847 1746 884 1771; x_wconf 89' lang='lat' dir='ltr'>ut</span> <span class='ocrx_word' id='word_1_254' title='bbox 895 1740 1006 1771; x_wconf 83' lang='lat' dir='ltr'>schola</span> <span class='ocrx_word' id='word_1_255' title='bbox 1022 1741 1054 1771; x_wconf 92' lang='lat' dir='ltr'>in</span> <span class='ocrx_word' id='word_1_256' title='bbox 1078 1747 1236 1772; x_wconf 84' lang='lat' dir='ltr'>monaste-</span> 
     </span>
     <span class='ocr_line' id='line_1_34' title="bbox 154 1784 1236 1826; baseline -0.003 -7"><span class='ocrx_word' id='word_1_257' title='bbox 154 1788 207 1819; x_wconf 75' lang='lat' dir='ltr'>rio</span> <span class='ocrx_word' id='word_1_258' title='bbox 225 1794 289 1819; x_wconf 81' lang='lat' dir='ltr'>non</span> <span class='ocrx_word' id='word_1_259' title='bbox 308 1786 478 1824; x_wconf 78' lang='lat' dir='ltr'>habeatur,</span> <span class='ocrx_word' id='word_1_260' title='bbox 496 1786 559 1816; x_wconf 88' lang='lat' dir='ltr'>nisi</span> <span class='ocrx_word' id='word_1_261' title='bbox 577 1795 688 1816; x_wconf 88' lang='lat' dir='ltr'>eorum</span> <span class='ocrx_word' id='word_1_262' title='bbox 708 1786 765 1826; x_wconf 84' lang='lat' dir='ltr'>qui</span> <span class='ocrx_word' id='word_1_263' title='bbox 777 1785 877 1816; x_wconf 87' lang='lat' dir='ltr'>oblati</span> <span class='ocrx_word' id='word_1_264' title='bbox 889 1790 977 1822; x_wconf 88' lang='lat' dir='ltr'>sunt,</span> <span class='ocrx_word' id='word_1_265' title='bbox 994 1784 1236 1826; x_wconf 88' lang='lat' dir='ltr'>intelligendum</span> 
     </span>
     <span class='ocr_line' id='line_1_35' title="bbox 154 1829 1236 1878; baseline -0.003 -14"><span class='ocrx_word' id='word_1_266' title='bbox 154 1837 247 1878; x_wconf 66' lang='lat' dir='ltr'>punt</span> <span class='ocrx_word' id='word_1_267' title='bbox 266 1831 314 1863; x_wconf 47' lang='lat' dir='ltr'>&gt;de</span> <span class='ocrx_word' id='word_1_268' title='bbox 344 1839 522 1872; x_wconf 89' lang='lat' dir='ltr'>puerorum</span> <span class='ocrx_word' id='word_1_269' title='bbox 551 1829 762 1861; x_wconf 85' lang='lat' dir='ltr'>saecularium</span> <span class='ocrx_word' id='word_1_270' title='bbox 791 1829 930 1867; x_wconf 89' lang='lat' dir='ltr'>scholis,</span> <span class='ocrx_word' id='word_1_271' title='bbox 959 1839 977 1859; x_wconf 89' lang='lat' dir='ltr'>a</span> <span class='ocrx_word' id='word_1_272' title='bbox 1000 1830 1236 1861; x_wconf 89' lang='lat' dir='ltr'>monachorum</span> 
     </span>
     <span class='ocr_line' id='line_1_36' title="bbox 153 1871 1236 1915; baseline -0.002 -7"><span class='ocrx_word' id='word_1_273' title='bbox 153 1875 319 1908; x_wconf 63' lang='lat' dir='ltr'>eohobfis</span> <span class='ocrx_word' id='word_1_274' title='bbox 346 1875 482 1906; x_wconf 89' lang='lat' dir='ltr'>omnino</span> <span class='ocrx_word' id='word_1_275' title='bbox 514 1871 705 1905; x_wconf 87' lang='lat' dir='ltr'>eliminatis?</span> <span class='ocrx_word' id='word_1_276' title='bbox 737 1873 895 1905; x_wconf 85' lang='lat' dir='ltr'>Iudicium</span> <span class='ocrx_word' id='word_1_277' title='bbox 920 1873 998 1905; x_wconf 85' lang='lat' dir='ltr'>ferat</span> <span class='ocrx_word' id='word_1_278' title='bbox 1026 1874 1236 1915; x_wconf 89' lang='lat' dir='ltr'>peritissimus</span> 
     </span>
     <span class='ocr_line' id='line_1_37' title="bbox 153 1918 1235 1952; baseline -0.001 0"><span class='ocrx_word' id='word_1_279' title='bbox 153 1919 369 1952; x_wconf 75' lang='lat' dir='ltr'>Mabillonius.</span> <span class='ocrx_word' id='word_1_280' title='bbox 392 1919 443 1951; x_wconf 88' lang='lat' dir='ltr'>Sic</span> <span class='ocrx_word' id='word_1_281' title='bbox 457 1919 552 1950; x_wconf 88' lang='lat' dir='ltr'>habet</span> <span class='ocrx_word' id='word_1_282' title='bbox 572 1919 624 1950; x_wconf 92' lang='lat' dir='ltr'>ille</span> <span class='ocrx_word' id='word_1_283' title='bbox 638 1918 839 1950; x_wconf 86' lang='lat' dir='ltr'>Praefatione</span> <span class='ocrx_word' id='word_1_284' title='bbox 855 1919 866 1949; x_wconf 88' lang='grc' dir='ltr'><strong>Ι</strong></span> <span class='ocrx_word' id='word_1_285' title='bbox 887 1919 919 1949; x_wconf 89' lang='lat' dir='ltr'>in</span> <span class='ocrx_word' id='word_1_286' title='bbox 938 1919 1102 1950; x_wconf 87' lang='lat' dir='ltr'>saeculum</span> <span class='ocrx_word' id='word_1_287' title='bbox 1118 1919 1158 1950; x_wconf 90' lang='grc' dir='ltr'>ΙΙΙ</span> <span class='ocrx_word' id='word_1_288' title='bbox 1174 1920 1235 1951; x_wconf 93' lang='lat' dir='ltr'>Or-</span> 
     </span>
     <span class='ocr_line' id='line_1_38' title="bbox 153 1963 1234 2005; baseline -0.001 -8"><span class='ocrx_word' id='word_1_289' title='bbox 153 1964 238 1997; x_wconf 74' lang='lat' dir='ltr'>dinis</span> <span class='ocrx_word' id='word_1_290' title='bbox 255 1964 463 2002; x_wconf 43' lang='lat' dir='ltr'>&amp;Benedicta</span> <span class='ocrx_word' id='word_1_291' title='bbox 477 1963 506 2005; x_wconf 57' lang='grc' dir='ltr'>ᾖ,</span> <span class='ocrx_word' id='word_1_292' title='bbox 517 1974 560 2001; x_wconf 82' lang='lat' dir='ltr'>iv,</span> <span class='ocrx_word' id='word_1_293' title='bbox 571 1974 663 1995; x_wconf 90' lang='lat' dir='ltr'>num.</span> <span class='ocrx_word' id='word_1_294' title='bbox 681 1975 690 1994; x_wconf 89' lang='lat'>1</span> <span class='ocrx_word' id='word_1_295' title='bbox 703 1971 728 1994; x_wconf 84' lang='lat'>1:</span> <span class='ocrx_word' id='word_1_296' title='bbox 748 1977 762 1992; x_wconf 84' lang='lat'>«</span> <span class='ocrx_word' id='word_1_297' title='bbox 775 1963 861 2001; x_wconf 84' lang='lat' dir='ltr'>Quia</span> <span class='ocrx_word' id='word_1_298' title='bbox 871 1973 946 1994; x_wconf 91' lang='lat' dir='ltr'>vero</span> <span class='ocrx_word' id='word_1_299' title='bbox 958 1964 1064 2004; x_wconf 91' lang='lat' dir='ltr'>pueris</span> <span class='ocrx_word' id='word_1_300' title='bbox 1076 1964 1146 1995; x_wconf 91' lang='lat' dir='ltr'>Deo</span> <span class='ocrx_word' id='word_1_301' title='bbox 1158 1975 1234 1996; x_wconf 92' lang='lat' dir='ltr'>con-</span> 
     </span>
     <span class='ocr_line' id='line_1_39' title="bbox 155 2008 1235 2049; baseline 0.002 -10"><span class='ocrx_word' id='word_1_302' title='bbox 155 2023 169 2039; x_wconf 76' lang='lat'><strong>»</strong></span> <span class='ocrx_word' id='word_1_303' title='bbox 183 2009 319 2042; x_wconf 59' lang='lat' dir='ltr'>secutis</span> <span class='ocrx_word' id='word_1_304' title='bbox 342 2019 410 2041; x_wconf 90' lang='lat' dir='ltr'>non</span> <span class='ocrx_word' id='word_1_305' title='bbox 425 2008 652 2047; x_wconf 86' lang='lat' dir='ltr'>conveniebat,</span> <span class='ocrx_word' id='word_1_306' title='bbox 669 2015 704 2039; x_wconf 92' lang='lat' dir='ltr'>ut</span> <span class='ocrx_word' id='word_1_307' title='bbox 718 2008 930 2039; x_wconf 87' lang='lat' dir='ltr'>saecularium</span> <span class='ocrx_word' id='word_1_308' title='bbox 945 2008 1080 2049; x_wconf 90' lang='lat' dir='ltr'>collegio</span> <span class='ocrx_word' id='word_1_309' title='bbox 1100 2010 1235 2041; x_wconf 89' lang='lat' dir='ltr'>commi-</span> 
     </span>
     <span class='ocr_line' id='line_1_40' title="bbox 154 2053 1236 2092; baseline -0.001 -5"><span class='ocrx_word' id='word_1_310' title='bbox 154 2067 169 2083; x_wconf 81' lang='lat'><strong>»</strong></span> <span class='ocrx_word' id='word_1_311' title='bbox 184 2061 364 2092; x_wconf 64' lang='lat' dir='ltr'>meremur,</span> <span class='ocrx_word' id='word_1_312' title='bbox 378 2054 431 2086; x_wconf 82' lang='lat' dir='ltr'>alii</span> <span class='ocrx_word' id='word_1_313' title='bbox 446 2054 485 2084; x_wconf 90' lang='lat' dir='ltr'>ab</span> <span class='ocrx_word' id='word_1_314' title='bbox 495 2053 564 2084; x_wconf 86' lang='lat' dir='ltr'>aliis</span> <span class='ocrx_word' id='word_1_315' title='bbox 575 2053 666 2084; x_wconf 89' lang='lat' dir='ltr'>divisi</span> <span class='ocrx_word' id='word_1_316' title='bbox 681 2060 756 2084; x_wconf 85' lang='lat' dir='ltr'>sunt</span> <span class='ocrx_word' id='word_1_317' title='bbox 770 2053 802 2084; x_wconf 92' lang='lat' dir='ltr'>in</span> <span class='ocrx_word' id='word_1_318' title='bbox 818 2053 898 2084; x_wconf 88' lang='lat' dir='ltr'>duas</span> <span class='ocrx_word' id='word_1_319' title='bbox 914 2060 1046 2091; x_wconf 89' lang='lat' dir='ltr'>turmas,</span> <span class='ocrx_word' id='word_1_320' title='bbox 1063 2061 1093 2085; x_wconf 91' lang='lat' dir='ltr'>et</span> <span class='ocrx_word' id='word_1_321' title='bbox 1106 2055 1236 2086; x_wconf 83' lang='lat' dir='ltr'>scholae</span> 
     </span>
     <span class='ocr_line' id='line_1_41' title="bbox 153 2097 1234 2132; baseline -0.002 0"><span class='ocrx_word' id='word_1_322' title='bbox 153 2113 168 2128; x_wconf 72' lang='grc' dir='ltr'>ι·</span> <span class='ocrx_word' id='word_1_323' title='bbox 184 2100 362 2132; x_wconf 58' lang='lat' dir='ltr'>’interiores</span> <span class='ocrx_word' id='word_1_324' title='bbox 385 2104 415 2130; x_wconf 88' lang='lat' dir='ltr'>et</span> <span class='ocrx_word' id='word_1_325' title='bbox 439 2099 617 2130; x_wconf 83' lang='lat' dir='ltr'>exteriores</span> <span class='ocrx_word' id='word_1_326' title='bbox 636 2098 837 2129; x_wconf 83' lang='lat' dir='ltr'>constitutae.</span> <span class='ocrx_word' id='word_1_327' title='bbox 858 2097 952 2129; x_wconf 87' lang='lat' dir='ltr'>Certe</span> <span class='ocrx_word' id='word_1_328' title='bbox 972 2099 1111 2129; x_wconf 88' lang='lat' dir='ltr'>Abbates</span> <span class='ocrx_word' id='word_1_329' title='bbox 1135 2100 1234 2131; x_wconf 87' lang='lat' dir='ltr'>nostri</span> 
     </span>
     <span class='ocr_line' id='line_1_42' title="bbox 152 2142 1233 2185; baseline 0.002 -12"><span class='ocrx_word' id='word_1_330' title='bbox 152 2157 167 2173; x_wconf 64' lang='grc' dir='ltr'><strong>ι</strong></span> <span class='ocrx_word' id='word_1_331' title='bbox 189 2143 225 2176; x_wconf 80' lang='lat' dir='ltr'>in</span> <span class='ocrx_word' id='word_1_332' title='bbox 236 2143 387 2176; x_wconf 89' lang='lat' dir='ltr'>Concilio</span> <span class='ocrx_word' id='word_1_333' title='bbox 397 2143 646 2185; x_wconf 85' lang='lat' dir='ltr'>Aquisgranensi</span> <span class='ocrx_word' id='word_1_334' title='bbox 666 2153 752 2173; x_wconf 90' lang='lat' dir='ltr'>anno</span> <span class='ocrx_word' id='word_1_335' title='bbox 764 2142 828 2184; x_wconf 91' lang='lat'>817</span> <span class='ocrx_word' id='word_1_336' title='bbox 840 2149 1028 2181; x_wconf 89' lang='lat' dir='ltr'>statuerunt,</span> <span class='ocrx_word' id='word_1_337' title='bbox 1041 2143 1143 2184; x_wconf 87' lang='lat' dir='ltr'>capite</span> <span class='ocrx_word' id='word_1_338' title='bbox 1157 2152 1233 2175; x_wconf 76' lang='lat' dir='ltr'>va:</span> 
     </span>
     <span class='ocr_line' id='line_1_43' title="bbox 153 2187 1235 2231; baseline 0.003 -14"><span class='ocrx_word' id='word_1_339' title='bbox 153 2202 167 2217; x_wconf 64' lang='lat' dir='ltr'>a·</span> <span class='ocrx_word' id='word_1_340' title='bbox 194 2188 237 2220; x_wconf 74' lang='lat' dir='ltr'>Ut</span> <span class='ocrx_word' id='word_1_341' title='bbox 258 2189 369 2221; x_wconf 79' lang='lat' dir='ltr'>schola</span> <span class='ocrx_word' id='word_1_342' title='bbox 393 2189 426 2219; x_wconf 84' lang='lat' dir='ltr'>in</span> <span class='ocrx_word' id='word_1_343' title='bbox 451 2189 648 2219; x_wconf 86' lang='lat' dir='ltr'>monasterio</span> <span class='ocrx_word' id='word_1_344' title='bbox 677 2197 740 2218; x_wconf 89' lang='lat' dir='ltr'>non</span> <span class='ocrx_word' id='word_1_345' title='bbox 765 2187 924 2218; x_wconf 82' lang='lat' dir='ltr'>habeatur</span> <span class='ocrx_word' id='word_1_346' title='bbox 953 2189 1016 2218; x_wconf 90' lang='lat' dir='ltr'>nisi</span> <span class='ocrx_word' id='word_1_347' title='bbox 1043 2198 1154 2220; x_wconf 91' lang='lat' dir='ltr'>eorum</span> <span class='ocrx_word' id='word_1_348' title='bbox 1178 2191 1235 2231; x_wconf 88' lang='lat' dir='ltr'>qui</span> 
     </span>
     <span class='ocr_line' id='line_1_44' title="bbox 153 2232 1233 2274; baseline -0.001 -8"><span class='ocrx_word' id='word_1_349' title='bbox 153 2247 166 2262; x_wconf 85' lang='lat'><strong>»</strong></span> <span class='ocrx_word' id='word_1_350' title='bbox 188 2233 290 2266; x_wconf 76' lang='lat' dir='ltr'>obtati</span> <span class='ocrx_word' id='word_1_351' title='bbox 309 2238 406 2265; x_wconf 88' lang='lat' dir='ltr'>sunt:</span> <span class='ocrx_word' id='word_1_352' title='bbox 428 2243 496 2263; x_wconf 89' lang='lat' dir='ltr'>non</span> <span class='ocrx_word' id='word_1_353' title='bbox 519 2242 588 2274; x_wconf 94' lang='lat' dir='ltr'>quo</span> <span class='ocrx_word' id='word_1_354' title='bbox 612 2232 702 2273; x_wconf 91' lang='lat' dir='ltr'>pueri</span> <span class='ocrx_word' id='word_1_355' title='bbox 717 2232 891 2263; x_wconf 84' lang='lat' dir='ltr'>saeculares</span> <span class='ocrx_word' id='word_1_356' title='bbox 915 2232 954 2262; x_wconf 89' lang='lat' dir='ltr'>ab</span> <span class='ocrx_word' id='word_1_357' title='bbox 977 2232 1094 2263; x_wconf 90' lang='lat' dir='ltr'>scholis</span> <span class='ocrx_word' id='word_1_358' title='bbox 1117 2234 1233 2265; x_wconf 88' lang='lat' dir='ltr'>nostris</span> 
     </span>
     <span class='ocr_line' id='line_1_45' title="bbox 151 2276 1232 2318; baseline 0.002 -11"><span class='ocrx_word' id='word_1_359' title='bbox 151 2291 166 2307; x_wconf 64' lang='lat'>2</span> <span class='ocrx_word' id='word_1_360' title='bbox 189 2278 450 2315; x_wconf 70' lang='lat' dir='ltr'>excluderentur,</span> <span class='ocrx_word' id='word_1_361' title='bbox 481 2277 537 2308; x_wconf 84' lang='lat' dir='ltr'>sed</span> <span class='ocrx_word' id='word_1_362' title='bbox 565 2287 633 2318; x_wconf 91' lang='lat' dir='ltr'>quo</span> <span class='ocrx_word' id='word_1_363' title='bbox 657 2276 771 2308; x_wconf 89' lang='lat' dir='ltr'>diversi</span> <span class='ocrx_word' id='word_1_364' title='bbox 802 2277 922 2308; x_wconf 88' lang='lat' dir='ltr'>ordinis</span> <span class='ocrx_word' id='word_1_365' title='bbox 953 2278 1044 2317; x_wconf 91' lang='lat' dir='ltr'>pueri</span> <span class='ocrx_word' id='word_1_366' title='bbox 1068 2278 1176 2309; x_wconf 90' lang='lat' dir='ltr'>divisis</span> <span class='ocrx_word' id='word_1_367' title='bbox 1200 2279 1232 2309; x_wconf 91' lang='lat' dir='ltr'>in</span> 
     </span>
     <span class='ocr_line' id='line_1_46' title="bbox 151 2322 1231 2363; baseline 0.003 -12"><span class='ocrx_word' id='word_1_368' title='bbox 151 2336 166 2351; x_wconf 80' lang='lat'><strong>»</strong></span> <span class='ocrx_word' id='word_1_369' title='bbox 189 2322 307 2355; x_wconf 76' lang='lat' dir='ltr'>scholis</span> <span class='ocrx_word' id='word_1_370' title='bbox 331 2332 398 2353; x_wconf 90' lang='lat' dir='ltr'>non</span> <span class='ocrx_word' id='word_1_371' title='bbox 423 2332 507 2353; x_wconf 91' lang='lat' dir='ltr'>unos</span> <span class='ocrx_word' id='word_1_372' title='bbox 531 2322 676 2353; x_wconf 88' lang='lat' dir='ltr'>audirent</span> <span class='ocrx_word' id='word_1_373' title='bbox 699 2329 929 2362; x_wconf 79' lang='lat' dir='ltr'>praeceptores,</span> <span class='ocrx_word' id='word_1_374' title='bbox 955 2322 1032 2359; x_wconf 89' lang='lat' dir='ltr'>Quo</span> <span class='ocrx_word' id='word_1_375' title='bbox 1048 2323 1149 2363; x_wconf 84' lang='lat' dir='ltr'>magis</span> <span class='ocrx_word' id='word_1_376' title='bbox 1174 2324 1231 2354; x_wconf 90' lang='lat' dir='ltr'>mi-</span> 
     </span>
     <span class='ocr_line' id='line_1_47' title="bbox 153 2365 1231 2410; baseline 0.004 -14"><span class='ocrx_word' id='word_1_377' title='bbox 153 2381 167 2396; x_wconf 84' lang='lat'><strong>»</strong></span> <span class='ocrx_word' id='word_1_378' title='bbox 189 2367 252 2399; x_wconf 80' lang='lat' dir='ltr'>rari</span> <span class='ocrx_word' id='word_1_379' title='bbox 265 2365 350 2399; x_wconf 81' lang='lat' dir='ltr'>subit</span> <span class='ocrx_word' id='word_1_380' title='bbox 365 2367 567 2398; x_wconf 87' lang='lat' dir='ltr'>securitatem</span> <span class='ocrx_word' id='word_1_381' title='bbox 586 2366 754 2398; x_wconf 88' lang='lat' dir='ltr'>cuiusdam</span> <span class='ocrx_word' id='word_1_382' title='bbox 778 2366 960 2398; x_wconf 85' lang='lat' dir='ltr'>recentioris</span> <span class='ocrx_word' id='word_1_383' title='bbox 979 2367 1156 2408; x_wconf 87' lang='lat' dir='ltr'>scriptoris,</span> <span class='ocrx_word' id='word_1_384' title='bbox 1176 2369 1231 2410; x_wconf 92' lang='lat' dir='ltr'>qui</span> 
     </span>
     <span class='ocr_line' id='line_1_48' title="bbox 153 2411 1231 2454; baseline 0.003 -13"><span class='ocrx_word' id='word_1_385' title='bbox 153 2425 167 2441; x_wconf 72' lang='lat'>1·</span> <span class='ocrx_word' id='word_1_386' title='bbox 190 2422 231 2444; x_wconf 77' lang='lat' dir='ltr'>eo</span> <span class='ocrx_word' id='word_1_387' title='bbox 251 2412 353 2454; x_wconf 82' lang='lat' dir='ltr'>capite</span> <span class='ocrx_word' id='word_1_388' title='bbox 371 2411 528 2443; x_wconf 83' lang='lat' dir='ltr'>existimat</span> <span class='ocrx_word' id='word_1_389' title='bbox 545 2411 722 2442; x_wconf 89' lang='lat' dir='ltr'>monachos</span> <span class='ocrx_word' id='word_1_390' title='bbox 741 2411 781 2442; x_wconf 90' lang='lat' dir='ltr'>ab</span> <span class='ocrx_word' id='word_1_391' title='bbox 800 2411 953 2443; x_wconf 91' lang='lat' dir='ltr'>docendis</span> <span class='ocrx_word' id='word_1_392' title='bbox 972 2413 1105 2442; x_wconf 87' lang='lat' dir='ltr'>externis</span> <span class='ocrx_word' id='word_1_393' title='bbox 1125 2413 1231 2453; x_wconf 87' lang='lat' dir='ltr'>pueris</span> 
     </span>
     <span class='ocr_line' id='line_1_49' title="bbox 153 2455 1231 2496; baseline 0 -7"><span class='ocrx_word' id='word_1_394' title='bbox 153 2470 167 2485; x_wconf 65' lang='grc' dir='ltr'><strong><em>ι</em></strong></span> <span class='ocrx_word' id='word_1_395' title='bbox 189 2456 346 2489; x_wconf 87' lang='lat' dir='ltr'>removeri</span> <span class='ocrx_word' id='word_1_396' title='bbox 373 2456 463 2487; x_wconf 91' lang='lat' dir='ltr'>iussu</span> <span class='ocrx_word' id='word_1_397' title='bbox 490 2462 521 2487; x_wconf 89' lang='lat' dir='ltr'>et</span> <span class='ocrx_word' id='word_1_398' title='bbox 548 2456 735 2487; x_wconf 88' lang='lat' dir='ltr'>auctoritate</span> <span class='ocrx_word' id='word_1_399' title='bbox 762 2455 935 2496; x_wconf 88' lang='lat' dir='ltr'>Principis:</span> <span class='ocrx_word' id='word_1_400' title='bbox 972 2466 1047 2487; x_wconf 91' lang='lat' dir='ltr'>cum</span> <span class='ocrx_word' id='word_1_401' title='bbox 1076 2464 1231 2489; x_wconf 91' lang='lat' dir='ltr'>statutum</span> 
     </span>
     <span class='ocr_line' id='line_1_50' title="bbox 152 2499 1230 2541; baseline 0 -8"><span class='ocrx_word' id='word_1_402' title='bbox 152 2515 167 2529; x_wconf 81' lang='grc'><strong><em>»</em></strong></span> <span class='ocrx_word' id='word_1_403' title='bbox 189 2501 275 2533; x_wconf 84' lang='lat' dir='ltr'>istud</span> <span class='ocrx_word' id='word_1_404' title='bbox 302 2501 342 2532; x_wconf 85' lang='lat' dir='ltr'>ab</span> <span class='ocrx_word' id='word_1_405' title='bbox 370 2500 448 2541; x_wconf 87' lang='lat' dir='ltr'>ipsis</span> <span class='ocrx_word' id='word_1_406' title='bbox 471 2500 601 2532; x_wconf 88' lang='lat' dir='ltr'>Ordinis</span> <span class='ocrx_word' id='word_1_407' title='bbox 625 2500 724 2531; x_wconf 91' lang='lat' dir='ltr'>nostri</span> <span class='ocrx_word' id='word_1_408' title='bbox 742 2499 907 2540; x_wconf 90' lang='lat' dir='ltr'>praefectis</span> <span class='ocrx_word' id='word_1_409' title='bbox 931 2501 1098 2532; x_wconf 90' lang='lat' dir='ltr'>conditum</span> <span class='ocrx_word' id='word_1_410' title='bbox 1127 2502 1167 2533; x_wconf 92' lang='lat' dir='ltr'>sit</span> <span class='ocrx_word' id='word_1_411' title='bbox 1191 2512 1230 2533; x_wconf 92' lang='lat' dir='ltr'>eo</span> 
     </span>
     <span class='ocr_line' id='line_1_51' title="bbox 151 2544 1229 2586; baseline 0 -8"><span class='ocrx_word' id='word_1_412' title='bbox 151 2559 167 2574; x_wconf 80' lang='lat'><strong>»</strong></span> <span class='ocrx_word' id='word_1_413' title='bbox 188 2546 310 2584; x_wconf 79' lang='lat' dir='ltr'>animo,</span> <span class='ocrx_word' id='word_1_414' title='bbox 326 2552 362 2577; x_wconf 91' lang='lat' dir='ltr'>ut</span> <span class='ocrx_word' id='word_1_415' title='bbox 382 2555 423 2576; x_wconf 89' lang='lat' dir='ltr'>ne</span> <span class='ocrx_word' id='word_1_416' title='bbox 437 2544 528 2586; x_wconf 89' lang='lat' dir='ltr'>pueri</span> <span class='ocrx_word' id='word_1_417' title='bbox 543 2544 693 2575; x_wconf 89' lang='lat' dir='ltr'>monachi</span> <span class='ocrx_word' id='word_1_418' title='bbox 713 2544 884 2576; x_wconf 87' lang='lat' dir='ltr'>saecularia</span> <span class='ocrx_word' id='word_1_419' title='bbox 902 2555 977 2576; x_wconf 89' lang='lat' dir='ltr'>cum</span> <span class='ocrx_word' id='word_1_420' title='bbox 997 2546 1103 2586; x_wconf 84' lang='lat' dir='ltr'>puen&#39;s</span> <span class='ocrx_word' id='word_1_421' title='bbox 1122 2557 1229 2578; x_wconf 84' lang='lat' dir='ltr'>saecu-</span> 
     </span>
     <span class='ocr_line' id='line_1_52' title="bbox 152 2589 1230 2631; baseline 0.003 -12"><span class='ocrx_word' id='word_1_422' title='bbox 152 2604 166 2619; x_wconf 78' lang='lat'><strong>»</strong></span> <span class='ocrx_word' id='word_1_423' title='bbox 187 2590 306 2622; x_wconf 82' lang='lat' dir='ltr'>laribus</span> <span class='ocrx_word' id='word_1_424' title='bbox 330 2590 501 2627; x_wconf 58' lang='lat' dir='ltr'>discen-enm</span> <span class='ocrx_word' id='word_1_425' title='bbox 526 2600 562 2620; x_wconf 92' lang='lat' dir='ltr'>ea</span> <span class='ocrx_word' id='word_1_426' title='bbox 586 2589 703 2620; x_wconf 88' lang='lat' dir='ltr'>scilicet</span> <span class='ocrx_word' id='word_1_427' title='bbox 725 2589 824 2619; x_wconf 89' lang='lat' dir='ltr'>animi</span> <span class='ocrx_word' id='word_1_428' title='bbox 848 2590 1013 2629; x_wconf 90' lang='lat' dir='ltr'>sententia,</span> <span class='ocrx_word' id='word_1_429' title='bbox 1038 2601 1102 2631; x_wconf 89' lang='lat' dir='ltr'>qua</span> <span class='ocrx_word' id='word_1_430' title='bbox 1123 2598 1230 2622; x_wconf 91' lang='lat' dir='ltr'>vetue-</span> 
     </span>
     <span class='ocr_line' id='line_1_53' title="bbox 151 2631 1230 2676; baseline 0.002 -11"><span class='ocrx_word' id='word_1_431' title='bbox 151 2648 165 2664; x_wconf 68' lang='grc' dir='ltr'><strong>ι</strong></span> <span class='ocrx_word' id='word_1_432' title='bbox 187 2631 370 2676; x_wconf 73' lang='lat' dir='ltr'>rant&#39;capite</span> <span class='ocrx_word' id='word_1_433' title='bbox 383 2642 461 2665; x_wconf 81' lang='lat' dir='ltr'>xm:</span> <span class='ocrx_word' id='word_1_434' title='bbox 480 2633 523 2665; x_wconf 90' lang='lat' dir='ltr'>Ut</span> <span class='ocrx_word' id='word_1_435' title='bbox 538 2634 649 2665; x_wconf 85' lang='lat' dir='ltr'>nullus</span> <span class='ocrx_word' id='word_1_436' title='bbox 658 2634 805 2675; x_wconf 82' lang='lat' dir='ltr'>plebeius</span> <span class='ocrx_word' id='word_1_437' title='bbox 822 2643 879 2665; x_wconf 87' lang='lat' dir='ltr'>seu</span> <span class='ocrx_word' id='word_1_438' title='bbox 899 2635 1037 2666; x_wconf 87' lang='lat' dir='ltr'>clericus</span> <span class='ocrx_word' id='word_1_439' title='bbox 1049 2636 1230 2668; x_wconf 87' lang='lat' dir='ltr'>saecularis</span> 
     </span>
     <span class='ocr_line' id='line_1_54' title="bbox 150 2678 1230 2719; baseline 0.004 -11"><span class='ocrx_word' id='word_1_440' title='bbox 150 2693 165 2708; x_wconf 82' lang='lat'><strong>»</strong></span> <span class='ocrx_word' id='word_1_441' title='bbox 188 2681 222 2711; x_wconf 84' lang='lat' dir='ltr'>in</span> <span class='ocrx_word' id='word_1_442' title='bbox 246 2680 442 2712; x_wconf 84' lang='lat' dir='ltr'>monasterio</span> <span class='ocrx_word' id='word_1_443' title='bbox 465 2678 510 2710; x_wconf 88' lang='lat' dir='ltr'>ad</span> <span class='ocrx_word' id='word_1_444' title='bbox 537 2678 747 2710; x_wconf 86' lang='lat' dir='ltr'>habitandum</span> <span class='ocrx_word' id='word_1_445' title='bbox 771 2679 967 2719; x_wconf 83' lang='lat' dir='ltr'>recipiatur,</span> <span class='ocrx_word' id='word_1_446' title='bbox 999 2680 1063 2710; x_wconf 89' lang='lat' dir='ltr'>nisi</span> <span class='ocrx_word' id='word_1_447' title='bbox 1092 2681 1230 2712; x_wconf 82' lang='lat' dir='ltr'>voluerit</span> 
     </span>
     <span class='ocr_line' id='line_1_55' title="bbox 151 2723 1229 2767; baseline 0.003 -14"><span class='ocrx_word' id='word_1_448' title='bbox 151 2738 166 2753; x_wconf 70' lang='grc' dir='ltr'><strong>ι</strong></span> <span class='ocrx_word' id='word_1_449' title='bbox 177 2724 262 2767; x_wconf 81' lang='lat' dir='ltr'>fieri</span> <span class='ocrx_word' id='word_1_450' title='bbox 279 2723 465 2756; x_wconf 85' lang='lat' dir='ltr'>monachus.</span> <span class='ocrx_word' id='word_1_451' title='bbox 486 2724 584 2754; x_wconf 90' lang='lat' dir='ltr'>Erant</span> <span class='ocrx_word' id='word_1_452' title='bbox 603 2733 678 2763; x_wconf 86' lang='lat' dir='ltr'>ergo</span> <span class='ocrx_word' id='word_1_453' title='bbox 690 2746 699 2761; x_wconf 93' lang='lat'>,</span> <span class='ocrx_word' id='word_1_454' title='bbox 719 2730 756 2754; x_wconf 90' lang='lat' dir='ltr'>ut</span> <span class='ocrx_word' id='word_1_455' title='bbox 774 2723 858 2762; x_wconf 88' lang='lat' dir='ltr'>dixi,</span> <span class='ocrx_word' id='word_1_456' title='bbox 878 2724 911 2754; x_wconf 89' lang='lat' dir='ltr'>in</span> <span class='ocrx_word' id='word_1_457' title='bbox 931 2724 1094 2755; x_wconf 89' lang='lat' dir='ltr'>coenobiis</span> <span class='ocrx_word' id='word_1_458' title='bbox 1114 2726 1229 2756; x_wconf 88' lang='lat' dir='ltr'>nostris</span> 
     </span>
     <span class='ocr_line' id='line_1_56' title="bbox 151 2768 1230 2808; baseline 0.001 -8"><span class='ocrx_word' id='word_1_459' title='bbox 151 2783 166 2797; x_wconf 81' lang='lat'><strong>»</strong></span> <span class='ocrx_word' id='word_1_460' title='bbox 188 2769 316 2800; x_wconf 84' lang='lat' dir='ltr'>scholae</span> <span class='ocrx_word' id='word_1_461' title='bbox 330 2770 502 2800; x_wconf 87' lang='lat' dir='ltr'>interiores</span> <span class='ocrx_word' id='word_1_462' title='bbox 515 2778 571 2799; x_wconf 89' lang='lat' dir='ltr'>seu</span> <span class='ocrx_word' id='word_1_463' title='bbox 587 2768 781 2799; x_wconf 85' lang='lat' dir='ltr'>claustrales</span> <span class='ocrx_word' id='word_1_464' title='bbox 795 2778 854 2808; x_wconf 89' lang='lat' dir='ltr'>pro</span> <span class='ocrx_word' id='word_1_465' title='bbox 865 2769 1042 2807; x_wconf 88' lang='lat' dir='ltr'>monachis;</span> <span class='ocrx_word' id='word_1_466' title='bbox 1051 2771 1230 2801; x_wconf 82' lang='lat' dir='ltr'>exteriores</span> 
     </span>
     <span class='ocr_line' id='line_1_57' title="bbox 150 2813 1228 2854; baseline 0.001 -9"><span class='ocrx_word' id='word_1_467' title='bbox 150 2827 166 2842; x_wconf 80' lang='lat'><strong>»</strong></span> <span class='ocrx_word' id='word_1_468' title='bbox 188 2824 245 2845; x_wconf 88' lang='lat' dir='ltr'>seu</span> <span class='ocrx_word' id='word_1_469' title='bbox 268 2815 445 2846; x_wconf 82' lang='lat' dir='ltr'>canonicae</span> <span class='ocrx_word' id='word_1_470' title='bbox 459 2823 518 2854; x_wconf 91' lang='lat' dir='ltr'>pro</span> <span class='ocrx_word' id='word_1_471' title='bbox 538 2813 761 2844; x_wconf 89' lang='lat' dir='ltr'>saecularibus.</span> <span class='ocrx_word' id='word_1_472' title='bbox 787 2813 894 2844; x_wconf 87' lang='lat' dir='ltr'>Huius</span> <span class='ocrx_word' id='word_1_473' title='bbox 916 2813 1104 2844; x_wconf 88' lang='lat' dir='ltr'>discriminis</span> <span class='ocrx_word' id='word_1_474' title='bbox 1119 2822 1228 2846; x_wconf 87' lang='lat' dir='ltr'>aucto-</span> 
     </span>
     <span class='ocr_line' id='line_1_58' title="bbox 150 2857 1229 2898; baseline 0 -8"><span class='ocrx_word' id='word_1_475' title='bbox 150 2871 164 2886; x_wconf 77' lang='lat'><strong>»</strong></span> <span class='ocrx_word' id='word_1_476' title='bbox 183 2868 256 2890; x_wconf 64' lang='lat' dir='ltr'>vrem</span> <span class='ocrx_word' id='word_1_477' title='bbox 279 2859 434 2890; x_wconf 88' lang='lat' dir='ltr'>habemus</span> <span class='ocrx_word' id='word_1_478' title='bbox 457 2858 615 2898; x_wconf 91' lang='lat' dir='ltr'>imprimis</span> <span class='ocrx_word' id='word_1_479' title='bbox 638 2857 865 2888; x_wconf 80' lang='lat' dir='ltr'>Ekkehardum</span> <span class='ocrx_word' id='word_1_480' title='bbox 884 2858 917 2888; x_wconf 93' lang='lat' dir='ltr'>in</span> <span class='ocrx_word' id='word_1_481' title='bbox 937 2858 1010 2889; x_wconf 90' lang='lat' dir='ltr'>Vita</span> <span class='ocrx_word' id='word_1_482' title='bbox 1033 2869 1057 2889; x_wconf 77' lang='lat' dir='ltr'>S.</span> <span class='ocrx_word' id='word_1_483' title='bbox 1077 2860 1229 2898; x_wconf 90' lang='lat' dir='ltr'>Notkeri,</span> 
     </span>
     <span class='ocr_line' id='line_1_59' title="bbox 151 2902 1230 2944; baseline 0.001 -10"><span class='ocrx_word' id='word_1_484' title='bbox 151 2916 166 2930; x_wconf 62' lang='grc' dir='ltr'><strong>ι</strong></span> <span class='ocrx_word' id='word_1_485' title='bbox 188 2903 291 2944; x_wconf 85' lang='lat' dir='ltr'>capite</span> <span class='ocrx_word' id='word_1_486' title='bbox 304 2911 363 2935; x_wconf 83' lang='lat' dir='ltr'>vn:</span> <span class='ocrx_word' id='word_1_487' title='bbox 389 2903 581 2934; x_wconf 82' lang='lat' dir='ltr'>Traduntur</span> <span class='ocrx_word' id='word_1_488' title='bbox 590 2907 665 2943; x_wconf 85' lang='lat' dir='ltr'>post</span> <span class='ocrx_word' id='word_1_489' title='bbox 679 2902 774 2933; x_wconf 83' lang='lat' dir='ltr'>breve</span> <span class='ocrx_word' id='word_1_490' title='bbox 788 2907 913 2943; x_wconf 82' lang='lat' dir='ltr'>tempus</span> <span class='ocrx_word' id='word_1_491' title='bbox 926 2904 1087 2934; x_wconf 87' lang='lat' dir='ltr'>Marcello</span> <span class='ocrx_word' id='word_1_492' title='bbox 1101 2905 1230 2935; x_wconf 88' lang='lat' dir='ltr'>scholae</span> 
     </span>
     <span class='ocr_line' id='line_1_60' title="bbox 151 2947 1229 2980; baseline 0 0"><span class='ocrx_word' id='word_1_493' title='bbox 151 2960 166 2975; x_wconf 60' lang='lat'><em>2</em></span> <span class='ocrx_word' id='word_1_494' title='bbox 187 2947 331 2980; x_wconf 70' lang='lat' dir='ltr'>claustri</span> <span class='ocrx_word' id='word_1_495' title='bbox 347 2958 421 2979; x_wconf 89' lang='lat' dir='ltr'>cum</span> <span class='ocrx_word' id='word_1_496' title='bbox 444 2948 535 2979; x_wconf 88' lang='lat' dir='ltr'>beato</span> <span class='ocrx_word' id='word_1_497' title='bbox 558 2947 702 2978; x_wconf 81' lang='lat' dir='ltr'>Notkero</span> <span class='ocrx_word' id='word_1_498' title='bbox 724 2947 864 2978; x_wconf 86' lang='lat' dir='ltr'>Balbulo</span> <span class='ocrx_word' id='word_1_499' title='bbox 890 2953 921 2978; x_wconf 89' lang='lat' dir='ltr'>et</span> <span class='ocrx_word' id='word_1_500' title='bbox 951 2950 1087 2980; x_wconf 88' lang='lat' dir='ltr'>caeteris</span> <span class='ocrx_word' id='word_1_501' title='bbox 1118 2959 1229 2980; x_wconf 89' lang='lat' dir='ltr'>mona-</span> 
     </span>
     <span class='ocr_line' id='line_1_61' title="bbox 152 2991 1227 3033; baseline 0.001 -10"><span class='ocrx_word' id='word_1_502' title='bbox 152 3005 166 3019; x_wconf 82' lang='lat'><strong>»</strong></span> <span class='ocrx_word' id='word_1_503' title='bbox 189 2991 271 3023; x_wconf 71' lang='lat' dir='ltr'>citici</span> <span class='ocrx_word' id='word_1_504' title='bbox 292 2993 420 3024; x_wconf 83' lang='lat' dir='ltr'>habitus</span> <span class='ocrx_word' id='word_1_505' title='bbox 437 2992 572 3033; x_wconf 78' lang='lat' dir='ltr'>pueris:</span> <span class='ocrx_word' id='word_1_506' title='bbox 596 2992 775 3022; x_wconf 84' lang='lat' dir='ltr'>exteriores</span> <span class='ocrx_word' id='word_1_507' title='bbox 799 3001 895 3029; x_wconf 84' lang='lat' dir='ltr'>vero,</span> <span class='ocrx_word' id='word_1_508' title='bbox 927 2992 1008 3023; x_wconf 87' lang='lat' dir='ltr'>idest</span> <span class='ocrx_word' id='word_1_509' title='bbox 1031 2995 1227 3032; x_wconf 87' lang='lat' dir='ltr'>canonicae,</span> 
     </span>
     <span class='ocr_line' id='line_1_62' title="bbox 152 3035 1230 3076; baseline 0.003 -10"><span class='ocrx_word' id='word_1_510' title='bbox 152 3049 166 3063; x_wconf 65' lang='grc' dir='ltr'><strong><em>ι</em></strong></span> <span class='ocrx_word' id='word_1_511' title='bbox 189 3035 280 3069; x_wconf 81' lang='lat' dir='ltr'>Isoni</span> <span class='ocrx_word' id='word_1_512' title='bbox 301 3046 374 3068; x_wconf 89' lang='lat' dir='ltr'>cum</span> <span class='ocrx_word' id='word_1_513' title='bbox 399 3037 572 3068; x_wconf 88' lang='lat' dir='ltr'>Salomone</span> <span class='ocrx_word' id='word_1_514' title='bbox 595 3042 626 3075; x_wconf 83' lang='lat' dir='ltr'>et</span> <span class='ocrx_word' id='word_1_515' title='bbox 649 3037 719 3067; x_wconf 89' lang='lat' dir='ltr'>eius</span> <span class='ocrx_word' id='word_1_516' title='bbox 742 3037 955 3076; x_wconf 82' lang='lat' dir='ltr'>comparibus.</span> <span class='ocrx_word' id='word_1_517' title='bbox 974 3050 989 3064; x_wconf 77' lang='lat'>»</span> <span class='ocrx_word' id='word_1_518' title='bbox 1022 3038 1113 3068; x_wconf 87' lang='lat' dir='ltr'>Paria</span> <span class='ocrx_word' id='word_1_519' title='bbox 1136 3039 1230 3069; x_wconf 88' lang='lat' dir='ltr'>docet</span> 
     </span>
     <span class='ocr_line' id='line_1_63' title="bbox 149 3080 1229 3123; baseline 0.002 -12"><span class='ocrx_word' id='word_1_520' title='bbox 149 3080 356 3111; x_wconf 87' lang='lat' dir='ltr'>Mabillonius</span> <span class='ocrx_word' id='word_1_521' title='bbox 383 3081 418 3111; x_wconf 90' lang='lat' dir='ltr'>in</span> <span class='ocrx_word' id='word_1_522' title='bbox 446 3088 578 3112; x_wconf 87' lang='lat' dir='ltr'>tractatu</span> <span class='ocrx_word' id='word_1_523' title='bbox 601 3081 654 3111; x_wconf 91' lang='lat' dir='ltr'>De</span> <span class='ocrx_word' id='word_1_524' title='bbox 676 3081 792 3112; x_wconf 89' lang='lat' dir='ltr'>studiis</span> <span class='ocrx_word' id='word_1_525' title='bbox 815 3087 965 3119; x_wconf 69' lang='lat' dir='ltr'>monast„</span> <span class='ocrx_word' id='word_1_526' title='bbox 991 3092 1059 3122; x_wconf 88' lang='lat' dir='ltr'>cap.</span> <span class='ocrx_word' id='word_1_527' title='bbox 1080 3093 1118 3119; x_wconf 82' lang='lat'>11,</span> <span class='ocrx_word' id='word_1_528' title='bbox 1140 3083 1229 3123; x_wconf 93' lang='lat' dir='ltr'>quod</span> 
     </span>
     <span class='ocr_line' id='line_1_64' title="bbox 147 3124 1229 3168; baseline 0.003 -13"><span class='ocrx_word' id='word_1_529' title='bbox 147 3124 342 3156; x_wconf 89' lang='lat' dir='ltr'>inscribitur:</span> <span class='ocrx_word' id='word_1_530' title='bbox 361 3125 413 3156; x_wconf 87' lang='lat' dir='ltr'>De</span> <span class='ocrx_word' id='word_1_531' title='bbox 426 3125 616 3162; x_wconf 86' lang='lat' dir='ltr'>academiis,</span> <span class='ocrx_word' id='word_1_532' title='bbox 635 3135 692 3156; x_wconf 91' lang='lat' dir='ltr'>seu</span> <span class='ocrx_word' id='word_1_533' title='bbox 712 3126 869 3166; x_wconf 84' lang='lat' dir='ltr'>collegiis,</span> <span class='ocrx_word' id='word_1_534' title='bbox 889 3136 973 3166; x_wconf 86' lang='lat' dir='ltr'>quae</span> <span class='ocrx_word' id='word_1_535' title='bbox 991 3127 1133 3168; x_wconf 84' lang='lat' dir='ltr'>singulis</span> <span class='ocrx_word' id='word_1_536' title='bbox 1151 3133 1229 3158; x_wconf 89' lang='lat' dir='ltr'>tem-</span> 
     </span>
     <span class='ocr_line' id='line_1_65' title="bbox 141 3169 1228 3211; baseline 0.002 -11"><span class='ocrx_word' id='word_1_537' title='bbox 141 3169 279 3210; x_wconf 82' lang='lat' dir='ltr'>poribus</span> <span class='ocrx_word' id='word_1_538' title='bbox 302 3170 336 3200; x_wconf 91' lang='lat' dir='ltr'>in</span> <span class='ocrx_word' id='word_1_539' title='bbox 355 3170 514 3201; x_wconf 88' lang='lat' dir='ltr'>coenobiis</span> <span class='ocrx_word' id='word_1_540' title='bbox 535 3169 670 3200; x_wconf 84' lang='lat' dir='ltr'>Ordinis</span> <span class='ocrx_word' id='word_1_541' title='bbox 687 3170 890 3201; x_wconf 88' lang='lat' dir='ltr'>Benedictini</span> <span class='ocrx_word' id='word_1_542' title='bbox 908 3171 1080 3211; x_wconf 86' lang='lat' dir='ltr'>floruere:</span> <span class='ocrx_word' id='word_1_543' title='bbox 1103 3172 1228 3202; x_wconf 89' lang='lat' dir='ltr'>eadem-</span> 
     </span>
     <span class='ocr_line' id='line_1_66' title="bbox 149 3213 1228 3256; baseline 0.003 -12"><span class='ocrx_word' id='word_1_544' title='bbox 149 3224 212 3255; x_wconf 88' lang='lat' dir='ltr'>que</span> <span class='ocrx_word' id='word_1_545' title='bbox 240 3214 335 3244; x_wconf 88' lang='lat' dir='ltr'>habet</span> <span class='ocrx_word' id='word_1_546' title='bbox 363 3213 532 3245; x_wconf 89' lang='lat' dir='ltr'>Nebridius</span> <span class='ocrx_word' id='word_1_547' title='bbox 562 3224 581 3244; x_wconf 90' lang='lat' dir='ltr'>a</span> <span class='ocrx_word' id='word_1_548' title='bbox 604 3214 834 3252; x_wconf 83' lang='lat' dir='ltr'>Mundalhem,</span> <span class='ocrx_word' id='word_1_549' title='bbox 865 3214 1050 3246; x_wconf 87' lang='lat' dir='ltr'>Canonicus</span> <span class='ocrx_word' id='word_1_550' title='bbox 1078 3216 1228 3256; x_wconf 88' lang='lat' dir='ltr'>regularis</span> 
     </span>
     <span class='ocr_line' id='line_1_67' title="bbox 148 3258 1228 3301; baseline 0.003 -13"><span class='ocrx_word' id='word_1_551' title='bbox 148 3258 235 3299; x_wconf 88' lang='lat' dir='ltr'>apud</span> <span class='ocrx_word' id='word_1_552' title='bbox 265 3269 290 3289; x_wconf 88' lang='lat' dir='ltr'>s.</span> <span class='ocrx_word' id='word_1_553' title='bbox 310 3258 445 3289; x_wconf 86' lang='lat' dir='ltr'>Mariam</span> <span class='ocrx_word' id='word_1_554' title='bbox 470 3258 706 3298; x_wconf 89' lang='lat' dir='ltr'>Leopoldinam</span> <span class='ocrx_word' id='word_1_555' title='bbox 735 3259 769 3289; x_wconf 90' lang='lat' dir='ltr'>in</span> <span class='ocrx_word' id='word_1_556' title='bbox 793 3259 941 3298; x_wconf 82' lang='lat' dir='ltr'>Austria,</span> <span class='ocrx_word' id='word_1_557' title='bbox 972 3260 1005 3290; x_wconf 88' lang='lat' dir='ltr'>in</span> <span class='ocrx_word' id='word_1_558' title='bbox 1033 3261 1228 3301; x_wconf 83' lang='lat' dir='ltr'>Antiquario</span> 
     </span>
     <span class='ocr_line' id='line_1_68' title="bbox 148 3302 569 3343; baseline -0.002 -9"><span class='ocrx_word' id='word_1_559' title='bbox 148 3304 336 3341; x_wconf 84' lang='lat' dir='ltr'>monastico,</span> <span class='ocrx_word' id='word_1_560' title='bbox 362 3302 497 3343; x_wconf 91' lang='lat' dir='ltr'>epistola</span> <span class='ocrx_word' id='word_1_561' title='bbox 515 3303 569 3333; x_wconf 86' lang='lat'>62.</span> 
     </span>
    </p>

    <p class='ocr_par' dir='ltr' id='par_1_6' title="bbox 214 3346 1226 3389">
     <span class='ocr_line' id='line_1_69' title="bbox 214 3346 1226 3389; baseline 0.001 -11"><span class='ocrx_word' id='word_1_562' title='bbox 214 3348 263 3378; x_wconf 84' lang='lat' dir='ltr'>Ex</span> <span class='ocrx_word' id='word_1_563' title='bbox 278 3347 430 3378; x_wconf 89' lang='lat' dir='ltr'>chronico</span> <span class='ocrx_word' id='word_1_564' title='bbox 446 3346 633 3378; x_wconf 90' lang='lat' dir='ltr'>Centulensi</span> <span class='ocrx_word' id='word_1_565' title='bbox 657 3347 911 3386; x_wconf 88' lang='lat' dir='ltr'>Thomassinus‚</span> <span class='ocrx_word' id='word_1_566' title='bbox 930 3355 1018 3389; x_wconf 88' lang='lat' dir='ltr'>parte</span> <span class='ocrx_word' id='word_1_567' title='bbox 1034 3349 1077 3386; x_wconf 86' lang='lat'>11,</span> <span class='ocrx_word' id='word_1_568' title='bbox 1099 3349 1181 3379; x_wconf 91' lang='lat' dir='ltr'>libro</span> <span class='ocrx_word' id='word_1_569' title='bbox 1198 3349 1226 3387; x_wconf 93' lang='lat'>1,</span> 
     </span>
    </p>
   </div>
   <div class='ocr_carea' id='block_1_3' title="bbox 146 3391 1235 3433">
    <p class='ocr_par' dir='ltr' id='par_1_7' title="bbox 146 3391 1235 3433">
     <span class='ocr_line' id='line_1_70' title="bbox 146 3391 1235 3433; baseline 0.002 -11"><span class='ocrx_word' id='word_1_570' title='bbox 146 3391 250 3433; x_wconf 90' lang='lat' dir='ltr'>capite</span> <span class='ocrx_word' id='word_1_571' title='bbox 263 3395 368 3422; x_wconf 84' lang='lat' dir='ltr'>xcvm.</span> <span class='ocrx_word' id='word_1_572' title='bbox 380 3402 470 3423; x_wconf 90' lang='lat' dir='ltr'>num.</span> <span class='ocrx_word' id='word_1_573' title='bbox 493 3403 502 3421; x_wconf 90' lang='lat'>1</span> <span class='ocrx_word' id='word_1_574' title='bbox 512 3401 542 3430; x_wconf 86' lang='lat'>2,</span> <span class='ocrx_word' id='word_1_575' title='bbox 557 3391 634 3422; x_wconf 89' lang='lat' dir='ltr'>haec</span> <span class='ocrx_word' id='word_1_576' title='bbox 648 3391 784 3431; x_wconf 87' lang='lat' dir='ltr'>profert:</span> <span class='ocrx_word' id='word_1_577' title='bbox 800 3392 841 3422; x_wconf 91' lang='lat' dir='ltr'>In</span> <span class='ocrx_word' id='word_1_578' title='bbox 856 3392 916 3422; x_wconf 83' lang='lat' dir='ltr'>hoc</span> <span class='ocrx_word' id='word_1_579' title='bbox 938 3393 1087 3423; x_wconf 87' lang='lat' dir='ltr'>coenobio</span> <span class='ocrx_word' id='word_1_580' title='bbox 1106 3392 1235 3431; x_wconf 49' lang='lat' dir='ltr'>Duces,</span> 
     </span>
    </p>
   </div>
   <div class='ocr_carea' id='block_1_4' title="bbox 146 3435 1226 3700">
    <p class='ocr_par' dir='ltr' id='par_1_8' title="bbox 146 3435 1226 3700">
     <span class='ocr_line' id='line_1_71' title="bbox 149 3435 1225 3478; baseline -0.001 -10"><span class='ocrx_word' id='word_1_581' title='bbox 149 3436 299 3474; x_wconf 80' lang='lat' dir='ltr'>Comites,</span> <span class='ocrx_word' id='word_1_582' title='bbox 305 3437 376 3478; x_wconf 88' lang='lat' dir='ltr'>filii</span> <span class='ocrx_word' id='word_1_583' title='bbox 393 3437 535 3473; x_wconf 88' lang='lat' dir='ltr'>Ducum,</span> <span class='ocrx_word' id='word_1_584' title='bbox 541 3435 612 3476; x_wconf 87' lang='lat' dir='ltr'>filii</span> <span class='ocrx_word' id='word_1_585' title='bbox 627 3435 799 3472; x_wconf 88' lang='lat' dir='ltr'>Comitum,</span> <span class='ocrx_word' id='word_1_586' title='bbox 809 3436 880 3476; x_wconf 84' lang='lat' dir='ltr'>filii</span> <span class='ocrx_word' id='word_1_587' title='bbox 894 3437 990 3466; x_wconf 87' lang='lat' dir='ltr'>etiam</span> <span class='ocrx_word' id='word_1_588' title='bbox 1005 3437 1132 3477; x_wconf 85' lang='lat' dir='ltr'>Regum</span> <span class='ocrx_word' id='word_1_589' title='bbox 1148 3438 1225 3467; x_wconf 91' lang='lat' dir='ltr'>edu-</span> 
     </span>
     <span class='ocr_line' id='line_1_72' title="bbox 146 3480 1226 3520; baseline -0.001 -8"><span class='ocrx_word' id='word_1_590' title='bbox 146 3481 316 3512; x_wconf 81' lang='lat' dir='ltr'>cabantur.</span> <span class='ocrx_word' id='word_1_591' title='bbox 336 3481 437 3519; x_wconf 93' lang='lat' dir='ltr'>Quod</span> <span class='ocrx_word' id='word_1_592' title='bbox 455 3481 535 3511; x_wconf 87' lang='lat' dir='ltr'>adeo</span> <span class='ocrx_word' id='word_1_593' title='bbox 551 3480 705 3510; x_wconf 89' lang='lat' dir='ltr'>disertum</span> <span class='ocrx_word' id='word_1_594' title='bbox 719 3490 778 3519; x_wconf 95' lang='lat' dir='ltr'>pro</span> <span class='ocrx_word' id='word_1_595' title='bbox 793 3489 837 3517; x_wconf 92' lang='lat' dir='ltr'>re,</span> <span class='ocrx_word' id='word_1_596' title='bbox 857 3490 921 3520; x_wconf 89' lang='lat' dir='ltr'>qua</span> <span class='ocrx_word' id='word_1_597' title='bbox 938 3480 977 3510; x_wconf 88' lang='lat' dir='ltr'>de</span> <span class='ocrx_word' id='word_1_598' title='bbox 991 3481 1127 3520; x_wconf 88' lang='lat' dir='ltr'>agimus,</span> <span class='ocrx_word' id='word_1_599' title='bbox 1142 3481 1226 3511; x_wconf 87' lang='lat' dir='ltr'>testi-</span> 
     </span>
     <span class='ocr_line' id='line_1_73' title="bbox 147 3523 1226 3561; baseline -0.001 -5"><span class='ocrx_word' id='word_1_600' title='bbox 147 3525 298 3556; x_wconf 88' lang='lat' dir='ltr'>monium</span> <span class='ocrx_word' id='word_1_601' title='bbox 316 3525 505 3556; x_wconf 85' lang='lat' dir='ltr'>existimavit</span> <span class='ocrx_word' id='word_1_602' title='bbox 523 3524 670 3555; x_wconf 89' lang='lat' dir='ltr'>laudatus</span> <span class='ocrx_word' id='word_1_603' title='bbox 689 3523 935 3561; x_wconf 88' lang='lat' dir='ltr'>Thomassinus‚</span> <span class='ocrx_word' id='word_1_604' title='bbox 951 3531 987 3554; x_wconf 92' lang='lat' dir='ltr'>ut</span> <span class='ocrx_word' id='word_1_605' title='bbox 1005 3535 1140 3555; x_wconf 85' lang='lat' dir='ltr'>asserere</span> <span class='ocrx_word' id='word_1_606' title='bbox 1159 3535 1226 3555; x_wconf 93' lang='lat' dir='ltr'>non</span> 
     </span>
     <span class='ocr_line' id='line_1_74' title="bbox 147 3566 1226 3610; baseline 0 -11"><span class='ocrx_word' id='word_1_607' title='bbox 147 3569 352 3601; x_wconf 81' lang='lat' dir='ltr'>dubitaverit:</span> <span class='ocrx_word' id='word_1_608' title='bbox 371 3571 545 3601; x_wconf 87' lang='lat' dir='ltr'>Decretum</span> <span class='ocrx_word' id='word_1_609' title='bbox 559 3569 827 3610; x_wconf 84' lang='lat' dir='ltr'>Aquisgranense</span> <span class='ocrx_word' id='word_1_610' title='bbox 840 3566 945 3610; x_wconf 91' lang='lat' dir='ltr'>(quod</span> <span class='ocrx_word' id='word_1_611' title='bbox 964 3568 1070 3599; x_wconf 91' lang='lat' dir='ltr'>minus</span> <span class='ocrx_word' id='word_1_612' title='bbox 1089 3575 1226 3599; x_wconf 89' lang='lat' dir='ltr'>attentus</span> 
     </span>
     <span class='ocr_line' id='line_1_75' title="bbox 147 3612 1226 3654; baseline -0.001 -10"><span class='ocrx_word' id='word_1_613' title='bbox 147 3613 340 3645; x_wconf 86' lang='lat' dir='ltr'>intellexerat</span> <span class='ocrx_word' id='word_1_614' title='bbox 363 3615 402 3645; x_wconf 93' lang='lat' dir='ltr'>de</span> <span class='ocrx_word' id='word_1_615' title='bbox 421 3614 537 3645; x_wconf 91' lang='lat' dir='ltr'>scholis</span> <span class='ocrx_word' id='word_1_616' title='bbox 556 3623 733 3654; x_wconf 91' lang='lat' dir='ltr'>puerorum</span> <span class='ocrx_word' id='word_1_617' title='bbox 756 3612 965 3643; x_wconf 84' lang='lat' dir='ltr'>saecularium</span> <span class='ocrx_word' id='word_1_618' title='bbox 989 3623 1007 3643; x_wconf 91' lang='lat' dir='ltr'>a</span> <span class='ocrx_word' id='word_1_619' title='bbox 1028 3613 1226 3643; x_wconf 86' lang='lat' dir='ltr'>monasteriis</span> 
     </span>
     <span class='ocr_line' id='line_1_76' title="bbox 147 3657 1224 3700; baseline 0 -12"><span class='ocrx_word' id='word_1_620' title='bbox 147 3660 277 3698; x_wconf 87' lang='lat' dir='ltr'>prorsus</span> <span class='ocrx_word' id='word_1_621' title='bbox 300 3657 516 3700; x_wconf 85' lang='lat' dir='ltr'>eliminandis)</span> <span class='ocrx_word' id='word_1_622' title='bbox 541 3659 573 3688; x_wconf 90' lang='lat' dir='ltr'>in</span> <span class='ocrx_word' id='word_1_623' title='bbox 599 3668 660 3689; x_wconf 87' lang='lat' dir='ltr'>usu</span> <span class='ocrx_word' id='word_1_624' title='bbox 685 3662 831 3688; x_wconf 78' lang='lat' dir='ltr'>vocatum</span> <span class='ocrx_word' id='word_1_625' title='bbox 857 3667 920 3688; x_wconf 89' lang='lat' dir='ltr'>non</span> <span class='ocrx_word' id='word_1_626' title='bbox 936 3657 1058 3698; x_wconf 84' lang='lat' dir='ltr'>fuisse,</span> <span class='ocrx_word' id='word_1_627' title='bbox 1083 3663 1142 3688; x_wconf 89' lang='lat' dir='ltr'>aut</span> <span class='ocrx_word' id='word_1_628' title='bbox 1161 3667 1224 3688; x_wconf 87' lang='lat' dir='ltr'>non</span> 
     </span>
    </p>
   </div>
   <div class='ocr_carea' id='block_1_5' title="bbox 2297 301 2380 325">
    <p class='ocr_par' dir='ltr' id='par_1_9' title="bbox 2297 301 2380 325">
     <span class='ocr_line' id='line_1_77' title="bbox 2297 301 2380 325; baseline 0.012 -1"><span class='ocrx_word' id='word_1_629' title='bbox 2297 301 2380 325; x_wconf 86' lang='lat' dir='ltr'>LXlll</span> 
     </span>
    </p>
   </div>
   <div class='ocr_carea' id='block_1_6' title="bbox 1282 359 2411 3694">
    <p class='ocr_par' dir='ltr' id='par_1_10' title="bbox 1298 359 2411 1248">
     <span class='ocr_line' id='line_1_78' title="bbox 1302 359 2382 403; baseline 0.009 -14"><span class='ocrx_word' id='word_1_630' title='bbox 1302 359 1417 400; x_wconf 84' lang='lat' dir='ltr'>ubique</span> <span class='ocrx_word' id='word_1_631' title='bbox 1436 366 1595 398; x_wconf 84' lang='lat' dir='ltr'>vocatum,</span> <span class='ocrx_word' id='word_1_632' title='bbox 1614 367 1672 392; x_wconf 86' lang='lat' dir='ltr'>aut</span> <span class='ocrx_word' id='word_1_633' title='bbox 1690 362 1828 403; x_wconf 85' lang='lat' dir='ltr'>denique</span> <span class='ocrx_word' id='word_1_634' title='bbox 1845 365 1876 393; x_wconf 84' lang='lat' dir='ltr'>in</span> <span class='ocrx_word' id='word_1_635' title='bbox 1892 364 2132 395; x_wconf 86' lang='lat' dir='ltr'>desuetudinem</span> <span class='ocrx_word' id='word_1_636' title='bbox 2153 366 2276 398; x_wconf 86' lang='lat' dir='ltr'>abiisse.</span> <span class='ocrx_word' id='word_1_637' title='bbox 2297 368 2382 400; x_wconf 90' lang='lat' dir='ltr'>Hinc</span> 
     </span>
     <span class='ocr_line' id='line_1_79' title="bbox 1301 404 2381 443; baseline 0.008 -10"><span class='ocrx_word' id='word_1_638' title='bbox 1301 404 1433 434; x_wconf 91' lang='lat' dir='ltr'>dernum</span> <span class='ocrx_word' id='word_1_639' title='bbox 1457 405 1496 435; x_wconf 92' lang='lat' dir='ltr'>de</span> <span class='ocrx_word' id='word_1_640' title='bbox 1521 405 1703 436; x_wconf 89' lang='lat' dir='ltr'>scholarum</span> <span class='ocrx_word' id='word_1_641' title='bbox 1733 406 1919 438; x_wconf 84' lang='lat' dir='ltr'>huiusmodi</span> <span class='ocrx_word' id='word_1_642' title='bbox 1944 407 2073 438; x_wconf 83' lang='lat' dir='ltr'>fortuna</span> <span class='ocrx_word' id='word_1_643' title='bbox 2104 419 2139 440; x_wconf 92' lang='lat' dir='ltr'>ac</span> <span class='ocrx_word' id='word_1_644' title='bbox 2169 410 2291 441; x_wconf 85' lang='lat' dir='ltr'>vicibus</span> <span class='ocrx_word' id='word_1_645' title='bbox 2315 413 2381 443; x_wconf 90' lang='lat' dir='ltr'>Ma-</span> 
     </span>
     <span class='ocr_line' id='line_1_80' title="bbox 1300 448 2381 496; baseline 0.008 -19"><span class='ocrx_word' id='word_1_646' title='bbox 1300 448 1452 479; x_wconf 90' lang='lat' dir='ltr'>billonius</span> <span class='ocrx_word' id='word_1_647' title='bbox 1463 449 1571 489; x_wconf 90' lang='lat' dir='ltr'>paucis</span> <span class='ocrx_word' id='word_1_648' title='bbox 1587 450 1695 480; x_wconf 90' lang='lat' dir='ltr'>omnia</span> <span class='ocrx_word' id='word_1_649' title='bbox 1710 451 1943 491; x_wconf 88' lang='lat' dir='ltr'>complectitur,</span> <span class='ocrx_word' id='word_1_650' title='bbox 1951 462 2033 493; x_wconf 88' lang='lat' dir='ltr'>quae</span> <span class='ocrx_word' id='word_1_651' title='bbox 2047 453 2214 484; x_wconf 87' lang='lat' dir='ltr'>desiderari</span> <span class='ocrx_word' id='word_1_652' title='bbox 2225 465 2381 496; x_wconf 89' lang='lat' dir='ltr'>umquam</span> 
     </span>
     <span class='ocr_line' id='line_1_81' title="bbox 1301 494 2411 539; baseline 0.008 -17"><span class='ocrx_word' id='word_1_653' title='bbox 1301 500 1447 532; x_wconf 88' lang='lat' dir='ltr'>possunt,</span> <span class='ocrx_word' id='word_1_654' title='bbox 1458 494 1531 525; x_wconf 90' lang='lat' dir='ltr'>loco</span> <span class='ocrx_word' id='word_1_655' title='bbox 1551 495 1709 534; x_wconf 87' lang='lat' dir='ltr'>posterius</span> <span class='ocrx_word' id='word_1_656' title='bbox 1730 495 1840 526; x_wconf 87' lang='lat' dir='ltr'>citato:</span> <span class='ocrx_word' id='word_1_657' title='bbox 1861 509 1875 523; x_wconf 82' lang='lat'>‹&lt;</span> <span class='ocrx_word' id='word_1_658' title='bbox 1888 496 2016 527; x_wconf 90' lang='lat' dir='ltr'>Relatae</span> <span class='ocrx_word' id='word_1_659' title='bbox 2039 498 2218 528; x_wconf 84' lang='lat' dir='ltr'>academiae</span> <span class='ocrx_word' id='word_1_660' title='bbox 2238 509 2380 539; x_wconf 86' lang='lat' dir='ltr'>perseve-</span> <span class='ocrx_word' id='word_1_661' title='bbox 2409 530 2411 533; x_wconf 82' lang='grc'>,</span> 
     </span>
     <span class='ocr_line' id='line_1_82' title="bbox 1303 539 2380 580; baseline 0.006 -13"><span class='ocrx_word' id='word_1_662' title='bbox 1303 550 1317 564; x_wconf 87' lang='grc'>»</span> <span class='ocrx_word' id='word_1_663' title='bbox 1342 545 1459 576; x_wconf 87' lang='lat' dir='ltr'>rarunt,</span> <span class='ocrx_word' id='word_1_664' title='bbox 1482 539 1640 580; x_wconf 89' lang='lat' dir='ltr'>inquiens,</span> <span class='ocrx_word' id='word_1_665' title='bbox 1665 550 1701 570; x_wconf 89' lang='lat' dir='ltr'>ac</span> <span class='ocrx_word' id='word_1_666' title='bbox 1720 548 1876 580; x_wconf 90' lang='lat' dir='ltr'>perpetuo</span> <span class='ocrx_word' id='word_1_667' title='bbox 1901 541 2055 572; x_wconf 89' lang='lat' dir='ltr'>durarunt</span> <span class='ocrx_word' id='word_1_668' title='bbox 2075 542 2107 572; x_wconf 94' lang='lat' dir='ltr'>in</span> <span class='ocrx_word' id='word_1_669' title='bbox 2128 543 2245 573; x_wconf 86' lang='lat' dir='ltr'>nostris</span> <span class='ocrx_word' id='word_1_670' title='bbox 2264 554 2380 575; x_wconf 90' lang='lat' dir='ltr'>coeno-</span> 
     </span>
     <span class='ocr_line' id='line_1_83' title="bbox 1304 581 2381 627; baseline 0.006 -15"><span class='ocrx_word' id='word_1_671' title='bbox 1304 594 1317 608; x_wconf 83' lang='lat'>»</span> <span class='ocrx_word' id='word_1_672' title='bbox 1341 581 1418 620; x_wconf 88' lang='lat' dir='ltr'>biis,</span> <span class='ocrx_word' id='word_1_673' title='bbox 1444 584 1568 614; x_wconf 89' lang='lat' dir='ltr'>tametsi</span> <span class='ocrx_word' id='word_1_674' title='bbox 1600 584 1692 614; x_wconf 85' lang='lat' dir='ltr'>variis</span> <span class='ocrx_word' id='word_1_675' title='bbox 1720 584 1990 616; x_wconf 80' lang='lat' dir='ltr'>vicissitudinibus</span> <span class='ocrx_word' id='word_1_676' title='bbox 2016 586 2201 627; x_wconf 88' lang='lat' dir='ltr'>ordinisque</span> <span class='ocrx_word' id='word_1_677' title='bbox 2224 587 2381 619; x_wconf 85' lang='lat' dir='ltr'>alteratio—</span> 
     </span>
     <span class='ocr_line' id='line_1_84' title="bbox 1304 626 2379 671; baseline 0.007 -15"><span class='ocrx_word' id='word_1_678' title='bbox 1304 639 1317 653; x_wconf 82' lang='lat'>»</span> <span class='ocrx_word' id='word_1_679' title='bbox 1341 626 1436 657; x_wconf 89' lang='lat' dir='ltr'>nibus</span> <span class='ocrx_word' id='word_1_680' title='bbox 1450 627 1564 668; x_wconf 88' lang='lat' dir='ltr'>iugiter</span> <span class='ocrx_word' id='word_1_681' title='bbox 1579 628 1752 660; x_wconf 85' lang='lat' dir='ltr'>subiectae:</span> <span class='ocrx_word' id='word_1_682' title='bbox 1774 630 1873 660; x_wconf 90' lang='lat' dir='ltr'>modo</span> <span class='ocrx_word' id='word_1_683' title='bbox 1889 640 2029 671; x_wconf 89' lang='lat' dir='ltr'>namque</span> <span class='ocrx_word' id='word_1_684' title='bbox 2044 631 2263 670; x_wconf 87' lang='lat' dir='ltr'>effloruerunt,</span> <span class='ocrx_word' id='word_1_685' title='bbox 2279 633 2379 664; x_wconf 92' lang='lat' dir='ltr'>modo</span> 
     </span>
     <span class='ocr_line' id='line_1_85' title="bbox 1304 673 2380 715; baseline 0.006 -14"><span class='ocrx_word' id='word_1_686' title='bbox 1304 684 1317 697; x_wconf 86' lang='lat'>»</span> <span class='ocrx_word' id='word_1_687' title='bbox 1341 681 1421 711; x_wconf 89' lang='lat' dir='ltr'>pene</span> <span class='ocrx_word' id='word_1_688' title='bbox 1441 680 1602 710; x_wconf 90' lang='lat' dir='ltr'>aruerunt,</span> <span class='ocrx_word' id='word_1_689' title='bbox 1627 673 1727 704; x_wconf 91' lang='lat' dir='ltr'>modo</span> <span class='ocrx_word' id='word_1_690' title='bbox 1752 674 1884 705; x_wconf 90' lang='lat' dir='ltr'>demum</span> <span class='ocrx_word' id='word_1_691' title='bbox 1908 675 2150 715; x_wconf 86' lang='lat' dir='ltr'>repullularunt,</span> <span class='ocrx_word' id='word_1_692' title='bbox 2175 676 2261 707; x_wconf 86' lang='lat' dir='ltr'>iuxta</span> <span class='ocrx_word' id='word_1_693' title='bbox 2280 677 2380 708; x_wconf 91' lang='lat' dir='ltr'>maio-</span> 
     </span>
     <span class='ocr_line' id='line_1_86' title="bbox 1303 718 2375 761; baseline 0.004 -15"><span class='ocrx_word' id='word_1_694' title='bbox 1303 729 1317 742; x_wconf 83' lang='lat'>»</span> <span class='ocrx_word' id='word_1_695' title='bbox 1341 725 1408 746; x_wconf 89' lang='lat' dir='ltr'>rem</span> <span class='ocrx_word' id='word_1_696' title='bbox 1433 727 1548 758; x_wconf 88' lang='lat' dir='ltr'>nempe</span> <span class='ocrx_word' id='word_1_697' title='bbox 1567 718 1617 748; x_wconf 91' lang='lat' dir='ltr'>vel</span> <span class='ocrx_word' id='word_1_698' title='bbox 1641 718 1800 749; x_wconf 89' lang='lat' dir='ltr'>minorem</span> <span class='ocrx_word' id='word_1_699' title='bbox 1820 719 1969 759; x_wconf 88' lang='lat' dir='ltr'>regularis</span> <span class='ocrx_word' id='word_1_700' title='bbox 1989 719 2173 760; x_wconf 88' lang='lat' dir='ltr'>disciplinae</span> <span class='ocrx_word' id='word_1_701' title='bbox 2193 720 2346 761; x_wconf 88' lang='lat' dir='ltr'>vigorem.</span> <span class='ocrx_word' id='word_1_702' title='bbox 2361 735 2375 750; x_wconf 82' lang='lat'><strong>»</strong></span> 
     </span>
     <span class='ocr_line' id='line_1_87' title="bbox 1300 760 2378 806; baseline 0.006 -16"><span class='ocrx_word' id='word_1_703' title='bbox 1300 760 1384 791; x_wconf 91' lang='lat' dir='ltr'>Hinc</span> <span class='ocrx_word' id='word_1_704' title='bbox 1399 772 1474 792; x_wconf 93' lang='lat' dir='ltr'>vero</span> <span class='ocrx_word' id='word_1_705' title='bbox 1499 762 1523 792; x_wconf 91' lang='lat' dir='ltr'>si</span> <span class='ocrx_word' id='word_1_706' title='bbox 1544 762 1616 803; x_wconf 90' lang='lat' dir='ltr'>quis</span> <span class='ocrx_word' id='word_1_707' title='bbox 1631 762 1779 793; x_wconf 87' lang='lat' dir='ltr'>Damiani</span> <span class='ocrx_word' id='word_1_708' title='bbox 1797 763 1917 801; x_wconf 90' lang='lat' dir='ltr'>locum,</span> <span class='ocrx_word' id='word_1_709' title='bbox 1933 774 2031 804; x_wconf 89' lang='lat' dir='ltr'>quem</span> <span class='ocrx_word' id='word_1_710' title='bbox 2047 774 2143 805; x_wconf 88' lang='lat' dir='ltr'>supra</span> <span class='ocrx_word' id='word_1_711' title='bbox 2157 765 2378 806; x_wconf 81' lang='lat' dir='ltr'>expendimus,</span> 
     </span>
     <span class='ocr_line' id='line_1_88' title="bbox 1299 805 2378 846; baseline 0.006 -11"><span class='ocrx_word' id='word_1_712' title='bbox 1299 805 1541 846; x_wconf 85' lang='lat' dir='ltr'>intelligendum</span> <span class='ocrx_word' id='word_1_713' title='bbox 1561 807 1732 838; x_wconf 88' lang='lat' dir='ltr'>contendat</span> <span class='ocrx_word' id='word_1_714' title='bbox 1751 808 1790 838; x_wconf 90' lang='lat' dir='ltr'>de</span> <span class='ocrx_word' id='word_1_715' title='bbox 1810 809 2016 839; x_wconf 86' lang='lat' dir='ltr'>interioribus</span> <span class='ocrx_word' id='word_1_716' title='bbox 2032 809 2267 840; x_wconf 89' lang='lat' dir='ltr'>monachorum</span> <span class='ocrx_word' id='word_1_717' title='bbox 2287 811 2378 842; x_wconf 91' lang='lat' dir='ltr'>scho-</span> 
     </span>
     <span class='ocr_line' id='line_1_89' title="bbox 1299 849 2376 894; baseline 0.006 -14"><span class='ocrx_word' id='word_1_718' title='bbox 1299 849 1348 887; x_wconf 91' lang='lat' dir='ltr'>lis,</span> <span class='ocrx_word' id='word_1_719' title='bbox 1373 860 1390 880; x_wconf 91' lang='lat' dir='ltr'>e</span> <span class='ocrx_word' id='word_1_720' title='bbox 1414 850 1531 891; x_wconf 90' lang='lat' dir='ltr'>quibus</span> <span class='ocrx_word' id='word_1_721' title='bbox 1555 851 1646 891; x_wconf 91' lang='lat' dir='ltr'>pueri</span> <span class='ocrx_word' id='word_1_722' title='bbox 1670 852 1843 882; x_wconf 89' lang='lat' dir='ltr'>saeculares</span> <span class='ocrx_word' id='word_1_723' title='bbox 1868 852 1955 883; x_wconf 87' lang='lat' dir='ltr'>eiecti</span> <span class='ocrx_word' id='word_1_724' title='bbox 1981 853 2113 891; x_wconf 87' lang='lat' dir='ltr'>fuerint,</span> <span class='ocrx_word' id='word_1_725' title='bbox 2139 864 2195 894; x_wconf 89' lang='lat' dir='ltr'>per</span> <span class='ocrx_word' id='word_1_726' title='bbox 2221 865 2272 885; x_wconf 89' lang='lat' dir='ltr'>me</span> <span class='ocrx_word' id='word_1_727' title='bbox 2295 855 2376 886; x_wconf 85' lang='lat' dir='ltr'>licet.</span> 
     </span>
     <span class='ocr_line' id='line_1_90' title="bbox 1299 894 2378 939; baseline 0.006 -15"><span class='ocrx_word' id='word_1_728' title='bbox 1299 894 1381 925; x_wconf 87' lang='lat' dir='ltr'>Satis</span> <span class='ocrx_word' id='word_1_729' title='bbox 1405 902 1469 933; x_wconf 91' lang='lat' dir='ltr'>est,</span> <span class='ocrx_word' id='word_1_730' title='bbox 1494 896 1690 933; x_wconf 84' lang='lat' dir='ltr'>exteriores,</span> <span class='ocrx_word' id='word_1_731' title='bbox 1717 903 1752 926; x_wconf 93' lang='lat' dir='ltr'>ut</span> <span class='ocrx_word' id='word_1_732' title='bbox 1774 897 1991 936; x_wconf 88' lang='lat' dir='ltr'>appellantur,</span> <span class='ocrx_word' id='word_1_733' title='bbox 2017 898 2140 928; x_wconf 81' lang='lat' dir='ltr'>scholas</span> <span class='ocrx_word' id='word_1_734' title='bbox 2164 908 2378 939; x_wconf 85' lang='lat' dir='ltr'>perseverasse</span> 
     </span>
     <span class='ocr_line' id='line_1_91' title="bbox 1299 939 2378 982; baseline 0.006 -14"><span class='ocrx_word' id='word_1_735' title='bbox 1299 939 1385 979; x_wconf 86' lang='lat' dir='ltr'>apud</span> <span class='ocrx_word' id='word_1_736' title='bbox 1414 940 1608 970; x_wconf 88' lang='lat' dir='ltr'>monachos:</span> <span class='ocrx_word' id='word_1_737' title='bbox 1636 950 1715 980; x_wconf 86' lang='lat' dir='ltr'>quas</span> <span class='ocrx_word' id='word_1_738' title='bbox 1739 950 1818 970; x_wconf 88' lang='lat' dir='ltr'>aevo</span> <span class='ocrx_word' id='word_1_739' title='bbox 1845 941 1908 971; x_wconf 87' lang='lat' dir='ltr'>divi</span> <span class='ocrx_word' id='word_1_740' title='bbox 1935 941 2081 972; x_wconf 87' lang='lat' dir='ltr'>Thomae</span> <span class='ocrx_word' id='word_1_741' title='bbox 2106 942 2242 982; x_wconf 84' lang='lat' dir='ltr'>viguisse</span> <span class='ocrx_word' id='word_1_742' title='bbox 2269 944 2378 975; x_wconf 85' lang='lat' dir='ltr'>Casini</span> 
     </span>
     <span class='ocr_line' id='line_1_92' title="bbox 1299 982 2377 1027; baseline 0.006 -14"><span class='ocrx_word' id='word_1_743' title='bbox 1299 982 1331 1012; x_wconf 88' lang='lat' dir='ltr'>in</span> <span class='ocrx_word' id='word_1_744' title='bbox 1347 983 1455 1024; x_wconf 89' lang='lat' dir='ltr'>eisque</span> <span class='ocrx_word' id='word_1_745' title='bbox 1471 984 1579 1024; x_wconf 90' lang='lat' dir='ltr'>ipsum</span> <span class='ocrx_word' id='word_1_746' title='bbox 1593 982 1758 1014; x_wconf 87' lang='lat' dir='ltr'>Thomam</span> <span class='ocrx_word' id='word_1_747' title='bbox 1773 985 1917 1015; x_wconf 89' lang='lat' dir='ltr'>moribus</span> <span class='ocrx_word' id='word_1_748' title='bbox 1938 992 1967 1016; x_wconf 88' lang='lat' dir='ltr'>et</span> <span class='ocrx_word' id='word_1_749' title='bbox 1981 986 2090 1016; x_wconf 90' lang='lat' dir='ltr'>litteris</span> <span class='ocrx_word' id='word_1_750' title='bbox 2105 987 2276 1019; x_wconf 90' lang='lat' dir='ltr'>educatum</span> <span class='ocrx_word' id='word_1_751' title='bbox 2291 999 2358 1019; x_wconf 90' lang='lat' dir='ltr'>esse</span> <span class='ocrx_word' id='word_1_752' title='bbox 2368 1012 2377 1027; x_wconf 89' lang='lat'>,</span> 
     </span>
     <span class='ocr_line' id='line_1_93' title="bbox 1298 1027 2376 1074; baseline 0.007 -18"><span class='ocrx_word' id='word_1_753' title='bbox 1298 1027 1463 1058; x_wconf 88' lang='lat' dir='ltr'>luculento</span> <span class='ocrx_word' id='word_1_754' title='bbox 1483 1028 1668 1059; x_wconf 90' lang='lat' dir='ltr'>testimonio</span> <span class='ocrx_word' id='word_1_755' title='bbox 1689 1029 1830 1068; x_wconf 85' lang='lat' dir='ltr'>produnt</span> <span class='ocrx_word' id='word_1_756' title='bbox 1852 1030 2019 1070; x_wconf 82' lang='lat' dir='ltr'>scriptores</span> <span class='ocrx_word' id='word_1_757' title='bbox 2035 1031 2125 1061; x_wconf 86' lang='lat' dir='ltr'>Vitae</span> <span class='ocrx_word' id='word_1_758' title='bbox 2141 1032 2219 1071; x_wconf 86' lang='lat' dir='ltr'>eius,</span> <span class='ocrx_word' id='word_1_759' title='bbox 2235 1033 2290 1074; x_wconf 91' lang='lat' dir='ltr'>qui</span> <span class='ocrx_word' id='word_1_760' title='bbox 2308 1043 2376 1074; x_wconf 90' lang='lat' dir='ltr'>per-</span> 
     </span>
     <span class='ocr_line' id='line_1_94' title="bbox 1299 1071 2375 1115; baseline 0.007 -14"><span class='ocrx_word' id='word_1_761' title='bbox 1299 1071 1423 1102; x_wconf 87' lang='lat' dir='ltr'>hibent:</span> <span class='ocrx_word' id='word_1_762' title='bbox 1444 1072 1575 1103; x_wconf 82' lang='lat' dir='ltr'>Nobiles</span> <span class='ocrx_word' id='word_1_763' title='bbox 1593 1082 1716 1112; x_wconf 80' lang='lat' dir='ltr'>pueros</span> <span class='ocrx_word' id='word_1_764' title='bbox 1733 1073 1846 1104; x_wconf 86' lang='lat' dir='ltr'>Casini</span> <span class='ocrx_word' id='word_1_765' title='bbox 1865 1075 2021 1105; x_wconf 85' lang='lat' dir='ltr'>enutritos</span> <span class='ocrx_word' id='word_1_766' title='bbox 2035 1074 2146 1115; x_wconf 85' lang='lat' dir='ltr'>fuisse</span> <span class='ocrx_word' id='word_1_767' title='bbox 2170 1077 2202 1107; x_wconf 90' lang='lat' dir='ltr'>in</span> <span class='ocrx_word' id='word_1_768' title='bbox 2223 1078 2375 1115; x_wconf 86' lang='lat' dir='ltr'>moribus,</span> 
     </span>
     <span class='ocr_line' id='line_1_95' title="bbox 1299 1117 2376 1159; baseline 0.006 -13"><span class='ocrx_word' id='word_1_769' title='bbox 1299 1121 1335 1146; x_wconf 90' lang='lat' dir='ltr'>ut</span> <span class='ocrx_word' id='word_1_770' title='bbox 1349 1117 1448 1147; x_wconf 90' lang='lat' dir='ltr'>moris</span> <span class='ocrx_word' id='word_1_771' title='bbox 1463 1123 1534 1148; x_wconf 89' lang='lat' dir='ltr'>erat</span> <span class='ocrx_word' id='word_1_772' title='bbox 1542 1117 1676 1158; x_wconf 79' lang='lat' dir='ltr'>patriae</span> <span class='ocrx_word' id='word_1_773' title='bbox 1682 1125 1695 1155; x_wconf 88' lang='lat'>‚·</span> <span class='ocrx_word' id='word_1_774' title='bbox 1709 1117 1880 1159; x_wconf 87' lang='lat' dir='ltr'>ipsumque</span> <span class='ocrx_word' id='word_1_775' title='bbox 1896 1119 2069 1159; x_wconf 86' lang='lat' dir='ltr'>puerulum</span> <span class='ocrx_word' id='word_1_776' title='bbox 2085 1120 2249 1151; x_wconf 90' lang='lat' dir='ltr'>Thomam</span> <span class='ocrx_word' id='word_1_777' title='bbox 2264 1122 2376 1153; x_wconf 85' lang='lat' dir='ltr'>ibidem</span> 
     </span>
     <span class='ocr_line' id='line_1_96' title="bbox 1299 1161 2376 1206; baseline 0.006 -16"><span class='ocrx_word' id='word_1_778' title='bbox 1299 1161 1456 1191; x_wconf 88' lang='lat' dir='ltr'>nutritum</span> <span class='ocrx_word' id='word_1_779' title='bbox 1478 1161 1589 1202; x_wconf 84' lang='lat' dir='ltr'>fuisse</span> <span class='ocrx_word' id='word_1_780' title='bbox 1606 1162 1782 1192; x_wconf 88' lang='lat' dir='ltr'>secundum</span> <span class='ocrx_word' id='word_1_781' title='bbox 1804 1173 1923 1193; x_wconf 86' lang='lat' dir='ltr'>morem</span> <span class='ocrx_word' id='word_1_782' title='bbox 1950 1163 2101 1194; x_wconf 83' lang='lat' dir='ltr'>nobilium</span> <span class='ocrx_word' id='word_1_783' title='bbox 2123 1165 2210 1195; x_wconf 87' lang='lat' dir='ltr'>illius</span> <span class='ocrx_word' id='word_1_784' title='bbox 2228 1168 2376 1206; x_wconf 85' lang='lat' dir='ltr'>patriae,</span> 
     </span>
     <span class='ocr_line' id='line_1_97' title="bbox 1299 1205 2206 1248; baseline 0.006 -14"><span class='ocrx_word' id='word_1_785' title='bbox 1299 1210 1330 1234; x_wconf 88' lang='lat' dir='ltr'>et</span> <span class='ocrx_word' id='word_1_786' title='bbox 1348 1206 1381 1235; x_wconf 90' lang='lat' dir='ltr'>in</span> <span class='ocrx_word' id='word_1_787' title='bbox 1402 1205 1595 1246; x_wconf 80' lang='lat' dir='ltr'>logicalibus</span> <span class='ocrx_word' id='word_1_788' title='bbox 1613 1211 1644 1236; x_wconf 84' lang='lat' dir='ltr'>et</span> <span class='ocrx_word' id='word_1_789' title='bbox 1664 1207 1868 1237; x_wconf 85' lang='lat' dir='ltr'>naturalibus</span> <span class='ocrx_word' id='word_1_790' title='bbox 1887 1209 2004 1247; x_wconf 82' lang='lat' dir='ltr'>optime</span> <span class='ocrx_word' id='word_1_791' title='bbox 2017 1208 2206 1248; x_wconf 85' lang='lat' dir='ltr'>profecisse.</span> 
     </span>
    </p>

    <p class='ocr_par' dir='ltr' id='par_1_11' title="bbox 1291 1249 2378 2184">
     <span class='ocr_line' id='line_1_98' title="bbox 1367 1249 2377 1292; baseline 0.007 -13"><span class='ocrx_word' id='word_1_792' title='bbox 1367 1249 1419 1280; x_wconf 92' lang='lat' dir='ltr'>1v.</span> <span class='ocrx_word' id='word_1_793' title='bbox 1441 1251 1650 1292; x_wconf 80' lang='lat' dir='ltr'>Quamquam</span> <span class='ocrx_word' id='word_1_794' title='bbox 1674 1258 1704 1281; x_wconf 90' lang='lat' dir='ltr'>et</span> <span class='ocrx_word' id='word_1_795' title='bbox 1728 1251 1806 1282; x_wconf 87' lang='lat' dir='ltr'>illud</span> <span class='ocrx_word' id='word_1_796' title='bbox 1831 1259 1994 1291; x_wconf 87' lang='lat' dir='ltr'>postremo</span> <span class='ocrx_word' id='word_1_797' title='bbox 2025 1252 2098 1282; x_wconf 90' lang='lat' dir='ltr'>loco</span> <span class='ocrx_word' id='word_1_798' title='bbox 2123 1254 2236 1284; x_wconf 84' lang='lat' dir='ltr'>addere</span> <span class='ocrx_word' id='word_1_799' title='bbox 2260 1255 2300 1284; x_wconf 89' lang='lat' dir='ltr'>ad</span> <span class='ocrx_word' id='word_1_800' title='bbox 2323 1265 2377 1286; x_wconf 91' lang='lat' dir='ltr'>cu-</span> 
     </span>
     <span class='ocr_line' id='line_1_99' title="bbox 1298 1294 2375 1339; baseline 0.006 -16"><span class='ocrx_word' id='word_1_801' title='bbox 1298 1294 1425 1324; x_wconf 90' lang='lat' dir='ltr'>mulum</span> <span class='ocrx_word' id='word_1_802' title='bbox 1445 1295 1546 1334; x_wconf 90' lang='lat' dir='ltr'>liceat‚</span> <span class='ocrx_word' id='word_1_803' title='bbox 1567 1306 1688 1327; x_wconf 87' lang='lat' dir='ltr'>morem</span> <span class='ocrx_word' id='word_1_804' title='bbox 1709 1297 1801 1326; x_wconf 90' lang='lat' dir='ltr'>illum</span> <span class='ocrx_word' id='word_1_805' title='bbox 1815 1297 1948 1336; x_wconf 82' lang='lat' dir='ltr'>patriae</span> <span class='ocrx_word' id='word_1_806' title='bbox 1963 1302 1993 1327; x_wconf 87' lang='lat' dir='ltr'>et</span> <span class='ocrx_word' id='word_1_807' title='bbox 2007 1298 2162 1338; x_wconf 82' lang='lat' dir='ltr'>regionis,</span> <span class='ocrx_word' id='word_1_808' title='bbox 2179 1308 2278 1339; x_wconf 91' lang='lat' dir='ltr'>quem</span> <span class='ocrx_word' id='word_1_809' title='bbox 2297 1309 2375 1330; x_wconf 89' lang='lat' dir='ltr'>aevo</span> 
     </span>
     <span class='ocr_line' id='line_1_100' title="bbox 1298 1338 2375 1384; baseline 0.006 -16"><span class='ocrx_word' id='word_1_810' title='bbox 1298 1338 1361 1368; x_wconf 92' lang='lat' dir='ltr'>divi</span> <span class='ocrx_word' id='word_1_811' title='bbox 1377 1339 1525 1371; x_wconf 87' lang='lat' dir='ltr'>Thomae</span> <span class='ocrx_word' id='word_1_812' title='bbox 1544 1341 1703 1381; x_wconf 85' lang='lat' dir='ltr'>vigentem</span> <span class='ocrx_word' id='word_1_813' title='bbox 1724 1341 1817 1372; x_wconf 90' lang='lat' dir='ltr'>toties</span> <span class='ocrx_word' id='word_1_814' title='bbox 1837 1341 2007 1378; x_wconf 87' lang='lat' dir='ltr'>inculcant,</span> <span class='ocrx_word' id='word_1_815' title='bbox 2030 1342 2165 1383; x_wconf 87' lang='lat' dir='ltr'>dataque</span> <span class='ocrx_word' id='word_1_816' title='bbox 2185 1353 2281 1383; x_wconf 86' lang='lat' dir='ltr'>opera</span> <span class='ocrx_word' id='word_1_817' title='bbox 2302 1354 2375 1384; x_wconf 92' lang='lat' dir='ltr'>pro-</span> 
     </span>
     <span class='ocr_line' id='line_1_101' title="bbox 1298 1385 2374 1428; baseline 0.004 -14"><span class='ocrx_word' id='word_1_818' title='bbox 1298 1391 1425 1423; x_wconf 88' lang='lat' dir='ltr'>ponunt</span> <span class='ocrx_word' id='word_1_819' title='bbox 1445 1385 1611 1416; x_wconf 87' lang='lat' dir='ltr'>attentiore</span> <span class='ocrx_word' id='word_1_820' title='bbox 1636 1393 1742 1417; x_wconf 90' lang='lat' dir='ltr'>mente</span> <span class='ocrx_word' id='word_1_821' title='bbox 1762 1385 2029 1416; x_wconf 88' lang='lat' dir='ltr'>considerandum</span> <span class='ocrx_word' id='word_1_822' title='bbox 2053 1386 2171 1417; x_wconf 87' lang='lat' dir='ltr'>laudati</span> <span class='ocrx_word' id='word_1_823' title='bbox 2195 1388 2374 1428; x_wconf 89' lang='lat' dir='ltr'>scriptores,</span> 
     </span>
     <span class='ocr_line' id='line_1_102' title="bbox 1297 1427 2377 1471; baseline 0.005 -13"><span class='ocrx_word' id='word_1_824' title='bbox 1297 1427 1329 1458; x_wconf 93' lang='lat' dir='ltr'>in</span> <span class='ocrx_word' id='word_1_825' title='bbox 1359 1438 1398 1459; x_wconf 90' lang='lat' dir='ltr'>eo</span> <span class='ocrx_word' id='word_1_826' title='bbox 1429 1429 1561 1461; x_wconf 88' lang='lat' dir='ltr'>fortasse</span> <span class='ocrx_word' id='word_1_827' title='bbox 1592 1430 1736 1471; x_wconf 87' lang='lat' dir='ltr'>positum</span> <span class='ocrx_word' id='word_1_828' title='bbox 1767 1430 1881 1467; x_wconf 88' lang='lat' dir='ltr'>fuisse,</span> <span class='ocrx_word' id='word_1_829' title='bbox 1902 1437 1937 1461; x_wconf 90' lang='lat' dir='ltr'>ut</span> <span class='ocrx_word' id='word_1_830' title='bbox 1961 1431 2110 1461; x_wconf 89' lang='lat' dir='ltr'>monachi</span> <span class='ocrx_word' id='word_1_831' title='bbox 2141 1431 2304 1463; x_wconf 87' lang='lat' dir='ltr'>Casinates</span> <span class='ocrx_word' id='word_1_832' title='bbox 2334 1433 2377 1463; x_wconf 89' lang='lat' dir='ltr'>ita</span> 
     </span>
     <span class='ocr_line' id='line_1_103' title="bbox 1297 1473 2378 1518; baseline 0.006 -16"><span class='ocrx_word' id='word_1_833' title='bbox 1297 1473 1649 1506; x_wconf 84' lang='lat' dir='ltr'>saeculares-nobilium</span> <span class='ocrx_word' id='word_1_834' title='bbox 1680 1475 1873 1506; x_wconf 85' lang='lat' dir='ltr'>familiarum</span> <span class='ocrx_word' id='word_1_835' title='bbox 1892 1475 1981 1505; x_wconf 90' lang='lat' dir='ltr'>illius</span> <span class='ocrx_word' id='word_1_836' title='bbox 2004 1476 2138 1516; x_wconf 80' lang='lat' dir='ltr'>patriae</span> <span class='ocrx_word' id='word_1_837' title='bbox 2165 1486 2205 1506; x_wconf 90' lang='lat' dir='ltr'>ac</span> <span class='ocrx_word' id='word_1_838' title='bbox 2233 1478 2378 1518; x_wconf 81' lang='lat' dir='ltr'>regionis</span> 
     </span>
     <span class='ocr_line' id='line_1_104' title="bbox 1295 1519 2377 1560; baseline 0.004 -12"><span class='ocrx_word' id='word_1_839' title='bbox 1295 1527 1414 1557; x_wconf 88' lang='lat' dir='ltr'>pueros</span> <span class='ocrx_word' id='word_1_840' title='bbox 1445 1519 1623 1560; x_wconf 91' lang='lat' dir='ltr'>exciperent</span> <span class='ocrx_word' id='word_1_841' title='bbox 1654 1519 1798 1550; x_wconf 86' lang='lat' dir='ltr'>moribus</span> <span class='ocrx_word' id='word_1_842' title='bbox 1828 1526 1858 1550; x_wconf 92' lang='lat' dir='ltr'>et</span> <span class='ocrx_word' id='word_1_843' title='bbox 1888 1519 1997 1550; x_wconf 86' lang='lat' dir='ltr'>litteris</span> <span class='ocrx_word' id='word_1_844' title='bbox 2027 1519 2237 1558; x_wconf 90' lang='lat' dir='ltr'>imbuendos,</span> <span class='ocrx_word' id='word_1_845' title='bbox 2258 1528 2293 1552; x_wconf 92' lang='lat' dir='ltr'>ut</span> <span class='ocrx_word' id='word_1_846' title='bbox 2321 1531 2377 1552; x_wconf 91' lang='lat' dir='ltr'>eos</span> 
     </span>
     <span class='ocr_line' id='line_1_105' title="bbox 1295 1561 2375 1606; baseline 0.005 -15"><span class='ocrx_word' id='word_1_847' title='bbox 1295 1561 1360 1593; x_wconf 91' lang='lat' dir='ltr'>sive</span> <span class='ocrx_word' id='word_1_848' title='bbox 1393 1563 1494 1601; x_wconf 85' lang='lat' dir='ltr'>intra,</span> <span class='ocrx_word' id='word_1_849' title='bbox 1514 1564 1579 1595; x_wconf 90' lang='lat' dir='ltr'>sive</span> <span class='ocrx_word' id='word_1_850' title='bbox 1602 1572 1686 1595; x_wconf 86' lang='lat' dir='ltr'>extra</span> <span class='ocrx_word' id='word_1_851' title='bbox 1718 1564 1901 1594; x_wconf 83' lang='lat' dir='ltr'>monasterii</span> <span class='ocrx_word' id='word_1_852' title='bbox 1932 1571 2020 1604; x_wconf 87' lang='lat' dir='ltr'>septa</span> <span class='ocrx_word' id='word_1_853' title='bbox 2044 1564 2235 1602; x_wconf 83' lang='lat' dir='ltr'>enutrirent3</span> <span class='ocrx_word' id='word_1_854' title='bbox 2256 1575 2375 1606; x_wconf 90' lang='lat' dir='ltr'>eosque</span> 
     </span>
     <span class='ocr_line' id='line_1_106' title="bbox 1294 1607 2377 1647; baseline 0.004 -11"><span class='ocrx_word' id='word_1_855' title='bbox 1294 1607 1440 1638; x_wconf 90' lang='lat' dir='ltr'>modesta</span> <span class='ocrx_word' id='word_1_856' title='bbox 1464 1615 1495 1639; x_wconf 92' lang='lat' dir='ltr'>et</span> <span class='ocrx_word' id='word_1_857' title='bbox 1518 1609 1650 1646; x_wconf 90' lang='lat' dir='ltr'>humili,</span> <span class='ocrx_word' id='word_1_858' title='bbox 1670 1609 1720 1639; x_wconf 84' lang='lat' dir='ltr'>vel</span> <span class='ocrx_word' id='word_1_859' title='bbox 1744 1609 1839 1640; x_wconf 90' lang='lat' dir='ltr'>etiam</span> <span class='ocrx_word' id='word_1_860' title='bbox 1870 1608 2046 1639; x_wconf 88' lang='lat' dir='ltr'>monastica</span> <span class='ocrx_word' id='word_1_861' title='bbox 2074 1616 2177 1647; x_wconf 86' lang='lat' dir='ltr'>veste,</span> <span class='ocrx_word' id='word_1_862' title='bbox 2197 1610 2377 1640; x_wconf 91' lang='lat' dir='ltr'>devotionis</span> 
     </span>
     <span class='ocr_line' id='line_1_107' title="bbox 1295 1651 2375 1694; baseline 0.002 -12"><span class='ocrx_word' id='word_1_863' title='bbox 1295 1658 1325 1682; x_wconf 90' lang='lat' dir='ltr'>et</span> <span class='ocrx_word' id='word_1_864' title='bbox 1344 1651 1468 1692; x_wconf 87' lang='lat' dir='ltr'>pietatis</span> <span class='ocrx_word' id='word_1_865' title='bbox 1488 1663 1592 1691; x_wconf 87' lang='lat' dir='ltr'>causa,</span> <span class='ocrx_word' id='word_1_866' title='bbox 1616 1654 1746 1684; x_wconf 89' lang='lat' dir='ltr'>induere</span> <span class='ocrx_word' id='word_1_867' title='bbox 1766 1660 2025 1690; x_wconf 86' lang='lat' dir='ltr'>consuescerent;</span> <span class='ocrx_word' id='word_1_868' title='bbox 2050 1653 2162 1694; x_wconf 91' lang='lat' dir='ltr'>quidni</span> <span class='ocrx_word' id='word_1_869' title='bbox 2178 1663 2286 1685; x_wconf 88' lang='lat' dir='ltr'>rursus</span> <span class='ocrx_word' id='word_1_870' title='bbox 2306 1664 2375 1685; x_wconf 91' lang='lat' dir='ltr'>mo-</span> 
     </span>
     <span class='ocr_line' id='line_1_108' title="bbox 1294 1696 2377 1739; baseline 0.004 -13"><span class='ocrx_word' id='word_1_871' title='bbox 1294 1696 1420 1727; x_wconf 82' lang='lat' dir='ltr'>nasticis</span> <span class='ocrx_word' id='word_1_872' title='bbox 1443 1697 1613 1735; x_wconf 90' lang='lat' dir='ltr'>institutis,</span> <span class='ocrx_word' id='word_1_873' title='bbox 1633 1709 1715 1739; x_wconf 88' lang='lat' dir='ltr'>quae</span> <span class='ocrx_word' id='word_1_874' title='bbox 1745 1697 1894 1728; x_wconf 85' lang='lat' dir='ltr'>saeculari</span> <span class='ocrx_word' id='word_1_875' title='bbox 1925 1708 2038 1728; x_wconf 91' lang='lat' dir='ltr'>eorum</span> <span class='ocrx_word' id='word_1_876' title='bbox 2067 1698 2162 1729; x_wconf 88' lang='lat' dir='ltr'>statui</span> <span class='ocrx_word' id='word_1_877' title='bbox 2186 1708 2221 1729; x_wconf 91' lang='lat' dir='ltr'>ac</span> <span class='ocrx_word' id='word_1_878' title='bbox 2245 1699 2377 1730; x_wconf 86' lang='lat' dir='ltr'>tenellae</span> 
     </span>
     <span class='ocr_line' id='line_1_109' title="bbox 1293 1741 2375 1783; baseline 0.002 -11"><span class='ocrx_word' id='word_1_879' title='bbox 1293 1741 1386 1771; x_wconf 84' lang='lat' dir='ltr'>aetati</span> <span class='ocrx_word' id='word_1_880' title='bbox 1410 1751 1585 1782; x_wconf 88' lang='lat' dir='ltr'>congruere</span> <span class='ocrx_word' id='word_1_881' title='bbox 1604 1750 1766 1783; x_wconf 86' lang='lat' dir='ltr'>poterant,</span> <span class='ocrx_word' id='word_1_882' title='bbox 1787 1752 1826 1772; x_wconf 89' lang='lat' dir='ltr'>eo</span> <span class='ocrx_word' id='word_1_883' title='bbox 1851 1741 1914 1772; x_wconf 86' lang='lat' dir='ltr'>fine</span> <span class='ocrx_word' id='word_1_884' title='bbox 1938 1742 2137 1783; x_wconf 88' lang='lat' dir='ltr'>consilioque</span> <span class='ocrx_word' id='word_1_885' title='bbox 2156 1742 2375 1783; x_wconf 83' lang='lat' dir='ltr'>informarent,</span> 
     </span>
     <span class='ocr_line' id='line_1_110' title="bbox 1294 1786 2372 1828; baseline 0.003 -13"><span class='ocrx_word' id='word_1_886' title='bbox 1294 1791 1330 1815; x_wconf 91' lang='lat' dir='ltr'>ut</span> <span class='ocrx_word' id='word_1_887' title='bbox 1353 1786 1393 1815; x_wconf 88' lang='lat' dir='ltr'>ad</span> <span class='ocrx_word' id='word_1_888' title='bbox 1417 1786 1627 1817; x_wconf 87' lang='lat' dir='ltr'>monasticam</span> <span class='ocrx_word' id='word_1_889' title='bbox 1652 1787 1884 1828; x_wconf 84' lang='lat' dir='ltr'>professionem</span> <span class='ocrx_word' id='word_1_890' title='bbox 1909 1787 2135 1827; x_wconf 83' lang='lat' dir='ltr'>capessendam</span> <span class='ocrx_word' id='word_1_891' title='bbox 2158 1787 2372 1819; x_wconf 86' lang='lat' dir='ltr'>allicerentur:</span> 
     </span>
     <span class='ocr_line' id='line_1_111' title="bbox 1293 1829 2375 1871; baseline 0.002 -10"><span class='ocrx_word' id='word_1_892' title='bbox 1293 1829 1371 1870; x_wconf 86' lang='lat' dir='ltr'>quin</span> <span class='ocrx_word' id='word_1_893' title='bbox 1403 1831 1534 1862; x_wconf 91' lang='lat' dir='ltr'>eosdem</span> <span class='ocrx_word' id='word_1_894' title='bbox 1564 1838 1670 1862; x_wconf 87' lang='lat' dir='ltr'>tamen</span> <span class='ocrx_word' id='word_1_895' title='bbox 1705 1832 1855 1862; x_wconf 87' lang='lat' dir='ltr'>haberent</span> <span class='ocrx_word' id='word_1_896' title='bbox 1886 1831 1967 1862; x_wconf 85' lang='lat' dir='ltr'>inter</span> <span class='ocrx_word' id='word_1_897' title='bbox 1997 1842 2114 1871; x_wconf 88' lang='lat' dir='ltr'>pueros</span> <span class='ocrx_word' id='word_1_898' title='bbox 2147 1842 2219 1862; x_wconf 89' lang='lat' dir='ltr'>vere</span> <span class='ocrx_word' id='word_1_899' title='bbox 2250 1833 2375 1864; x_wconf 86' lang='lat' dir='ltr'>oblatos</span> 
     </span>
     <span class='ocr_line' id='line_1_112' title="bbox 1293 1875 2374 1918; baseline 0.004 -14"><span class='ocrx_word' id='word_1_900' title='bbox 1293 1884 1329 1905; x_wconf 89' lang='lat' dir='ltr'>ac</span> <span class='ocrx_word' id='word_1_901' title='bbox 1353 1875 1548 1908; x_wconf 88' lang='lat' dir='ltr'>monasterio</span> <span class='ocrx_word' id='word_1_902' title='bbox 1577 1876 1732 1914; x_wconf 88' lang='lat' dir='ltr'>devotos,</span> <span class='ocrx_word' id='word_1_903' title='bbox 1752 1877 1870 1917; x_wconf 87' lang='lat' dir='ltr'>quibus</span> <span class='ocrx_word' id='word_1_904' title='bbox 1894 1876 2050 1906; x_wconf 90' lang='lat' dir='ltr'>resiliendi</span> <span class='ocrx_word' id='word_1_905' title='bbox 2082 1876 2291 1918; x_wconf 86' lang='lat' dir='ltr'>habitumque</span> <span class='ocrx_word' id='word_1_906' title='bbox 2322 1878 2374 1908; x_wconf 86' lang='lat' dir='ltr'>de-</span> 
     </span>
     <span class='ocr_line' id='line_1_113' title="bbox 1293 1920 2375 1961; baseline 0.003 -12"><span class='ocrx_word' id='word_1_907' title='bbox 1293 1920 1435 1959; x_wconf 87' lang='lat' dir='ltr'>ponendi</span> <span class='ocrx_word' id='word_1_908' title='bbox 1459 1920 1591 1951; x_wconf 88' lang='lat' dir='ltr'>facultas</span> <span class='ocrx_word' id='word_1_909' title='bbox 1622 1921 1771 1961; x_wconf 87' lang='lat' dir='ltr'>adempta</span> <span class='ocrx_word' id='word_1_910' title='bbox 1795 1928 1875 1951; x_wconf 88' lang='lat' dir='ltr'>erat:</span> <span class='ocrx_word' id='word_1_911' title='bbox 1897 1930 1932 1950; x_wconf 88' lang='lat' dir='ltr'>ac</span> <span class='ocrx_word' id='word_1_912' title='bbox 1956 1920 2075 1960; x_wconf 87' lang='lat' dir='ltr'>integra</span> <span class='ocrx_word' id='word_1_913' title='bbox 2105 1921 2237 1952; x_wconf 89' lang='lat' dir='ltr'>demum</span> <span class='ocrx_word' id='word_1_914' title='bbox 2262 1931 2375 1952; x_wconf 88' lang='lat' dir='ltr'>eorum</span> 
     </span>
     <span class='ocr_line' id='line_1_114' title="bbox 1293 1964 2375 2006; baseline 0.002 -12"><span class='ocrx_word' id='word_1_915' title='bbox 1293 1964 1476 2004; x_wconf 88' lang='lat' dir='ltr'>parentibus</span> <span class='ocrx_word' id='word_1_916' title='bbox 1509 1972 1666 2006; x_wconf 88' lang='lat' dir='ltr'>potestate</span> <span class='ocrx_word' id='word_1_917' title='bbox 1699 1972 1900 2003; x_wconf 85' lang='lat' dir='ltr'>remanente,</span> <span class='ocrx_word' id='word_1_918' title='bbox 1922 1965 2074 2005; x_wconf 88' lang='lat' dir='ltr'>puerulos</span> <span class='ocrx_word' id='word_1_919' title='bbox 2106 1976 2202 2004; x_wconf 92' lang='lat' dir='ltr'>suos,</span> <span class='ocrx_word' id='word_1_920' title='bbox 2223 1976 2298 1996; x_wconf 92' lang='lat' dir='ltr'>cum</span> <span class='ocrx_word' id='word_1_921' title='bbox 2331 1966 2375 1996; x_wconf 91' lang='lat' dir='ltr'>eis</span> 
     </span>
     <span class='ocr_line' id='line_1_115' title="bbox 1292 2007 2374 2050; baseline 0.002 -11"><span class='ocrx_word' id='word_1_922' title='bbox 1292 2008 1441 2049; x_wconf 88' lang='lat' dir='ltr'>placeret,</span> <span class='ocrx_word' id='word_1_923' title='bbox 1460 2020 1477 2040; x_wconf 91' lang='lat' dir='ltr'>e</span> <span class='ocrx_word' id='word_1_924' title='bbox 1501 2010 1695 2041; x_wconf 89' lang='lat' dir='ltr'>monasterio</span> <span class='ocrx_word' id='word_1_925' title='bbox 1720 2007 1909 2041; x_wconf 87' lang='lat' dir='ltr'>revocandi?</span> <span class='ocrx_word' id='word_1_926' title='bbox 1928 2010 2054 2040; x_wconf 91' lang='lat' dir='ltr'>Morem</span> <span class='ocrx_word' id='word_1_927' title='bbox 2086 2010 2223 2041; x_wconf 89' lang='lat' dir='ltr'>similem</span> <span class='ocrx_word' id='word_1_928' title='bbox 2248 2010 2374 2050; x_wconf 85' lang='lat' dir='ltr'>Casini,</span> 
     </span>
     <span class='ocr_line' id='line_1_116' title="bbox 1292 2053 2375 2096; baseline 0.003 -13"><span class='ocrx_word' id='word_1_929' title='bbox 1292 2053 1341 2084; x_wconf 83' lang='lat' dir='ltr'>vel</span> <span class='ocrx_word' id='word_1_930' title='bbox 1361 2053 1392 2084; x_wconf 92' lang='lat' dir='ltr'>in</span> <span class='ocrx_word' id='word_1_931' title='bbox 1413 2054 1607 2085; x_wconf 88' lang='lat' dir='ltr'>monasterio</span> <span class='ocrx_word' id='word_1_932' title='bbox 1628 2062 1753 2089; x_wconf 87' lang='lat' dir='ltr'>sanctae</span> <span class='ocrx_word' id='word_1_933' title='bbox 1773 2055 1890 2085; x_wconf 85' lang='lat' dir='ltr'>Mariae</span> <span class='ocrx_word' id='word_1_934' title='bbox 1910 2055 1948 2084; x_wconf 91' lang='lat' dir='ltr'>de</span> <span class='ocrx_word' id='word_1_935' title='bbox 1971 2055 2126 2085; x_wconf 83' lang='lat' dir='ltr'>Albaneta</span> <span class='ocrx_word' id='word_1_936' title='bbox 2149 2055 2281 2096; x_wconf 88' lang='lat' dir='ltr'>aliisque</span> <span class='ocrx_word' id='word_1_937' title='bbox 2303 2065 2375 2086; x_wconf 86' lang='lat' dir='ltr'>nea-</span> 
     </span>
     <span class='ocr_line' id='line_1_117' title="bbox 1292 2098 2373 2140; baseline 0.002 -12"><span class='ocrx_word' id='word_1_938' title='bbox 1292 2098 1440 2138; x_wconf 87' lang='lat' dir='ltr'>politanis</span> <span class='ocrx_word' id='word_1_939' title='bbox 1465 2099 1603 2130; x_wconf 86' lang='lat' dir='ltr'>aliorum</span> <span class='ocrx_word' id='word_1_940' title='bbox 1626 2099 1788 2131; x_wconf 88' lang='lat' dir='ltr'>Ordinum</span> <span class='ocrx_word' id='word_1_941' title='bbox 1807 2099 1839 2129; x_wconf 92' lang='lat' dir='ltr'>in</span> <span class='ocrx_word' id='word_1_942' title='bbox 1860 2099 2040 2137; x_wconf 85' lang='lat' dir='ltr'>coenobiis,</span> <span class='ocrx_word' id='word_1_943' title='bbox 2068 2099 2228 2140; x_wconf 88' lang='lat' dir='ltr'>hodieque</span> <span class='ocrx_word' id='word_1_944' title='bbox 2251 2099 2373 2140; x_wconf 82' lang='lat' dir='ltr'>vigere,</span> 
     </span>
     <span class='ocr_line' id='line_1_118' title="bbox 1291 2143 1949 2184; baseline 0 -11"><span class='ocrx_word' id='word_1_945' title='bbox 1291 2143 1458 2174; x_wconf 89' lang='lat' dir='ltr'>certiorem</span> <span class='ocrx_word' id='word_1_946' title='bbox 1482 2154 1534 2174; x_wconf 90' lang='lat' dir='ltr'>me</span> <span class='ocrx_word' id='word_1_947' title='bbox 1559 2143 1659 2175; x_wconf 89' lang='lat' dir='ltr'>fecere</span> <span class='ocrx_word' id='word_1_948' title='bbox 1682 2144 1857 2184; x_wconf 88' lang='lat' dir='ltr'>gravissimi</span> <span class='ocrx_word' id='word_1_949' title='bbox 1881 2143 1949 2174; x_wconf 91' lang='lat' dir='ltr'>viri.</span> 
     </span>
    </p>

    <p class='ocr_par' dir='ltr' id='par_1_12' title="bbox 1282 2188 2373 3694">
     <span class='ocr_line' id='line_1_119' title="bbox 1358 2188 2372 2228; baseline 0 -9"><span class='ocrx_word' id='word_1_950' title='bbox 1358 2188 1544 2219; x_wconf 88' lang='lat' dir='ltr'>Remotiora</span> <span class='ocrx_word' id='word_1_951' title='bbox 1569 2189 1712 2219; x_wconf 90' lang='lat' dir='ltr'>eiusdem</span> <span class='ocrx_word' id='word_1_952' title='bbox 1745 2188 1985 2219; x_wconf 88' lang='lat' dir='ltr'>consuetudinis</span> <span class='ocrx_word' id='word_1_953' title='bbox 2010 2188 2153 2228; x_wconf 87' lang='lat' dir='ltr'>exempla</span> <span class='ocrx_word' id='word_1_954' title='bbox 2184 2198 2278 2228; x_wconf 85' lang='lat' dir='ltr'>saepe</span> <span class='ocrx_word' id='word_1_955' title='bbox 2305 2189 2372 2219; x_wconf 87' lang='lat' dir='ltr'>lau-</span> 
     </span>
     <span class='ocr_line' id='line_1_120' title="bbox 1290 2232 2372 2273; baseline 0.001 -11"><span class='ocrx_word' id='word_1_956' title='bbox 1290 2232 1382 2263; x_wconf 86' lang='lat' dir='ltr'>datus</span> <span class='ocrx_word' id='word_1_957' title='bbox 1412 2233 1647 2264; x_wconf 70' lang='lat' dir='ltr'>&#39;thomassinus</span> <span class='ocrx_word' id='word_1_958' title='bbox 1680 2233 1766 2264; x_wconf 87' lang='lat' dir='ltr'>affert</span> <span class='ocrx_word' id='word_1_959' title='bbox 1800 2240 1886 2273; x_wconf 87' lang='lat' dir='ltr'>parte</span> <span class='ocrx_word' id='word_1_960' title='bbox 1919 2233 1947 2270; x_wconf 92' lang='lat'>1,</span> <span class='ocrx_word' id='word_1_961' title='bbox 1980 2232 2061 2262; x_wconf 90' lang='lat' dir='ltr'>libro</span> <span class='ocrx_word' id='word_1_962' title='bbox 2087 2233 2146 2270; x_wconf 91' lang='grc' dir='ltr'><strong>ΙΙΙ,</strong></span> <span class='ocrx_word' id='word_1_963' title='bbox 2175 2233 2276 2273; x_wconf 89' lang='lat' dir='ltr'>capite</span> <span class='ocrx_word' id='word_1_964' title='bbox 2306 2243 2372 2271; x_wconf 79' lang='lat' dir='ltr'>mx,</span> 
     </span>
     <span class='ocr_line' id='line_1_121' title="bbox 1290 2276 2373 2318; baseline 0.001 -11"><span class='ocrx_word' id='word_1_965' title='bbox 1290 2287 1380 2308; x_wconf 91' lang='lat' dir='ltr'>num.</span> <span class='ocrx_word' id='word_1_966' title='bbox 1401 2279 1441 2308; x_wconf 87' lang='lat'>6:</span> <span class='ocrx_word' id='word_1_967' title='bbox 1466 2291 1480 2305; x_wconf 84' lang='lat'>«</span> <span class='ocrx_word' id='word_1_968' title='bbox 1504 2278 1640 2309; x_wconf 89' lang='lat' dir='ltr'>Carolus</span> <span class='ocrx_word' id='word_1_969' title='bbox 1660 2278 1701 2308; x_wconf 95' lang='lat' dir='ltr'>Vl</span> <span class='ocrx_word' id='word_1_970' title='bbox 1723 2279 1789 2308; x_wconf 87' lang='lat' dir='ltr'>Rex</span> <span class='ocrx_word' id='word_1_971' title='bbox 1813 2277 1988 2308; x_wconf 88' lang='lat' dir='ltr'>Galliarum</span> <span class='ocrx_word' id='word_1_972' title='bbox 2007 2276 2106 2306; x_wconf 85' lang='lat' dir='ltr'>filiam</span> <span class='ocrx_word' id='word_1_973' title='bbox 2130 2277 2373 2318; x_wconf 89' lang='lat' dir='ltr'>quinquennem</span> 
     </span>
     <span class='ocr_line' id='line_1_122' title="bbox 1292 2322 2373 2363; baseline -0.001 -10"><span class='ocrx_word' id='word_1_974' title='bbox 1292 2334 1306 2348; x_wconf 79' lang='lat'><strong>»</strong></span> <span class='ocrx_word' id='word_1_975' title='bbox 1329 2323 1446 2353; x_wconf 89' lang='lat' dir='ltr'>obtulit</span> <span class='ocrx_word' id='word_1_976' title='bbox 1474 2323 1668 2353; x_wconf 88' lang='lat' dir='ltr'>monasterio</span> <span class='ocrx_word' id='word_1_977' title='bbox 1692 2322 1864 2353; x_wconf 85' lang='lat' dir='ltr'>Pixiacensi</span> <span class='ocrx_word' id='word_1_978' title='bbox 1888 2331 1973 2351; x_wconf 91' lang='lat' dir='ltr'>anno</span> <span class='ocrx_word' id='word_1_979' title='bbox 2010 2322 2102 2363; x_wconf 80' lang='lat'>1397.</span> <span class='ocrx_word' id='word_1_980' title='bbox 2129 2322 2373 2362; x_wconf 83' lang='lat' dir='ltr'>Repraesentata</span> 
     </span>
     <span class='ocr_line' id='line_1_123' title="bbox 1291 2365 2370 2407; baseline 0 -10"><span class='ocrx_word' id='word_1_981' title='bbox 1291 2379 1305 2393; x_wconf 70' lang='lat'>⁵&gt;</span> <span class='ocrx_word' id='word_1_982' title='bbox 1329 2374 1403 2398; x_wconf 90' lang='lat' dir='ltr'>sunt</span> <span class='ocrx_word' id='word_1_983' title='bbox 1422 2367 1546 2407; x_wconf 91' lang='lat' dir='ltr'>puellae</span> <span class='ocrx_word' id='word_1_984' title='bbox 1566 2367 1726 2406; x_wconf 89' lang='lat' dir='ltr'>religionis</span> <span class='ocrx_word' id='word_1_985' title='bbox 1745 2374 1819 2398; x_wconf 87' lang='lat' dir='ltr'>vota</span> <span class='ocrx_word' id='word_1_986' title='bbox 1841 2373 1871 2397; x_wconf 93' lang='lat' dir='ltr'>et</span> <span class='ocrx_word' id='word_1_987' title='bbox 1894 2365 2036 2396; x_wconf 86' lang='lat' dir='ltr'>instituta</span> <span class='ocrx_word' id='word_1_988' title='bbox 2063 2365 2205 2406; x_wconf 85' lang='lat' dir='ltr'>regulae:</span> <span class='ocrx_word' id='word_1_989' title='bbox 2231 2376 2370 2407; x_wconf 90' lang='lat' dir='ltr'>cumque</span> 
     </span>
     <span class='ocr_line' id='line_1_124' title="bbox 1290 2410 2368 2452; baseline 0.002 -12"><span class='ocrx_word' id='word_1_990' title='bbox 1290 2424 1304 2439; x_wconf 66' lang='grc' dir='ltr'><strong>ι</strong></span> <span class='ocrx_word' id='word_1_991' title='bbox 1327 2411 1380 2441; x_wconf 91' lang='lat' dir='ltr'>illa</span> <span class='ocrx_word' id='word_1_992' title='bbox 1404 2421 1436 2442; x_wconf 90' lang='lat' dir='ltr'>se</span> <span class='ocrx_word' id='word_1_993' title='bbox 1460 2411 1496 2441; x_wconf 92' lang='lat' dir='ltr'>iis</span> <span class='ocrx_word' id='word_1_994' title='bbox 1521 2412 1744 2442; x_wconf 87' lang='lat' dir='ltr'>obsecuturam</span> <span class='ocrx_word' id='word_1_995' title='bbox 1767 2411 2020 2452; x_wconf 78' lang='lat' dir='ltr'>spopondisset,</span> <span class='ocrx_word' id='word_1_996' title='bbox 2046 2410 2152 2441; x_wconf 83' lang='lat' dir='ltr'>statim</span> <span class='ocrx_word' id='word_1_997' title='bbox 2176 2421 2194 2441; x_wconf 88' lang='lat' dir='ltr'>a</span> <span class='ocrx_word' id='word_1_998' title='bbox 2217 2410 2368 2442; x_wconf 89' lang='lat' dir='ltr'>Priorissa</span> 
     </span>
     <span class='ocr_line' id='line_1_125' title="bbox 1290 2454 2368 2496; baseline 0 -10"><span class='ocrx_word' id='word_1_999' title='bbox 1290 2468 1303 2483; x_wconf 84' lang='lat'><strong>»</strong></span> <span class='ocrx_word' id='word_1_1000' title='bbox 1327 2463 1419 2486; x_wconf 88' lang='lat' dir='ltr'>exuta</span> <span class='ocrx_word' id='word_1_1001' title='bbox 1444 2463 1491 2487; x_wconf 90' lang='lat' dir='ltr'>est</span> <span class='ocrx_word' id='word_1_1002' title='bbox 1510 2456 1601 2496; x_wconf 89' lang='lat' dir='ltr'>regiis</span> <span class='ocrx_word' id='word_1_1003' title='bbox 1625 2455 1764 2487; x_wconf 92' lang='lat' dir='ltr'>vestibus</span> <span class='ocrx_word' id='word_1_1004' title='bbox 1784 2463 1815 2487; x_wconf 93' lang='lat' dir='ltr'>et</span> <span class='ocrx_word' id='word_1_1005' title='bbox 1834 2455 1987 2495; x_wconf 88' lang='lat' dir='ltr'>religiosis</span> <span class='ocrx_word' id='word_1_1006' title='bbox 2011 2454 2167 2486; x_wconf 64' lang='lat' dir='ltr'>indutam.</span> <span class='ocrx_word' id='word_1_1007' title='bbox 2188 2455 2368 2496; x_wconf 80' lang='lat' dir='ltr'>Aliquantis</span> 
     </span>
     <span class='ocr_line' id='line_1_126' title="bbox 1289 2498 2366 2542; baseline -0.001 -11"><span class='ocrx_word' id='word_1_1008' title='bbox 1289 2513 1303 2527; x_wconf 78' lang='lat'><strong>»</strong></span> <span class='ocrx_word' id='word_1_1009' title='bbox 1327 2507 1401 2540; x_wconf 90' lang='lat' dir='ltr'>post</span> <span class='ocrx_word' id='word_1_1010' title='bbox 1419 2500 1525 2539; x_wconf 86' lang='lat' dir='ltr'>annis,</span> <span class='ocrx_word' id='word_1_1011' title='bbox 1546 2511 1662 2541; x_wconf 89' lang='lat' dir='ltr'>nempe</span> <span class='ocrx_word' id='word_1_1012' title='bbox 1681 2511 1767 2531; x_wconf 89' lang='lat' dir='ltr'>anno</span> <span class='ocrx_word' id='word_1_1013' title='bbox 1797 2501 1877 2540; x_wconf 81' lang='lat'>1405</span> <span class='ocrx_word' id='word_1_1014' title='bbox 1905 2498 2036 2542; x_wconf 89' lang='lat' dir='ltr'>(aetatis</span> <span class='ocrx_word' id='word_1_1015' title='bbox 2060 2499 2127 2530; x_wconf 89' lang='lat' dir='ltr'>eius</span> <span class='ocrx_word' id='word_1_1016' title='bbox 2152 2499 2366 2542; x_wconf 86' lang='lat' dir='ltr'>duodecimo)</span> 
     </span>
     <span class='ocr_line' id='line_1_127' title="bbox 1289 2544 2368 2585; baseline -0.002 -9"><span class='ocrx_word' id='word_1_1017' title='bbox 1289 2558 1303 2572; x_wconf 77' lang='lat'>»</span> <span class='ocrx_word' id='word_1_1018' title='bbox 1326 2546 1393 2576; x_wconf 87' lang='lat' dir='ltr'>Rex</span> <span class='ocrx_word' id='word_1_1019' title='bbox 1416 2545 1579 2576; x_wconf 84' lang='lat' dir='ltr'>Pixiacum</span> <span class='ocrx_word' id='word_1_1020' title='bbox 1610 2545 1695 2576; x_wconf 91' lang='lat' dir='ltr'>venit</span> <span class='ocrx_word' id='word_1_1021' title='bbox 1728 2552 1758 2576; x_wconf 91' lang='lat' dir='ltr'>et</span> <span class='ocrx_word' id='word_1_1022' title='bbox 1788 2544 1870 2575; x_wconf 88' lang='lat' dir='ltr'>filiae</span> <span class='ocrx_word' id='word_1_1023' title='bbox 1901 2544 2088 2584; x_wconf 86' lang='lat' dir='ltr'>coniugium</span> <span class='ocrx_word' id='word_1_1024' title='bbox 2119 2544 2307 2585; x_wconf 88' lang='lat' dir='ltr'>proposuit,</span> <span class='ocrx_word' id='word_1_1025' title='bbox 2335 2544 2368 2574; x_wconf 94' lang='lat' dir='ltr'>in</span> 
     </span>
     <span class='ocr_line' id='line_1_128' title="bbox 1289 2588 2367 2631; baseline 0 -12"><span class='ocrx_word' id='word_1_1026' title='bbox 1289 2603 1303 2618; x_wconf 88' lang='lat'>&gt;›</span> <span class='ocrx_word' id='word_1_1027' title='bbox 1326 2590 1416 2631; x_wconf 92' lang='lat' dir='ltr'>quod</span> <span class='ocrx_word' id='word_1_1028' title='bbox 1439 2590 1506 2630; x_wconf 89' lang='lat' dir='ltr'>ipse</span> <span class='ocrx_word' id='word_1_1029' title='bbox 1526 2590 1654 2621; x_wconf 88' lang='lat' dir='ltr'>hortatu</span> <span class='ocrx_word' id='word_1_1030' title='bbox 1674 2589 1856 2630; x_wconf 89' lang='lat' dir='ltr'>principum</span> <span class='ocrx_word' id='word_1_1031' title='bbox 1880 2589 1955 2629; x_wconf 90' lang='lat' dir='ltr'>regii</span> <span class='ocrx_word' id='word_1_1032' title='bbox 1975 2588 2138 2629; x_wconf 86' lang='lat' dir='ltr'>sanguinis</span> <span class='ocrx_word' id='word_1_1033' title='bbox 2162 2589 2211 2619; x_wconf 89' lang='lat' dir='ltr'>sui</span> <span class='ocrx_word' id='word_1_1034' title='bbox 2235 2599 2367 2620; x_wconf 88' lang='lat' dir='ltr'>consen-</span> 
     </span>
     <span class='ocr_line' id='line_1_129' title="bbox 1289 2633 2367 2676; baseline 0 -13"><span class='ocrx_word' id='word_1_1035' title='bbox 1289 2648 1303 2662; x_wconf 81' lang='lat'><strong>»</strong></span> <span class='ocrx_word' id='word_1_1036' title='bbox 1326 2642 1416 2665; x_wconf 88' lang='lat' dir='ltr'>serat.</span> <span class='ocrx_word' id='word_1_1037' title='bbox 1437 2635 1557 2672; x_wconf 87' lang='lat' dir='ltr'>Puella,</span> <span class='ocrx_word' id='word_1_1038' title='bbox 1574 2645 1657 2676; x_wconf 88' lang='lat' dir='ltr'>quae</span> <span class='ocrx_word' id='word_1_1039' title='bbox 1674 2635 1813 2665; x_wconf 91' lang='lat' dir='ltr'>necdum</span> <span class='ocrx_word' id='word_1_1040' title='bbox 1835 2634 1945 2664; x_wconf 84' lang='lat' dir='ltr'>velum</span> <span class='ocrx_word' id='word_1_1041' title='bbox 1965 2633 2125 2673; x_wconf 89' lang='lat' dir='ltr'>religionis</span> <span class='ocrx_word' id='word_1_1042' title='bbox 2144 2633 2300 2672; x_wconf 91' lang='lat' dir='ltr'>induerat,</span> <span class='ocrx_word' id='word_1_1043' title='bbox 2321 2643 2367 2664; x_wconf 90' lang='lat' dir='ltr'>re-</span> 
     </span>
     <span class='ocr_line' id='line_1_130' title="bbox 1288 2678 2367 2720; baseline 0 -12"><span class='ocrx_word' id='word_1_1044' title='bbox 1288 2693 1302 2707; x_wconf 81' lang='lat'><strong>»</strong></span> <span class='ocrx_word' id='word_1_1045' title='bbox 1326 2679 1456 2720; x_wconf 89' lang='lat' dir='ltr'>spondit</span> <span class='ocrx_word' id='word_1_1046' title='bbox 1479 2689 1512 2710; x_wconf 92' lang='lat' dir='ltr'>se</span> <span class='ocrx_word' id='word_1_1047' title='bbox 1535 2679 1731 2710; x_wconf 88' lang='lat' dir='ltr'>irrevocabili</span> <span class='ocrx_word' id='word_1_1048' title='bbox 1750 2686 1828 2709; x_wconf 85' lang='lat' dir='ltr'>voto</span> <span class='ocrx_word' id='word_1_1049' title='bbox 1857 2678 1954 2709; x_wconf 90' lang='lat' dir='ltr'>fidem</span> <span class='ocrx_word' id='word_1_1050' title='bbox 1978 2688 2070 2709; x_wconf 89' lang='lat' dir='ltr'>suam</span> <span class='ocrx_word' id='word_1_1051' title='bbox 2090 2678 2246 2718; x_wconf 88' lang='lat' dir='ltr'>obligasse</span> <span class='ocrx_word' id='word_1_1052' title='bbox 2270 2678 2367 2708; x_wconf 90' lang='lat' dir='ltr'>caele-</span> 
     </span>
     <span class='ocr_line' id='line_1_131' title="bbox 1289 2722 2366 2764; baseline -0.002 -10"><span class='ocrx_word' id='word_1_1053' title='bbox 1289 2737 1303 2751; x_wconf 75' lang='lat'><strong>»</strong></span> <span class='ocrx_word' id='word_1_1054' title='bbox 1326 2724 1365 2755; x_wconf 93' lang='lat' dir='ltr'>sti</span> <span class='ocrx_word' id='word_1_1055' title='bbox 1389 2734 1510 2764; x_wconf 91' lang='lat' dir='ltr'>sponso</span> <span class='ocrx_word' id='word_1_1056' title='bbox 1535 2731 1593 2755; x_wconf 86' lang='lat' dir='ltr'>etc.</span> <span class='ocrx_word' id='word_1_1057' title='bbox 1617 2737 1631 2751; x_wconf 86' lang='lat'>»</span> <span class='ocrx_word' id='word_1_1058' title='bbox 1656 2724 1717 2755; x_wconf 90' lang='lat' dir='ltr'>Ubi</span> <span class='ocrx_word' id='word_1_1059' title='bbox 1742 2723 1844 2763; x_wconf 88' lang='lat' dir='ltr'>regiae</span> <span class='ocrx_word' id='word_1_1060' title='bbox 1874 2723 1998 2763; x_wconf 86' lang='lat' dir='ltr'>puellae</span> <span class='ocrx_word' id='word_1_1061' title='bbox 2022 2722 2141 2753; x_wconf 91' lang='lat' dir='ltr'>oblatio</span> <span class='ocrx_word' id='word_1_1062' title='bbox 2166 2722 2324 2763; x_wconf 88' lang='lat' dir='ltr'>quaedam</span> <span class='ocrx_word' id='word_1_1063' title='bbox 2348 2733 2366 2752; x_wconf 90' lang='lat' dir='ltr'>a</span> 
     </span>
     <span class='ocr_line' id='line_1_132' title="bbox 1286 2767 2364 2809; baseline -0.003 -9"><span class='ocrx_word' id='word_1_1064' title='bbox 1286 2770 1371 2809; x_wconf 90' lang='lat' dir='ltr'>Rege</span> <span class='ocrx_word' id='word_1_1065' title='bbox 1395 2776 1483 2809; x_wconf 90' lang='lat' dir='ltr'>patre</span> <span class='ocrx_word' id='word_1_1066' title='bbox 1507 2768 1587 2799; x_wconf 86' lang='lat' dir='ltr'>facta</span> <span class='ocrx_word' id='word_1_1067' title='bbox 1607 2768 1680 2799; x_wconf 93' lang='lat' dir='ltr'>satis</span> <span class='ocrx_word' id='word_1_1068' title='bbox 1705 2775 1850 2808; x_wconf 89' lang='lat' dir='ltr'>apparet:</span> <span class='ocrx_word' id='word_1_1069' title='bbox 1871 2778 1954 2808; x_wconf 87' lang='lat' dir='ltr'>quae</span> <span class='ocrx_word' id='word_1_1070' title='bbox 1973 2774 2079 2798; x_wconf 85' lang='lat' dir='ltr'>tamen</span> <span class='ocrx_word' id='word_1_1071' title='bbox 2100 2777 2157 2798; x_wconf 91' lang='lat' dir='ltr'>nec</span> <span class='ocrx_word' id='word_1_1072' title='bbox 2181 2767 2283 2807; x_wconf 88' lang='lat' dir='ltr'>ipsam</span> <span class='ocrx_word' id='word_1_1073' title='bbox 2307 2777 2364 2807; x_wconf 92' lang='lat' dir='ltr'>po-</span> 
     </span>
     <span class='ocr_line' id='line_1_133' title="bbox 1285 2811 2366 2853; baseline -0.003 -9"><span class='ocrx_word' id='word_1_1074' title='bbox 1285 2813 1387 2844; x_wconf 86' lang='lat' dir='ltr'>testati</span> <span class='ocrx_word' id='word_1_1075' title='bbox 1411 2813 1594 2844; x_wconf 83' lang='lat' dir='ltr'>monasterii</span> <span class='ocrx_word' id='word_1_1076' title='bbox 1627 2813 1746 2853; x_wconf 88' lang='lat' dir='ltr'>integre</span> <span class='ocrx_word' id='word_1_1077' title='bbox 1770 2812 1949 2849; x_wconf 88' lang='lat' dir='ltr'>addicebat,</span> <span class='ocrx_word' id='word_1_1078' title='bbox 1969 2822 2074 2852; x_wconf 88' lang='lat' dir='ltr'>neque</span> <span class='ocrx_word' id='word_1_1079' title='bbox 2098 2811 2177 2852; x_wconf 91' lang='lat' dir='ltr'>patri</span> <span class='ocrx_word' id='word_1_1080' title='bbox 2207 2811 2366 2841; x_wconf 89' lang='lat' dir='ltr'>ademerat</span> 
     </span>
     <span class='ocr_line' id='line_1_134' title="bbox 1284 2855 2364 2889; baseline -0.004 0"><span class='ocrx_word' id='word_1_1081' title='bbox 1284 2858 1448 2889; x_wconf 90' lang='lat' dir='ltr'>arbitrium</span> <span class='ocrx_word' id='word_1_1082' title='bbox 1473 2858 1619 2888; x_wconf 89' lang='lat' dir='ltr'>eamdem</span> <span class='ocrx_word' id='word_1_1083' title='bbox 1643 2857 1811 2888; x_wconf 89' lang='lat' dir='ltr'>revocandi</span> <span class='ocrx_word' id='word_1_1084' title='bbox 1836 2867 1852 2887; x_wconf 93' lang='lat' dir='ltr'>e</span> <span class='ocrx_word' id='word_1_1085' title='bbox 1876 2856 2080 2886; x_wconf 87' lang='lat' dir='ltr'>monasterio.</span> <span class='ocrx_word' id='word_1_1086' title='bbox 2114 2856 2188 2887; x_wconf 88' lang='lat' dir='ltr'>Sola</span> <span class='ocrx_word' id='word_1_1087' title='bbox 2219 2855 2364 2886; x_wconf 89' lang='lat' dir='ltr'>educatio</span> 
     </span>
     <span class='ocr_line' id='line_1_135' title="bbox 1284 2900 2363 2941; baseline -0.004 -8"><span class='ocrx_word' id='word_1_1088' title='bbox 1284 2910 1340 2933; x_wconf 88' lang='lat' dir='ltr'>aut</span> <span class='ocrx_word' id='word_1_1089' title='bbox 1363 2902 1520 2933; x_wconf 89' lang='lat' dir='ltr'>institutio</span> <span class='ocrx_word' id='word_1_1090' title='bbox 1544 2902 1669 2933; x_wconf 89' lang='lat' dir='ltr'>videtur</span> <span class='ocrx_word' id='word_1_1091' title='bbox 1691 2902 1724 2932; x_wconf 93' lang='lat' dir='ltr'>in</span> <span class='ocrx_word' id='word_1_1092' title='bbox 1747 2908 1833 2932; x_wconf 89' lang='lat' dir='ltr'>veste</span> <span class='ocrx_word' id='word_1_1093' title='bbox 1857 2901 2019 2941; x_wconf 87' lang='lat' dir='ltr'>religiosa;</span> <span class='ocrx_word' id='word_1_1094' title='bbox 2042 2901 2093 2931; x_wconf 90' lang='lat' dir='ltr'>cui</span> <span class='ocrx_word' id='word_1_1095' title='bbox 2117 2907 2234 2938; x_wconf 90' lang='lat' dir='ltr'>tamen,</span> <span class='ocrx_word' id='word_1_1096' title='bbox 2255 2900 2363 2930; x_wconf 90' lang='lat' dir='ltr'>divino</span> 
     </span>
     <span class='ocr_line' id='line_1_136' title="bbox 1285 2944 2364 2988; baseline -0.004 -10"><span class='ocrx_word' id='word_1_1097' title='bbox 1285 2947 1403 2988; x_wconf 90' lang='lat' dir='ltr'>Spiritu</span> <span class='ocrx_word' id='word_1_1098' title='bbox 1429 2947 1575 2985; x_wconf 87' lang='lat' dir='ltr'>afflante,</span> <span class='ocrx_word' id='word_1_1099' title='bbox 1602 2954 1715 2977; x_wconf 89' lang='lat' dir='ltr'>votum</span> <span class='ocrx_word' id='word_1_1100' title='bbox 1747 2946 1901 2977; x_wconf 81' lang='lat' dir='ltr'>adiecerat</span> <span class='ocrx_word' id='word_1_1101' title='bbox 1931 2944 1996 2975; x_wconf 90' lang='lat' dir='ltr'>filia</span> <span class='ocrx_word' id='word_1_1102' title='bbox 2028 2945 2142 2984; x_wconf 79' lang='lat' dir='ltr'>Regis,</span> <span class='ocrx_word' id='word_1_1103' title='bbox 2169 2954 2235 2985; x_wconf 94' lang='lat' dir='ltr'>quo</span> <span class='ocrx_word' id='word_1_1104' title='bbox 2266 2944 2364 2975; x_wconf 89' lang='lat' dir='ltr'>fidem</span> 
     </span>
     <span class='ocr_line' id='line_1_137' title="bbox 1285 2988 2364 3032; baseline -0.004 -10"><span class='ocrx_word' id='word_1_1105' title='bbox 1285 3002 1378 3023; x_wconf 91' lang='lat' dir='ltr'>suam</span> <span class='ocrx_word' id='word_1_1106' title='bbox 1402 2992 1526 3022; x_wconf 84' lang='lat' dir='ltr'>caelesti</span> <span class='ocrx_word' id='word_1_1107' title='bbox 1550 3002 1671 3032; x_wconf 91' lang='lat' dir='ltr'>sponso</span> <span class='ocrx_word' id='word_1_1108' title='bbox 1691 2991 1893 3030; x_wconf 72' lang='lat' dir='ltr'>obligaverat.</span> <span class='ocrx_word' id='word_1_1109' title='bbox 1915 2990 1981 3020; x_wconf 89' lang='lat' dir='ltr'>Iam</span> <span class='ocrx_word' id='word_1_1110' title='bbox 2001 2996 2072 3019; x_wconf 90' lang='lat' dir='ltr'>ante</span> <span class='ocrx_word' id='word_1_1111' title='bbox 2092 2989 2255 3029; x_wconf 87' lang='lat' dir='ltr'>scripserat</span> <span class='ocrx_word' id='word_1_1112' title='bbox 2278 2988 2364 3019; x_wconf 90' lang='lat' dir='ltr'>idem</span> 
     </span>
     <span class='ocr_line' id='line_1_138' title="bbox 1285 3033 2365 3074; baseline -0.005 -7"><span class='ocrx_word' id='word_1_1113' title='bbox 1285 3044 1412 3067; x_wconf 90' lang='lat' dir='ltr'>auctor:</span> <span class='ocrx_word' id='word_1_1114' title='bbox 1436 3049 1451 3064; x_wconf 80' lang='lat'>‹&lt;</span> <span class='ocrx_word' id='word_1_1115' title='bbox 1473 3036 1631 3067; x_wconf 88' lang='lat' dir='ltr'>Placuisse</span> <span class='ocrx_word' id='word_1_1116' title='bbox 1650 3037 1743 3066; x_wconf 91' lang='lat' dir='ltr'>beato</span> <span class='ocrx_word' id='word_1_1117' title='bbox 1764 3035 1929 3066; x_wconf 90' lang='lat' dir='ltr'>Ludovico</span> <span class='ocrx_word' id='word_1_1118' title='bbox 1950 3034 2124 3065; x_wconf 88' lang='lat' dir='ltr'>Galliarum</span> <span class='ocrx_word' id='word_1_1119' title='bbox 2144 3033 2240 3073; x_wconf 89' lang='lat' dir='ltr'>Regi,</span> <span class='ocrx_word' id='word_1_1120' title='bbox 2267 3033 2365 3074; x_wconf 92' lang='lat' dir='ltr'>idque</span> 
     </span>
     <span class='ocr_line' id='line_1_139' title="bbox 1288 3077 2365 3121; baseline -0.002 -12"><span class='ocrx_word' id='word_1_1121' title='bbox 1288 3094 1301 3109; x_wconf 79' lang='grc'>»</span> <span class='ocrx_word' id='word_1_1122' title='bbox 1325 3088 1515 3112; x_wconf 87' lang='lat' dir='ltr'>testamento</span> <span class='ocrx_word' id='word_1_1123' title='bbox 1540 3091 1672 3121; x_wconf 91' lang='lat' dir='ltr'>quoque</span> <span class='ocrx_word' id='word_1_1124' title='bbox 1696 3080 1887 3117; x_wconf 89' lang='lat' dir='ltr'>decrevisse,</span> <span class='ocrx_word' id='word_1_1125' title='bbox 1908 3086 1943 3109; x_wconf 92' lang='lat' dir='ltr'>ut</span> <span class='ocrx_word' id='word_1_1126' title='bbox 1964 3079 2041 3115; x_wconf 93' lang='lat' dir='ltr'>duo,</span> <span class='ocrx_word' id='word_1_1127' title='bbox 2066 3088 2149 3118; x_wconf 94' lang='lat' dir='ltr'>quos</span> <span class='ocrx_word' id='word_1_1128' title='bbox 2168 3078 2201 3107; x_wconf 90' lang='lat' dir='ltr'>in</span> <span class='ocrx_word' id='word_1_1129' title='bbox 2221 3077 2365 3108; x_wconf 86' lang='lat' dir='ltr'>orientali</span> 
     </span>
     <span class='ocr_line' id='line_1_140' title="bbox 1288 3122 2364 3166; baseline -0.005 -10"><span class='ocrx_word' id='word_1_1130' title='bbox 1288 3139 1301 3153; x_wconf 82' lang='lat'>»</span> <span class='ocrx_word' id='word_1_1131' title='bbox 1325 3125 1526 3166; x_wconf 90' lang='lat' dir='ltr'>expeditione</span> <span class='ocrx_word' id='word_1_1132' title='bbox 1559 3131 1756 3165; x_wconf 90' lang='lat' dir='ltr'>susceperat,</span> <span class='ocrx_word' id='word_1_1133' title='bbox 1782 3123 1870 3154; x_wconf 90' lang='lat' dir='ltr'>liberi</span> <span class='ocrx_word' id='word_1_1134' title='bbox 1899 3123 1931 3153; x_wconf 89' lang='lat' dir='ltr'>in</span> <span class='ocrx_word' id='word_1_1135' title='bbox 1961 3122 2160 3153; x_wconf 86' lang='lat' dir='ltr'>monasteriis</span> <span class='ocrx_word' id='word_1_1136' title='bbox 2191 3122 2364 3152; x_wconf 88' lang='lat' dir='ltr'>enutriren-</span> 
     </span>
     <span class='ocr_line' id='line_1_141' title="bbox 1288 3166 2362 3209; baseline -0.003 -10"><span class='ocrx_word' id='word_1_1137' title='bbox 1288 3184 1302 3198; x_wconf 71' lang='grc'>»</span> <span class='ocrx_word' id='word_1_1138' title='bbox 1325 3177 1392 3200; x_wconf 90' lang='lat' dir='ltr'>tur:</span> <span class='ocrx_word' id='word_1_1139' title='bbox 1413 3170 1490 3201; x_wconf 84' lang='lat' dir='ltr'>alter</span> <span class='ocrx_word' id='word_1_1140' title='bbox 1513 3170 1599 3209; x_wconf 88' lang='lat' dir='ltr'>apud</span> <span class='ocrx_word' id='word_1_1141' title='bbox 1623 3169 1871 3206; x_wconf 88' lang='lat' dir='ltr'>Dominicanos,</span> <span class='ocrx_word' id='word_1_1142' title='bbox 1899 3167 1984 3207; x_wconf 85' lang='lat' dir='ltr'>apud</span> <span class='ocrx_word' id='word_1_1143' title='bbox 2008 3167 2033 3197; x_wconf 92' lang='lat' dir='ltr'>F</span> <span class='ocrx_word' id='word_1_1144' title='bbox 2036 3167 2234 3197; x_wconf 89' lang='lat' dir='ltr'>ranciscanos</span> <span class='ocrx_word' id='word_1_1145' title='bbox 2265 3166 2362 3204; x_wconf 85' lang='lat' dir='ltr'>alter,</span> 
     </span>
     <span class='ocr_line' id='line_1_142' title="bbox 1287 3211 2361 3251; baseline -0.003 -8"><span class='ocrx_word' id='word_1_1146' title='bbox 1287 3228 1301 3243; x_wconf 76' lang='lat'><strong>»</strong></span> <span class='ocrx_word' id='word_1_1147' title='bbox 1325 3221 1361 3245; x_wconf 93' lang='lat' dir='ltr'>ut</span> <span class='ocrx_word' id='word_1_1148' title='bbox 1383 3215 1426 3244; x_wconf 90' lang='lat' dir='ltr'>ita</span> <span class='ocrx_word' id='word_1_1149' title='bbox 1456 3214 1642 3245; x_wconf 90' lang='lat' dir='ltr'>suavissime</span> <span class='ocrx_word' id='word_1_1150' title='bbox 1671 3213 1862 3244; x_wconf 90' lang='lat' dir='ltr'>illicerentur</span> <span class='ocrx_word' id='word_1_1151' title='bbox 1885 3213 1925 3242; x_wconf 91' lang='lat' dir='ltr'>ad</span> <span class='ocrx_word' id='word_1_1152' title='bbox 1948 3211 2133 3251; x_wconf 89' lang='lat' dir='ltr'>religiosum</span> <span class='ocrx_word' id='word_1_1153' title='bbox 2161 3211 2361 3242; x_wconf 87' lang='lat' dir='ltr'>institutum:</span> 
     </span>
     <span class='ocr_line' id='line_1_143' title="bbox 1286 3255 2363 3292; baseline -0.003 -4"><span class='ocrx_word' id='word_1_1154' title='bbox 1286 3273 1301 3287; x_wconf 72' lang='grc'><strong>&gt;</strong></span> <span class='ocrx_word' id='word_1_1155' title='bbox 1324 3265 1360 3289; x_wconf 91' lang='lat' dir='ltr'>ut</span> <span class='ocrx_word' id='word_1_1156' title='bbox 1383 3259 1450 3289; x_wconf 89' lang='lat' dir='ltr'>illic</span> <span class='ocrx_word' id='word_1_1157' title='bbox 1471 3260 1576 3289; x_wconf 84' lang='lat' dir='ltr'>sacris</span> <span class='ocrx_word' id='word_1_1158' title='bbox 1605 3259 1759 3289; x_wconf 74' lang='lat' dir='ltr'>institutis·</span> <span class='ocrx_word' id='word_1_1159' title='bbox 1781 3267 1821 3287; x_wconf 89' lang='lat' dir='ltr'>ac</span> <span class='ocrx_word' id='word_1_1160' title='bbox 1844 3257 1959 3287; x_wconf 87' lang='lat' dir='ltr'>litteris</span> <span class='ocrx_word' id='word_1_1161' title='bbox 1989 3257 2240 3292; x_wconf 89' lang='lat' dir='ltr'>instruerentur,</span> <span class='ocrx_word' id='word_1_1162' title='bbox 2265 3261 2296 3286; x_wconf 85' lang='lat' dir='ltr'>et</span> <span class='ocrx_word' id='word_1_1163' title='bbox 2318 3255 2363 3285; x_wconf 89' lang='lat' dir='ltr'>ad</span> 
     </span>
     <span class='ocr_line' id='line_1_144' title="bbox 1286 3299 2361 3343; baseline -0.005 -9"><span class='ocrx_word' id='word_1_1164' title='bbox 1286 3317 1300 3331; x_wconf 81' lang='grc'>»</span> <span class='ocrx_word' id='word_1_1165' title='bbox 1323 3313 1466 3334; x_wconf 90' lang='lat' dir='ltr'>amorem</span> <span class='ocrx_word' id='word_1_1166' title='bbox 1498 3303 1668 3343; x_wconf 81' lang='lat' dir='ltr'>religionis</span> <span class='ocrx_word' id='word_1_1167' title='bbox 1696 3302 1872 3333; x_wconf 87' lang='lat' dir='ltr'>salubriter</span> <span class='ocrx_word' id='word_1_1168' title='bbox 1901 3301 2151 3331; x_wconf 86' lang='lat' dir='ltr'>inducerentur:</span> <span class='ocrx_word' id='word_1_1169' title='bbox 2173 3299 2361 3330; x_wconf 87' lang='lat' dir='ltr'>desiderans</span> 
     </span>
     <span class='ocr_line' id='line_1_145' title="bbox 1286 3344 2359 3385; baseline -0.003 -9"><span class='ocrx_word' id='word_1_1170' title='bbox 1286 3361 1301 3376; x_wconf 81' lang='lat'><strong>»</strong></span> <span class='ocrx_word' id='word_1_1171' title='bbox 1323 3354 1388 3379; x_wconf 91' lang='lat' dir='ltr'>toto</span> <span class='ocrx_word' id='word_1_1172' title='bbox 1412 3347 1519 3384; x_wconf 83' lang='lat' dir='ltr'>corde,</span> <span class='ocrx_word' id='word_1_1173' title='bbox 1541 3352 1577 3378; x_wconf 88' lang='lat' dir='ltr'>ut</span> <span class='ocrx_word' id='word_1_1174' title='bbox 1599 3347 1798 3378; x_wconf 87' lang='lat' dir='ltr'>documentis</span> <span class='ocrx_word' id='word_1_1175' title='bbox 1820 3345 2020 3376; x_wconf 88' lang='lat' dir='ltr'>salutaribus</span> <span class='ocrx_word' id='word_1_1176' title='bbox 2043 3344 2229 3385; x_wconf 88' lang='lat' dir='ltr'>informati,</span> <span class='ocrx_word' id='word_1_1177' title='bbox 2249 3344 2359 3373; x_wconf 90' lang='lat' dir='ltr'>Domi-</span> 
     </span>
     <span class='ocr_line' id='line_1_146' title="bbox 1286 3388 2359 3431; baseline -0.006 -9"><span class='ocrx_word' id='word_1_1178' title='bbox 1286 3406 1300 3419; x_wconf 75' lang='lat'>»</span> <span class='ocrx_word' id='word_1_1179' title='bbox 1324 3402 1365 3422; x_wconf 91' lang='lat' dir='ltr'>no</span> <span class='ocrx_word' id='word_1_1180' title='bbox 1389 3393 1584 3431; x_wconf 81' lang='lat' dir='ltr'>inspirante,</span> <span class='ocrx_word' id='word_1_1181' title='bbox 1613 3392 1682 3421; x_wconf 88' lang='lat' dir='ltr'>loco</span> <span class='ocrx_word' id='word_1_1182' title='bbox 1706 3396 1737 3421; x_wconf 90' lang='lat' dir='ltr'>et</span> <span class='ocrx_word' id='word_1_1183' title='bbox 1759 3396 1901 3429; x_wconf 84' lang='lat' dir='ltr'>tempore</span> <span class='ocrx_word' id='word_1_1184' title='bbox 1924 3390 2011 3429; x_wconf 79' lang='lat' dir='ltr'>ipsas</span> <span class='ocrx_word' id='word_1_1185' title='bbox 2039 3389 2228 3428; x_wconf 83' lang='lat' dir='ltr'>Religiones</span> <span class='ocrx_word' id='word_1_1186' title='bbox 2257 3388 2359 3417; x_wconf 87' lang='lat' dir='ltr'>intra-</span> 
     </span>
     <span class='ocr_line' id='line_1_147' title="bbox 1286 3431 2360 3466; baseline -0.005 0"><span class='ocrx_word' id='word_1_1187' title='bbox 1286 3450 1300 3464; x_wconf 77' lang='lat'>»</span> <span class='ocrx_word' id='word_1_1188' title='bbox 1323 3441 1404 3466; x_wconf 89' lang='lat' dir='ltr'>rent.</span> <span class='ocrx_word' id='word_1_1189' title='bbox 1429 3448 1443 3462; x_wconf 80' lang='grc'>»</span> <span class='ocrx_word' id='word_1_1190' title='bbox 1473 3436 1561 3465; x_wconf 90' lang='lat' dir='ltr'>Haec</span> <span class='ocrx_word' id='word_1_1191' title='bbox 1584 3435 1679 3464; x_wconf 88' lang='lat' dir='ltr'>habet</span> <span class='ocrx_word' id='word_1_1192' title='bbox 1710 3434 1804 3464; x_wconf 87' lang='lat' dir='ltr'>verba</span> <span class='ocrx_word' id='word_1_1193' title='bbox 1837 3433 2009 3463; x_wconf 89' lang='lat' dir='ltr'>Gaufridus</span> <span class='ocrx_word' id='word_1_1194' title='bbox 2042 3433 2081 3462; x_wconf 92' lang='lat' dir='ltr'>de</span> <span class='ocrx_word' id='word_1_1195' title='bbox 2112 3431 2290 3462; x_wconf 91' lang='lat' dir='ltr'>Bello-loco</span> <span class='ocrx_word' id='word_1_1196' title='bbox 2325 3431 2360 3462; x_wconf 91' lang='lat' dir='ltr'>in</span> 
     </span>
     <span class='ocr_line' id='line_1_148' title="bbox 1282 3476 2360 3518; baseline -0.005 -8"><span class='ocrx_word' id='word_1_1197' title='bbox 1282 3480 1355 3511; x_wconf 90' lang='lat' dir='ltr'>Vita</span> <span class='ocrx_word' id='word_1_1198' title='bbox 1370 3479 1467 3510; x_wconf 90' lang='lat' dir='ltr'>sancti</span> <span class='ocrx_word' id='word_1_1199' title='bbox 1483 3479 1577 3518; x_wconf 88' lang='lat' dir='ltr'>Regis</span> <span class='ocrx_word' id='word_1_1200' title='bbox 1596 3479 1682 3518; x_wconf 88' lang='lat' dir='ltr'>apud</span> <span class='ocrx_word' id='word_1_1201' title='bbox 1702 3477 1939 3508; x_wconf 88' lang='lat' dir='ltr'>continuatores</span> <span class='ocrx_word' id='word_1_1202' title='bbox 1959 3476 2106 3506; x_wconf 90' lang='lat' dir='ltr'>Bollandi</span> <span class='ocrx_word' id='word_1_1203' title='bbox 2133 3476 2173 3506; x_wconf 89' lang='lat' dir='ltr'>ad</span> <span class='ocrx_word' id='word_1_1204' title='bbox 2194 3476 2280 3506; x_wconf 92' lang='lat' dir='ltr'>diem</span> <span class='ocrx_word' id='word_1_1205' title='bbox 2298 3485 2360 3506; x_wconf 84' lang='lat' dir='ltr'>xxv</span> 
     </span>
     <span class='ocr_line' id='line_1_149' title="bbox 1282 3520 2361 3563; baseline -0.005 -8"><span class='ocrx_word' id='word_1_1206' title='bbox 1282 3523 1419 3563; x_wconf 86' lang='lat' dir='ltr'>augusti,</span> <span class='ocrx_word' id='word_1_1207' title='bbox 1435 3533 1503 3563; x_wconf 89' lang='lat' dir='ltr'>cap.</span> <span class='ocrx_word' id='word_1_1208' title='bbox 1524 3533 1562 3559; x_wconf 87' lang='lat'>11,</span> <span class='ocrx_word' id='word_1_1209' title='bbox 1583 3532 1672 3552; x_wconf 91' lang='lat' dir='ltr'>num.</span> <span class='ocrx_word' id='word_1_1210' title='bbox 1706 3523 1759 3559; x_wconf 89' lang='lat'>16,</span> <span class='ocrx_word' id='word_1_1211' title='bbox 1785 3521 1839 3551; x_wconf 91' lang='lat' dir='ltr'>ubi</span> <span class='ocrx_word' id='word_1_1212' title='bbox 1863 3527 1893 3551; x_wconf 94' lang='lat' dir='ltr'>et</span> <span class='ocrx_word' id='word_1_1213' title='bbox 1916 3520 2011 3551; x_wconf 91' lang='lat' dir='ltr'>fiilios</span> <span class='ocrx_word' id='word_1_1214' title='bbox 2034 3520 2196 3558; x_wconf 90' lang='lat' dir='ltr'>nominat,</span> <span class='ocrx_word' id='word_1_1215' title='bbox 2225 3520 2361 3551; x_wconf 90' lang='lat' dir='ltr'>alterum</span> 
     </span>
     <span class='ocr_line' id='line_1_150' title="bbox 1282 3564 2358 3599; baseline -0.005 0"><span class='ocrx_word' id='word_1_1216' title='bbox 1282 3569 1438 3599; x_wconf 90' lang='lat' dir='ltr'>Ioannem</span> <span class='ocrx_word' id='word_1_1217' title='bbox 1463 3574 1494 3598; x_wconf 92' lang='lat' dir='ltr'>et</span> <span class='ocrx_word' id='word_1_1218' title='bbox 1516 3567 1647 3597; x_wconf 89' lang='lat' dir='ltr'>Petrum</span> <span class='ocrx_word' id='word_1_1219' title='bbox 1672 3566 1816 3597; x_wconf 89' lang='lat' dir='ltr'>alterum.</span> <span class='ocrx_word' id='word_1_1220' title='bbox 1846 3565 1933 3595; x_wconf 90' lang='lat' dir='ltr'>Haec</span> <span class='ocrx_word' id='word_1_1221' title='bbox 1963 3575 2039 3595; x_wconf 89' lang='lat' dir='ltr'>vero</span> <span class='ocrx_word' id='word_1_1222' title='bbox 2070 3564 2168 3595; x_wconf 89' lang='lat' dir='ltr'>sancti</span> <span class='ocrx_word' id='word_1_1223' title='bbox 2202 3564 2358 3595; x_wconf 90' lang='lat' dir='ltr'>Ludovici</span> 
     </span>
     <span class='ocr_line' id='line_1_151' title="bbox 1282 3609 2359 3653; baseline -0.004 -10"><span class='ocrx_word' id='word_1_1224' title='bbox 1282 3611 1476 3653; x_wconf 88' lang='lat' dir='ltr'>praefervida</span> <span class='ocrx_word' id='word_1_1225' title='bbox 1494 3618 1569 3642; x_wconf 89' lang='lat' dir='ltr'>vota</span> <span class='ocrx_word' id='word_1_1226' title='bbox 1588 3621 1712 3641; x_wconf 90' lang='lat' dir='ltr'>morem</span> <span class='ocrx_word' id='word_1_1227' title='bbox 1731 3609 1871 3640; x_wconf 86' lang='lat' dir='ltr'>indicant</span> <span class='ocrx_word' id='word_1_1228' title='bbox 1884 3616 1960 3640; x_wconf 88' lang='lat' dir='ltr'>tunc</span> <span class='ocrx_word' id='word_1_1229' title='bbox 1979 3609 2074 3640; x_wconf 91' lang='lat' dir='ltr'>etiam</span> <span class='ocrx_word' id='word_1_1230' title='bbox 2093 3609 2252 3649; x_wconf 88' lang='lat' dir='ltr'>vigentem</span> <span class='ocrx_word' id='word_1_1231' title='bbox 2271 3609 2359 3649; x_wconf 89' lang='lat' dir='ltr'>apud</span> 
     </span>
     <span class='ocr_line' id='line_1_152' title="bbox 1282 3653 2360 3694; baseline -0.004 -7"><span class='ocrx_word' id='word_1_1232' title='bbox 1282 3657 1389 3688; x_wconf 90' lang='lat' dir='ltr'>fratres</span> <span class='ocrx_word' id='word_1_1233' title='bbox 1408 3656 1548 3687; x_wconf 90' lang='lat' dir='ltr'>Minores</span> <span class='ocrx_word' id='word_1_1234' title='bbox 1570 3662 1601 3686; x_wconf 94' lang='lat' dir='ltr'>et</span> <span class='ocrx_word' id='word_1_1235' title='bbox 1619 3654 1862 3692; x_wconf 88' lang='lat' dir='ltr'>Praedicatores‚</span> <span class='ocrx_word' id='word_1_1236' title='bbox 1882 3653 2034 3693; x_wconf 90' lang='lat' dir='ltr'>puerulos</span> <span class='ocrx_word' id='word_1_1237' title='bbox 2054 3653 2246 3694; x_wconf 88' lang='lat' dir='ltr'>excipiendi,</span> <span class='ocrx_word' id='word_1_1238' title='bbox 2273 3663 2360 3693; x_wconf 85' lang='lat' dir='ltr'>quos</span> 
     </span>
    </p>
   </div>
  </div>
 </body>
</html>
