2548 4192
223 280 401 307 CCCXXXIV

224 358 304 386 rem,
329 347 362 377 in
385 353 524 387 quatuor
545 346 666 386 vigilias
690 346 787 376 trium
806 345 957 375 horarum
981 344 1192 374 dividendam.
1213 343 1297 373 Lau-

225 393 336 422 datum
347 391 491 432 Sylvium
507 390 615 421 audire
629 396 774 429 praestat:
790 403 803 417 α
813 388 1009 428 Responderi
1019 394 1156 427 potest...
1174 387 1298 417 caelum

227 449 243 463 s
266 443 296 466 et
311 443 426 466 terram
442 435 522 465 facta
537 445 602 464 esse
619 440 690 463 ante
710 443 841 463 omnem
856 433 954 462 diem:
975 432 1118 471 illudque
1135 431 1296 461 tantillum

227 493 242 507 ιι
265 481 371 520 spatii,
395 489 461 519 quo
486 485 556 509 ante
580 477 825 517 productionem
847 476 927 506 lucis
951 482 1038 505 erant
1061 476 1218 513 tenebrae,
1242 485 1297 505 ne-

227 537 243 552 »
266 534 329 565 que
348 524 430 554 diem
448 523 554 560 fuisse,
566 531 669 561 neque
686 527 819 557 noctem,
833 530 871 550 eo
886 519 975 560 quod
995 519 1122 549 nullum
1140 519 1296 550 luminare

227 581 243 596 >
266 574 331 598 erat
360 567 449 607 quod
479 576 535 596 sua
566 565 739 605 praesentia
763 564 876 594 faceret
905 563 990 593 diem
1019 570 1049 593 et
1079 573 1136 593 sua
1159 564 1299 594 absentia

227 624 242 639 ι
265 618 406 642 noctem:
432 609 631 640 annumerari
646 616 752 639 tamen
768 618 827 638 sex
842 608 953 638 diebus
970 607 1099 649 (quibus
1107 607 1192 648 fecit
1207 608 1298 638 Deus

228 668 242 683 2
268 656 391 687 caelum
417 660 447 685 et
470 660 590 684 terram
616 658 646 682 et
664 662 755 682 mare
779 657 809 682 et
831 653 939 682 omnia
959 661 1042 691 quae
1066 653 1098 681 in
1124 653 1169 682 eis
1191 652 1297 693 sunt),

226 712 241 727 2
263 699 378 740 partim
396 698 471 739 quia
489 698 562 727 licet
585 697 708 727 caelum
732 703 762 726 et
781 703 860 726 terra
884 695 1000 726 fuerint
1025 696 1132 736 quoad
1153 697 1296 726 substan-

226 756 241 771 »
263 744 340 774 tiam
364 749 464 773 creata
483 748 554 771 ante
574 750 705 770 omnem
725 740 827 778 diem,
852 739 955 779 spatio
975 746 1081 770 tamen
1101 750 1153 770 sex
1173 740 1297 770 dierum

225 800 240 814 x·
264 787 391 817 fuerunt
421 786 555 816 formata
585 795 641 815 seu
670 784 815 815 distincta
844 791 874 814 et
900 790 1025 822 ornata;
1057 794 1160 824 neque
1190 785 1297 824 plures

225 843 240 858 »
263 832 328 861 dies
351 829 487 870 impensi
516 829 645 859 fuerunt
674 829 707 859 in
736 829 865 858 illorum
889 826 1063 866 creatione,
1095 828 1296 859 distinctione

224 888 239 902 »
262 882 292 905 et
316 881 445 912 ornatu,
470 883 569 914 quam
592 880 660 903 sex:
686 873 802 913 partim
830 872 906 913 quia
928 874 1066 912 spatium
1095 873 1176 903 illud
1199 882 1295 913 prae-

224 931 238 946 »
262 919 375 950 cedens
406 918 466 948 fuit
496 917 726 948 brevissimum.
760 917 847 948 Sicut
877 923 984 947 autem
1017 917 1217 947 consuetudo
1246 917 1295 947 lo-

224 975 238 990 >›
261 962 379 1004 quendi
403 962 508 999 habet,
535 968 571 992 ut
594 972 630 991 ea
654 962 798 992 dicantur
821 961 901 991 facta
924 962 957 991 in
976 961 1085 1001 aliquo
1109 961 1189 999 loco,
1214 972 1295 1002 quae

222 1019 237 1033 »
260 1007 346 1038 iuxta
369 1007 462 1037 illum
486 1006 566 1036 facta
591 1013 679 1036 sunt:
704 1005 872 1046 quomodo
893 1005 1037 1036 Christus
1063 1007 1095 1035 in
1115 1005 1294 1036 Ierusalem

223 1063 237 1078 »
260 1061 411 1091 passurus
434 1049 627 1090 significatur
650 1051 755 1080 Lucae
778 1060 843 1088 xm,
867 1055 896 1080 v,
925 1050 976 1088 33,
1001 1050 1057 1090 qui
1080 1057 1187 1080 tamen
1211 1057 1294 1081 extra

222 1107 236 1121 »
260 1102 386 1135 portam
405 1104 515 1137 passus
536 1101 592 1133 est,
612 1095 652 1124 ad
671 1095 834 1124 Hebraeos
856 1104 921 1132 xm,
945 1099 973 1124 v.
1000 1102 1051 1124 12:
1073 1094 1118 1124 lta
1137 1095 1295 1135 quaedam

222 1152 237 1167 »
260 1139 340 1172 facta
356 1151 422 1171 esse
437 1141 586 1170 dicuntur
601 1140 632 1169 in
648 1139 757 1179 aliquo
773 1143 860 1169 certo
875 1139 1026 1178 temporis
1039 1140 1153 1178 spatio,
1172 1139 1294 1169 etiamsi

221 1196 236 1211 »
259 1185 369 1226 paullo
398 1193 470 1216 ante
498 1191 610 1224 coepta
639 1183 701 1213 sint
728 1182 810 1213 fieri:
838 1193 868 1212 v.
893 1192 923 1222 g.
955 1182 1136 1213 aedificium
1164 1183 1295 1224 aliquod

221 1241 237 1256 »
258 1236 341 1260 recte
372 1230 525 1260 diceretur
556 1228 676 1259 factum
707 1236 773 1257 esse
804 1226 907 1267 spatio
940 1227 1081 1257 duorum
1114 1237 1293 1266 annorum,

221 1286 237 1301 »
260 1274 382 1304 etiamsi
411 1284 495 1304 unus
523 1279 617 1314 atque
646 1272 722 1302 alter
750 1272 816 1302 dies
847 1272 1033 1302 antecedens
1061 1271 1171 1302 fuisset
1199 1272 1294 1302 etiam

221 1330 235 1344 »
258 1318 433 1358 impensus.
460 1330 475 1344 »

291 1363 465 1393 Tantillum
496 1361 578 1392 illud
599 1361 711 1401 spatii,
743 1366 779 1391 ut
801 1360 844 1390 ait
867 1358 1004 1400 Sylvius,
1033 1369 1100 1400 quo
1125 1366 1196 1391 ante
1219 1370 1294 1400 pro-

219 1406 404 1437 ductionem
431 1406 511 1436 lucis
541 1412 628 1436 erant
651 1406 815 1442 tenebrae,
846 1410 940 1434 vocat
967 1409 1161 1434 momentum
1193 1415 1292 1435 unum

217 1451 418 1491 Philoponus
441 1450 528 1490 apud
550 1449 716 1479 Petavium
739 1449 820 1479 libro
838 1448 849 1477 I
867 1449 915 1478 De
932 1447 1060 1487 opificio
1080 1458 1133 1478 sex
1157 1448 1292 1487 dierum,

219 1496 320 1535 capite
345 1506 386 1533 xx,
406 1504 496 1524 num.
519 1501 552 1524 2:
573 1495 616 1523 At
639 1493 726 1531 haec,
751 1493 855 1533 inquit
877 1492 924 1522 vir
944 1491 1168 1531 doctissimus,
1203 1503 1293 1523 mera

218 1544 266 1569 est
279 1540 447 1570 ariolatio:
466 1548 568 1578 neque
573 1537 676 1578 fidem
692 1537 891 1577 Philoponus
907 1537 973 1567 ullo
992 1542 1187 1576 argumento
1194 1537 1291 1578 facit.

221 1597 236 1612 «
258 1584 328 1623 Ego
352 1593 427 1613 vero
452 1582 519 1623 (ait
542 1581 622 1612 idem
643 1580 778 1622 auctor)
804 1581 967 1622 aliquanto
990 1580 1156 1610 intervallo
1181 1588 1292 1621 putem

219 1639 234 1654 »
258 1628 386 1657 durasse
410 1626 527 1666 primas
550 1626 624 1655 istas
647 1626 805 1656 tenebras:
831 1632 862 1656 et
885 1625 1016 1656 fortasse
1034 1626 1113 1664 plus
1137 1635 1220 1663 uno,
1244 1627 1291 1657 al-

219 1683 234 1698 »
257 1677 365 1702 terove
394 1671 446 1701 die
479 1676 538 1701 aut
567 1671 661 1700 etiam
693 1671 842 1710 longius,
875 1669 965 1700 cuius
988 1668 1141 1710 temporis
1174 1671 1292 1701 modus

218 1727 234 1742 »
257 1715 350 1745 nobis
380 1721 426 1745 est
456 1715 603 1745 incertus.
637 1714 807 1745 Paullatim
837 1714 923 1744 enim
955 1714 989 1744 in
1021 1723 1129 1745 rerum
1159 1715 1291 1746 conditu

218 1771 232 1786 s
256 1759 403 1799 progredi
427 1759 532 1789 divina
557 1758 707 1798 sapientia
731 1758 833 1789 voluit
865 1766 896 1789 et
919 1759 997 1789 rude
1030 1759 1172 1798 primum
1196 1766 1291 1800 atque

218 1816 233 1830 »
256 1803 478 1843 imperfectum
509 1813 592 1843 opus
616 1803 722 1833 edere:
752 1810 788 1834 ut
811 1803 866 1843 qui
890 1810 960 1834 tum
990 1810 1181 1843 spectatores
1205 1811 1293 1834 erant

217 1859 232 1874 »
255 1848 380 1887 Angeli,
410 1847 602 1888 quibusdam
629 1847 728 1878 veluti
751 1847 899 1887 gradibus
923 1848 963 1877 ad
987 1847 1142 1887 perfectae
1173 1848 1291 1879 summi

219 1905 233 1919 »
258 1891 390 1932 Opificis
421 1892 591 1932 sapientiae
623 1891 864 1931 intelligentiam
896 1891 1095 1923 erudirentur
1130 1902 1165 1923 ac
1198 1893 1292 1932 pede-

218 1949 233 1964 »
256 1936 368 1967 tentim
384 1946 440 1975 per
456 1946 563 1966 rerum
583 1943 759 1966 creatarum
774 1936 903 1976 vestigia
920 1936 1127 1976 pervenirent.
1143 1950 1158 1964 »
1175 1938 1292 1967 Nonne

214 1991 290 2011 vero
318 1981 396 2011 haec
425 1980 520 2010 etiam
543 1980 662 2011 Petavii
690 1981 841 2011 ariolatio
864 1981 1021 2021 quaedam
1052 1981 1150 2011 videri
1173 1979 1292 2021 possit?

215 2028 267 2055 An
292 2035 367 2062 uno,
392 2026 535 2055 alterove
557 2025 619 2062 die,
644 2031 699 2055 aut
721 2025 859 2064 longiori
884 2025 986 2065 spatio
1010 2025 1203 2065 indiguerint
1225 2028 1291 2056 An-

214 2069 287 2109 geli,
312 2075 348 2099 ut
371 2069 411 2098 ad
438 2069 593 2109 perfectae
617 2069 735 2100 summi
760 2069 892 2109 Opificis
917 2069 1086 2109 sapientiae
1116 2069 1291 2113 intelligen-

214 2114 292 2144 tiam
328 2111 549 2144 erudirentur?
586 2114 630 2144 lta
668 2123 727 2153 ego
766 2114 1010 2144 existimaverim
1049 2124 1144 2154 super
1175 2121 1291 2145 terram

213 2157 310 2188 fuisse
334 2158 477 2187 tenebras
501 2157 622 2188 dictum
642 2167 719 2196 esse,
745 2164 780 2188 ut
798 2158 1045 2198 intelligeremus
1069 2159 1230 2189 mundum
1251 2169 1290 2190 eo

213 2208 399 2239 moment0,
430 2212 496 2242 quo
526 2202 673 2232 conditus
703 2209 749 2233 est
777 2203 886 2243 quoad
914 2202 1062 2233 omnium
1085 2213 1195 2233 rerum
1218 2204 1291 2234 sub-

213 2246 546 2283 stantiam‚conditum
561 2246 656 2277 fuisse
672 2246 738 2276 sine
753 2253 867 2277 ornatu
883 2253 913 2277 et
923 2247 989 2277 sine
1004 2247 1069 2278 ulla
1079 2247 1289 2278 distinctione:

214 2297 245 2321 et
263 2291 344 2321 hanc
363 2290 514 2330 incepisse
535 2290 760 2321 formationem
779 2291 892 2321 mundi
912 2301 930 2321 a
948 2292 1029 2322 luce.
1050 2291 1291 2331 Diligentiorern

214 2335 437 2365 huiuscemodi
460 2344 567 2365 rerum
590 2335 773 2375 indaginem
797 2345 863 2366 non
883 2335 1025 2376 exposcit
1042 2336 1211 2377 Aquinatis
1235 2337 1290 2367 do-

215 2379 323 2416 ctrina,
348 2389 446 2419 quam
464 2379 678 2410 *vindicamus

623 2483 822 2520 CAPUT
865 2484 934 2521 IV.

216 2579 382 2612 Supposititia
401 2579 488 2612 Cyrilli
508 2579 672 2604 Alexandrini
692 2579 838 2604 testimonia
857 2579 889 2604 ab
903 2579 1031 2612 Aquinate
1051 2580 1075 2605 in
1091 2581 1198 2606 Summa
1217 2581 1290 2606 theo-

287 2615 371 2646 logiae
389 2615 493 2646 allegari
514 2615 579 2639 falso
599 2619 670 2639 notat
689 2614 797 2639 Ioannes
816 2615 956 2640 Fabricius.
975 2616 1119 2647 Launoius,
1136 2624 1214 2648 quem
1234 2617 1291 2649 ipse

286 2651 380 2681 laudat,
399 2655 455 2674 tum
474 2650 570 2675 bonam
589 2650 708 2674 Thomae
727 2649 814 2681 fidem,
833 2656 890 2675 tum
909 2650 1006 2675 iustum
1025 2651 1155 2676 criterium
1170 2652 1290 2677 vindicat.

286 2685 542 2711 Animadversiones.

216 2775 239 2806 1.
263 2768 363 2849 Inter
382 2786 429 2814 ea,
449 2786 531 2817 quae
552 2776 685 2806 Ioannes
705 2776 866 2807 Fabricius
891 2776 1111 2807 animadvertit
1136 2777 1193 2807 abs
1213 2778 1291 2808 viris

295 2821 429 2852 eruditis
452 2822 484 2851 in
509 2821 570 2851 hac
593 2821 726 2851 Summa
755 2819 962 2862 (theologiae)
991 2821 1158 2851 observata
1181 2821 1291 2862 fuisse

216 2874 256 2895 ac
279 2870 401 2902 notata,
427 2872 540 2906 quarto
563 2865 637 2895 loco
661 2865 863 2904 supposititia
882 2865 1039 2905 quaedam
1061 2865 1182 2906 Cyrilli
1205 2867 1290 2896 testi-

216 2910 324 2939 monia
353 2916 508 2940 recenset:
537 2909 678 2940 Subinde
701 2910 858 2950 allegavit
887 2907 1062 2951 (inquiens)
1093 2909 1249 2949 quaedam
1275 2920 1292 2940 e

220 2953 347 2993 Cyrillo
363 2954 587 2984 Alexandrino
603 2953 646 2984 ad
656 2954 861 2993 probandum
872 2959 1062 2994 potestatem
1078 2954 1289 2994 pontificiam.

215 2997 267 3027 Ea
292 3007 367 3028 vero
391 2998 461 3028 loca
485 2998 573 3038 apud
595 3003 741 3028 sanctum
774 2998 864 3028 illum
888 2999 1076 3038 scriptorem
1106 3008 1169 3028 non
1203 3008 1291 3039 repe-

218 3042 279 3071 riri
293 3041 375 3082 fuse
397 3043 535 3072 ostendit
558 3042 698 3072 Ioannes
722 3043 889 3072 Launoius
912 3044 1000 3082 epist.
1026 3042 1055 3079 J,
1075 3048 1173 3082 parte
1197 3043 1224 3073 I.

285 3086 319 3115 In
344 3096 482 3116 errorem
506 3086 612 3117 statim
634 3086 744 3116 incidit
767 3093 891 3117 censor:
917 3096 975 3117 nec
999 3086 1084 3118 enim
1107 3087 1289 3125 Launoius,

218 3136 272 3160 aut
301 3129 326 3159 si
355 3130 410 3170 qui
439 3130 491 3160 alii
521 3137 594 3161 sunt
627 3130 685 3160 viri
718 3130 822 3168 docti,
852 3131 1099 3162 observaverunt
1135 3141 1290 3172 umquam

218 3174 381 3204 Thomam
403 3172 602 3215 Aquinatem
632 3175 664 3205 in
689 3174 822 3205 Summa
851 3175 1031 3216 theologiae
1054 3175 1203 3215 allegasse
1226 3175 1290 3217 Cy-

216 3217 278 3248 rilli
298 3218 490 3255 testimonia,
509 3229 590 3260 quae
610 3219 642 3248 in
667 3218 734 3249 eius
754 3219 913 3259 Operibus
937 3229 1002 3249 non
1022 3219 1186 3251 habentur.
1204 3220 1290 3251 Alias

218 3262 366 3292 Thomae
394 3263 629 3293 lucubrationes
660 3263 777 3294 indicat
806 3263 874 3303 ipse
904 3263 1083 3294 Launoius:
1114 3270 1145 3295 et
1175 3274 1212 3295 ex
1242 3264 1290 3295 his

218 3306 338 3346 promit
353 3316 399 3344 ea,
424 3317 505 3347 quae
529 3307 587 3338 sub
603 3307 713 3348 Cyrilli
737 3308 939 3338 Alexandrini
955 3308 1085 3339 nomine
1104 3309 1199 3339 verba
1218 3309 1290 3340 alle-

219 3357 344 3390 gantur.
370 3365 384 3379 «
398 3351 484 3382 Haec
502 3351 682 3382 testimonia
705 3351 827 3393 (inquit
843 3353 874 3382 in
892 3353 1024 3392 epistola
1040 3353 1058 3383 Ι
1073 3353 1116 3384 ad
1130 3353 1289 3391 Faurum,

222 3406 236 3420 ιν
255 3405 289 3434 p.
306 3393 360 3435 I),
392 3395 436 3425 sic
459 3395 608 3434 leguntur
631 3396 717 3435 apud
741 3397 871 3427 beatum
893 3396 1070 3428 Thomam:
1097 3404 1127 3428 et
1149 3397 1291 3437 primum

222 3450 236 3464 ³>
260 3438 390 3479 quidem
406 3439 439 3469 in
455 3440 508 3477 lV,
524 3440 594 3471 dist.
611 3451 692 3478 xxiv,
711 3448 831 3481 quaest.
846 3451 890 3478 m,
907 3448 962 3472 art.
978 3452 1000 3471 11
1016 3440 1063 3483 (in
1079 3451 1200 3482 argum.
1217 3452 1290 3482 pro-

223 3494 238 3509 «
260 3483 381 3513 lusorio
394 3493 423 3521 2,
439 3489 560 3524 quaest.
571 3482 627 3527 11):
644 3485 811 3523 Praetera,
827 3485 941 3526 inquit,
957 3485 985 3516 b.
999 3485 1147 3526 Cyrillus
1161 3486 1289 3527 Episco-

222 3537 237 3551 ι·
255 3536 320 3566 pus
335 3528 578 3559 Alexandrinus
601 3529 696 3559 dicit:
712 3534 747 3559 ut
763 3530 903 3560 membra
928 3540 1117 3561 maneamus
1136 3531 1168 3560 in
1189 3531 1291 3571 capite

224 3581 238 3594 »
263 3576 371 3600 nostro
386 3573 565 3611 Apostolico
590 3573 717 3603 Throno
733 3574 952 3604 Romanorum
970 3575 1159 3615 Pontificum
1176 3581 1233 3605 etc.
1255 3575 1290 3605 In

222 3624 239 3639 >v
262 3613 331 3643 libri
347 3615 469 3645 Contra
484 3616 705 3656 impugnantes
716 3617 915 3657 Religionem
932 3618 1075 3658 capitem
1086 3619 1144 3649 sub
1159 3618 1289 3650 finem...

944 264 1405 303 DISSERTATIONES
1436 265 1685 301 CRITICAE

1356 355 1370 370 ›
1398 343 1490 374 Unde
1512 343 1589 374 dicit
1607 344 1755 384 Cyrillus
1773 345 2018 376 Alexandrinus
2035 346 2213 386 Episcopus
2236 347 2269 376 in
2294 347 2375 378 libro
2390 346 2432 377 II

1355 400 1370 414 >0
1398 388 1655 418 Hesaurorum:
1683 388 1725 418 Ut
1753 389 1895 419 membra
1924 399 2113 421 maneamus
2141 397 2199 421 etc.
2232 389 2282 431 (ut
2305 390 2425 433 supra).

1355 443 1369 458 2
1392 433 1468 462 Mox
1493 432 1526 461 in
1551 432 1652 472 capite
1671 443 1734 462 rv...
1763 433 1825 463 Cui
1845 432 2007 475 (Romano
2030 433 2205 476 Pontifici),
2225 440 2261 465 ut
2279 435 2428 475 Cyrillus

1355 487 1369 502 »
1392 476 1480 513 dicit,
1497 486 1607 507 omnes
1627 477 1698 506 iure
1714 477 1822 507 divino
1841 483 1939 517 caput
1957 479 2116 509 inclinant
2130 485 2188 509 etc.
2209 479 2243 508 ln
2268 479 2427 518 opusculo

1355 531 1369 546 »
1393 520 1514 550 Contra
1546 530 1667 550 errores
1696 520 1893 551 Graecorum
1924 521 2036 563 (parte
2055 523 2096 552 II
2117 523 2170 553 ubi
2197 524 2334 554 Thomas
2356 525 2429 564 agit

1354 576 1368 590 »
1391 564 1431 594 de
1453 565 1599 595 Romano
1622 565 1775 606 Pontifice
1798 575 1838 596 ac
1861 568 1967 603 tertio,
1991 572 2118 606 quarto,
2144 568 2265 607 quinto,
2289 573 2380 598 sexto
2397 573 2428 598 et

1354 619 1368 634 >v
1390 610 1523 648 septimo
1547 610 1650 648 capite
1671 610 1768 640 huius
1791 608 1924 650 tituli)...
1949 611 2037 641 Dicit
2063 611 2210 651 Cyrillus
2233 613 2427 642 Patriarcha

1354 663 1368 678 »
1390 653 1636 683 Alexandrinus
1659 654 1691 683 in
1714 654 1795 684 libro
1817 655 2073 685 Yhesaurorum:
2092 655 2182 686 Sicut
2203 655 2351 686 Christus
2374 664 2426 687 ac-

1355 708 1369 722 »
1392 698 1474 736 cepit
1488 707 1509 727 a
1528 698 1626 727 Patre
1648 698 1801 728 ducatum
1827 703 1857 728 et
1879 704 2040 738 sceptrum
2059 706 2116 729 etc.
2141 700 2181 730 Et
2204 700 2315 730 etiam:
2333 701 2427 731 Nulli

1354 752 1368 766 ι
1391 741 1459 778 αΙὶί,
1484 750 1580 781 quam
1600 742 1696 771 Petro
1720 748 1776 772 etc.
1798 742 1838 772 Et
1856 742 1952 772 infra:
1976 743 2077 773 Pedes
2103 743 2223 774 Christi
2241 745 2427 775 humanitas

1353 795 1367 810 »
1391 790 1438 814 est
1461 791 1518 815 etc.
1544 785 1700 816 Ibidem...
1724 786 1813 816 Dicit
1836 787 1928 816 enim*
1947 786 2095 827 Cyrillus
2118 789 2150 818 in
2175 788 2256 818 libro
2285 789 2426 819 Thesau-

1353 840 1367 855 »
1391 837 1521 859 rorum:
1548 829 1589 859 Ut
1605 829 1747 859 membra
1766 839 1956 861 maneamus
1979 837 2038 861 etc.
2057 832 2099 862 Et
2121 831 2314 872 quibusdam
2332 832 2425 863 inter-

1353 884 1367 899 »
1390 872 1534 912 positis...
1559 874 1647 903 Dicit
1678 873 1843 913 Cyrillus:
1870 874 1965 911 Quod
1988 876 2088 914 ipsius
2110 877 2231 906 scilicet
2251 877 2427 916 Apostolici

1353 929 1367 943 ν
1395 917 1516 947 Throni
1525 917 1745 948 Romanorum
1756 918 1945 958 Pontificum
1956 919 2057 949 solius
2067 925 2114 949 est
2123 920 2357 959 reprehendere
2366 929 2425 951 etc.

1352 973 1367 988 »
1390 963 1436 991 Ac
1456 961 1607 992 ibidem...
1632 962 1721 992 Dicit
1736 963 1819 992 enim
1843 962 1991 1002 Cyrillus
2010 963 2041 992 in
2061 963 2143 993 libro
2167 964 2424 995 Jhesaurorum:

1352 1018 1366 1031 ι
1390 1005 1504 1046 Itaque
1519 1005 1660 1047 fratres,
1685 1007 1715 1036 si
1741 1006 1904 1036 Christum
1930 1007 2097 1037 imitamur
2119 1014 2178 1038 etc.
2195 1019 2211 1035 ι

1418 1050 1540 1090 Integra
1568 1050 1705 1080 indicata
1734 1050 1934 1089 testimonia,
1965 1061 2047 1091 quae
2076 1052 2135 1082 sub
2159 1051 2291 1083 nomine
2315 1052 2427 1094 Cyrilli

1349 1093 1524 1133 allegantur
1548 1095 1586 1124 ab
1610 1094 1781 1135 Aquinate,
1805 1095 1831 1124 si
1855 1102 2079 1135 comparentur
2101 1096 2238 1127 invicem
2262 1103 2293 1128 et
2311 1107 2426 1137 expen-

1350 1138 1481 1176 dantur,
1506 1139 1671 1179 perspicue
1696 1139 1812 1179 cuique
1836 1139 1954 1179 patebit
1984 1149 2050 1170 non
2074 1147 2140 1170 tam
2169 1150 2236 1171 esse
2266 1142 2360 1181 plura
2383 1149 2427 1172 te-

1350 1182 1509 1221 stimonia,
1534 1183 1705 1223 pluresque
1729 1184 1915 1221 sententias,
1947 1194 2046 1224 quam
2069 1185 2176 1224 potius
2206 1187 2304 1216 unius
2321 1187 2426 1226 proli-

1347 1228 1452 1258 xioris
1470 1229 1642 1258 testimonii
1658 1227 1826 1268 particulas
1846 1228 1962 1267 plures.
1979 1229 2030 1258 Ab
2045 1229 2095 1259 his
2112 1229 2213 1260 differt
2228 1229 2318 1267 illud,
2336 1231 2427 1270 quod

1348 1271 1513 1302 Launoius
1547 1272 1691 1312 adiungit
1720 1272 1753 1302 in
1784 1272 1918 1312 epistola
1948 1273 1975 1303 ΙΙ
2009 1273 2049 1302 ad
2080 1273 2231 1304 eumdem
2261 1274 2424 1313 Faurum,

1349 1315 1471 1356 Cyrillo
1500 1316 1533 1346 in
1557 1326 1615 1346 sua
1641 1316 1764 1347 Catena
1790 1317 1947 1347 tributum
1970 1327 1989 1347 a
2011 1327 2036 1348 s.
2061 1317 2200 1348 Thoma.
2226 1318 2271 1348 Ita
2294 1318 2427 1349 refertur

1348 1360 1388 1390 ad
1405 1370 1442 1390 ea
1463 1361 1569 1398 verba,
1598 1361 1645 1391 Tu
1663 1371 1696 1391 es
1714 1361 1830 1391 Petrus
1848 1367 1907 1391 etc.
1933 1371 2001 1401 cap.
2021 1372 2072 1391 xvr
2088 1362 2254 1393 Matthaei:
2277 1362 2427 1403 Cyrillus

1348 1405 1380 1434 in
1406 1404 1458 1435 lib.
1484 1405 1657 1435 Jhesauri:
1680 1405 1862 1436 Secundum
1889 1411 1997 1436 autem
2025 1406 2110 1436 hanc
2130 1406 2264 1437 Domini
2282 1408 2425 1447 promis-

1347 1449 1468 1478 sionem
1487 1449 1633 1479 Ecclesia
1652 1450 1835 1489 Apostolica
1858 1450 1947 1480 Petri
1969 1457 2027 1480 etc.
2048 1451 2135 1483 Haec
2155 1461 2232 1481 vero
2252 1450 2425 1492 Cyrilliana

1347 1492 1529 1522 testimonia
1564 1493 1603 1523 ab
1636 1494 1796 1534 Aquinate
1824 1494 1857 1524 in
1888 1494 2022 1524 Summa
2051 1495 2232 1536 theologiae
2266 1502 2320 1526 aut
2350 1495 2426 1526 alibi

1347 1536 1486 1567 adhibita
1509 1536 1606 1567 fuisse
1639 1538 1784 1568 ostendet
1807 1548 1987 1579 numquam
2015 1539 2148 1569 Ioannes
2180 1539 2357 1570 Fabricius:
2388 1550 2425 1571 ac

1348 1591 1422 1611 sane
1446 1580 1583 1611 Launoii
1603 1581 1735 1612 nomine
1754 1582 1904 1620 abutitur,
1926 1592 1962 1613 ac
1981 1583 2007 1613 si
2024 1584 2135 1614 eadem
2158 1583 2340 1614 testimonia
2357 1584 2426 1624 ipse

1347 1625 1566 1656 observaverit
1605 1627 1827 1666 notaveritque
1860 1626 1894 1656 in
1923 1636 1980 1657 sua
2010 1627 2192 1668 theologiae
2221 1628 2355 1659 Summa
2383 1628 2425 1659 ab

1347 1669 1507 1710 Aquinate
1531 1669 1626 1700 fuisse
1653 1670 1794 1710 allegata.

1414 1714 1452 1744 11.
1477 1713 1634 1751 QuInimo
1658 1724 1733 1745 cum
1758 1714 1922 1745 Launoius
1947 1715 2159 1746 observaverit
2179 1715 2214 1746 in
2243 1716 2425 1758 theologiae

1347 1758 1492 1796 Summa,
1513 1769 1612 1799 quam
1636 1759 1782 1789 extremis
1801 1759 1882 1790 vitae
1906 1759 1997 1790 annis
2021 1760 2088 1790 sine
2111 1759 2210 1791 dubio
2230 1761 2426 1792 elucubravit

1346 1802 1502 1843 Aquinas,
1521 1803 1634 1833 eadem
1653 1813 1783 1843 prorsus
1802 1803 2007 1843 praetermitti
2025 1804 2058 1834 in
2075 1804 2113 1834 iis
2131 1804 2211 1836 locis
2229 1805 2423 1844 testimonia,

1346 1847 1379 1877 in
1403 1847 1520 1887 quibus
1543 1847 1744 1887 aptissimum
1767 1848 1878 1878 locum
1901 1848 2015 1880 habere
2034 1849 2229 1888 potuissent;
2253 1859 2422 1889 argumen-

1346 1898 1417 1922 tum
1446 1891 1520 1922 inde
1552 1892 1650 1922 sumit
1678 1892 1764 1922 haud
1795 1899 1877 1923 certe
1904 1893 1973 1923 leve
2008 1893 2047 1923 de
2075 1893 2222 1933 ipsorum
2249 1893 2382 1925 falsitate
2405 1904 2424 1925 a

1346 1935 1476 1966 Thoma
1494 1935 1559 1966 iam
1578 1942 1677 1967 aetate
1696 1943 1848 1976 provecto
1868 1937 2063 1977 deprehensa
2089 1944 2144 1968 aut
2171 1937 2304 1968 olfacta:
2333 1938 2424 1979 quod

1346 1980 1414 2010 eius
1433 1979 1619 2011 eruditionis
1638 1991 1675 2011 ac
1693 1980 1767 2011 iusti
1791 1981 1903 2012 criterii
1922 1981 2077 2012 indicium
2097 1989 2153 2012 est.
2174 1981 2311 2012 Launoii
2328 1982 2425 2013 verba

1346 2023 1460 2062 affero,
1491 2035 1573 2065 quae
1597 2025 1744 2055 Thomae
1773 2025 1925 2056 vindicias
1949 2025 2121 2057 continent.
2146 2026 2197 2057 Sic
2225 2026 2268 2057 ait
2290 2036 2366 2058 vero
2389 2026 2423 2058 in

1346 2068 1480 2109 epistola
1497 2069 1508 2098 1
1526 2068 1618 2099 citata
1637 2069 1677 2099 ad
1695 2070 1875 2100 Antonium
1898 2070 2041 2100 Faurum
2059 2080 2078 2100 a
2097 2080 2186 2101 num.
2205 2078 2242 2110 4:
2270 2083 2285 2098 ι
2302 2071 2425 2102 Doctor

1349 2126 1363 2140 »
1386 2120 1513 2144 sanctus
1537 2123 1612 2144 cum
1636 2120 1716 2144 esset
1738 2113 1846 2144 iunior
1874 2113 2055 2154 theologus,
2081 2114 2206 2154 imponi
2229 2114 2288 2145 sibi
2311 2125 2424 2155 passus

1348 2170 1362 2183 ›
1386 2164 1432 2188 est
1461 2158 1499 2188 ab
1530 2167 1587 2196 eo,
1618 2158 1674 2198 qui
1706 2159 1810 2189 relata
1839 2159 2021 2189 testimonia
2047 2158 2176 2199 Cyrillo
2198 2158 2424 2190 Alexandrino

1349 2214 1363 2230 »
1385 2203 1562 2242 supposuit.
1588 2203 1709 2233 Verum
1727 2202 1888 2233 enimvero
1905 2203 1945 2233 ad
1961 2203 2169 2234 maturiorem
2185 2213 2260 2234 cum
2281 2203 2425 2243 pervenit

1348 2258 1362 2273 ›
1385 2253 1538 2284 aetatem,
1569 2246 1669 2277 factus
1692 2247 1816 2278 doctior
1839 2254 1870 2278 et
1894 2247 2026 2285 cautior,
2057 2247 2239 2278 testimonia
2261 2247 2339 2279 haec
2361 2257 2422 2288 pm

1348 2303 1362 2318 »
1386 2290 1535 2321 derelicto
1559 2291 1684 2322 habuit:
1711 2298 1741 2322 et
1764 2291 1902 2330 silentio,
1925 2291 2144 2332 deprehensae
2166 2293 2217 2323 vel
2237 2292 2352 2323 saltem
2376 2293 2422 2324 ol-

1348 2348 1362 2364 »
1377 2335 1493 2376 sactae
1503 2335 1666 2376 falsitatis
1684 2336 1798 2372 indice,
1820 2335 2004 2376 suppressit.
2019 2336 2111 2371 ,Inter
2129 2346 2242 2367 omnes
2261 2336 2421 2375 convenit,

1347 2393 1362 2408 ›
1385 2380 1566 2420 theologiae
1588 2379 1754 2411 Summam
1778 2380 1927 2411 Doctoris
1950 2380 2049 2411 sancti
2071 2390 2155 2420 opus
2179 2390 2246 2412 esse
2269 2380 2423 2412 ultimum

1347 2437 1362 2451 ιι
1386 2430 1416 2454 et
1443 2431 1639 2454 caeterorum
1663 2424 1942 2464 perfectissimum:
1965 2425 2058 2465 quod
2081 2431 2205 2463 tamen,
2234 2424 2423 2467 priusquam

1347 2481 1361 2495 »
1385 2468 1572 2508 demigraret
1595 2469 1634 2499 ab
1657 2468 1862 2507 hominibus,
1891 2469 2052 2500 absolvere
2076 2479 2142 2500 non
2166 2469 2281 2510 potuit.
2306 2469 2341 2500 In
2364 2469 2422 2501 Se-

1347 2525 1362 2540 »
1385 2512 1492 2543 cunda
1513 2513 1683 2544 Secundae
1702 2520 1776 2544 sunt
1794 2514 1865 2544 loca
1883 2513 2020 2544 maxime
2043 2513 2113 2552 tria,
2132 2523 2214 2554 quae
2233 2523 2291 2545 nec
2315 2513 2423 2545 minus

1348 2570 1362 2584 »
1386 2557 1503 2587 utiliter
1526 2567 1583 2588 nec
1612 2557 1719 2588 minus
1747 2565 1948 2597 opportune,
1979 2567 2079 2598 quam
2105 2557 2364 2590 Commentarius
2386 2559 2421 2590 in

1347 2613 1362 2628 »
1384 2606 1535 2641 quartum
1555 2601 1797 2632 Sententiarum
1817 2607 1848 2633 et
1870 2602 2033 2642 Opuscula
2057 2607 2171 2633 contra
2195 2607 2423 2643 expugnantes·

1348 2658 1362 2672 »
1384 2645 1586 2685 Religionem
1611 2651 1642 2676 et
1665 2651 1779 2676 contra
1803 2656 1932 2677 errores
1957 2646 2175 2684 Graecorum,
2199 2646 2347 2677 videntur
2363 2655 2421 2677 au-

1347 2701 1362 2716 »
1386 2689 1543 2719 ctoritates
1566 2689 1635 2719 illas
1659 2699 1772 2720 omnes
1796 2690 1846 2720 vel
1869 2696 1951 2720 certe
1974 2689 2096 2730 aliquas
2119 2690 2292 2730 postulare,
2311 2689 2422 2731 siqua

1347 2745 1362 2760 ›
1385 2733 1513 2763 veritate
1537 2732 1688 2764 nitantur.
1805 2764 1808 2767 ,

1416 2789 1430 2804 ιν
1454 2777 1560 2807 Locus
1583 2777 1706 2816 primus
1729 2784 1776 2808 est
1797 2777 1831 2808 in
1847 2777 2042 2818 quaestionis
2065 2787 2076 2808 1
2098 2784 2155 2808 art.
2171 2787 2203 2815 x,
2227 2777 2279 2808 cui
2294 2777 2419 2810 titulus:

1349 2833 1363 2848 »
1390 2821 1505 2851 Utrum
1522 2820 1566 2851 ad
1579 2821 1746 2852 Summum
1761 2822 1943 2862 Pontificem
1958 2823 2123 2862 pertineat
2130 2822 2216 2863 fidei
2231 2822 2420 2862 Symbolum

1348 2877 1362 2892 »
1385 2865 1566 2896 ordinare..
1578 2887 1587 2895 .
1607 2865 1695 2896 Alter
1719 2873 1765 2896 est
1783 2866 1815 2896 in
1842 2866 2036 2906 quaestionis
2054 2876 2086 2896 xx
2104 2874 2160 2897 art.
2177 2877 2200 2896 11
2220 2866 2272 2897 cui
2290 2866 2418 2898 titulus:

1348 2922 1362 2937 »
1389 2909 1504 2940 Utrum
1529 2910 1671 2940 haeresis
1693 2911 1734 2941 sit
1758 2911 1892 2950 proprie
1922 2911 2009 2942 circa
2033 2920 2071 2941 ea
2095 2920 2178 2951 quae
2200 2916 2277 2941 sunt
2287 2911 2421 2952 fidei...

1348 2966 1362 2981 »
1385 2954 1512 2984 Tertius
1531 2953 1564 2983 in
1581 2953 1774 2994 quaestionis
1793 2965 1883 2985 xxxix
1898 2954 2031 2986 articulo
2048 2965 2069 2992 1,
2086 2955 2137 2985 cui
2156 2954 2284 2986 titulus.-
2303 2955 2420 2987 Utrum

1350 3010 1365 3025 »
1387 2998 1524 3029 schisma
1543 2999 1584 3029 sit
1596 3004 1765 3038 peccatum
1785 2999 1949 3039 speciale..
1961 3022 1968 3030 .
1987 2999 2045 3030 His
2065 2999 2164 3030 tribus
2183 2999 2263 3030 locis
2278 2999 2421 3040 adiungo

1347 3054 1362 3069 »
1385 3045 1546 3083 quartum,
1564 3042 1619 3083 qui
1635 3042 1785 3083 repetitur
1799 3053 1836 3074 ex
1862 3043 2043 3080 Quodlibeti
2062 3044 2105 3074 lx
2127 3044 2266 3075 articulo
2284 3054 2347 3081 xvi,
2364 3043 2427 3080 ubi

1347 3098 1361 3113 »
1385 3086 1424 3117 de
1444 3087 1592 3117 Romano
1612 3086 1775 3124 Pondfice,
1795 3087 1942 3118 homines
1961 3087 2032 3128 pios
2051 3088 2084 3118 in
2101 3087 2291 3119 Sanctorum
2310 3088 2421 3119 album

1348 3143 1362 3157 »
1385 3131 1555 3168 referente,
1587 3131 1737 3172 agitur...
1758 3132 1838 3162 Ecce
1866 3131 1923 3162 tibi
1952 3133 2022 3163 loca
2050 3138 2208 3173 quatuor,
2238 3132 2272 3163 in
2301 3132 2420 3174 quibus

1347 3187 1361 3202 »
1385 3174 1576 3206 firmamenti
1600 3186 1635 3207 ac
1659 3175 1782 3206 roboris
1806 3186 1872 3206 non
1896 3186 2011 3216 parum
2034 3176 2210 3208 attulissent
2232 3176 2328 3208 relata
2353 3175 2420 3218 Cy·

1347 3231 1361 3246 »
1385 3220 1452 3250 rilli
1471 3221 1697 3251 testimonia...
1715 3220 2000 3251 Praetermissionis
2017 3231 2111 3252 causa
2126 3218 2226 3262 quae?
2245 3220 2305 3252 nisi
2328 3219 2419 3262 quod

1348 3276 1362 3291 »
1385 3263 1547 3302 Thomas,
1580 3264 1679 3295 factus
1709 3264 1901 3303 consultior,
1933 3265 2101 3296 falsitatem
2130 3264 2290 3304 subolum,
2319 3273 2419 3306 quam

1346 3320 1360 3335 ›
1384 3308 1491 3339 minus
1516 3309 1680 3340 consultus
1712 3308 1791 3340 olim
1815 3309 1959 3340 subolere
1983 3319 2049 3340 non
2073 3315 2228 3350 potuerat.
2247 3321 2262 3336 ι
2293 3308 2418 3340 Addere

1344 3352 1421 3383 haec
1436 3353 1496 3383 alia
1513 3353 1656 3384 eiusdem
1671 3353 1807 3384 Launoii
1824 3363 1925 3394 pauca
1941 3354 2035 3384 verba
2050 3353 2151 3392 liceat,
2167 3363 2250 3394 quae
2263 3352 2421 3383 habentur

1343 3404 1430 3437 parte
1450 3397 1489 3435 V,
1509 3397 1642 3437 epistola
1665 3408 1695 3428 rx
1714 3398 1754 3428 ad
1770 3397 1933 3429 Thomam
1951 3397 2131 3436 Fortinum,
2154 3403 2263 3428 contra
2281 3395 2418 3428 Vincen-

1344 3441 1425 3472 tium
1448 3442 1605 3472 Batonem
1625 3441 1886 3480 Dominicanum,
1911 3442 2011 3482 capite
2029 3452 2071 3480 vr,
2095 3451 2185 3473 num.
2213 3441 2270 3482 34:
2289 3440 2417 3480 Epist&

1344 3486 1451 3516 larum
1477 3491 1675 3523 nostrarum,
1700 3486 1888 3527 inquientis,
1917 3487 1949 3517 in
1973 3486 2087 3527 quibus
2109 3485 2150 3517 de
2177 3485 2325 3516 subiectis
2347 3485 2417 3524 qui-

1343 3530 1475 3561 busdam
1496 3530 1623 3571 Cri-illo
1638 3531 1826 3562 testimoniis
1841 3531 1964 3572 agitur,
1980 3539 2096 3570 scopus
2113 3538 2175 3560 non
2191 3533 2238 3560 est
2267 3533 2415 3559 sanctum

1351 3575 1502 3605 nomam
1541 3575 1591 3606 vel
1618 3576 1779 3612 inscitiae,
1810 3575 1861 3606 vel
1883 3575 1967 3605 male
1989 3574 2092 3615 fidei,
2122 3573 2173 3605 vel
2194 3573 2415 3613 negligentiae

1345 3620 1474 3650 nomine
1491 3628 1657 3650 accusare.
1677 3619 1799 3659 Scopus
1814 3623 1861 3650 est
1879 3623 2003 3650 tantum
2021 3617 2203 3650 ostendere:
2223 3617 2417 3647 Testimonia
