2788 4204
61 3367 73 3379 '
85 3367 149 3390 Lect-
157 3373 214 3389 xvu.

244 2131 248 2135 ,
291 2119 372 2156 ὒοτι
410 2125 418 2136 ι

1133 256 1245 293 CAP.
1275 257 1363 303 XII,
1393 256 1547 293 LECT.
1576 256 1665 292 XIII

2424 255 2500 304 373.

908 524 1212 581 LEcT10
1250 491 1893 583 DECIMATERTIA

373 663 610 717 QUALIA
643 662 795 708 ESSE
829 663 1162 704 OPORTEAT
1195 664 1278 704 EA
1313 663 1486 717 QUAE
1519 663 1955 706 CONSTITUUNT
1988 664 2433 726 D-EFINITIONEM

342 752 344 754 ’
906 738 1386 780 SIGNIFICANTEM
1420 739 1768 781 ESSENTIAM
1800 740 1900 780 REI

300 868 371 905 Πῶς
396 861 435 899 δὲ
458 861 511 898 δεῖ
533 864 681 910 θηρεύειν
707 865 756 898 τά
778 865 812 898 ἑν
838 866 886 906 τῷ
912 866 946 897 τί
977 865 1051 897 ἐστι
1074 863 1374 911 κατηγορούμενα,

369 912 426 943 νῦν
451 910 617 957 λέγωμεν.

302 957 373 988 Τῶν
405 951 450 992 δή
481 954 707 1001 ὑπαρχόντων
742 953 794 987 ἀεὶ
826 953 960 995 ἑκάστῳ
989 953 1064 986 ἔνια
1097 953 1285 986 ἐπεκτείνει
1320 953 1375 985 ἐπὶ

366 999 484 1042 πλέον,
504 1000 543 1032 οὑ
561 1000 678 1045 μέντοι
704 998 768 1040 ἔξω
787 999 850 1031 τοῦ
869 998 998 1045 γένους.
1026 997 1124 1044 Λέγω
1141 997 1180 1030 δὲ
1199 997 1255 1030 ἐπὶ
1272 997 1376 1029 πλέον

370 1044 548 1091 ὑπάρχειν,
568 1044 633 1078 ὅσα
659 1044 804 1090 ὑπάρχει
828 1043 888 1087 μὲν
906 1043 1041 1084 ἑκάστῳ
1065 1042 1227 1082 καθόλου,
1246 1042 1285 1074 οὑ
1309 1042 1376 1086 μὴν

372 1090 463 1123 ἀλλὰ
485 1091 545 1122 καὶ
571 1089 673 1131 ἄλλῳ.
705 1091 782 1121 Οίον
808 1087 883 1121 ἔστι
908 1100 942 1121 τι
969 1088 985 1120 ὃ
1010 1090 1105 1132 πασῃ
1131 1088 1245 1132 τριάδι
1271 1087 1377 1131 ὑπάρ-

368 1146 437 1181 χει,
461 1134 552 1167 ἀλλοὶ
575 1136 634 1166 καὶ
657 1134 705 1179 μή
728 1131 863 1178 τριάδι,
894 1132 1005 1177 ὥσπερ
1031 1133 1072 1165 τό
1098 1131 1133 1164 ὃν
1159 1132 1305 1177 ὑπάρχει
1330 1132 1376 1174 τῇ

370 1174 497 1223 τριάδι,
525 1179 616 1213 ἀλλά
639 1181 698 1211 καὶ
722 1179 770 1224 μή
797 1178 935 1222 ἀριθμῷ·
964 1176 1056 1210 ἀλλά
1078 1178 1137 1209 καὶ
1155 1177 1197 1209 τό
1214 1176 1377 1219 π-ριττὸν

370 1222 516 1270 ὑπάρχει
542 1236 580 1256 τε
598 1223 693 1268 πάσῃ
713 1219 827 1269 τριάδι
851 1225 910 1254 καὶ
929 1223 984 1254 ἐπὶ
1006 1219 1110 1253 πλέον
1137 1221 1296 1267 ὑπάρχει·
1318 1222 1377 1252 καὶ

369 1268 434 1315 γάρ
459 1269 506 1312 τῇ
533 1265 680 1302 πεντάδι
705 1267 865 1313 ὑπάρχει·
893 1267 966 1299 ἀλλ’
997 1266 1056 1297 οὑκ
1077 1266 1141 1306 ἔξω
1166 1268 1228 1298 τοῦ
1245 1265 1375 1312 γένους·

369 1314 391 1351 ἡ
417 1314 478 1357 μὲν
507 1314 573 1359 γάρ
604 1313 732 1351 πεντάς
766 1310 921 1356 ἀριθμός,
949 1308 1046 1343 οὐδὲν
1071 1306 1110 1342 δὲ
1142 1310 1205 1352 ἔξω
1237 1310 1377 1355 ἀριθμοῦ

369 1370 395 1391 π
435 1369 546 1391 ιττον.

301 1402 355 1436 Tot
381 1398 426 1440 δη
457 1403 612 1436 τοιαῦτα
639 1400 792 1439 ληπτέον
822 1399 922 1445 μέχρι
954 1398 1097 1440 τούτου,
1124 1398 1184 1437 ἕως
1215 1401 1376 1433 τοσαῦτα

367 1446 480 1491 ληφθῇ
506 1446 716 1492 πρῶτον,,ὠν
743 1445 890 1478 ἕκαστον
914 1444 975 1489 μὲν
1001 1444 1055 1477 ἐπὶ
1075 1445 1192 1477 πλεῖον
1219 1445 1375 1489 ὑπάρξει,

371 1491 516 1525 ἅπαντα
541 1488 579 1524 δὲ
603 1491 650 1535 μή
676 1491 733 1523 ἐπὶ
759 1489 876 1522 πλέον·
908 1489 1044 1527 ταύτην
1069 1489 1134 1535 γάρ
1162 1490 1294 1537 ἀνάγκη
1325 1491 1379 1523 οὗ-

368 1539 445 1569 σίαν
470 1533 557 1568 εἶναι
582 1536 645 1568 τοῦ
671 1534 890 1581 πράγματος.

299 1583 377 1615 Οίον
395 1577 510 1624 τριάδι
528 1580 675 1626 ὑπάρχει
692 1580 788 1624 πάσῃ
808 1578 960 1625 ἀριθμός,
979 1577 1021 1610 τὸ
1038 1578 1216 1622 περιττόν,
1231 1579 1273 1612 τό
1291 1581 1378 1625 πρῶ-

369 1638 430 1662 τον
457 1626 668 1672 ἀμφοτέρως,
686 1627 746 1658 καὶ
762 1626 805 1663 ὠς
822 1624 871 1670 μή
896 1621 1092 1669 μετρεῖσθαι
1116 1623 1243 1668 ἀριθμῷ
1260 1629 1319 1657 και
1336 1626 1378 1664 ὠς

369 1673 417 1718 μή
442 1672 638 1727 συγκεῖσθαι
664 1671 699 1713 ἐξ
726 1669 883 1715 ἀριθμῶν.
912 1670 1023 1703 Τοῦτο
1049 1672 1162 1702 τοίνυν
1187 1668 1253 1708 ἤδη
1283 1671 1376 1704 ἐστὶν

370 1719 392 1756 ἡ
418 1729 526 1762 τριας,
547 1716 684 1761 ἀριθμός
711 1715 873 1763 περιττός
901 1715 1036 1758 πρῶτος
1060 1716 1118 1747 καὶ
1143 1709 1204 1746 ὡδὶ
1229 1717 1374 1760 πρῶτος.

369 1763 508 1797 Τούτων
533 1762 598 1809 γάρ
624 1762 788 1802 ἕκαστον,
806 1760 855 1794 τοὶ
871 1759 930 1803 μὲν
947 1762 1005 1792 καὶ
1024 1764 1096 1798 τοῖς
1117 1765 1290 1805 περιττοῖς
1312 1762 1380 1794 πᾶ-

369 1820 420 1841 σιν
439 1806 600 1853 ὑπάρχει,
619 1806 663 1840 τό
687 1802 725 1838 δὲ
750 1807 952 1839 τελευταῖον
976 1806 1036 1837 καὶ
1061 1806 1107 1848 τῇ
1125 1801 1238 1847 δυάδι,
1258 1806 1378 1839 πάντα

369 1848 408 1886 δὲ
435 1848 557 1885 οὐδενί.

294 1899 394 1932 Ἐπεὶ
417 1893 457 1930 δέ
479 1893 679 1934 δεδήλωται
703 1896 783 1939 ἧμῖν
809 1895 842 1927 ὲν
869 1898 941 1931 τοῖς
962 1893 1030 1927 ἄνω
1049 1892 1103 1927 ὅτι
1123 1894 1299 1940 ἀναγκαῖα
1316 1894 1377 1940 μέν

370 1943 444 1977 ἔστι
469 1942 517 1975 τά
541 1942 575 1974 ἐν
600 1943 648 1983 τῷ
675 1943 710 1973 τί
734 1941 809 1974 ἐστι
833 1939 1133 1986 κατηγορούμενα,
1161 1942 1209 1973 τά
1226 1939 1377 1973 καθόλου

368 1983 408 2021 δὲ
434 1987 625 2033 ἀναγκαῗα,
651 1987 696 2029 τῇ
722 1982 761 2018 δὲ
786 1998 807 2018 τ
829 1982 901 2018 ιάδι
924 1987 983 2017 καὶ
1010 1985 1058 2030 ἐφ’
1087 1985 1126 2017 οὑ
1154 1986 1259 2018 ἄλλου
1286 1985 1377 2018 οὕτω

367 2032 590 2080 λαμβάνεται
615 2033 648 2065 ὲν
674 2032 722 2073 τῷ
748 2032 782 2064 τί
808 1997 882 2064 ἔστι
908 2030 956 2064 τά
977 2029 1242 2075 λαμβανόμενα,
1270 2029 1378 2069 οὕτως

370 2077 408 2156 ἐξ
434 2076 585 2124 ἀνάγκης
611 2076 671 2122 μὲν
699 2075 738 2108 ἄν
763 2077 814 2112 εἴη
841 2075 936 2120 τριάς
963 2077 1095 2108 ταῦτα.

443 2124 557 2165 οὑσία,
573 2123 610 2155 ἐκ
631 2116 739 2154 τῶνδε
755 2115 874 2157 δῆλον.
896 2119 1047 2167 Ἀνάγκη
1065 2119 1146 2167 γάρ,
1159 2121 1187 2152 εἰ
1204 2120 1252 2165 μή
1270 2121 1377 2153 τοῦτο

369 2167 410 2207 ἦν
436 2164 552 2212 τριάδι
575 2165 676 2208 εἶναι,
696 2167 765 2199 οἷον
783 2165 879 2211 γένος
900 2177 935 2198 τι
952 2163 1039 2198 εἶναι
1060 2167 1183 2206 τοῦτο,
1203 2164 1224 2203 ἢ
1244 2165 1381 2209 οἰνομα-

368 2214 490 2258 σμὲνον
515 2212 538 2250 ἦ
565 2211 750 2256 ἀνώνυμον.
770 2211 896 2244 Ἔσται
922 2213 1034 2244 τοίνυν
1060 2211 1116 2244 ἐπὶ
1142 2213 1259 2244 πλεῖον
1285 2209 1306 2248 ἦ
1332 2211 1377 2253 τῇ

369 2254 487 2304 τριάδι
511 2257 679 2304 ὑπάρχον.
710 2255 920 2290 ’Υποκείσθω
945 2256 1010 2303 γάρ
1038 2257 1197 2289 τοιοῦτον
1224 2253 1310 2288 εἶναι
1336 2256 1378 2289 τὸ

368 2304 479 2352 γένος,
506 2303 595 2336 ὥστε
622 2301 786 2348 ὑπάρχειν
810 2301 909 2336 κατά
932 2297 1076 2346 δύναμιν
1102 2301 1157 2333 ἐπὶ
1184 2303 1312 2334 πλεῖον.
1341 2301 1379 2332 Εἰ

370 2352 482 2383 τοίνυν
508 2343 626 2392 μηδενὶ
653 2348 798 2394 ὑπάρχει
826 2346 915 2388 ἄλλῳ
938 2345 959 2384 ἦ
976 2351 1053 2385 ταῖς
1082 2345 1223 2390 ἀτόμοις
1250 2344 1377 2390 τριάσι,

370 2394 469 2428 τοῦτ’
507 2393 546 2426 ἄν
572 2394 622 2431 εἴη
649 2392 691 2426 τό
723 2386 837 2438 τριάδι
869 2388 968 2424 εἶναι.
993 2390 1200 2425 Ὑποκείσθω
1230 2391 1295 2437 γάρ
1319 2393 1378 2422 καὶ

369 2440 492 2481 τοῦτο,
512 2440 533 2476 ἡ
553 2437 652 2470 οὐσία
677 2438 698 2475 ἡ
724 2437 873 2470 ἑκάστου
900 2434 985 2470 εἶναι
1009 2438 1030 2474 η
1050 2437 1105 2469 ἐπὶ
1132 2441 1209 2474 ταῖς
1235 2435 1379 2478 ἀτόμοις

370 2485 519 2530 ἔσχατος
537 2482 686 2520 τοιαύτη
710 2494 803 2520 κατη
833 2485 918 2527 ορία.
939 2482 1043 2516 “Oete
1069 2483 1190 2526 ὁμοίως
1209 2483 1268 2514 καὶ
1288 2481 1377 2522 ἄλλῳ

370 2530 500 2571 ὁτῳοῦν
525 2530 592 2562 τῶν
620 2528 709 2562 οὕτω
733 2523 810 2574 δειχ
833 2527 937 2561 ε’ντων
963 2527 1005 2560 τό
1032 2527 1128 2568 αὐτῷ’
1153 2524 1239 2559 εἶναι
1262 2525 1376 2558 ἔσται.

362 2628 514 2656 ΞῩΝοΡεῐς.
532 2643 567 2648 -
589 2636 612 2655 1.
634 2627 846 2663 Argumentum
869 2631 897 2653 et
911 2624 1015 2653 divisio
1037 2631 1139 2654 textus.
1154 2641 1174 2647 -
1188 2632 1216 2653 2.
1238 2624 1378 2653 Eiusdem

301 2674 395 2697 textus
422 2666 582 2696 subdivisio
609 2672 637 2696 et
662 2673 866 2704 argumentum
892 2665 978 2694 huius
1004 2664 1147 2694 lectionis.
1170 2681 1190 2686 -
1213 2665 1239 2692 3.
1266 2665 1378 2693 Eorum

293 2716 378 2746 -quae
398 2716 514 2744 semper
534 2713 563 2735 et
576 2706 775 2735 universaliter
795 2706 999 2743 praedicantur
1013 2705 1158 2742 quaedam
1180 2711 1247 2732 sunt
1266 2704 1295 2732 in
1311 2705 1376 2741 plus

295 2757 391 2785 quam
406 2747 477 2776 illud
498 2746 544 2776 cui
565 2746 673 2781 insunt,
688 2755 751 2775 non
764 2753 864 2775 tamen
885 2752 954 2775 sunt
967 2752 1047 2774 extra
1059 2754 1151 2783 genus
1166 2744 1242 2773 illius
1263 2745 1299 2773 de
1316 2754 1376 2781 quo

301 2787 522 2826 praedicantum
537 2787 681 2824 quaedam
697 2793 765 2815 sunt
779 2786 810 2814 in
823 2786 888 2823 plus
903 2793 931 2815 et
944 2785 1062 2822 insuper
1075 2792 1143 2814 sunt
1157 2791 1235 2813 extra
1249 2794 1349 2822 genus.
1358 2801 1378 2806 -

300 2837 330 2864 4.
345 2828 392 2856 Ad
407 2827 651 2856 manifestandum
673 2827 754 2864 quod
783 2826 854 2863 quid
875 2832 918 2854 est
932 2825 1101 2862 accipienda
1115 2831 1182 2853 sunt
1203 2824 1279 2860 talia,
1302 2834 1376 2862 quae

298 2867 420 2905 quidem
436 2874 503 2896 sunt
516 2876 639 2904 semper,
655 2873 683 2895 et
697 2875 773 2904 quae
786 2866 900 2894 divisim
915 2872 1034 2902 accepta
1048 2872 1116 2894 sunt
1129 2865 1159 2893 in
1175 2865 1249 2902 plus,
1262 2865 1319 2893 hoc
1332 2871 1376 2893 est

296 2907 394 2945 magis
408 2907 590 2942 universalia,
605 2916 667 2936 non
680 2913 779 2935 tamen
793 2913 872 2935 extra
892 2915 1000 2944 genus;
1015 2907 1067 2934 sed
1084 2905 1169 2935 simul
1183 2912 1300 2941 sumpta
1314 2914 1375 2933 non

301 2954 370 2976 sunt
382 2947 414 2976 in
426 2947 492 2984 plus
506 2956 595 2984 quam
617 2947 699 2989 quod
719 2946 790 2984 quid
804 2953 847 2976 est
869 2945 990 2981 definiti,
1005 2955 1073 2974 cum
1092 2955 1152 2983 quo
1174 2944 1303 2974 converti
1324 2946 1375 2974 de-

537 3067 542 3075 .
571 3046 750 3087 ostquam
789 3038 1046 3088 Philosophus
1088 3038 1253 3075 ostendit
1284 3051 1376 3087 qua-

539 3099 545 3104 ·
572 3093 652 3129 liter
689 3093 791 3140 quod
825 3092 918 3141 quid
951 3097 1007 3129 est
1033 3100 1070 3129 et
1094 3098 1254 3140 propter
1287 3092 1378 3140 quid

546 3158 611 3183 se
630 3146 799 3183 habeant
825 3146 875 3182 ad
904 3145 1288 3190 demonstrationem,
1314 3145 1376 3181 hic

460 3239 462 3241 ,
565 3198 736 3236 'ostendit
751 3198 952 3247 quomodo
971 3199 1118 3248 possint
1142 3197 1374 3246 investigari:

303 3261 341 3291 et
353 3254 492 3303 primo,
509 3252 709 3302 quomodo
725 3252 970 3301 investigetur
983 3252 1088 3301 quod
1103 3252 1195 3300 quid
1218 3260 1290 3296 est;
1319 3263 1376 3287 se·

302 3307 443 3354 cundo,
461 3306 660 3356 quomodo
675 3305 922 3354 investigetur
934 3314 1092 3355 propter
1107 3304 1216 3353 quid;
1232 3304 1300 3341 ibi:
1315 3304 1379 3340 Ad

302 3361 516 3398 habendum
545 3366 671 3398 autem
688 3360 708 3381 ¹²
730 3367 798 3397 ete.
830 3359 941 3410 Circa
963 3358 1134 3408 primurn
1163 3358 1241 3395 duo
1270 3357 1375 3394 facit:

301 3414 442 3464 primo,
459 3413 548 3451 dicit
563 3413 610 3451 de
626 3426 704 3462 quo
720 3421 776 3450 est
790 3411 964 3458 intentio;
980 3411 1163 3458 secunde,
1180 3411 1378 3460 exequitur

301 3467 561 3518 propositum;
582 3467 650 3504 ibi:
669 3468 817 3504 Eorum
837 3472 962 3507 autem
987 3466 1105 3516 igitur
1127 3476 1226 3514 quae
1253 3465 1379 3502 insunt

1429 869 1447 890 '⁸‘
1457 870 1635 908 Quomodo
1649 877 1895 911 autemopottet
1904 872 2009 902 venari
2024 871 2201 912 praedicata
2213 872 2246 902 in
2261 881 2300 901 eo
2316 871 2406 914 quod
2422 870 2500 912 quid

1498 922 1555 953 est,
1575 925 1660 945 nunc
1684 915 1838 946 dicamus.
2214 929 2216 931 ’

1430 959 1554 990 Eorum
1571 958 1668 999 igitur
1691 969 1774 1000 quae
1796 959 1905 990 insunt
1928 970 2053 1000 semper
2076 961 2259 1002 unicuique,
2275 961 2432 1002 quaedam
2451 970 2501 990 ex-

1496 1004 1672 1034 tenduntur
1689 1003 1722 1033 in
1738 1003 1822 1044 plus,
1843 1014 1910 1034 non
1925 1011 2031 1035 tamen
2055 1012 2139 1035 extra
2161 1013 2276 1045 genus:
2302 1005 2374 1036 dico
2393 1011 2502 1036 autem

1497 1048 1531 1078 in
1554 1048 1628 1088 plus
1647 1057 1714 1078 esse
1733 1057 1942 1089 quaecunque
1962 1049 2070 1080 insunt
2089 1049 2221 1090 quidem
2239 1049 2414 1090 unicuique
2432 1049 2501 1080 uni-

1497 1092 1668 1130 versaliter,
1685 1099 1717 1123 at
1738 1102 1815 1123 vero
1834 1099 1865 1123 et
1883 1093 1946 1124 alii.
1972 1094 2015 1124 Ut
2033 1101 2079 1124 est
2098 1094 2218 1134 aliquid
2240 1095 2328 1135 quod
2345 1094 2434 1125 omni
2450 1094 2502 1125 tri-

1499 1136 1589 1167 nitati
1618 1136 1715 1174 inest,
1739 1137 1795 1167 sed
1819 1144 1849 1167 et
1872 1147 1939 1167 non
1964 1137 2109 1176 trinitati;
2133 1138 2214 1169 sicut
2236 1139 2326 1179 quod
2353 1145 2399 1169 est
2422 1139 2503 1170 inest

1499 1180 1640 1218 trinitati,
1657 1181 1712 1211 sed
1728 1188 1759 1211 et
1782 1191 1848 1211 non
1872 1189 2022 1212 numero:
2048 1183 2102 1213 sed
2121 1183 2224 1223 impar
2242 1183 2322 1214 inest
2341 1182 2430 1214 omni
2450 1183 2502 1214 tri-

1499 1224 1588 1255 nitati
1613 1231 1643 1255 et
1666 1232 1713 1255 est
1735 1224 1768 1255 in
1797 1225 1887 1265 plus,
1912 1236 2050 1267 namque
2078 1227 2138 1267 ipsi
2161 1227 2303 1268 quinque
2326 1227 2423 1265 inest,
2447 1222 2503 1258 sed

1499 1279 1565 1299 non
1590 1275 1674 1299 extra
1703 1277 1818 1309 genus;
1843 1270 1985 1311 quinque
2005 1271 2091 1301 enim
2120 1281 2272 1302 numerus
2296 1278 2352 1311 est,
2376 1271 2503 1302 nullum

1498 1320 1607 1344 autem
1630 1313 1734 1354 impar
1757 1320 1841 1345 extra
1864 1324 2037 1346 numerum
2061 1322 2116 1346 est.

1431 1402 1628 1434 Huiusmodi
1644 1410 1752 1434 autem
1772 1403 1954 1444 accipienda
1971 1411 2046 1436 sunt
2060 1414 2162 1446 usque
2182 1405 2221 1435 ad
2239 1405 2313 1443 hoc,
2332 1415 2504 1446 quousque

1498 1454 1547 1478 tot
1566 1447 1759 1487 accipiantur
1773 1448 1925 1489 primum,
1936 1459 2077 1490 quorum
2096 1450 2351 1491 unumquodque
2372 1449 2504 1490 quidem

1499 1493 1531 1523 in
1548 1493 1620 1533 plus
1645 1492 1694 1531 sit,
1719 1492 1829 1523 omnia
1852 1500 1960 1524 autern
1984 1504 2050 1524 non
2069 1494 2131 1525 sint
2148 1495 2182 1525 in
2205 1494 2293 1536 plus:
2317 1494 2399 1525 hanc
2418 1494 2504 1524 enim

1499 1547 1626 1568 necesse
1650 1544 1696 1568 est
1719 1537 1927 1568 substantiam
1950 1538 1994 1568 rei
2018 1548 2094 1569 esse.

1433 1582 1476 1613 Ut
1499 1581 1627 1613 trinitati
1655 1581 1744 1612 omni
1772 1582 1853 1613 inest
1876 1593 2046 1622 numerus,
2074 1583 2196 1623 impar,
2220 1583 2343 1624 primus
2367 1589 2504 1624 utroque

1499 1627 1612 1664 modo,
1629 1634 1660 1658 et
1678 1626 1759 1658 sicut
1772 1627 1862 1668 quod
1877 1635 1923 1658 est
1938 1638 2005 1658 non
2020 1627 2194 1658 mensurari
2208 1637 2356 1665 numero,
2376 1634 2407 1658 et
2424 1627 2505 1659 sicut

1499 1681 1565 1702 non
1590 1671 1743 1712 componi
1767 1681 1804 1703 ex
1826 1672 1981 1711 numeris;
2006 1672 2068 1703 hoc
2090 1672 2197 1713 itaque
2220 1672 2285 1703 iarn
2308 1671 2428 1703 trinitas
2447 1678 2504 1710 est,

1500 1726 1653 1748 numerus
1687 1716 1790 1757 impar
1820 1716 1959 1757 primus,
1989 1724 2019 1748 et
2042 1716 2086 1747 sic
2109 1717 2247 1757 primus,
2277 1717 2396 1748 horum
2419 1716 2505 1747 enim

1501 1761 1769 1802 unumquodque,
1790 1760 1876 1791 aliud
1893 1761 2023 1802 quidem
2046 1761 2219 1802 imparibus
2239 1761 2390 1800 omnibus
2411 1760 2504 1800 inest,

1501 1804 1653 1836 ultimum
1676 1812 1784 1836 autem
1808 1805 1960 1845 dualitati,
1985 1805 2094 1836 omnia
2117 1813 2225 1836 autem
2249 1805 2339 1837 nulli.

1433 1900 1599 1938 Quoniam
1614 1908 1721 1932 autem
1738 1908 1901 1933 ostensum
1919 1909 1965 1933 est
1979 1912 1998 1932 a
2012 1902 2103 1933 nobis
2119 1902 2153 1932 in
2171 1901 2387 1943 superioribus
2413 1902 2505 1943 quod

1499 1946 1673 1978 necessaria
1686 1946 1818 1987 quidem
1834 1954 1908 1978 sunt
1922 1947 1955 1978 in
1970 1957 2009 1978 eo
2025 1947 2115 1988 quod
2131 1947 2210 1988 quid
2224 1954 2270 1978 est
2284 1946 2504 1987 praedicantia,

1501 1990 1687 2022 universalia
1717 1998 1824 2022 autem
1857 1991 2029 2023 necessaria
2055 1998 2147 2030 sunt;
2171 1992 2205 2022 in
2234 1991 2369 2023 trinitate
2397 1998 2506 2023 autem

1502 2042 1532 2066 et
1554 2035 1587 2065 in
1607 2045 1806 2077 unoquoque
1825 2036 1887 2066 alio
1912 2036 1955 2067 sic
1979 2036 2175 2076 accipiuntur
2199 2036 2232 2066 in
2255 2046 2294 2067 eo
2319 2036 2408 2078 quod
2426 2036 2505 2077 quid

1501 2087 1548 2110 est
1570 2087 1714 2120 accepta;
1734 2080 1777 2110 sic
1794 2090 1830 2111 ex
1853 2081 2034 2111 necessitate
2058 2081 2190 2121 quidem
2207 2080 2264 2112 erit
2285 2080 2405 2112 trinitas
2429 2081 2503 2111 hoc.

1434 2124 1534 2163 Quod
1558 2131 1665 2155 autem
1689 2124 1862 2156 substantia
1881 2124 1929 2163 sit,
1950 2135 1987 2156 ex
2005 2125 2053 2155 his
2072 2125 2277 2156 manifestum
2296 2132 2351 2156 est.
2370 2126 2505 2156 Necesse

1501 2169 1587 2199 enim
1606 2176 1662 2206 est,
1683 2169 1742 2199 nisi
1760 2169 1822 2200 hoc
1841 2177 1922 2200 esset
1944 2169 2071 2200 trinitati
2095 2180 2173 2207 esse,
2194 2177 2229 2201 ut
2251 2180 2351 2210 genus
2375 2169 2505 2210 aliquod

1501 2221 1598 2252 essen
1617 2214 1679 2245 hoc
1703 2221 1810 2244 autem
1834 2214 2035 2245 nominatum
2054 2222 2108 2245 aut
2126 2224 2194 2245 non
2209 2214 2426 2246 nominatum:
2448 2213 2506 2245 erit

1499 2258 1594 2299 igitur
1612 2258 1644 2289 in
1664 2258 1737 2298 plus
1756 2268 1855 2299 quam
1874 2258 2001 2289 trinitati
2016 2258 2132 2298 inesse,
2153 2269 2339 2290 concessum
2359 2266 2405 2290 est
2420 2258 2506 2289 enim

1500 2303 1687 2334 huiusmodi
1711 2313 1777 2334 esse
1800 2313 1916 2344 genus,
1946 2303 2035 2344 quod
2059 2311 2105 2334 est
2127 2303 2306 2334 secundum
2328 2303 2503 2343 potentiam

1500 2348 1533 2378 in
1564 2348 1652 2388 plus:
1678 2347 1703 2377 si
1726 2347 1832 2388 itaque
1861 2347 1940 2378 nulli
1963 2348 2044 2378 inest
2063 2347 2118 2378 ‘alii
2142 2358 2240 2389 quam
2273 2347 2387 2379 atomis
2417 2347 2504 2378 trini-

1499 2392 1588 2430 tatis,
1613 2392 1676 2422 hoc
1703 2392 1814 2432 utique
1838 2392 1895 2423 erit
1922 2391 2066 2423 trinitatis
2090 2400 2172 2430 esse;
2197 2399 2396 2432 supponatur
2419 2391 2505 2422 enim

1500 2445 1531 2468 et
1552 2437 1630 2467 haec
1654 2436 1827 2467 substantia
1846 2436 2096 2477 uniuscuiusque
2123 2447 2200 2474 esse,
2217 2447 2299 2477 quae
2318 2442 2365 2467 est
2388 2436 2421 2466 in
2440 2443 2506 2467 ato-

1500 2481 1561 2513 mis
1591 2481 1742 2512 ultimum
1765 2481 1990 2522 praedicatum.
2015 2481 2122 2518 Quare
2146 2481 2290 2517 similiter
2312 2488 2343 2512 et
2365 2480 2417 2511 alii
2440 2480 2504 2511 cui-

1500 2527 1575 2558 libet
1598 2526 1643 2557 sic
1666 2526 1957 2557 demonstratorum
1979 2525 2084 2563 eidem
2111 2536 2178 2556 esse
2201 2525 2303 2557 inerit.

1433 2624 1573 2653 bent.-5.
1586 2623 1785 2652 Manifestatur
1799 2629 1940 2660 assertum
1955 2631 2007 2659 per
2017 2622 2191 2658 exemplum.
2200 2623 2254 2650 -6.
2267 2622 2503 2651 Obiectio.Vide-

1432 2671 1480 2692 tur
1501 2663 1581 2701 quod
1596 2663 1757 2692 differentia
1771 2672 1832 2692 non
1854 2663 1971 2692 excedat
1990 2661 2124 2699 speciem.
2141 2679 2160 2683 -
2175 2671 2202 2699 7.
2220 2662 2348 2690 Solvitur
2368 2661 2502 2690 obiect10.

1433 2703 1511 2739 Quia
1530 2713 1548 2732 a
1568 2703 1655 2732 nobis
1667 2712 1729 2731 non
1751 2702 1890 2739 accipitur
1909 2702 2071 2730 differentia
2091 2711 2166 2739 quae
2181 2702 2310 2730 notificat
2331 2702 2423 2738 ipsam
2446 2702 2503 2730 for-

1433 2754 1512 2772 mam
1528 2743 1756 2778 substantialem,
1770 2743 1822 2771 sed
1842 2743 1909 2771 loco
1925 2742 1986 2771 eius
2000 2742 2181 2779 accipiuntur
2193 2742 2353 2770 accidentia
2371 2751 2502 2770 commu-

1431 2784 1516 2813 niora
1534 2783 1646 2821 specie;
1660 2783 1727 2813 ideo
1742 2782 1903 2814 differentia
1923 2789 2072 2818 assumpta
2093 2789 2135 2810 est
2158 2782 2344 2810 communior
2368 2782 2472 2819 specie.
2483 2798 2502 2804 -

1432 2825 1459 2852 8.
1473 2825 1556 2859 Quae
1571 2823 1600 2852 in
1616 2821 1784 2852 definitione
1805 2822 1923 2851 ternarii
1943 2822 2131 2858 accipiuntur,
2147 2822 2343 2850 universaliter
2359 2828 2387 2850 et
2404 2829 2437 2850 ex
2452 2831 2503 2849 ne-

1432 2864 1563 2893 cessitate
1577 2863 1705 2892 ternario
1726 2863 1917 2897 conveniunt;
1945 2869 1974 2891 et
1994 2862 2034 2891 ita
2054 2869 2098 2890 est
2118 2861 2272 2889 dicendum
2302 2862 2338 2889 de
2364 2861 2501 2889 omnibus

1432 2914 1507 2942 quae
1527 2910 1715 2932 assumuntur
1736 2904 1774 2932 ad
1801 2902 1940 2939 cuiusque
1968 2902 2009 2930 rei
2040 2901 2238 2930 definitionem
2267 2901 2457 2929 essentialem.
2482 2918 2502 2922 -

1431 2954 1458 2981 9.
1474 2946 1511 2973 Et
1524 2954 1558 2972 ex
1571 2944 1626 2973 illis
1641 2943 1838 2981 significantur
1852 2942 2037 2972 constitutiva
2057 2941 2197 2970 essentiae
2214 2941 2255 2970 rei
2277 2941 2419 2971 definitae.

1428 3050 1576 3086 semper
1599 3039 1619 3059 ²³
1649 3041 1717 3074 etc.
1741 3036 1848 3074 'Dicit
1880 3048 1970 3084 ergo
1998 3035 2124 3084 primo
2163 3034 2266 3084 quod
2294 3041 2499 3083 postquam

1431 3091 1574 3128 dictum
1603 3099 1660 3127 est
1687 3090 1847 3139 qualiter
1865 3089 1972 3138 quod
1990 3088 2083 3137 quid
2103 3096 2158 3125 est
2182 3095 2443 3136 cognoscatur,
2466 3095 2502 3124 et

1430 3144 1588 3193 qualiter
1606 3144 1712 3193 quod
1732 3143 1824 3191 quid
1845 3151 1900 3179 est
1917 3143 1979 3180 vel
2007 3138 2163 3191 propter
2181 3141 2273 3190 quid
2297 3140 2502 3190 accipiatur

1429 3205 1472 3234 ut
1503 3197 1677 3234 medium
1710 3197 1751 3233 in
1782 3195 2124 3241 demonstratione,
2159 3207 2262 3231 nunc
2294 3194 2500 3231 dicendum

1432 3257 1488 3287 est
1510 3250 1714 3300 ‘quomodo
1744 3257 1918 3298 oporteat
1945 3249 2169 3296 investigare
2194 3260 2239 3285 ea
2268 3259 2365 3297 quae
2392 3259 2500 3296 prae-

1430 3304 1605 3341 dicantur
1624 3309 1641 3324 ⁰‘
1670 3303 1708 3339 in
1737 3315 1784 3339 eo
1813 3303 1915 3351 quod
1940 3302 2031 3351 quid
2056 3308 2118 3338 est.

1488 3368 1522 3393 2.
1552 3355 1701 3393 Deinde
1732 3368 1820 3392 cum
1850 3355 1957 3392 dicit:
1990 3356 2136 3392 Eorum
2155 3354 2289 3406 *igitur
2320 3365 2418 3402 quae
2445 3354 2499 3390 in-

1430 3416 1516 3447 sunt
1540 3418 1624 3456 etc.,
1645 3409 1810 3446 ostendit
1827 3408 2089 3458 propositum:
2121 3416 2157 3445 et
2183 3407 2309 3457 primo
2327 3408 2358 3454 *,
2379 3406 2499 3444 mani-

1432 3464 1540 3500 festat
1567 3463 1693 3512 qualia
1727 3470 1901 3512 oporteat
1929 3474 2012 3499 esse
2040 3461 2116 3510 illa,
2138 3473 2236 3511 quae
2264 3460 2501 3512 accipiuntur

358 3608 385 3646 α)
408 3609 483 3640 Quae
496 3609 703 3643 praedicantur.
716 3622 735 3628 -
749 3609 791 3634 Sic
810 3609 922 3641 legimus
942 3615 1002 3632 cum
1021 3606 1236 3637 CDEFKLNQS.
1254 3607 1291 3631 H:
1310 3613 1379 3639 quae
1392 3605 1554 3638 praedicata
1572 3608 1635 3630 sunt
1641 3612 1650 3634 ;
1669 3604 1711 3629 alii
1729 3604 1819 3629 codd.:
1834 3606 1905 3636 pam·
1924 3603 1958 3628 P:
1972 3606 2122 3635 ponuntur.

2526 877 2538 889 ⁸
2548 876 2602 905 Seq.
2615 883 2668 906 cap.
2678 883 2710 900 ιιι
2719 880 2743 900 et

2528 907 2585 926 text.
2596 910 2633 932 17..

2527 3049 2538 3059 ⁴*
2553 3048 2623 3070 Num.
2637 3055 2686 3077 seq.

2627 3319 2643 3335 α

2528 3418 2623 3440 *Primo
2631 3425 2658 3440 ex
2668 3419 2738 3440 codd.

2528 3457 2539 3461 -
2555 3451 2589 3466 ri:
2604 3445 2715 3467 ostendit.
2727 3457 2739 3462 -

2527 3478 2548 3493 ιε
2562 3472 2672 3500 qualiter.
