2788 4204
317 243 391 268 202

317 310 560 347 constitutum
590 321 635 346 ex
662 309 865 358 lapidibus,
898 315 1071 345 cemento
1102 315 1137 344 et
1156 307 1281 355 lignis;
1312 308 1378 344 do-

74 375 162 405 ,tomo
178 372 252 394 falso:
269 377 290 392 2²
315 376 401 400 mus
430 371 486 400 est
507 363 742 408 huiusmodi3
773 375 861 410 ergo
883 369 951 398 etc.
968 382 992 388 -
1008 362 1115 397 Patet
1131 372 1222 419 ergo
1234 361 1379 409 *quod

316 416 505 462 definitio,
536 428 633 475 quae
662 415 822 452 sumitur
841 427 863 451 a
882 415 971 461 fine,
993 422 1048 457 est
1064 413 1293 472 principium
1314 414 1378 451 de-

314 469 611 515 monstrationis;
633 469 693 505 illa
712 476 851 513 autem,
869 479 966 515 quae
987 466 1147 503 sumitur
1166 478 1188 502 a
1207 466 1377 514 materia,

73 531 286 584 25123513133333
316 530 370 559 est
389 498 719 560 demonstrationis
735 520 938 556 conclusio.
956 520 1086 556 Potest
1100 520 1262 556 tamen*
1279 527 1379 556 utra-

315 588 388 624 que
409 575 594 622 coniungi,
611 581 653 610 ut
672 573 717 610 sit
734 585 811 609 una
835 572 1017 619 definitio,
1038 573 1114 608 hoc
1134 572 1271 612 modo·
1300 574 1379 609 Do-

314 641 397 666 mus
425 634 479 665 est
504 627 817 675 cooperimentum
846 626 1082 662 constitutum
1111 637 1162 661 ex
1179 626 1295 671 dictis,
1318 626 1378 662 de-

300 682 466 731 fendens
493 693 516 717 a
538 680 681 728 pluvia,
698 679 857 728 frigore
884 683 921 714 et
946 679 1082 720 calore.
1118 678 1222 715 Talis
1251 686 1379 716 autem

315 734 480 772 definitio
511 733 675 770 continet
702 739 824 768 totum
853 732 959 780 quod
989 739 1044 768 est
1070 731 1109 768 in
1144 731 1379 769 demonstra-

363 956 389 991 κ)
410 957 486 982 Plato
504 960 611 981 coactus
623 956 682 990 suit
695 963 796 988 ponere
815 956 897 981 ideas:
912 970 931 977 -
947 957 1103 990 Principium
1123 958 1192 982 unde
1211 965 1319 982 exorsus
1338 962 1379 982 est

310 993 382 1017 Plato
401 997 440 1017 est
457 999 548 1017 verum
567 996 592 1016 et
610 991 732 1016 omnibus
753 992 911 1024 sapientibus
935 997 1085 1025 acceptum,
1106 1001 1201 1026 nempe
1217 992 1377 1018 definitiones

310 1033 386 1060 atque
406 1027 636 1052 demonstrationes
657 1035 716 1052 esse
734 1035 820 1052 rerum
847 1027 1081 1061 incorruptibilium
1101 1034 1126 1053 et
1144 1029 1376 1062 sempiternorum:

309 1063 353 1088 ubi
373 1063 442 1088 enim
460 1063 591 1088 obiectum
611 1062 731 1087 scientiae
750 1071 803 1087 non
822 1068 893 1088 esset
905 1063 1065 1088 immutabile
1078 1069 1103 1088 et
1115 1064 1311 1096 sempiternum,
1322 1063 1377 1089 fieri

309 1098 427 1131 nequiret
444 1103 473 1123 ut
491 1098 596 1123 scientia
614 1098 678 1131 ipsa,
691 1106 759 1130 quae
778 1098 809 1123 ab
829 1098 930 1123 obiecto
949 1100 1052 1132 pendet,
1067 1098 1141 1124 firma
1160 1105 1238 1132 atque
1257 1100 1377 1124 immuta-

290 1162 292 1166 ι
309 1134 367 1158 bilis
387 1139 557 1166 permaneret.
578 1134 628 1158 Sed
647 1133 760 1158 Platonis
779 1141 852 1158 error
870 1142 900 1159 ex
915 1142 946 1159 eo
960 1134 1084 1167 provenit,
1099 1135 1169 1167 quod
1183 1135 1209 1159 in
1223 1135 1301 1160 rebus
1314 1135 1377 1168 ipsis

309 1169 518 1202 corruptibilibus
537 1174 563 1194 et
581 1169 787 1201 contingentibus
807 1177 859 1194 non
879 1170 1020 1195 distinxerit
1038 1170 1101 1195 illud
1120 1172 1191 1203 quod
1211 1171 1235 1195 in
1255 1171 1319 1204 ipsis
1339 1176 1379 1196 est

309 1205 463 1246 universale,
473 1205 665 1238 incorruptibile
678 1210 704 1229 et
717 1205 918 1237 sempiternum3
935 1210 960 1230 et
973 1211 1162 1238 consequenter
1177 1211 1246 1231 extra
1259 1212 1284 1231 et
1298 1214 1378 1239 supra

309 1234 440 1265 sensibilia
459 1245 484 1265 et
503 1240 675 1272 contingentia
694 1248 818 1273 quaerere
836 1244 943 1266 coactus
956 1241 1014 1274 suit
1032 1241 1188 1267 substantias
1207 1247 1338 1274 separatas
1353 1247 1378 1266 et

309 1276 488 1316 sempiternas,
508 1283 574 1309 quas
593 1275 691 1307 species
703 1276 744 1300 vel
765 1276 838 1301 ideas
857 1276 1003 1309 appellavit.
1016 1276 1142 1302 Videlicet
1156 1285 1186 1302 ex
1200 1278 1293 1302 eodem
1308 1277 1377 1310 prin-

310 1311 376 1344 cipio
394 1311 521 1344 originem
541 1312 637 1336 ducunt
659 1311 800 1336 sensismus
825 1316 850 1336 et
875 1312 1035 1337 idealismus.
1061 1312 1143 1343 Negat
1167 1313 1219 1337 dari
1245 1313 1377 1337 scientiam

308 1346 459 1375 sensismus,
479 1347 539 1380 quia
559 1347 689 1372 sensibilia
708 1354 776 1379 quae
795 1355 843 1371 nos
864 1347 1029 1372 circumstant
1042 1355 1094 1371 non
1108 1347 1203 1372 habent
1215 1346 1375 1379 firmitatem;

309 1387 335 1407 et
354 1382 413 1415 quia
437 1383 569 1408 sensibilia
592 1390 658 1415 quae
683 1390 732 1407 nos
751 1382 915 1407 circumstant
939 1390 990 1407 non
1009 1383 1106 1407 habent
1123 1382 1285 1414 firmitatem,
1305 1383 1377 1408 idea-

310 1418 414 1448 lismus,
429 1423 458 1442 ut
470 1418 602 1443 scientiam
621 1423 728 1448 tueatur,
749 1418 857 1442 collocat
876 1423 944 1442 extra
963 1423 988 1442 et
1007 1426 1087 1450 supra
1105 1418 1237 1443 sensibilia
1256 1419 1377 1443 scientiae

309 1458 414 1478 nostrae
433 1453 532 1478 obiecta
552 1452 601 1487 (Cf.
617 1462 643 1486 p.
657 1454 674 1482 1,
690 1461 734 1485 qu.
749 1460 844 1482 Lxxxxv,
860 1452 928 1477 artic.
944 1452 972 1485 1).

363 1489 466 1521 Operae
485 1489 595 1522 pretium
615 1489 662 1514 erit
679 1488 849 1513 transcribere
861 1496 928 1521 quae
942 1488 967 1512 in
981 1488 1048 1513 hunc
1062 1489 1149 1513 locum
1163 1489 1266 1514 Poster.
1280 1490 1377 1522 analy-

310 1524 353 1550 tic.
369 1524 504 1549 Caietanus
520 1530 598 1549 notat.
614 1525 674 1549 «Ex
693 1531 732 1554 eo,
752 1523 844 1556 inquit,
865 1524 935 1556 quod
955 1524 1059 1549 scientia
1074 1532 1121 1556 per
1140 1531 1169 1548 se
1184 1530 1209 1549 et
1228 1524 1312 1557 primo
1327 1529 1377 1549 ter-

310 1559 422 1584 minatur
436 1560 467 1584 ad
481 1560 641 1590 universalia,
657 1559 793 1584 extendere
808 1567 836 1584 se
850 1564 936 1592 potest
950 1559 1106 1584 adminiculo
1121 1559 1271 1584 inferiorum
1284 1559 1377 1584 virium

310 1596 342 1619 ad
357 1595 495 1627 singularia
509 1595 694 1628 corruptibilia,
714 1602 826 1627 quorum
842 1599 947 1619 naturae
960 1600 1021 1619 sunt
1039 1595 1082 1619 illa
1099 1595 1263 1620 universalia.
1289 1595 1378 1620 Potest

310 1630 379 1655 enim
389 1631 472 1655 sciens
484 1631 521 1655 uti
530 1630 667 1655 universali
682 1630 784 1662 cognito
798 1630 939 1663 dupliciter.
953 1630 1011 1655 Uno
1026 1631 1105 1655 modo
1120 1635 1148 1655 ut
1160 1631 1275 1660 obiecto,·
1289 1636 1314 1656 et
1328 1630 1377 1656 hoc

309 1666 367 1690 facit
381 1674 440 1691 cum
453 1667 635 1691 intellectuales
650 1666 744 1690 limites
763 1673 815 1690 non
833 1666 976 1698 egreditur,
996 1665 1155 1697 definiendo,
1175 1667 1377 1691 demonstrando

309 1701 445 1734 passiones
464 1706 512 1726 etc.
531 1701 589 1726 Alio
608 1702 687 1726 modo
699 1706 729 1726 ut
743 1701 829 1726 medio
848 1706 966 1734 respectu
987 1701 1167 1734 singularium3
1187 1707 1212 1726 et
1232 1702 1282 1727 hoc
1303 1702 1378 1727 mini-

309 1737 387 1762 sterio
401 1737 549 1762 inferiorum
564 1737 656 1762 virium
672 1736 814 1770 applicatus
829 1736 895 1768 facit,
910 1737 1012 1769 quoties
1027 1737 1160 1762 conclusio
1179 1742 1219 1762 est
1235 1737 1378 1770 propositio

310 1773 461 1804 singularis:
481 1777 583 1805 oportet
610 1772 740 1805 siquidem
763 1777 823 1797 tunc
847 1773 954 1797 alteram
975 1773 1177 1805 praemissarum
1203 1773 1294 1798 saltem
1320 1780 1379 1798 esse

309 1808 491 1833 universalem.
517 1808 583 1838 Quia
602 1816 664 1840 ergo
684 1807 788 1832 scientia
813 1813 902 1832 nostra
925 1813 964 1833 est
983 1809 1015 1832 de
1034 1808 1222 1833 universalibus
1242 1809 1378 1841 sempiter—

309 1843 357 1874 nis,
375 1851 426 1868 non
443 1844 536 1868 talibus
550 1851 617 1876 quae
637 1843 806 1875 singularium
821 1848 925 1868 naturae
948 1851 1000 1868 non
1023 1849 1084 1868 sunt
1105 1842 1150 1877 (ut
1169 1844 1242 1869 Plato
1261 1843 1378 1878 posuit),

310 1879 356 1904 sed
379 1879 472 1904 talibus
497 1884 526 1903 ut
544 1887 636 1904 eorum
659 1879 830 1911 applicatione
849 1879 881 1903 ad
904 1879 1094 1912 corruptibilia,
1119 1887 1231 1912 quorum
1253 1885 1313 1904 sunt
1333 1887 1377 1904 na-

309 1919 388 1945 turae,
402 1914 519 1947 ipsorum
543 1914 747 1947 corruptibilium
771 1914 885 1939 notitiam
910 1914 1067 1946 habeamus;
1091 1915 1294 1948 corruptibilium
1320 1915 1379 1940 dicit

309 1950 498 1982 (Aristoteles)
517 1950 649 1975 scientiam
672 1958 732 1975 esse
751 1957 803 1982 per
821 1950 958 1981 accidens,
977 1955 1032 1975 turn
1056 1950 1116 1983 quia
1134 1950 1265 1975 terminari
1289 1951 1320 1975 ad
1340 1951 1378 1975 in-

310 1986 412 2010 dividua
431 1986 604 2019 corruptibilia
623 1993 675 2010 non
698 1985 818 2010 convenit
836 1985 957 2010 scientiae
982 1986 1007 2010 in
1033 1986 1162 2011 intellectu
1182 1986 1330 2011 consistenti
1354 1991 1380 2012 et

312 2021 426 2051 directe,
453 2029 500 2046 seu
527 2021 607 2054 (sed)
628 2021 690 2046 dum
716 2021 846 2053 egreditur
868 2022 1064 2054 quodammodo
1083 2026 1108 2046 et
1126 2021 1279 2052 reflectitur,
1298 2022 1379 2047 admi-

310 2057 397 2081 niculo
425 2064 567 2088 sensuum,
593 2065 672 2090 supra
697 2056 886 2090 corruptibilia,
912 2057 938 2081 in
967 2057 1062 2090 quibus
1092 2057 1206 2082 salvatur
1233 2057 1379 2082 universale

311 2092 374 2117 illud
393 2097 454 2117 etc..

366 2136 380 2151 x>
393 2128 435 2152 Ad
453 2110 659 2161 stipradictorum
678 2127 803 2152 maiorem
822 2127 977 2152 evidentiam
997 2128 1102 2152 adverte
1120 2129 1191 2160 quod
1210 2136 1270 2153 cum
1288 2128 1380 2153 dicitur

310 2168 414 2188 naturas
433 2171 519 2188 rerum
540 2163 745 2196 corruptibilium
765 2163 910 2188 secundum
928 2170 957 2188 se
976 2168 1103 2196 sumptas,
1123 2164 1155 2188 de
1174 2163 1269 2196 quibus
1287 2164 1380 2189 dantur

311 2198 545 2224 demonstrationes
565 2203 590 2224 et
609 2197 778 2228 definitiones,
794 2205 853 2223 esse
871 2198 1078 2239 incorruptibiles
1093 2203 1118 2223 et
1132 2204 1278 2232 perpetuas,
1294 2204 1381 2232 potest

310 2234 418 2266 intelligi
437 2234 579 2267 dupliciter.
598 2234 657 2259 Uno
676 2234 755 2258 modo
764 2234 887 2266 positive,
903 2239 929 2259 et
948 2234 984 2259 sic
997 2239 1037 2259 est
1049 2241 1144 2259 sensus
1159 2235 1230 2267 quod
1245 2243 1378 2268 nunquam

312 2269 432 2294 desinunt
451 2277 510 2295 esse
529 2270 555 2294 in
573 2277 660 2294 rerum
681 2275 777 2300 natura,
797 2269 858 2302 quia
873 2277 978 2302 semper
993 2269 1098 2302 aliquod
1113 2270 1274 2295 individuum
1287 2278 1379 2295 eorum

313 2306 432 2336 salvatur,
452 2305 510 2330 licet
529 2305 579 2330 hoc
591 2310 616 2330 et
628 2305 691 2330 illud
704 2310 898 2338 corrumpatur;
918 2310 943 2330 et
957 2305 1006 2330 hoc
1021 2305 1079 2330 licet
1093 2305 1125 2331 de
1139 2306 1279 2330 multarum
1292 2313 1379 2332 rerum

311 2340 422 2371 naturis,
443 2341 586 2365 secundum
605 2345 731 2373 ponentes
750 2340 926 2365 aeternitatem
945 2340 1044 2372 mundi,
1059 2340 1183 2366 νει-1113311
1202 2347 1307 2374 posset,
1327 2349 1379 2366 non

311 2381 399 2400 tamen
417 2381 507 2408 posset
525 2376 669 2401 secundum
689 2384 734 2401 eos
749 2376 782 2401 de
794 2376 916 2401 omnibus
932 2384 1044 2408 quorum
1058 2381 1098 2401 est
1110 2377 1215 2402 scientia
1229 2376 1378 2403 verificari...

312 2412 369 2436 Hoc
388 2411 466 2436 modo
485 2411 679 2444 intelligendum
699 2419 751 2436 non
770 2416 810 2436 est
827 2411 982 2436 universalia
1001 2412 1202 2446 incorruptibilia
1214 2417 1239 2438 et
1255 2417 1379 2446 perpetua

312 2447 476 2472 esse-Alio
495 2454 557 2479 ergo
577 2447 655 2471 modo
674 2446 830 2478 intelligitur,
844 2446 940 2472 scilicet
959 2447 1095 2480 negative5
1114 2453 1139 2474 et
1152 2453 1212 2473 tunc
1227 2453 1267 2473 est
1285 2455 1378 2473 sensus

313 2482 383 2515 quod
401 2482 554 2513 abstrahunt
572 2490 586 2506 a
604 2482 769 2515 corruptione
788 2487 813 2507 et
831 2487 979 2515 temporum
999 2483 1154 2513 differentiis,
1174 2484 1241 2509 idest
1259 2491 1310 2509 non
1331 2483 1378 2509 ha-

312 2518 374 2543 bent
392 2517 418 2542 in
438 2525 466 2543 se
484 2518 553 2542 unde
571 2517 726 2550 corruptioni
749 2522 792 2542 aut
810 2517 922 2550 tempori
946 2518 1103 2550 subdantur,
1123 2519 1182 2544 licet
1201 2519 1250 2544 hoc
1268 2518 1379 2544 habeant

313 2554 455 2578 secundum
475 2553 546 2586 quod
565 2552 590 2577 in
610 2553 805 2585 particularibus
824 2558 896 2582 sunt,
916 2561 1027 2586 quorum
1047 2562 1141 2586 perse
1159 2554 1244 2587 primo
1262 2559 1315 2579 tam
1333 2562 1378 2587 ge-

313 2589 410 2613 neratio
429 2596 508 2621 quam
528 2588 658 2621 corruptio
677 2594 723 2613 est.
742 2588 775 2613 Et
792 2588 833 2613 hic
852 2596 945 2613 sensus
965 2593 1006 2613 est
1023 2597 1099 2614 verus
1118 2590 1144 2615 in
1162 2590 1293 2620 omnibus,
1313 2597 1378 2623 quo-

312 2624 380 2650 niam
396 2624 451 2649 sive
463 2624 489 2648 in
503 2631 590 2648 rerum
605 2630 694 2649 natura
711 2631 753 2648 res
768 2623 826 2654 sint,
842 2623 896 2648 sive
911 2632 971 2655 non,
984 2624 1163 2650 universaliter
1176 2630 1315 2658 conceptae
1334 2633 1377 2650 va-

312 2659 474 2685 riabilitatem
497 2659 609 2692 aliquam
629 2667 681 2684 non
705 2659 850 2684 incurrunt:
874 2659 935 2684 nihil
959 2659 1029 2684 enim
1053 2660 1138 2685 minus
1166 2659 1328 2685 habitudines
1354 2665 1380 2685 et

312 2695 485 2720 connexiones
499 2701 576 2721 rosae
589 2695 620 2720 ad
635 2702 672 2726 ea,
688 2702 756 2727 quae
767 2702 814 2728 per
826 2701 855 2719 se
867 2694 904 2719 illi
918 2694 1013 2724 insunt,
1029 2696 1167 2726 salvantur,
1182 2695 1378 2728 particularibus

312 2731 379 2757 rosis
398 2730 539 2763 corruptis,
559 2738 638 2764 quam
663 2730 844 2760 existentibus,
863 2734 891 2754 ut
910 2735 979 2763 patet
997 2730 1125 2755 inductive
1144 2731 1169 2755 in
1187 2730 1228 2756 his
1247 2738 1349 2764 quaep
1351 2738 1379 2756 er

313 2774 342 2791 se
354 2766 449 2796 insunt,
466 2766 609 2791 secundum
623 2773 716 2790 omnes
736 2765 830 2790 modos
849 2765 1014 2798 ρει-33113113»
1031 2763 1109 2796 (Edit.
1124 2766 1218 2791 cit.fol.
1231 2739 1377 2800 51,c01.pa).

366 2802 466 2826 Recens
485 2801 630 2827 Aristotelis
650 2801 781 2834 expositor
794 2799 922 2826 existimat
936 2801 960 2826 in
975 2801 1097 2826 doctrinis
1112 2801 1245 2834 stagiritae
1258 2800 1379 2826 affirmari

312 2837 461 2870 pugnantia.
480 2837 547 2862 Cum
564 2837 641 2868 enim,
656 2837 749 2869 inquit,
769 2836 921 2861 Aristoteles
940 2841 1087 2861 constanter
1105 2837 1228 2862 concedat
1246 2837 1378 2862 scientiam

313 2880 365 2897 non
385 2873 438 2897 dari
457 2872 512 2898 sine
530 2872 719 2897 universalibus
750 2872 810 2904 quia
829 2871 885 2905 ipsa
904 2871 1025 2896 scientiae
1040 2872 1180 2898 necessitas
1198 2880 1228 2897 ex
1246 2872 1380 2897 universa-

313 2908 382 2933 litate
401 2907 554 2943 enascitur),
574 2913 599 2933 et
618 2908 695 2932 simul
757 2912 824 2932 rmet
847 2907 1001 2932 universalia
1026 2907 1134 2933 existere
1152 2907 1179 2932 in
1197 2907 1378 2940 singularibus,

313 2943 382 2968 idem
408 2948 447 2968 est
465 2951 493 2968 ac
513 2944 534 2968 si
553 2948 633 2976 ponat
657 2942 783 2968 essentias
808 2942 951 2975 singulares
970 2950 1029 2967 esse
1054 2943 1185 2976 simulque
1209 2943 1379 2968 universales.

314 2979 398 3010 Quam
419 2978 523 3012 quidem
543 2987 618 3004 suam
634 2978 765 3011 propriam
785 2977 1021 3008 contradictionem,
1041 2986 1120 3011 quam
1135 2978 1245 3004 indebite
1263 2978 1378 3004 Platonis

313 3014 418 3039 scholae
436 3015 535 3046 tribuit,
554 3014 706 3039 Aristoteles
726 3013 823 3045 nedum
847 3013 999 3044 lectoribus,
1019 3014 1065 3038 sed
1090 3013 1243 3047 sibimetipsi
1261 3014 1380 3039 occulere

313 3050 399 3075 nititur
423 3055 479 3075 tum
496 3050 683 3075 vocabulorum
701 3049 823 3074 varietate
846 3053 872 3073 et
895 3049 968 3082 quasi
987 3048 1154 3080 flexibilitate,
1178 3055 1234 3075 tum
1253 3049 1330 3075 etiam
1349 3057 1380 3074 ex

313 3085 392 3110 modo
411 3085 569 3118 concipiendi
587 3084 743 3110 univer-alin
756 3084 908 3117 (Aristotele
921 3087 1025 3117 esposto
1038 3085 1073 3109 ed
1085 3085 1232 3111 esaminato
1247 3085 1283 3110 da
1295 3086 1379 3110 Anto-

313 3121 358 3146 nio
376 3120 630 3150 Rosmn‘nf-Serbati,
649 3120 747 3145 Torino
771 3119 845 3150 1858,
865 3119 908 3144 lib.
922 3120 940 3150 l,
956 3127 1010 3152 cap.
1021 3127 1048 3151 n,
1063 3127 1122 3152 pag.
1133 3118 1186 3155 78).

365 3156 472 3187 Verum,
491 3164 551 3182 meo
570 3155 676 3189 quidem
695 3155 796 3186 iudicio,
807 3155 865 3180 ideo
879 3160 970 3180 auctor
982 3155 1031 3180 iste
1045 3155 1258 3181 contradictiones
1272 3155 1379 3181 inveniri

313 3191 338 3217 in
358 3191 472 3216 doctrina
490 3191 652 3216 Aristotelica
670 3191 703 3216 de
720 3190 908 3216 universalibus
932 3189 1049 3222 affirmat,
1069 3191 1129 3223 quia
1146 3197 1262 3216 mentem
1280 3191 1380 3216 Aristo-

313 3227 370 3252 telis
390 3235 443 3252 non
462 3227 606 3260 penetravit
624 3231 657 3257 et,
676 3231 706 3251 ut
723 3225 782 3251 alibi
797 3226 847 3251 iarn
863 3226 1009 3251 notavimus
1029 3224 1165 3260 (iPerih,
1181 3227 1238 3252 lect.
1248 3234 1271 3257 x,
1287 3231 1340 3252 1101
1352 3225 1379 3268 i),

313 3270 365 3287 non
384 3263 495 3288 distinxit
512 3262 595 3287 varias
614 3261 776 3295 acceptiones
795 3263 843 3286 τοῦ
857 3262 1023 3292 universalis3
1043 3262 1204 3295 proindeque
1218 3269 1270 3295 non
1285 3262 1310 3287 in
1322 3262 1380 3287 Ari-

313 3298 405 3323 stotele
423 3298 529 3331 quidem
549 3298 596 3324 sed
614 3297 640 3322 in
658 3297 729 3322 falsis
749 3297 865 3322 eiusdem
882 3297 1028 3329 Aristotelis
1047 3291 1300 3331 interpretationibus
1320 3305 1380 3323 con-

313 3333 476 3358 tradictiones
495 3333 666 3366 reperiuntur.
686 3332 718 3358 Et
735 3339 824 3357 revera
844 3333 1026 3365 praelaudatus
1045 3338 1134 3358 auctor
1152 3333 1212 3358 dicit
1226 3333 1380 3364 universale,

314 3369 384 3401 quod
401 3369 554 3394 Aristoteles
574 3367 684 3402 opponit
697 3367 834 3392 universali
849 3367 978 3400 platonico
993 3373 1019 3394 et
1032 3368 1161 3394 obiectum
1180 3368 1302 3394 scientiae
1321 3373 1381 3393 con-

315 3404 408 3435 stituit,
428 3412 486 3429 esse
509 3403 677 3430 individuum
703 3410 800 3436 vagum
838 3402 877 3429 Cf.
893 3403 901 3428 l
917 3403 1013 3433 Perih„
1030 3404 1087 3429 lect.
1102 3412 1126 3436 x,
1141 3412 1167 3429 n.
1186 3403 1246 3438 13),
1264 3403 1313 3430 hoc
1330 3406 1380 3433 est,

315 3439 396 3472 inquit
411 3439 561 3464 Rosminius
576 3437 642 3472 (loc.
657 3438 707 3469 cit„
722 3446 779 3471 pag.
795 3438 829 3470 84
843 3457 849 3468 ,
864 3438 1063 3472 cogitationem,
1078 3446 1124 3464 seu
1139 3438 1185 3473 (ut
1198 3439 1257 3465 dicit
1271 3439 1297 3464 in
1313 3438 1381 3465 Teo-

313 3474 393 3507 sofla,
414 3475 437 3500 Il
454 3475 544 3504 Reale,
562 3475 616 3500 vol.
631 3473 663 3505 V,
682 3481 737 3506 cap.
752 3481 819 3503 xxm,
836 3482 894 3507 pag.
910 3473 942 3499 5ο
958 3482 1031 3507 segg.
1046 3473 1128 3500 lam
1152 3473 1227 3509 1874)
1249 3474 1381 3509 imagina-

315 3510 412 3535 tionem
429 3510 622 3540 intellectivam,
637 3509 835 3535 individuorum
851 3509 976 3538 realium:
991 3515 1175 3543 asser-tumque
1185 3509 1326 3540 confirmat,
1337 3510 1382 3535 ad-

315 3545 432 3570 ducendo
447 3546 471 3570 in
484 3551 544 3571 nota
557 3545 637 3571 verba
649 3545 780 3575 flaui-esu,
795 3545 827 3569 de
842 3552 894 3577 quo
914 3545 923 3569 1
938 3545 1035 3575 Per-ih„
1048 3546 1106 3570 lect.
1120 3553 1144 3575 x,
1159 3550 1212 3570 not.
1227 3554 1243 3576 1,
1259 3545 1378 3571 diximus.

314 3580 363 3605 Vix
380 3589 409 3605 ac
429 3589 461 3606 ne
479 3581 520 3606 vix
539 3581 644 3614 quidem
663 3587 730 3613 opus
750 3584 790 3605 est
802 3585 831 3604 ut
850 3580 1021 3605 immoremur
1040 3580 1066 3605 in
1080 3579 1213 3605 refutanda
1232 3580 1280 3606 hac
1299 3581 1381 3614 prima

906 229 1291 267 POSTERIORUM
1319 228 1748 266 ANALYTICORUM
1777 230 1871 267 LIB.
1902 231 1916 266 Ι

1435 308 1549 354 tione,
1580 308 1719 345 scilicet
1746 309 1918 346 medium
1949 317 1985 346 et
2013 310 2309 349 conclusionem.
2340 311 2390 349 Et
2417 312 2503 351 ideo

1435 361 1515 398 talis
1535 361 1704 398 definitio
1726 370 1780 399 est
1799 362 2070 400 demonstratio
2104 364 2292 412 positione
2313 364 2503 414 differens3

1435 414 1524 462 quia
1550 414 1589 451 in
1617 415 1692 452 hoc
1721 416 1802 452 solo
1833 416 1956 453 differt
1989 429 2012 453 a
2041 417 2380 466 demonstratione,
2415 420 2504 468 quia

1435 480 1514 504 non
1543 475 1598 504 est
1626 468 1799 505 ordinata
1827 468 1864 506 in
1892 470 2012 507 modo
2043 477 2079 506 et
2106 471 2227 518 figura
2241 471 2272 508 ³¹³.

1489 522 1524 557 6.
1565 521 1773 559 Sciendum
1812 529 1867 559 est
1903 530 2032 559 autern
2074 523 2180 571 quod
2217 524 2306 572 quia
2344 524 2502 563 demon-

1434 574 1561 611 stratio
1595 586 1673 611 non
1708 582 1763 611 est
1796 576 2114 625 corruptibilium,
2154 577 2222 614 sed
2254 577 2503 627 sempiterno-

1435 639 1538 673 rum,
1574 639 1699 675 neque
1732 628 1914 675 definitio,
1944 630 2052 666 Plato
2082 637 2235 667 coactus
2263 631 2331 667 fuit
2357 644 2503 680 ponere

1434 679 1576 716 ideas.
1553 686 1565 701 ’‘
1609 681 1709 717 Cum
1731 681 1832 718 enim
1851 681 1922 718 ista
1940 682 2129 719 sensibilia
2143 683 2216 720 sint
2236 685 2501 733 corruptibilia,

1434 733 1666 770 videbatur*
1686 734 1793 782 quod
1813 746 1948 771 eorum
1971 747 2051 772 non
2068 744 2199 784 posset
2217 749 2299 774 esse
2318 750 2445 786 neque
2459 739 2504 760 *³*

1431 957 1498 982 citati
1522 958 1632 983 auctoris
1647 959 1798 983 assertione.
1813 959 1975 984 Individuum
1989 959 2060 984 enim
2073 967 2169 992 vagum
2188 968 2240 985 non
2261 966 2301 986 est
2315 961 2482 987 universale
2475 971 2501 988 111

1432 993 1545 1018 doctrina
1560 994 1715 1024 Aristotelis,
1731 995 1777 1019 sed
1788 1001 1827 1019 est
1837 995 1966 1027 singulare
1981 995 2036 1020 sine
2050 995 2263 1021 determinatione
2275 996 2374 1022 formae
2387 998 2502 1030 singula-

1431 1029 1510 1053 ritatis
1524 1028 1573 1061 (Cf.
1584 1029 1593 1053 1
1610 1029 1709 1060 Perih„
1719 1030 1776 1054 lect.
1787 1031 1836 1061 cit„
1848 1039 1873 1055 n.
1892 1030 1974 1064 13).-
1955 1031 2083 1056 —Asserit
2093 1031 2185 1056 deinde
2200 1031 2268 1056 idem
2282 1032 2380 1057 Auctor
2392 1033 2460 1058 duo
2453 1039 2502 1059 ista

1431 1065 1625 1089 contradictoria
1644 1073 1717 1096 esse,
1737 1073 1832 1098 nempe
1852 1066 1985 1091 scientiam
2005 1074 2063 1092 esse
2083 1067 2115 1091 de
2133 1066 2336 1098 universalibus,
2355 1072 2381 1093 et
2399 1068 2501 1094 univer-

1431 1100 1493 1124 salia
1508 1100 1616 1125 existere
1631 1101 1657 1125 in
1672 1101 1852 1132 singularibus,
1867 1102 1935 1134 quia,
1950 1106 1979 1126 ut
1993 1101 2050 1134 ipse
2064 1102 2141 1132 addit,
2155 1102 2205 1127 hoc
2219 1107 2260 1127 est
2278 1110 2395 1128 asserere
2410 1111 2501 1129 essen-

1430 1135 1477 1160 tias
1504 1143 1563 1160 esse
1587 1136 1747 1161 universales
1771 1141 1796 1161 et
1821 1137 1898 1161 simul
1924 1137 2242 1169 singulares.-Cessabit
2267 1139 2431 1164 contradictio
2455 1139 2499 1165 ubi

1431 1171 1600 1203 distinguatur
1619 1172 1646 1196 in
1666 1172 1824 1201 universali,
1844 1180 1891 1197 seu
1911 1173 1936 1197 in
1955 1173 2066 1198 essentia
2085 1173 2201 1206 praecisa
2219 1181 2234 1198 a
2253 1174 2443 1200 conditionibus
2462 1175 2501 1200 in-

1431 1206 1633 1237 dividuantibus,
1657 1207 1682 1231 id
1702 1208 1772 1239 quod
1796 1208 1828 1232 de
1851 1208 1989 1233 universali
2014 1208 2176 1241 praedicatur
2199 1213 2228 1233 ut
2245 1209 2278 1233 ad
2297 1209 2381 1234 solam
2407 1210 2501 1235 mentis

1430 1242 1607 1274 operationem
1628 1242 1767 1275 pertinens,
1783 1247 1808 1267 et
1825 1244 1895 1275 quod
1914 1243 2023 1276 proinde
2042 1251 2095 1268 non
2115 1244 2146 1268 de
2165 1244 2276 1269 essentia
2294 1244 2432 1270 universali
2452 1250 2500 1276 est,

1431 1278 1478 1302 sed
1497 1277 1686 1302 accidentaliter
1705 1278 1753 1311 ipsi
1768 1286 1782 1303 a
1797 1284 1884 1304 mente
1903 1279 2027 1320 tribuitur,
2042 1284 2071 1303 ut
2086 1286 2145 1304 cum
2161 1279 2259 1309 dicitur,
2274 1279 2355 1305 homo
2369 1285 2410 1305 est
2418 1288 2500 1313 prae-

1431 1313 1542 1338 dicabile
1562 1313 1595 1338 de
1613 1314 1711 1342 multis,
1726 1314 1776 1344 vel,
1796 1319 1835 1338 est
1853 1315 1958 1346 species,
1974 1319 2022 1339 etc.
2034 1314 2083 1348 (Cf.
2099 1315 2156 1339 lect.
2166 1322 2182 1339 x
2196 1314 2236 1339 cit.
2252 1315 2349 1344 Perih..
2364 1323 2390 1340 11.
2405 1315 2442 1350 9).
2460 1316 2502 1341 De

1431 1348 1480 1372 hoc
1499 1349 1637 1373 universali
1655 1357 1707 1373 non
1723 1349 1782 1373 dicit
1794 1349 1946 1374 Aristoteles
1967 1350 2038 1382 quod
2057 1350 2090 1374 sit
2108 1350 2134 1374 in
2153 1350 2340 1382 singularibus,
2360 1350 2413 1376 imo
2432 1355 2501 1377 certe

1431 1382 1540 1408 affirmat
1558 1385 1629 1416 quod
1654 1392 1740 1417 neque
1759 1385 1842 1417 possit
1860 1385 1886 1410 in
1910 1385 2084 1426 singularibus
2103 1385 2220 1410 existere.
2233 1398 2253 1404 -
2266 1386 2445 1418 Distinguatur
2461 1387 2501 1412 in-

1430 1426 1517 1451 super,
1533 1419 1559 1443 in
1573 1419 1691 1452 quolibet
1703 1420 1850 1450 universali,
1865 1421 1978 1445 essentia
1993 1429 2060 1453 quae
2074 1421 2216 1454 concipitur
2227 1426 2256 1445 ut
2270 1429 2351 1447 unum
2366 1430 2419 1446 non
2433 1430 2500 1455 quo-

1432 1461 1535 1486 cunque
1553 1455 1645 1484 modo,
1665 1455 1711 1479 sed
1731 1455 1805 1487 quasi
1820 1457 1951 1488 exemplar
1965 1464 2054 1481 eorum
2072 1464 2139 1489 quae
2157 1456 2213 1481 eius
2228 1461 2344 1481 naturam
2359 1457 2500 1489 retrahunt,

1432 1489 1498 1513 sicut
1516 1495 1606 1514 natura
1624 1489 1737 1515 humana
1756 1491 1899 1523 concipitur
1916 1497 1945 1516 ut
1962 1499 2052 1522 unum,
2071 1492 2097 1516 in
2117 1499 2170 1524 quo
2188 1491 2312 1517 uniuntur
2330 1491 2444 1518 humana
2461 1493 2500 1518 in-

1431 1525 1541 1555 dividua,
1561 1525 1635 1557 quasi
1655 1527 1786 1558 exemplar
1804 1527 1836 1550 ad
1855 1527 1927 1559 quod
1951 1527 2062 1559 ipsamet
2086 1527 2230 1558 individua,
2250 1528 2443 1553 secundum-se
2462 1528 2500 1554 di-

1430 1560 1529 1591 stincta,
1544 1560 1653 1585 formata
1672 1566 1733 1585 sunt
1753 1559 1801 1594 (Cf.
1816 1561 1858 1593 ib.,
1873 1562 1932 1586 lect.
1944 1568 1988 1592 1111,
2003 1570 2028 1587 11.
2044 1562 2080 1595 7).
2100 1562 2133 1587 Et
2145 1562 2290 1587 universale
2306 1563 2343 1587 sic
2357 1568 2500 1596 acceptum,

1430 1603 1526 1628 nempe
1543 1600 1573 1620 ut
1591 1603 1680 1625 unum,
1695 1602 1771 1628 negat
1790 1597 1882 1621 iterum
1898 1602 1924 1622 et
1937 1597 2030 1622 merito
2043 1597 2196 1622 Aristoteles
2216 1597 2324 1622 existere
2341 1598 2368 1623 in
2387 1598 2500 1631 siugula-

1430 1631 1510 1662 ribus,
1524 1636 1549 1656 et
1563 1637 1651 1656 contra
1665 1631 1799 1656 Platonem
1815 1631 1924 1657 affirmat
1942 1632 1968 1657 in
1983 1633 2039 1657 sola
2053 1632 2202 1665 acceptione
2216 1633 2362 1658 intellectus
2381 1634 2499 1666 existere,

1430 1673 1482 1690 non
1502 1671 1588 1691 autem
1607 1666 1633 1691 in
1653 1667 1741 1700 seipso
1761 1667 1810 1699 (Cf.
1825 1667 1871 1697 ib.,
1888 1668 1945 1692 lect.
1958 1675 1981 1698 x,
1994 1676 2020 1693 n.
2035 1668 2097 1700 cit.).
2117 1669 2237 1693 Attamen
2259 1667 2318 1692 huic
2342 1668 2497 1700 universali,

1430 1702 1502 1734 quod
1520 1707 1560 1727 est
1578 1708 1667 1727 natura
1686 1703 1822 1735 quaedam,
1836 1703 1958 1728 tribuitur
1971 1703 2066 1736 aliquid
2085 1704 2157 1736 quod
2176 1711 2229 1728 non
2243 1703 2355 1736 pertinet
2367 1704 2399 1729 ad
2413 1709 2500 1730 acmm

1430 1737 1590 1768 intellectus,
1616 1738 1662 1762 sed
1676 1738 1708 1763 ad
1722 1745 1778 1763 esse
1797 1738 1866 1771 quod
1885 1738 1963 1764 habet
1981 1745 2070 1764 natura
2089 1739 2114 1764 in
2133 1738 2226 1769 rebus,
2246 1738 2313 1764 sicut
2331 1747 2391 1764 cum
2410 1739 2502 1765 dicitur

1430 1773 1502 1805 quod
1520 1773 1601 1797 homo
1619 1778 1659 1798 est
1682 1773 1834 1805 dignissima
1853 1779 1983 1805 creatura;
2003 1779 2029 1799 et
2045 1774 2192 1799 universale
2211 1774 2248 1799 sic
2267 1779 2402 1807 acceptum
2419 1775 2501 1800 veria-

1431 1808 1497 1833 sime
1516 1807 1626 1833 affirmat
1644 1809 1796 1834 Aristoteles
1822 1809 1930 1834 existere
1948 1809 1974 1834 in
1999 1810 2173 1842 singularibus
2198 1815 2287 1835 contra
2306 1809 2456 1840 Platonem,
2475 1815 2502 1836 et

1430 1844 1494 1868 illud
1513 1851 1572 1869 esse
1595 1844 1769 1875 immutabile,
1789 1845 1991 1877 sempiternum,
2011 1851 2036 1870 et
2055 1845 2175 1870 scientiae
2193 1845 2323 1870 obiectum
2343 1845 2398 1878 (ef.
2412 1845 2467 1879 ib.).
2481 1859 2501 1865 -

1429 1879 1482 1904 Sed
1501 1879 1672 1920 distinguatur
1690 1880 1765 1904 tertio
1780 1880 1805 1904 in
1821 1880 1965 1905 universali
1978 1880 2101 1905 existente
2115 1880 2165 1906 hoc
2179 1881 2259 1905 modo
2274 1881 2299 1905 in
2316 1881 2499 1913 singularibus,

1431 1914 1494 1939 illud
1514 1915 1584 1947 quod
1604 1915 1652 1947 1ρεί
1672 1915 1791 1940 tribuitur
1809 1915 1906 1940 ratione
1925 1921 2030 1941 naturae
2050 1916 2215 1947 universalis,
2235 1921 2261 1941 et
2279 1916 2342 1941 illud
2362 1917 2432 1949 quod
2451 1916 2501 1950 ipsi

1430 1950 1549 1975 tribuitur
1567 1950 1666 1975 ratione
1680 1950 1871 1991 singularitatis,
1884 1959 1936 1984 qua
1951 1951 2081 1993 singulare
2096 1956 2144 1976 est.
2159 1951 2312 1976 Universale
2325 1951 2424 1976 ratione
2438 1959 2501 1977 suae

1431 1990 1538 2010 naturae
1555 1993 1607 2010 non
1627 1985 1735 2019 suscipit
1752 1984 1956 2019 praedicationes
1975 1984 2165 2019 singularitatis,
2184 1994 2236 2020 qua
2249 1986 2370 2028 vestitur,
2385 1986 2434 2012 nisi
2453 1995 2501 2020 per

1431 2021 1565 2051 accidens3
1585 2021 1684 2046 ratione
1702 2021 1885 2053 singularitatis
1910 2027 1951 2047 est
1968 2022 2117 2055 singulare,
2143 2027 2169 2047 et
2186 2022 2295 2055 suscipit
2312 2029 2360 2055 per
2378 2029 2407 2047 se
2426 2030 2500 2055 prae-

1432 2056 1571 2081 dicationes
1586 2056 1768 2090 singularitatis
1783 2057 1833 2089 (cf.
1843 2057 1898 2090 ib.).
1913 2057 1988 2083 Unde
2000 2062 2026 2082 et
2038 2062 2078 2083 331
2091 2058 2147 2082 sine
2160 2057 2215 2082 ulla
2228 2057 2429 2083 contradictione
2442 2057 2501 2084 11111-
2524 2086 2527 2088 v

1430 2092 1532 2117 versale
1550 2097 1576 2117 et
1594 2092 1732 2125 singulare,
1751 2092 1882 2117 obiectum
1901 2093 2022 2118 scientiae
2041 2097 2066 2118 et
2084 2093 2213 2118 obiectum
2232 2100 2335 2118 sensus.

1485 2127 1536 2152 Sed
1556 2133 1687 2160 praeterea
1701 2135 1796 2152 sensus
1811 2128 2020 2153 determinandus
2035 2133 2083 2160 est,
2097 2136 2152 2161 quo
2171 2127 2262 2153 dicitur
2275 2127 2382 2153 scientia
2395 2135 2455 2154 este
2468 2128 2502 2155 de

1431 2162 1577 2188 universali.
1597 2162 1655 2193 Qua
1678 2163 1704 2188 in
1723 2171 1750 2188 re
1769 2164 1861 2188 iterum
1880 2164 2022 2189 audiendus
2041 2169 2081 2189 est
2104 2164 2255 2195 Caietanus‚
2275 2163 2326 2196 Op.
2341 2167 2367 2188 et
2384 2163 2434 2189 loc.
2448 2163 2501 2195 cit„

1432 2198 1481 2223 col.
1495 2205 1547 2228 4.-
1561 2207 1575 2222 s
1587 2198 1694 2229 Quia...
1715 2198 1819 2224 scientia
1834 2203 1873 2224 est
1886 2199 2085 2230 universalium,
2105 2199 2163 2224 ideo
2178 2199 2360 2224 declarandum
2379 2204 2419 2224 est
2437 2203 2503 2232 quot

1432 2234 1517 2259 modis
1536 2234 1687 2266 intelligitur
1704 2235 1848 2267 propositio
1867 2234 1917 2259 illa.
1937 2235 2075 2261 Sciendum
2094 2239 2135 2260 est
2154 2242 2216 2267 ergo
2234 2235 2306 2268 quod
2319 2242 2379 2260 cum
2398 2234 2501 2260 univer·

1433 2270 1487 2294 sale
1501 2269 1567 2294 dicat
1580 2269 1642 2295 haec
1657 2270 1717 2300 duo,
1731 2270 1828 2295 scilicet
1842 2277 1898 2295 rem
1909 2271 2092 2301 universalem,
2104 2269 2305 2303 quadrupliciter
2317 2269 2387 2295 sumi
2400 2275 2500 2302 potest:

1432 2305 1517 2338 primo
1536 2312 1584 2338 pro
1603 2312 1644 2335 re,
1664 2306 1778 2330 secundo
1796 2313 1844 2339 pro
1863 2305 2069 2337 universalitate,
2088 2306 2163 2331 tertio
2181 2313 2229 2338 pro
2247 2310 2302 2330 toto
2320 2305 2456 2330 coniunctio
2470 2312 2502 2333 ex

1433 2348 1461 2365 re
1479 2345 1505 2365 et
1522 2340 1714 2366 universalitate
1727 2341 1802 2373 quasi
1817 2348 1848 2366 ex
1862 2341 1962 2366 duabus
1977 2341 2101 2374 partibus,
2117 2346 2209 2374 quarto
2223 2348 2272 2374 pro
2286 2345 2341 2366 tono
2356 2341 2501 2372 coniuncto,

1433 2375 1480 2401 sed
1499 2384 1552 2400 non
1570 2375 1646 2409 quasi
1665 2384 1696 2401 ex
1715 2376 1838 2409 partibus,
1855 2377 1902 2402 sed
1922 2377 1988 2402 sicut
2006 2385 2037 2402 ex
2055 2385 2083 2402 re
2102 2382 2128 2402 et
2145 2377 2182 2402 rei
2195 2376 2356 2407 conditione,
2374 2376 2431 2402 sine
2449 2383 2502 2410 qua

1433 2419 1485 2436 non
1505 2417 1552 2436 etc.
1573 2411 1660 2436 Primo
1679 2412 1759 2437 modo
1783 2419 1877 2437 sensus
1896 2417 1950 2443 est,
1970 2412 2076 2438 scientia
2094 2417 2135 2437 est
2151 2419 2253 2443 rerum3
2279 2412 2394 2438 secundo
2412 2411 2501 2443 modo,

1434 2446 1539 2472 scientia
1557 2451 1598 2472 est
1615 2446 1850 2479 universalitatum;
1869 2448 1944 2472 tertio
1962 2453 2058 2479 autem,
2077 2447 2182 2473 scientia
2200 2453 2241 2473 eet
2258 2447 2336 2472 totius
2355 2446 2501 2480 compositi,

1433 2482 1530 2508 scilicet
1548 2490 1635 2507 rerum
1654 2483 1851 2514 universalium3
1871 2489 1964 2516 quarto
1983 2484 2089 2509 demum
2108 2483 2189 2508 modo
2208 2490 2301 2508 sensus
2321 2487 2374 2513 est,
2394 2482 2501 2509 seientia

1433 2523 1473 2543 est
1491 2525 1588 2549 rerum,
1607 2525 1675 2551 quae
1693 2517 1789 2543 habent
1807 2518 2026 2544 universalitatem
2042 2524 2166 2552 tanquam
2184 2518 2359 2544 conditionem
2377 2517 2434 2544 sine
2450 2525 2502 2552 qua

1433 2561 1486 2578 non
1505 2553 1620 2578 sciuntur
1639 2558 1686 2579 etc.
1706 2553 1771 2584 Quis
1789 2559 1875 2579 autem
1890 2553 1983 2579 horum
2002 2562 2129 2579 sensuum
2141 2561 2220 2579 verus
2234 2558 2260 2578 et
2278 2553 2393 2579 intentus
2404 2561 2420 2578 a
2433 2553 2502 2586 peri-

1433 2588 1549 2622 pateticis
1569 2588 1609 2620 sit,
1629 2588 1786 2614 manifestari
1805 2589 1878 2614 facile
1897 2594 1982 2622 potest
1996 2589 2232 2622 praesupponendo
2245 2587 2416 2621 significatum
2429 2588 2503 2614 simi-

1433 2624 1495 2648 lium
1516 2624 1732 2657 propositionum,
1751 2624 1777 2649 in
1797 2632 1962 2657 quacumque
1975 2624 2081 2650 materia
2094 2623 2156 2650 fiant
2171 2629 2228 2654 etc.,
2242 2623 2338 2648 scilicet
2356 2623 2428 2656 quod
2441 2631 2502 2649 cum

1433 2658 1536 2684 dicitur:
1557 2659 1662 2684 scientia
1680 2664 1720 2684 est
1737 2659 1858 2690 hominis,
1874 2660 1957 2690 bovis,
1972 2659 2043 2691 caeli,
2062 2659 2108 2684 Dei
2128 2664 2184 2690 etc„
2199 2658 2262 2684 nihil
2281 2657 2438 2691 significatur
2451 2659 2502 2684 nisi

1433 2694 1505 2727 quod
1518 2693 1623 2719 scientia
1637 2694 1693 2727 ipsa
1707 2695 1739 2719 ad
1753 2694 1895 2725 hominem,
1910 2695 2004 2720 bovem
2019 2699 2067 2720 etc.
2081 2694 2233 2720 terminatur
2244 2699 2369 2727 tanquam
2383 2694 2416 2719 ad
2429 2694 2502 2720 obie-

1433 2734 1502 2754 ctum
1522 2729 1654 2762 cognitum
1673 2734 1722 2755 etc.
1747 2730 1803 2755 Hoc
1822 2730 1951 2763 siquidem
1975 2737 2055 2755 sensu
2073 2730 2198 2755 dicimus:
2217 2729 2424 2756 mthematieam
2441 2737 2503 2756 oue

1433 2772 1602 2790 numerorum
1621 2770 1647 2789 et
1665 2765 1879 2798 magnitudinum,
1899 2770 1925 2790 et
1942 2764 2078 2798 physicam
2097 2773 2184 2790 rerum
2203 2765 2366 2796 naturalium,
2381 2770 2407 2791 et
2418 2764 2502 2793 medi-

1433 2800 1517 2825 cinam
1536 2800 1652 2833 corporis
1671 2800 1778 2825 humani
1796 2800 1931 2826 scientiam
1950 2806 1999 2826 313.

1488 2844 1503 2859 ³·
1518 2835 1574 2860 Hoc
1593 2835 1662 2860 enim
1681 2840 1766 2861 stante
1784 2835 1875 2861 dicitur
1898 2836 1970 2869 quod
1990 2836 2090 2869 primus
2110 2843 2206 2861 sensus
2225 2843 2277 2861 non
2297 2840 2338 2861 est
2355 2835 2468 2862 intenuit
2487 2843 2504 2862 ι

1433 2870 1595 2904 philosophis
1620 2878 1667 2903 per
1693 2871 1764 2896 illam
1785 2871 2003 2904 propositionem,
2028 2872 2075 2896 sed
2094 2871 2127 2896 sit
2144 2879 2222 2897 verus
2245 2870 2332 2904 aliquo
2355 2872 2435 2897 modo
2451 2875 2502 2898 etc.

1433 2906 1491 2931 Non
1516 2911 1557 2931 est
1580 2906 1693 2931 intentus
1718 2906 1837 2939 quidem,
1863 2906 1923 2940 quia
1945 2907 1966 2932 si
1991 2907 2078 2932 solum
2096 2907 2147 2932 hoc
2170 2907 2315 2932 voluissent
2338 2906 2438 2938 dicere,
2462 2911 2504 2933 nt

1433 2941 1525 2967 fuisset
1544 2941 1642 2973 dicere,
1667 2942 1738 2975 quod
1757 2942 1862 2967 scientia
1880 2947 1920 2967 est
1942 2950 2039 2974 rerum,
2058 2947 2084 2967 et
2099 2950 2154 2968 non
2173 2942 2331 2975 oportuisset
2348 2942 2502 2969 univeuulin

1433 2977 1561 3002 vocabulo
1586 2977 1631 3002 uti.
1656 2977 1758 3002 Veritas
1777 2985 1840 3002 vero
1863 2983 1916 3009 est,
1935 2978 1996 3011 quia
2015 2978 2119 3003 scientia
2138 2982 2226 3003 nostra
2250 2978 2283 3003 ad
2300 2985 2343 3003 res
2361 2978 2434 3011 ipm
2451 2982 2502 3004 ter·

1434 3013 1552 3043 minatur,
1565 3012 1653 3045 aliquo
1672 3018 1758 3038 autem
1774 3013 1860 3043 modo,
1880 3013 1940 3046 quia
1959 3013 2064 3038 scientia
2083 3022 2135 3038 non
2154 3013 2306 3039 terminatur
2324 3013 2356 3038 ad
2371 3021 2414 3039 res
2435 3020 2502 3046 quo·

1434 3048 1576 3073 modolibet
1594 3053 1726 3081 sumptas,
1746 3054 1789 3073 aut
1808 3048 2022 3082 qualitercunque
2040 3056 2069 3074 se
2090 3049 2214 3074 habentes
2233 3054 2296 3080 etc.,
2318 3048 2381 3082 ,quia
2399 3056 2452 3074 non
2470 3048 2504 3075 nd

1434 3083 1578 3116 singulares
1597 3083 1760 3116 singulariter
1779 3084 1997 3110 eta—Secundus
2016 3092 2123 3118 quoque
2137 3092 2232 3110 sensus
2251 3089 2320 3110 extra
2333 3083 2507 3110 intentionem'

1433 3118 1648 3152 philosophorum
1663 3124 1710 3149 est,
1725 3119 1784 3144 licet
1802 3127 1879 3145 verus
1898 3120 2081 3153 particulariter
2095 3120 2136 3145 sit.
2150 3120 2245 3153 Logica
2257 3119 2328 3145 enim
2346 3124 2387 3145 eet
2398 3119 2504 3145 scientia

1435 3154 1467 3180 de
1480 3154 1724 3186 universalitatibus,
1738 3162 1790 3179 non
1803 3160 1890 3182 autem
1903 3155 1967 3181 aliae
1983 3155 2105 3181 scientiae
2110 3163 2118 3188 ;
2130 3155 2293 3188 proferentes
2309 3160 2396 3181 autem
2409 3154 2504 3182 dictam

1434 3189 1640 3224 propositionem
1664 3190 1696 3215 de
1715 3190 1819 3215 scientia
1842 3191 1868 3215 in
1888 3191 2019 3216 communi
2039 3191 2190 3224 loquuntur.
2208 3190 2313 3216 Tertius
2325 3198 2389 3216 vero
2409 3197 2503 3217 seam

1434 3225 1541 3251 omnino
1558 3225 1639 3250 falsus
1654 3230 1701 3256 est,
1715 3225 1838 3259 quoniam
1854 3226 1960 3252 scientia
1975 3227 2045 3252 nulla
2059 3231 2099 3252 est
2112 3226 2178 3252 circa
2192 3227 2242 3252 tale
2256 3225 2439 3260 compositum,
2453 3224 2504 3252 niti

1434 3261 1500 3286 forte
1519 3268 1566 3294 per
1583 3260 1702 3286 accidens
1721 3266 1768 3286 etc.
1789 3261 1914 3287 Scientiae
1932 3261 2002 3287 enim
2026 3262 2108 3287 reales
2127 3266 2189 3287 sunt
2207 3261 2239 3287 de
2258 3261 2337 3293 rebus
2356 3268 2424 3295 quae
2442 3265 2504 3294 sunt

1435 3296 1461 3321 in
1479 3304 1567 3322 rerum
1586 3301 1688 3328 natura3
1708 3297 1758 3322 tale
1777 3302 1862 3322 autem
1886 3297 2062 3330 compositum
2086 3297 2148 3322 nihil
2173 3302 2214 3323 est
2233 3296 2288 3330 (in)
2308 3304 2394 3322 rerum
2412 3300 2503 3322 namn

1436 3331 1475 3364 (ut
1488 3331 1579 3357 dicitur
1597 3332 1622 3357 in
1637 3332 1722 3366 primo
1735 3332 1777 3357 De
1791 3332 1902 3365 anima).
1922 3333 2048 3358 Scientiae
2066 3339 2172 3366 quoque
2186 3332 2324 3358 rationales
2337 3332 2370 3361 de
2383 3330 2502 3357 intentio·

1436 3368 1512 3393 nibus
1527 3372 1596 3399 sunt,
1611 3372 1636 3393 et
1650 3375 1703 3393 non
1717 3368 1750 3393 de
1762 3368 1913 3401 compositis
1927 3375 1958 3394 ex
1971 3367 2156 3394 intentionibus
2170 3373 2196 3394 et
2209 3367 2288 3393 rebus
2301 3372 2349 3393 etc.
2364 3366 2503 3400 Nunquam

1435 3403 1566 3436 siquidem
1584 3403 1611 3428 in
1630 3403 1715 3436 aliqua
1733 3402 1881 3429 definitione
1906 3403 2011 3429 dicitur:
2029 3403 2053 3429 Α
2071 3403 2219 3429 universale
2237 3407 2278 3428 est
2295 3403 2317 3428 Β
2336 3406 2383 3428 etc.
2376 3419 2395 3435 ‚¹
2414 3401 2461 3427 sed
2478 3402 2503 3426 A

1436 3443 1475 3464 est
1488 3443 1549 3469 etc.;
1565 3443 1590 3463 et
1604 3438 1741 3464 similiter
1735 3447 1759 3463 in
1774 3439 1934 3472 syllogismis
1950 3447 2002 3464 non
2015 3438 2166 3470 assumitur,
2175 3445 2255 3464 omne
2267 3439 2291 3464 A
2304 3437 2451 3463 universale
2462 3441 2504 3462 est

1436 3474 1506 3507 quod
1517 3479 1574 3505 etc.;
1585 3475 1632 3499 sed
1641 3474 1800 3508 simpliciter,
1809 3482 1887 3499 omne
1896 3475 1920 3500 Α
1934 3480 1974 3500 eet
1986 3475 2043 3499 B.-
2023 3474 2163 3507 —Quartus
2175 3473 2252 3507 igitur
2263 3480 2357 3499 sensus
2370 3477 2413 3498 ost
2422 3479 2500 3497 verus

1436 3514 1461 3534 et
1480 3509 1605 3535 11113111113·
1620 3517 1697 3535 verus
1713 3509 1827 3543 quidem,
1840 3509 1901 3543 quia
1915 3509 2036 3535 scientiae
2049 3509 2180 3542 obiectum
2195 3513 2235 3534 est
2246 3515 2289 3534 res
2303 3507 2367 3541 ipsa,
2377 3500 2502 3541 quoniam

1436 3545 1468 3569 ad
1487 3545 1571 3578 ipsam
1590 3545 1687 3570 sciendi
1706 3550 1778 3570 actus
1797 3545 1961 3575 terminatur;
1981 3545 2053 3570 aliter
2067 3543 2187 3570 scientiae
2199 3544 2283 3569 reale·
2296 3550 2348 3568 nou
2367 3547 2455 3568 essent
2469 3542 2501 3567 de

1435 3580 1522 3606 rebus.
1541 3580 1574 3605 Et
1592 3580 1653 3614 quia
1671 3588 1713 3606 res
1733 3588 1785 3606 non
1803 3585 1891 3614 potest
1908 3579 2046 3606 intellectui
2060 3579 2134 3604 obiici
2153 3584 2179 3604 et
2196 3578 2293 3604 sciendi
2311 3582 2399 3604 actum
2413 3577 2504 3603 termi-

2530 485 2580 507 ’κε
2595 486 2713 516 ett'nfig.

2530 613 2604 635 Plato.

2628 650 2644 667 κ

2529 675 2540 687 ⁸
2561 679 2613 697 net
2632 682 2707 707 marg.
2718 682 2744 698 s:

2533 701 2611 723 videta.
2626 702 2656 724 ei.

2531 728 2650 750 ”Coddff
2658 729 2745 751 nomit-

2532 754 2559 776 tit
2573 761 2657 783 neque.
