2548 4192
913 259 1649 306 ntSTHOMMWAQUmMTEM

189 342 320 373 haberet
344 345 375 371 et
399 339 495 372 multi
513 339 696 379 philosophi
719 339 779 370 hoc
794 344 987 379 posuerunt.
1002 339 1093 370 Nihil
1109 339 1191 369 enim
1217 338 1262 369 vi-

188 386 285 417 detur
308 384 534 416 inconveniens
556 384 665 424 sequi,
690 384 719 414 si
742 383 782 414 ab
806 394 870 414 uno
895 388 1014 424 agente
1038 383 1140 414 multa
1160 382 1261 423 perfi-

189 431 336 464 ciantur:
358 427 624 469 quemadmodum
658 428 698 458 ab
726 437 791 458 uno
818 427 886 458 sole
907 428 1127 468 perficiuntur
1153 436 1263 457 omnes

184 474 351 516 potentiae
374 469 494 504 visiuae
516 472 706 502 animalium
731 472 775 502 ad
798 472 1002 503 videndum...
1027 471 1092 502 Sed
1109 471 1263 511 quidquid

188 520 230 550 sit
251 518 293 548 de
315 516 477 548 intellectu
500 521 630 557 agente,
651 516 758 547 dicere
781 516 976 546 intellectum
991 516 1174 556 possibilem
1195 525 1262 546 esse

189 572 290 593 unum
314 561 457 592 omnium
481 560 657 598 hominum,
675 559 895 600 multipliciter
909 560 1102 600 impossibile
1116 565 1261 600 apparet.

188 606 324 639 Animae
347 612 455 635 tamen
478 604 579 635 inesse
602 604 799 635 intellectum
817 611 964 644 agentem
988 604 1141 635 sententia
1162 604 1261 644 Aqui-

189 650 270 681 natis
285 656 342 688 est,
351 648 407 690 qui
421 648 495 679 loco
510 648 606 679 citato
621 649 669 679 De
684 648 800 687 anima,
812 655 843 679 et
852 648 885 679 in
896 648 923 679 11
933 648 1032 688 Sem„
1044 649 1260 687 distinctxvn,

190 699 310 736 quaest.
325 700 360 732 11,
384 693 469 724 artic.
486 703 509 731 1,
533 699 604 724 tum
627 692 856 733 philosophicis
880 692 1072 733 rationibus,
1098 700 1168 724 tum
1191 703 1262 723 mo-

190 738 307 769 mentis
330 747 368 768 ex
390 736 453 767 fide
469 737 636 768 christiana
651 737 826 778 desumptis
842 737 1054 778 philosophos
1074 738 1196 776 refellit,
1213 737 1261 767 in-

189 782 352 814 tellectum
374 787 521 821 agentem
545 781 771 812 constituentes
794 782 827 812 in
842 781 1047 822 intelligentia
1061 783 1200 824 quadam
1217 792 1262 812 se-

189 833 298 868 parata
320 826 448 857 orbium
479 825 661 856 caelesn'um
681 826 828 857 metrice:
844 836 880 857 ac
894 826 966 857 illos
981 827 1087 865 etiam,
1103 827 1159 868 qui
1174 836 1263 867 prae-

190 871 313 902 dictum
335 877 482 910 agentem
505 870 701 901 intellectum
717 871 868 901 eumdem
885 880 959 901 cum
977 871 1138 902 intellectu
1154 871 1262 902 divino

189 915 241 946 vel
264 924 339 946 cum
362 915 432 945 Deo
456 914 621 953 faciebant,
645 914 688 945 ita
711 915 932 955 intelligendos
955 915 1059 954 iubet,
1084 923 1120 946 ut
1142 923 1264 955 praeter

188 959 307 998 Deum,
332 969 520 999 supremum
542 959 718 990 intellectus
735 959 834 990 nostri
849 966 880 990 et
893 958 1023 990 luminis
1042 959 1262 990 intellectualis

189 1010 366 1042 auctorem,
382 1003 462 1034 alius
477 1003 570 1034 nobis
584 1003 659 1034 insit
673 1003 850 1034 intellectus
864 1013 971 1043 agens,
987 1004 1042 1044 qui
1056 1004 1154 1034 veluti
1171 1014 1264 1034 causa

190 1048 329 1079 secunda
357 1047 518 1078 collustret
540 1047 777 1087 phantasmata,
802 1047 919 1087 species
942 1047 1152 1087 intelligibiles
1172 1047 1263 1078 effor-

190 1099 267 1131 met,
291 1101 407 1132 easque
430 1091 592 1131 imprimat
614 1091 786 1122 intellectui
809 1091 940 1132 patienti
959 1092 999 1122 ad
1016 1091 1202 1132 patiendam
1216 1102 1263 1122 re-

189 1146 263 1166 rum
286 1135 434 1166 notitiam
456 1141 488 1165 et
510 1134 737 1175 cognitionem.

257 1179 354 1210 Scioli
377 1185 408 1210 et
430 1178 503 1209 vani
527 1185 558 1209 et
580 1179 740 1210 ambitiosi
763 1179 946 1210 Academici
971 1186 1068 1217 erant,
1092 1179 1148 1220 qui
1171 1187 1262 1210 natu-

190 1223 307 1255 ralibus
331 1223 507 1254 rationibus
531 1233 566 1254 ac
582 1223 853 1264 philosophorum
871 1223 1109 1254 auctoritatibus
1124 1231 1262 1263 agentes,

189 1268 362 1308 vulgabant
384 1267 505 1298 nedum
528 1273 689 1308 agentem,
714 1277 826 1298 verum
842 1267 938 1298 etiam
949 1269 1127 1308 patientem
1141 1268 1262 1299 intelle-

190 1319 279 1344 ctum
306 1318 487 1352 separatum
510 1311 571 1342 dici
595 1319 742 1352 oportere
761 1318 792 1342 et
815 1321 919 1342 unum
943 1318 973 1342 et
992 1313 1141 1343 omnibus
1157 1313 1263 1343 homi-

190 1356 526 1391 mbwcomunem.
552 1356 683 1387 Latinos
706 1362 861 1394 auctores,
886 1355 942 1396 qui
957 1356 1016 1387 hac
1032 1357 1070 1388 de
1085 1367 1117 1387 re
1134 1357 1262 1398 scripse-

189 1407 279 1439 rant,
311 1400 410 1431 veluti
443 1400 641 1441 praeiudiciis
674 1407 847 1440 occupatos
880 1400 1077 1432 reiiciebant:
1110 1402 1263 1443 litemque

189 1445 346 1476 vocabant
376 1444 416 1475 ad
438 1454 567 1485 graecos
597 1445 843 1485 Peripateticos,
867 1451 904 1476 ut
935 1455 1048 1476 eorum
1079 1446 1263 1478 auctoritate

189 1490 397 1520 dirimeretur.
429 1489 465 1519 In
489 1499 617 1519 arenam
645 1489 806 1520 descendit
834 1489 988 1530 Aquinas.
1021 1490 1263 1522 Controversiae

188 1541 308 1565 statum
317 1533 454 1564 dilucide
469 1533 614 1574 exponit:
637 1534 760 1565 Contra
770 1534 1020 1565 Averroisticum
1031 1545 1170 1566 errorem
1185 1537 1262 1566 iam-

183 1578 313 1620 pridem
342 1578 443 1609 multa
468 1579 726 1618 conscripsimus.
757 1578 822 1609 Sed
848 1580 924 1619 quia
953 1581 1133 1610 errantium
1163 1581 1263 1621 impu-

188 1623 299 1654 dentia
323 1632 386 1654 non
411 1627 515 1653 cessat
538 1622 667 1653 veritati
680 1623 786 1660 reniti,
797 1625 999 1663 propositum
1017 1629 1146 1655 nostrae
1162 1626 1263 1655 inten-

163 1664 166 1667 ’
190 1668 287 1698 tionis
310 1672 357 1698 est
363 1689 374 1705 ,
400 1667 515 1697 iterato
539 1672 653 1698 contra
678 1667 822 1698 eumdem
847 1677 990 1699 errorem
1015 1669 1263 1700 conscribere...

189 1711 234 1742 Et
260 1712 337 1752 quia
359 1711 548 1752 quibusdam
573 1712 605 1741 in
629 1711 691 1742 hac
713 1713 851 1742 materia
875 1712 972 1743 verba
1000 1713 1174 1743 latinorum
1200 1723 1263 1744 non

187 1756 331 1796 sapiunt,
355 1755 413 1786 sed
434 1756 720 1796 Peripateticorum
738 1754 954 1799 (graecorum)
974 1757 1071 1787 verba
1094 1759 1213 1788 sectari
1230 1767 1265 1789 se

189 1800 312 1838 dicunt,
337 1809 473 1841 quorum
498 1799 597 1830 libros
620 1801 653 1830 in
676 1800 738 1831 hac
755 1801 893 1831 materia
910 1811 1084 1841 numquam
1102 1802 1262 1840 viderunt,

190 1845 255 1875 nisi
282 1844 479 1882 Aristotelis,
509 1844 565 1884 qui
587 1843 661 1884 fuit
689 1850 795 1875 sectae
825 1845 1049 1877 Aristotelicae
1081 1847 1245 1877 institutor
1252 1854 1265 1885 ;

189 1888 392 1920 ostendemus
415 1888 608 1928 positionem
629 1888 833 1929 praedictam
858 1890 928 1920 eius
951 1890 1056 1922 verbis
1086 1896 1116 1921 et
1138 1896 1263 1922 senten-

189 1933 256 1964 tiae
283 1941 472 1973 repugnare
494 1933 634 1963 omnino.
659 1928 819 1973 Plurimos
843 1933 931 1965 affert
952 1934 1130 1965 Aristotelis
1161 1942 1263 1966 textus

189 1976 322 2018 eiusque
345 1982 488 2007 mentem
511 1976 619 2016 aperit.
649 1977 753 2017 Digna
777 1984 851 2009 sunt
874 1978 1147 2010 animadversione
1170 1981 1264 2010 verba

187 2020 258 2052 illa:
281 2020 482 2052 Huiusmodi
504 2022 708 2062 quaestiones
731 2023 908 2053 certissime
930 2024 1042 2065 colligi
1061 2029 1169 2064 potest
1188 2025 1263 2055 Ari-

186 2065 331 2097 stotelem
360 2065 493 2096 solvisse
525 2067 558 2096 in
582 2066 631 2096 his
655 2066 761 2104 libris,
787 2077 867 2108 quos
883 2073 976 2108 patet
999 2078 1070 2099 eum
1099 2070 1265 2109 scripsisse

187 2110 240 2141 De
261 2109 448 2140 substantiis
468 2111 638 2150 separatis,
656 2121 698 2141 ex
720 2111 770 2142 his
787 2121 871 2152 quae
887 2112 964 2143 dicit
983 2114 1015 2143 in
1029 2113 1192 2154 principio
1206 2114 1263 2144 XII

188 2152 289 2196 (libri)
313 2154 575 2195 Metaphysicae:
598 2165 678 2195 quos
705 2156 800 2186 etiam
834 2156 933 2187 libros
955 2157 1093 2188 vidimus
1116 2168 1203 2189 num.
1223 2163 1264 2196 14

190 2198 265 2229 licet
289 2198 430 2229 nondum
455 2199 632 2230 translatos
655 2200 688 2230 in
713 2200 828 2241 lingua
849 2207 969 2233 nostra.
990 2201 1103 2232 Libros
1121 2203 1173 2233 De
1190 2202 1264 2233 sub-

187 2243 317 2280 stantiis
332 2243 493 2283 separatis
507 2253 616 2283 graece
636 2243 769 2284 scriptos
785 2245 950 2276 evolvebat
963 2246 1123 2287 Aquinas:
1145 2257 1264 2288 eosque

189 2286 255 2317 sive
278 2296 338 2327 pro
362 2297 419 2317 sua
442 2287 554 2327 peritia
584 2287 648 2318 sive
677 2289 854 2328 peritorum
877 2300 940 2330 ope
962 2290 1232 2331 interpretabatur.

257 2330 396 2362 Graecos
418 2331 636 2363 Aristotelicae
653 2333 876 2374 philosophiae
896 2341 1063 2366 sectatores
1078 2335 1118 2365 ad
1133 2345 1264 2366 examen

191 2382 286 2406 vocat
314 2385 350 2406 ac
379 2382 538 2416 praeterea
561 2377 680 2407 Arabes
711 2385 997 2418 commentatores,
1029 2379 1263 2419 Themistium,

192 2419 455 2460 Theophrastum
471 2443 480 2456 ‚
526 2421 743 2452 Alexandrum
763 2445 771 2461 ,
811 2423 1008 2454 Avicennam
1024 2447 1032 2461 ‚
1071 2424 1262 2464 Algazelem.

192 2464 300 2494 Mente
315 2473 429 2494 eorum
451 2465 583 2503 detecta,
601 2466 763 2496 concludit
776 2467 941 2498 Thomas:
970 2467 1064 2504 Quod
1081 2478 1143 2498 non
1160 2469 1263 2499 solum

192 2508 314 2546 Latini,
325 2517 462 2548 quorum
474 2509 570 2540 verba
586 2510 774 2550 quibusdam
793 2521 856 2541 non
871 2513 1002 2552 sapiunt
1008 2519 1021 2549 ;
1034 2512 1091 2542 sed
1100 2518 1131 2543 et
1148 2513 1266 2544 Graeci

193 2557 224 2583 et
245 2552 371 2583 Arabes
392 2553 452 2583 hoc
473 2559 654 2591 senserunt,
672 2554 757 2595 quod
780 2555 959 2587 intellectus
978 2557 1020 2587 sit
1031 2566 1115 2597 pars
1140 2558 1190 2588 vel
1202 2567 1261 2598 po-

191 2597 304 2634 tentia,
322 2597 389 2627 sive
405 2598 507 2628 virtus
530 2599 670 2636 animae,
685 2609 769 2640 quae
792 2605 839 2630 est
861 2601 1006 2641 corporis
1018 2600 1155 2642 forma:
1180 2602 1266 2632 unde

191 2641 296 2671 miror
311 2639 443 2684 (inquit)
461 2651 502 2672 ex
524 2642 638 2683 quibus
659 2643 880 2683 Peripateticis
896 2645 982 2676 hunc
1003 2655 1146 2676 errorem
1166 2656 1201 2676 se
1214 2656 1265 2677 as-

190 2686 364 2726 sumpsisse
392 2686 593 2726 glorientur,
627 2688 690 2718 nisi
703 2687 798 2728 sorte
820 2689 897 2729 quia
925 2690 1032 2720 minus
1058 2690 1170 2721 volunt
1193 2701 1264 2721 cum

193 2731 330 2760 caeteris
357 2730 578 2771 Peripateticis
615 2737 700 2762 recte
727 2742 861 2772 sapere,
893 2743 989 2774 quam
1021 2744 1093 2765 cum
1121 2735 1266 2766 Averroe

193 2773 369 2805 aberrare:
391 2776 447 2815 qui
470 2785 533 2806 non
564 2780 630 2806 tam
645 2777 719 2817 fuit
740 2777 989 2818 Peripateticus,
1014 2788 1110 2819 quam
1134 2780 1265 2820 Peripa-

193 2819 308 2849 teticae
314 2819 538 2859 philosophiae
555 2820 760 2861 depravator.
779 2822 878 2859 Quod
894 2822 961 2853 eius
977 2830 1198 2854 commentum
1212 2824 1264 2854 de-

193 2862 291 2903 nique
305 2862 535 2903 philosophicis
558 2865 733 2896 rationibus
752 2866 930 2907 insequitur
943 2867 1065 2898 Doctor
1083 2868 1264 2908 AngelicuS.

261 2907 374 2937 Unum
396 2917 480 2938 nova
503 2908 708 2950 philosophia
732 2910 874 2950 agnoscit
896 2911 1107 2951 intellectum,
1132 2912 1188 2953 qui
1212 2923 1265 2943 co-

175 2950 318 2990 ·gnoscit
341 2957 371 2981 et
393 2951 549 2992 intelligit,
574 2961 684 2994 agente
708 2954 834 2993 reiecto,
850 2955 915 2985 sive
938 2956 1024 2987 hunc
1043 2956 1266 2987 existimaveris

193 2994 377 3025 facultatem
400 2996 439 3026 ab
461 2996 622 3029 intellectu
645 2998 771 3038 passivo
793 2999 971 3030 distinctam
996 3001 1060 3031 sive
1076 3001 1109 3031 in
1130 3011 1196 3031 uno
1214 3011 1266 3031 eo-

193 3038 332 3079 demque
347 3038 507 3071 intellectu
521 3052 654 3072 munera
669 3042 735 3073 duo
752 3043 939 3082 distinxeris,
951 3045 1156 3075 collustrandi
1166 3045 1266 3086 phan-

192 3089 337 3122 tasmata,
361 3084 545 3125 speciesque
567 3086 778 3126 intelligibiles
802 3087 973 3128 recipiendi
988 3089 1061 3119 inde
1078 3090 1264 3130 exsculptas.

194 3127 331 3166 Innatas,
356 3127 540 3159 adventitias
557 3136 588 3160 et
610 3130 741 3161 factitias
760 3131 846 3162 ideas
869 3132 1055 3164 invexerunt
1074 3133 1264 3164 Cartesiani:

193 3172 324 3202 innatas
347 3171 479 3212 quidem
501 3174 600 3204 menti
624 3182 816 3215 concreatas,
840 3177 1033 3208 adventitias
1047 3188 1084 3208 ex
1099 3178 1265 3209 occasione

194 3215 380 3246 motionum
408 3226 632 3257 corporearum
660 3229 678 3249 a
700 3219 770 3250 Deo
794 3220 828 3250 in
851 3221 944 3251 nobis
968 3222 1130 3261 excitatas,
1162 3222 1264 3253 cuius-

194 3260 284 3290 modi
308 3266 383 3290 sunt
405 3261 533 3291 sensiles
557 3270 686 3293 omnes:
712 3273 747 3294 ac
771 3264 903 3295 demum
917 3265 1079 3306 factitias,
1103 3276 1182 3307 quas
1197 3266 1265 3306 ipsa

194 3314 285 3335 mens
308 3304 423 3334 innatis
448 3312 478 3336 et
501 3306 677 3337 adventitiis
700 3307 823 3339 imbuta
842 3309 938 3340 cudit.
962 3310 1014 3340 Ad
1037 3310 1160 3340 innatas
1179 3310 1264 3340 ideas

192 3349 284 3390 quod
307 3348 431 3388 attinet,
456 3350 610 3380 Nicolaus
637 3351 888 3383 Malebranchius
913 3353 1027 3384 mentis
1046 3354 1264 3394 perceptiones

192 3393 430 3433 distinguendas
468 3394 557 3425 iubet
589 3395 627 3425 ab
658 3395 783 3426 obiecto
813 3397 994 3427 immediate
1026 3404 1175 3437 percepto
1209 3408 1264 3428 seu

193 3437 264 3468 idea
288 3437 459 3476 obiectiva;
477 3445 508 3469 et
521 3439 602 3469 hanc
619 3449 717 3470 unam
733 3440 943 3470 universalem
958 3441 1131 3479 constituit,
1149 3441 1265 3472 scilicet

193 3481 335 3512 divinam
351 3483 529 3522 essentiam,
545 3490 701 3524 quatenus
725 3494 832 3514 rerum
848 3485 997 3515 omnium
1010 3485 1081 3515 idea
1097 3485 1265 3526 archetypa

194 3532 258 3565 est,
282 3527 382 3557 menti
407 3533 525 3558 creatae
558 3527 681 3558 unitam
704 3538 740 3559 ac
763 3529 886 3559 obiecta
908 3528 1116 3569 intelligibilia
1144 3539 1264 3569 reprae-

194 3576 372 3601 sentantem
382 3582 441 3611 pro
457 3572 528 3602 data
544 3572 728 3603 motionum
743 3583 969 3613 corporearum
980 3573 1157 3604 occasione.
1174 3574 1265 3604 Hanc

193 3624 270 3645 vero
293 3615 337 3646 ita
361 3616 536 3657 expositam
567 3617 754 3657 opinionem
782 3627 849 3648 non
872 3617 965 3658 pauci
994 3618 1182 3648 arbitrantur
1211 3624 1266 3648 aut

2234 270 2389 296 ccxxxlx

1317 338 1463 368 eamdem
1486 347 1553 368 esse
1583 344 1638 368 aut
1665 338 1771 368 reduci
1796 348 1890 378 posse
1913 338 1953 368 ad
1967 338 2055 368 illam
2068 338 2236 369 Alexandri
2260 339 2386 379 Aphro-

1317 382 1431 420 disaei,
1456 382 1511 423 qui
1535 389 1680 422 agentem
1709 382 1905 413 intellectum
1933 392 2000 412 non
2023 382 2121 412 alium
2150 383 2294 414 censebat
2326 383 2386 414 nisi

1316 426 1511 456 intellectum
1531 426 1675 457 divinum
1689 437 1707 457 a
1725 437 1791 468 quo
1817 427 1922 457 omnis
1945 426 2153 467 proficiscitur
2171 427 2285 464 mentis
2303 438 2387 458 crea-

1317 476 1366 500 tae
1389 470 1590 501 illuminatio.
1616 472 1703 502 Haec
1726 478 1895 512 systemata
1918 471 2013 511 longe
2028 470 2175 501 differunt
2198 481 2217 501 a
2235 471 2390 502 sententia

1317 514 1415 544 sancti
1439 515 1602 553 Thomae,
1626 515 1682 556 qui
1707 516 1799 546 docet
1814 515 2074 554 constantissime
2097 515 2176 546 nihil
2200 515 2323 547 esse-in
2343 516 2390 546 in-

1316 558 1454 595 tellectu,
1477 559 1556 600 quin
1580 560 1667 600 prius
1690 559 1831 590 fueritin
1846 570 1952 591 sensu.
1976 560 2058 590 Rem
2074 559 2154 590 hanc
2171 559 2228 590 sibi
2256 560 2388 590 demon-

1317 603 1476 632 strandam
1499 604 1676 644 adsumpsit
1700 604 1833 634 Ioannes
1853 604 2001 642 Lockius,
2021 604 2077 645 qui
2096 604 2188 644 plura
2208 604 2301 635 docet
2322 614 2389 634 non

1317 646 1426 687 paucis
1449 648 1722 687 praestantissimis
1745 648 1946 689 philosophis
1969 648 2154 688 gratissima,
2171 648 2210 679 ab
2233 648 2388 688 Angelico

1317 691 1427 731 utique
1455 692 1661 732 Praeceptore
1690 693 1755 723 iam
1778 699 2024 733 praeoccupata:
2053 693 2164 724 miscet
2191 693 2252 723 alia
2279 699 2389 724 tamen

1317 735 1451 775 scriptor
1474 736 1596 776 anglus,
1621 747 1702 777 quae
1722 737 1855 767 omnino
1880 737 2036 768 abludunt
2059 747 2078 767 a
2099 747 2174 768 vero
2199 747 2235 768 ac
2253 736 2390 777 periculi

1318 779 1411 819 plena
1434 787 1525 818 sunt,
1547 781 1585 811 ab
1605 781 1763 822 Aquinate
1779 781 1897 820 passim
1916 781 2090 821 profligata.
2116 782 2168 812 Ad
2186 782 2218 812 id
2237 781 2389 821 redigitur

1317 823 1484 862 negotium
1507 834 1624 863 omne,
1654 832 1690 855 ut
1713 825 1875 855 sensilium
1904 825 2103 856 obiectorum
2131 826 2389 866 perceptionibus

1318 874 1373 898 aut
1395 868 1473 898 ideis
1506 868 1628 899 imbuta
1660 879 1770 906 mens,
1804 869 2008 900 meditatione
2038 876 2068 900 et
2098 870 2279 901 coniectura
2311 870 2387 901 alias

1318 921 1431 942 omnes
1455 912 1513 942 sibi
1537 920 1700 953 comparet
1717 913 1802 943 ideas
1821 920 1852 943 et
1867 914 2093 954 perceptiones.
2119 914 2199 945 Satis
2218 924 2293 945 vero
2309 915 2387 946 haec

1319 955 1480 986 delibasse.

1691 1063 1900 1101 CAPUT
1939 1065 2016 1101 HL

1319 1155 1437 1180 Genuina
1456 1162 1517 1181 sunt
1530 1157 1664 1189 Opuscula
1678 1157 1717 1182 De
1736 1157 1808 1182 verbi
1823 1157 1900 1182 divini
1915 1163 1940 1182 et
1953 1157 2058 1182 humani
2073 1159 2222 1189 differentia,
2237 1159 2328 1192 Deque
2343 1167 2388 1184 na-

1389 1196 1445 1216 tura
1463 1191 1543 1217 verbi.
1563 1193 1627 1217 Item
1646 1192 1697 1223 illa,
1717 1200 1784 1225 quae
1802 1193 1841 1217 De
1855 1193 1975 1223 sortibus,
1991 1194 2030 1218 De
2044 1193 2141 1219 iudiciis
2160 1199 2289 1219 astrorum
2308 1200 2334 1219 et
2347 1195 2387 1219 De

1389 1227 1538 1252 aeternitate
1554 1228 1643 1252 mundi
1657 1228 1838 1253 inscribuntur.
1857 1229 1971 1253 Dubium
1985 1234 2026 1253 est
2039 1229 2203 1262 Opusculum
2217 1230 2256 1255 De
2270 1230 2329 1260 fato,
2343 1234 2390 1254 aut

1389 1267 1458 1287 certe
1477 1263 1679 1296 supposititium.

1319 1355 1341 1385 1.
1365 1348 1603 1431 Opusculo,
1628 1355 1717 1396 quod
1736 1355 1768 1385 in
1785 1356 1922 1386 editione
1936 1357 2083 1387 Romana
2099 1351 2387 1391 decimumtertium

1456 1400 1565 1430 locum
1597 1406 1699 1438 tenet,
1733 1400 1974 1441 inscribiturque
2003 1401 2054 1431 De
2081 1401 2264 1442 differentia
2288 1404 2390 1435 divini

1319 1444 1407 1475 verbi
1436 1450 1467 1475 et
1495 1445 1643 1482 humani,
1669 1445 1889 1475 testimonium
1917 1444 2083 1485 perhibent
2112 1446 2227 1476 vetusti
2254 1457 2387 1479 nomen-

1318 1488 1460 1526 clatores,
1471 1488 1648 1519 Bernardus
1665 1489 1832 1527 Guidonis,
1850 1489 2084 1520 Valleoletanus
2102 1496 2132 1521 et
2148 1497 2273 1521 sanctus
2289 1494 2390 1523 Anto-

1318 1533 1423 1563 ninus.
1442 1533 1540 1570 Quod
1554 1533 1672 1563 ibidem
1689 1534 1840 1574 sequitur,
1851 1534 1902 1564 De
1913 1539 2032 1564 natura
2053 1535 2150 1573 verbi,
2162 1545 2296 1566 numero
2313 1537 2389 1568 XIV

1319 1577 1523 1615 collocatum,
1548 1578 1750 1608 disertissima
1774 1585 1951 1609 recensetur
1974 1578 2136 1610 mentione
2160 1589 2178 1609 a
2201 1580 2389 1612 Ptolomaeo

1320 1622 1358 1651 de
1382 1622 1479 1652 Luca.
1505 1622 1634 1662 Singula
1658 1622 1782 1652 minora
1797 1623 1873 1653 haec
1890 1623 1987 1653 sancti
2002 1623 2149 1654 Thomae
2169 1623 2275 1664 Opera
2293 1635 2311 1655 a
2326 1626 2390 1656 sin-

1318 1666 1411 1706 gulis,
1436 1666 1596 1707 simulque
1616 1666 1766 1697 omnibus
1790 1677 1855 1697 non
1879 1667 1984 1697 referri
2008 1668 2310 1709 nomenclatoribus,
2330 1670 2390 1700 mi-

1319 1710 1398 1740 ratio
1423 1711 1533 1741 subeat
1556 1711 1660 1741 nulla:
1681 1711 1865 1751 Composuit
1888 1712 1974 1742 enirn
1997 1712 2099 1742 multa
2126 1712 2290 1753 Opuscula
2319 1725 2389 1745 san-

1319 1754 1477 1785 ctissimus
1492 1755 1623 1793 Doctor‚
1642 1755 1759 1785 Ioanne
1779 1756 1817 1785 de
1834 1755 1995 1786 Columna
2015 1756 2291 1797 animadvertente,
2307 1769 2392 1799 quae

1319 1809 1339 1829 a
1359 1799 1468 1830 multis
1483 1800 1515 1829 in
1535 1799 1671 1830 diversis
1687 1800 1764 1830 locis
1779 1800 1946 1831 habentur.
1972 1800 2088 1841 Aliqua
2107 1801 2202 1842 igitur
2220 1802 2390 1843 singularia

1319 1842 1484 1883 Opuscula
1507 1843 1612 1884 potuit
1635 1854 1719 1874 unus
1743 1844 1792 1874 vel
1816 1844 1892 1874 alter
1914 1851 2057 1875 veterum
2081 1846 2270 1886 scriptorum
2299 1847 2389 1887 igno-

1319 1895 1400 1918 rare:
1425 1898 1507 1929 quae
1531 1895 1637 1918 tamen
1661 1895 1814 1919 noverant
1837 1888 1907 1927 alii,
1931 1899 2054 1930 proque
2085 1890 2222 1921 foetibus
2246 1892 2392 1931 genuinis

1319 1933 1528 1963 numerabant
1550 1932 1583 1962 in
1608 1933 1765 1972 catalogis.
1791 1933 1926 1963 Duobus
1951 1933 2034 1964 hisce
2063 1944 2138 1965 vero
2162 1935 2194 1964 in
2218 1934 2390 1975 Opusculis

1319 1977 1442 2017 egregia
1465 1983 1609 2017 prostant
1632 1977 1811 2017 theologica
1834 1984 1865 2008 et
1887 1977 2109 2018 philosophica
2133 1979 2335 2011 documenta.

1387 2022 1425 2052 11.
1443 2021 1518 2052 Tria
1537 2022 1711 2052 succedunt
1729 2021 1761 2051 id
1780 2031 1879 2062 genus
1899 2022 2004 2062 Opera
2020 2023 2154 2062 minora,
2171 2024 2223 2054 De
2240 2025 2389 2063 sortibus,

1318 2065 1369 2095 De
1385 2066 1512 2097 iudiciis
1534 2072 1709 2102 astrorum,
1727 2067 1778 2097 De
1793 2067 1982 2097 aeternitate
1998 2067 2126 2098 mundi:
2145 2078 2226 2109 quae
2243 2069 2390 2100 Romana

1319 2110 1415 2140 editio
1440 2110 1564 2141 exhibet
1583 2121 1671 2141 num.
1689 2111 1789 2149 XXV,
1806 2111 1920 2150 XXVI,
1935 2112 2062 2142 XXVII.
2079 2113 2260 2143 Memorant
2283 2114 2392 2144 eadem

1318 2155 1432 2185 vetusti
1450 2155 1626 2195 scriptores,
1643 2165 1783 2196 quorum
1800 2165 1926 2185 summa
1941 2155 1973 2185 in
1994 2166 2032 2186 eo
2047 2156 2215 2187 auctoritas
2236 2164 2291 2196 est,
2303 2158 2391 2198 quod

1317 2198 1474 2230 iudicium
1489 2199 1619 2230 ferimus
1636 2200 1674 2229 de
1690 2199 1835 2239 genuinis
1851 2200 1997 2230 Thomae
2013 2200 2180 2240 OperibuS.
2198 2201 2242 2231 Io.
2254 2203 2391 2233 Ambro-

1319 2243 1356 2274 sii
1372 2243 1546 2274 Barbavara
1562 2253 1727 2274 censuram
1742 2244 1841 2274 addo:
1860 2244 1950 2281 Quae
1966 2251 2142 2285 sequuntur
2157 2244 2332 2285 Opuscula,
2343 2246 2389 2277 in-

1319 2288 1467 2329 quientis,
1490 2289 1542 2318 De
1556 2288 1706 2326 sortibus,
1723 2289 1774 2318 De
1797 2288 1923 2319 iudiciis
1938 2294 2112 2327 astrorum,
2133 2290 2183 2320 De
2198 2292 2389 2322 aeternitate

1319 2332 1442 2370 mundi,
1457 2333 1577 2373 procul
1594 2332 1688 2363 dubio
1713 2333 1863 2363 Thomam
1880 2339 2078 2374 cognoscunt
2096 2339 2270 2373 auctorem,
2289 2335 2387 2366 unde-

1319 2386 1455 2417 cumque
1476 2382 1668 2417 spectentur.

1385 2421 1530 2451 Primum
1545 2421 1595 2451 De
1613 2421 1751 2451 sortibus
1774 2421 1859 2461 apud
1875 2421 2099 2452 Ptolomaeum
2115 2423 2293 2454 Lucensem
2309 2434 2390 2454 nun-

1320 2472 1472 2505 cupatum
1496 2465 1631 2505 legimus
1655 2465 1698 2495 ad
1727 2466 1890 2496 dominum
1915 2465 2066 2496 Iacobum
2090 2467 2130 2497 de
2144 2467 2282 2509 Burgo:
2304 2469 2390 2509 apud

1319 2510 1551 2549 Logothetam‚
1586 2510 1630 2540 ad
1660 2509 1823 2540 dominum
1857 2510 2008 2541 Iacobum
2044 2511 2084 2541 de
2117 2512 2279 2553 Tolongo,
2305 2513 2391 2553 apud

1320 2554 1505 2593 Trivetum,
1529 2555 1573 2585 ad
1600 2554 1763 2585 dominum
1788 2554 1939 2585 Iacobum
1963 2555 2003 2585 de
2025 2555 2170 2586 Bonoso:
2194 2557 2280 2597 apud
2304 2557 2389 2588 codi-

1320 2608 1370 2628 ces
1389 2598 1514 2640 aliquos
1530 2609 1605 2630 mss.
1622 2599 1666 2629 ad
1687 2599 1850 2629 dominum
1873 2599 2023 2630 Iacobum
2043 2599 2083 2630 de
2097 2600 2237 2642 Borego.
2255 2602 2389 2642 Nempe,

1325 2643 1480 2684 Tolongo,
1504 2644 1643 2681 Bonoso,
1668 2643 1798 2684 Borego
1821 2643 1967 2674 videntur
1991 2650 2088 2674 errata
2107 2645 2321 2683 notariorum,
2345 2646 2390 2676 Ia-

1320 2687 1402 2718 cobo
1419 2688 1565 2718 Echardo
1581 2687 1856 2718 animadvertente.
1868 2687 1992 2718 Parisiis
2014 2688 2167 2728 scriptum
2186 2689 2390 2730 Opusculum

1321 2742 1358 2762 ex
1381 2732 1429 2762 his
1454 2732 1567 2772 collige
1590 2732 1692 2762 verbis
1716 2732 1816 2772 capite
1839 2740 1859 2763 1:
1877 2733 1997 2763 Nullus
2020 2734 2103 2763 enim
2129 2735 2160 2764 in
2187 2734 2295 2764 Gallia
2322 2736 2388 2765 exi-

1319 2782 1407 2807 stens
1428 2782 1515 2808 sorte
1540 2776 1664 2818 aliquid
1679 2777 1904 2817 inquirendum
1924 2782 2018 2807 curat
2031 2777 2071 2807 de
2092 2778 2150 2815 his,
2171 2788 2253 2818 quae
2271 2778 2315 2809 ad
2333 2779 2387 2809 In-

1320 2821 1378 2851 dos
1394 2823 1571 2861 pertinent.
1599 2822 1634 2852 In
1659 2821 1745 2851 Italia
1769 2831 1893 2851 moram
1917 2821 1942 2851 si
1966 2822 2125 2860 traxisset,
2151 2832 2263 2853 eorum
2294 2831 2385 2862 certe,

1321 2865 1376 2906 qui
1399 2866 1433 2895 in
1457 2866 1544 2896 Italia
1568 2866 1731 2906 degebant,
1757 2866 1938 2906 exemplum
1962 2866 2148 2897 adduxisset.

1387 2910 1487 2940 Fratri
1510 2911 1685 2951 Reginaldo
1710 2910 1748 2940 de
1764 2910 1913 2940 Priverno
1937 2909 2093 2950 inscripsit
2108 2911 2242 2941 alterum
2265 2911 2387 2941 amicis-

1321 2953 1420 2984 simus
1444 2955 1597 2986 Thomas.
1625 2954 1806 2986 Consilium
1829 2954 1942 2994 Operis
1970 2954 2071 2994 prima
2102 2955 2247 2994 pandunt
2273 2956 2386 2986 verba:

1324 3012 1338 3026 ⁴
1358 2999 1442 3036 Quia
1465 2999 1570 3039 petisti
1593 3006 1629 3030 ut
1651 2999 1707 3030 tibi
1731 2999 1908 3037 scriberem,
1932 3009 1974 3029 an
1999 2999 2108 3029 liceret
2131 2999 2256 3030 iudiciis
2284 3005 2386 3030 astro-

1323 3055 1337 3069 »
1357 3053 1430 3073 rum
1448 3045 1505 3081 uti,
1522 3044 1667 3084 petitioni
1690 3050 1762 3074 tuae
1777 3042 1950 3073 satisfacere
1966 3043 2086 3082 volens,
2103 3053 2139 3073 ea
2162 3054 2243 3084 quae
2260 3055 2278 3074 a
2295 3044 2387 3075 sacris

1322 3099 1336 3114 »
1356 3087 1548 3118 Doctoribus
1564 3098 1659 3128 super
1674 3088 1735 3118 hoc
1754 3087 1929 3125 traduntur,
1947 3087 2078 3118 scribere
2100 3088 2215 3118 curavi.
2229 3099 2243 3115 »
2264 3089 2389 3119 Statum

1320 3131 1457 3172 denique
1490 3132 1683 3173 quaestionis
1707 3132 1831 3172 accipe,
1856 3142 1954 3172 quam
1977 3132 2068 3162 tertio
2092 3132 2124 3162 in
2149 3132 2315 3172 Opusculo
2339 3133 2387 3164 De

1302 3176 1432 3208 ,mundi
1454 3177 1633 3207 aeternitate
1649 3177 1689 3206 ad
1712 3186 1841 3206 examen
1860 3182 1970 3206 vocat:
1990 3189 2005 3203 «
2019 3175 2193 3216 Supposito
2212 3177 2387 3208 secundum

1322 3233 1336 3247 »
1346 3220 1450 3261 fidem
1471 3221 1658 3251 catholicam
1685 3221 1843 3251 mundum
1874 3220 1912 3250 ab
1941 3227 2067 3251 aeterno
2091 3231 2158 3251 non
2177 3220 2290 3260 fuisse,
2309 3222 2389 3252 sicut

1322 3277 1336 3291 »
1357 3265 1488 3304 quidam
1511 3264 1695 3305 philosophi
1725 3271 1859 3295 errantes
1883 3271 2077 3304 posuerunt:
2102 3265 2156 3295 sed
2180 3266 2269 3306 quod
2294 3275 2387 3295 mun-

1321 3320 1336 3335 »
1356 3309 1415 3338 dus
1432 3309 1606 3339 durationis
1620 3309 1747 3339 initium
1762 3308 1916 3346 habuerit,
1937 3308 2017 3339 sicut
2032 3309 2191 3349 Scriptura
2205 3319 2290 3340 sacra
2305 3319 2387 3350 quae

1321 3364 1336 3378 »
1356 3352 1421 3382 falli
1444 3363 1511 3382 non
1534 3359 1649 3392 potest,
1669 3359 1815 3390 testatur;
1836 3353 1989 3383 dubitatio
2013 3360 2101 3383 mota
2120 3360 2176 3391 est,
2201 3359 2309 3383 utrum
2327 3364 2386 3394 po-

1322 3408 1336 3423 »
1357 3398 1454 3426 tuerit
1475 3406 1601 3436 semper
1614 3397 1733 3437 fuisse.
1752 3396 1853 3427 Cuius
1870 3397 2073 3427 dubitationis
2097 3403 2133 3427 ut
2155 3397 2267 3428 veritas
2291 3398 2386 3437 expli-

1322 3452 1336 3466 »
1357 3446 1443 3470 cetur
1473 3440 1577 3480 primo
1609 3440 1868 3480 distinguendum
1896 3447 1943 3471 est
1970 3440 2047 3481 quid
2071 3447 2136 3479 est,
2160 3441 2193 3471 in
2221 3452 2287 3482 quo
2312 3452 2388 3472 cum

1322 3496 1337 3510 »
1358 3484 1532 3514 dicentibus
1565 3484 1757 3515 contrarium
1790 3484 1996 3514 convenimus
2020 3491 2051 3515 et
2073 3485 2151 3525 quid
2179 3492 2225 3516 est
2247 3486 2327 3516 illud
2353 3486 2388 3516 in

1322 3541 1337 3555 »
1357 3538 1422 3568 quo
1447 3528 1485 3558 ab
1510 3528 1553 3558 eis
1577 3528 1758 3559 differimus.
1776 3528 1808 3558 Si
1831 3528 1916 3558 enim
1939 3528 2140 3568 intelligatur,
2160 3530 2245 3570 quod
2262 3530 2387 3571 aliquid

1322 3584 1336 3599 >
1350 3578 1485 3612 praeter
1506 3573 1611 3603 Deum
1629 3573 1774 3613 potuerit
1795 3582 1920 3613 semper
1934 3572 2055 3613 fuisse,
2080 3573 2170 3614 quasi
2194 3574 2295 3614 possit
2317 3584 2385 3605 esse

1322 3628 1336 3643 »
1357 3616 1476 3658 aliquid
1499 3623 1661 3647 aeternum
1684 3623 1805 3658 praeter
1828 3627 1914 3656 eum,
1934 3618 1972 3647 ab
1997 3627 2035 3648 eo
2059 3628 2125 3648 non
2149 3618 2285 3658 factum;
2301 3628 2387 3649 error
