2788 4204
1065 268 1177 305 CAP.
1207 269 1370 317 XXXII,
1400 270 1550 307 LECT.
1581 271 1703 307 XLIII

47 359 55 367 ·
73 362 119 382 oa:
136 357 263 378 resolutio—
291 346 421 383 clusio.
451 347 573 383 Vocat
592 353 720 382 autem
750 346 1021 383 resolutionem
1042 348 1073 394 ²²²,
1096 347 1248 395 quando
1268 359 1356 394 pro-

49 389 91 404 nes
95 399 101 404 .

49 463 60 474 ⁸
74 462 142 484 Alias
157 469 205 484 om.
216 469 239 484 o.

50 779 262 805 Ἀεεηέηιςιιοπι.

48 879 59 890 '
74 879 138 901 Ideo.
152 886 231 902 orna.

47 985 88 1006 'n

95 992 100 1006 :
116 985 214 1007 Deinde.

42 1949 55 1959 ⁴
77 1948 209 1971 Immediat.
232 1955 261 1970 cx

42 1974 122 2024 ξειὶέἐ,
129 1981 179 1998 exc.
188 1981 214 2003 Q,
220 1975 260 2004 qui

40 2323 52 2334 ⁴
59 2322 143 2350 Codd.,
149 2329 200 2345 exc.
206 2329 258 2349 qs.-

39 2355 76 2375 Ι’0.

40 2381 83 2398 om

82 2357 88 2371 :
116 2352 223 2378 oportet,·
249 2357 260 2371 s

141 2487 161 2514 Χ

142 2587 160 2623 ψ

288 400 497 449 positiones
529 407 745 448 assumptae
780 411 857 435 non
890 407 977 435 sunt
1009 400 1249 446 manifestae,
1289 401 1356 437 sed

291 460 440 502 oportet
469 465 532 489 eas
561 454 750 489 resolvere
779 452 817 488 in
846 452 936 488 alias
953 454 972 473 ’²‘
1001 453 1285 491 manifestiores.
1308 454 1356 490 Et

291 506 394 554 quod
427 507 503 543 hoc
536 507 581 542 sit
617 505 850 554 impossibile
887 506 1041 553 probat,
1071 506 1160 555 quia
1192 513 1354 556 utroque

290 559 409 596 modo
438 559 620 608 principia
639 558 1027 595 demonstrativorum
1047 559 1354 607 syllogismorum

290 620 377 649 sunt
403 612 646 661 immediatae
678 612 979 660 propositiones,
1014 624 1111 660 quae
1140 614 1201 650 vel
1230 615 1354 651 statim

291 673 536 702 assumuntur
563 665 601 702 in
625 665 831 701 manifestis
864 665 1151 702 mathematihus
1179 666 1258 704 sive
1288 667 1354 704 do-

291 718 433 765 ctrinis,
468 719 530 755 vel
564 718 612 754 ad
642 730 705 754 eas
739 718 938 754 devenitur
968 731 1038 767 per
1069 720 1352 757 resolutionem.

289 771 475 808 Videmus
496 778 622 807 autem
645 772 664 792 '³⁴
694 771 798 820 quod
815 771 1094 809 demonstratur
1113 773 1184 809 alia
1205 775 1354 810 conclu-

290 823 358 871 sio,
380 831 624 873 coassumpta
651 824 872 861 immediata
904 825 1164 874 propositione
1194 826 1276 864 alia.
1307 828 1356 863 Et

289 877 376 914 ideo
398 879 418 899 '⁴¹‘
446 890 525 915 non
544 885 669 926 potest
697 890 778 914 esse
809 878 913 926 quod
934 891 978 915 ex
998 879 1167 928 quolibet
1196 879 1354 916 demon-

290 938 426 967 stretur
453 931 659 979 quodlibet.

349 996 406 1020 ιι.
442 985 730 1032 Consequenter
751 985 770 1004 ’¹‘
796 997 884 1021 cum
914 984 1015 1021 dicit:
1046 985 1088 1021 Si
1112 990 1237 1021 autem
1257 986 1357 1022 dicat

289 1036 424 1085 aliquis
452 1045 534 1083 etc.‚
557 1037 719 1074 excludit
738 1037 947 1086 quamdam
968 1038 1238 1074 obviationem.
1262 1039 1352 1074 Pos—

290 1096 346 1126 set
380 1090 482 1127 enim
518 1090 651 1139 aliquis
681 1090 804 1127 dicere
837 1091 949 1139 quod>
975 1091 1114 1138 duplex
1147 1098 1202 1126 est
1235 1103 1354 1138 genus

288 1142 597 1180 immediatamm
611 1143 936 1192 propositionum:
949 1145 1139 1192 quaedam
1152 1143 1253 1179 enim
1269 1152 1355 1180 sunt

288 1194 531 1232 immediatae
550 1196 831 1244 propositiones
850 1196 1007 1245 primae,
1030 1203 1066 1232 et
1084 1195 1274 1244 quaedam
1298 1208 1354 1232 se-

289 1248 450 1295 cundae,
470 1249 520 1286 ita
548 1250 653 1298 quod
681 1250 886 1298 accipiatur
918 1250 1012 1286 ordo
1046 1248 1353 1285 immediatarum

288 1302 595 1350 propositionum
631 1303 843 1340 secundum
879 1302 1053 1339 ordinem
1091 1301 1352 1338 terminorum.

289 1354 407 1406 Nam&
425 1355 507 1393 illae
526 1355 807 1405 propositiones
830 1354 1074 1391 immediatae
1098 1360 1114 1374 τ
1136 1367 1234 1404 quae
1265 1367 1354 1391 con-

283 1406 424 1444 'sistunt
443 1409 481 1445 in
495 1409 663 1445 terminis
677 1408 809 1457 primis
831 1415 866 1443 et
886 1407 1167 1454 communibus,
1185 1408 1280 1444 sicut
1300 1416 1354 1445 est

289 1472 354 1498 ens
374 1468 411 1497 et
428 1474 502 1498 non
523 1473 599 1507 enS,
615 1461 772 1509 aequale
791 1467 828 1496 et
843 1460 1050 1509 inaequale,
1067 1466 1182 1497 totum
1204 1468 1238 1497 et
1246 1473 1352 1509 pars,

289 1520 376 1550 sunt
393 1514 539 1562 primae
557 1521 593 1550 et
607 1516 627 1536 ‘¹‘
647 1513 890 1551 immediatae
914 1514 1209 1563 propositiones;
1229 1522 1271 1551 ut
1289 1515 1351 1562 **,

231 1586 236 1600 =
288 1578 364 1604 non
383 1567 568 1617 contingit
580 1568 676 1604 idem
696 1580 773 1604 esse
792 1572 828 1603 et
845 1579 918 1604 non
939 1579 1032 1613 esse,
1055 1575 1101 1615 et,
1122 1579 1218 1615 quae
1238 1568 1304 1604 uni
1320 1575 1357 1605 et

193 1621 198 1626 “
222 1632 237 1672 ².
288 1620 407 1656 eidem
426 1626 514 1658 sunt
525 1621 715 1669 aequalia,
735 1621 807 1657 sibi
824 1620 982 1657 invicem
1000 1626 1088 1657 sunt
1106 1620 1296 1668 aequalia,
1319 1629 1355 1658 et

191 1675 199 1684 ’
231 1675 236 1681 ’
288 1673 435 1710 similia.
454 1674 701 1711 Immediatae
718 1681 845 1710 autem
859 1673 1139 1722 propositiones
1155 1686 1252 1722 quae
1269 1682 1355 1711 sunt

289 1726 388 1763 circa
414 1727 643 1775 posteriores
670 1727 853 1764 terminos
883 1734 919 1763 et
946 1727 1072 1763 minus
1102 1739 1352 1774 communes,

288 1786 376 1816 sunt
403 1781 593 1817 secundae
626 1786 640 1801 ⁰
669 1789 843 1829 respectu
870 1779 1097 1829 primarum3
1128 1779 1223 1816 sieut
1250 1781 1355 1829 quod

288 1833 502 1882 triangulus
529 1839 584 1870 est
597 1835 748 1883 figura,
768 1836 830 1871 vel
850 1833 956 1882 quod
980 1834 1092 1870 homo
1121 1838 1175 1870 est
1199 1834 1352 1870 animal.

287 1886 419 1923 Potest
447 1898 536 1934 ergo
565 1887 697 1935 aliquis
727 1887 850 1924 dicere
871 1886 976 1935 quod
1000 1886 1190 1923 secundae
1214 1898 1353 1936 propo-

288 1939 442 1976 sitiones
472 1939 714 1977 immediatae
735 1941 754 1959 *
786 1947 1078 1977 coassumuntur
1107 1939 1155 1976 ad
1185 1940 1352 1977 diversas

288 1993 552 2030 conclusiones
585 1993 920 2040 demonstrandas;
955 1993 1022 2030 sed
1049 1992 1195 2041 primae
1214 2005 1354 2042 propo-

287 2046 441 2083 sitiones
469 2046 712 2083 immediatae
741 2054 828 2083 sunt
856 2047 1014 2083 eaedem
1035 2045 1072 2082 in
1092 2045 1270 2083 omnibus
1291 2047 1354 2083 de-

287 2099 637 2136 monstrationibus.

340 2153 390 2189 Et
417 2152 504 2190 ideo
533 2152 583 2189 ad
611 2153 686 2189 hoc
715 2153 994 2190 excludendum
1019 2152 1107 2188 dicit
1126 2156 1141 2181 Ρ
1169 2152 1292 2200 quod,
1322 2153 1352 2189 si

287 2205 421 2255 aliquis
441 2207 540 2243 dicat
557 2205 700 2254 primas
725 2205 963 2243 immediatas
982 2205 1260 2254 propositiones
1286 2206 1353 2242 has

287 2271 369 2296 esse
398 2259 459 2296 illa
485 2259 669 2308 principia
698 2271 743 2295 ex
772 2259 908 2308 quibus
938 2258 1067 2295 omnia
1093 2259 1354 2296 demonstran-

286 2319 358 2360 tur,
380 2313 619 2350 considerare
645 2313 758 2350 debet
773 2314 793 2334 ³¹²
813 2313 919 2361 quod
937 2312 1182 2349 nihilominus
1202 2312 1239 2348 in
1258 2325 1353 2348 uno-

287 2377 441 2415 quoque
461 2378 598 2414 genere
619 2373 768 2414 oportet
797 2378 878 2402 esse
896 2377 1018 2402 unum
1041 2365 1268 2414 principium
1291 2366 1353 2402 vel

285 2431 406 2456 unam
424 2419 726 2468 propositionem
747 2418 1020 2464 immediatam,
1040 2419 1206 2467 primam
1234 2418 1272 2454 in
1291 2418 1352 2456 illo

286 2470 435 2519 genere,
457 2484 535 2509 non
554 2471 719 2521 primam
748 2472 966 2520 simpliciter
983 2477 1018 2518 Χ;
1049 2479 1085 2507 et
1104 2473 1208 2520 quod
1228 2483 1272 2508 ex
1292 2471 1353 2508 illa

287 2537 386 2573 quae
407 2532 462 2562 est
487 2525 612 2573 prima
639 2525 877 2574 simpliciter,
899 2532 1143 2573 coassumpto
1163 2526 1233 2561 isto
1251 2525 1352 2573 prin-

287 2577 385 2627 cipio
400 2578 555 2626 proprio
567 2576 583 2606 Ψ
602 2578 822 2616 huiusmodi
842 2578 1000 2626 generis,
1017 2578 1206 2626 oportebit
1221 2577 1259 2614 in
1277 2579 1352 2615 hoc

285 2643 424 2680 genere
452 2631 715 2669 demonstrari.
737 2633 786 2668 Et
813 2631 863 2667 ita
890 2643 969 2668 non
989 2644 1034 2668 ex
1062 2631 1150 2668 solis
1179 2643 1352 2668 commu-

285 2685 397 2722 nibus
423 2684 616 2734 principiis
643 2692 804 2734 possunt
831 2684 961 2721 omnia
991 2684 1258 2730 demonstrari;
1284 2685 1352 2722 sed

338 2835 365 2870 τ)
381 2835 453 2860 Nam
473 2836 534 2861 illae
547 2835 920 2867 propositiones.·-ADEMN:
938 2836 1009 2860 Nam
1029 2836 1090 2860 illae
1103 2836 1210 2868 primae
1225 2843 1334 2868 propos.
1344 2843 1352 2864 ,-

286 2871 322 2901 Q:
337 2871 408 2895 Nam
419 2871 480 2896 illae
485 2871 593 2903 primae
608 2870 778 2895 immediatae
786 2874 856 2900 sunt,
872 2878 939 2903 quae
949 2876 997 2896 etc.
1007 2885 1026 2890 -
1036 2871 1154 2904 Denique
1165 2872 1239 2896 codd.
1250 2879 1351 2902 omnes,

285 2913 339 2931 exc.
359 2906 397 2936 Q:
411 2906 610 2938 propositiones
629 2906 806 2931 immediatae.
825 2907 845 2930 P
858 2914 911 2931 orn.
926 2907 1102 2935 immediatae,
1117 2907 1187 2939 quod
1205 2912 1293 2931 tamen
1305 2915 1350 2931 vo-

285 2941 407 2966 cabulum
425 2949 479 2966 non
497 2942 698 2973 incongruenter
721 2941 762 2966 hic
781 2942 918 2973 apponitur
942 2942 1011 2966 iuxta
1029 2941 1141 2966 sormam
1165 2942 1287 2974 loquendi
1307 2942 1351 2966 ad-

284 2976 392 3001 hibitam
410 2981 466 3001 tum
484 2977 510 3000 in
529 2975 741 3009 praecedentibus
760 2981 816 3001 tum
836 2977 862 3001 in
882 2977 1110 3009 subsequentibus.

338 3010 365 3046 u)
385 3012 422 3036 Et
440 3011 527 3036 minus
543 3010 658 3036 etc.—O:
668 3011 865 3043 propositiones
883 3012 1014 3037 secundae
1032 3015 1095 3036 sunt
1112 3012 1210 3037 circa...
1225 3015 1251 3037 et
1265 3013 1351 3037 minus

285 3049 348 3072 sunt
365 3053 516 3071 communes
531 3047 693 3079 posteriores
712 3049 830 3078 respectu
846 3047 1036 3078 primarum-
1050 3048 1099 3071 Alii
1118 3047 1193 3072 codd.
1208 3047 1277 3079 (exc.
1296 3048 1351 3080 T):

284 3085 349 3107 sunt
358 3082 523 3114 posteriores
541 3085 659 3113 respectu
674 3081 827 3113 primarum
842 3082 883 3113 (A,
894 3082 1120 3113 praemissarum,·
1135 3082 1169 3112 Q,
1178 3083 1352 3115 primorum).

339 3116 368 3151 φ)
385 3117 459 3142 Dicit
473 3122 521 3142 etc.
530 3130 550 3135 ——
559 3117 596 3142 0:
611 3117 676 3142 dicit
690 3117 796 3148 primas
811 3117 978 3142 immediatas
987 3118 1184 3149 propositiones
1197 3118 1293 3143 habere
1306 3118 1352 3142 illa

282 3153 426 3186 principia,
441 3159 479 3177 ex
497 3152 589 3184 quibus
608 3158 668 3182 etc.;
688 3152 749 3182 GQ:
758 3152 864 3183 primas
883 3155 909 3177 et
927 3152 1103 3178 immediatas.

339 3187 369 3222 χ)
389 3188 450 3212 Non
465 3188 584 3219 primam
603 3187 851 3219 simplicium-Est
869 3187 943 3212 lectio
967 3188 1054 3218 codd.,
1078 3196 1131 3213 exc.
1150 3187 1215 3218 MQ;
1240 3189 1273 3212 P:
1299 3195 1351 3212 non

281 3223 401 3255 primam
420 3223 528 3247 omnino
546 3223 714 3255 simplicitet-,¹
728 3222 753 3246 M
773 3229 825 3246 om.
840 3222 926 3252 verba,
937 3223 1056 3255 primam
1071 3223 1097 3248 in
1118 3223 1162 3247 illo
1180 3230 1286 3255 genere,
1300 3230 1351 3247 non

282 3258 416 3291 primam:
435 3259 482 3282 sed
501 3262 541 3283 est
558 3266 636 3291 grave
655 3257 793 3288 mendum,
812 3262 840 3282 ut
857 3262 936 3290 patet.
961 3259 988 3289 Q
1003 3266 1057 3283 om.
1077 3263 1132 3282 tum
1155 3258 1277 3288 omnino,
1297 3263 1351 3282 tum

285 3294 336 3319 sim
355 3293 450 3319 liciter.

334 3302 369 3363 Ixia)
393 3330 566 3360 coassumpto
591 3328 641 3353 isto
662 3327 798 3360 principio
818 3328 940 3360 proprio.
954 3341 974 3346 —
987 3329 1023 3353 Ita
1046 3328 1157 3360 legimus
1183 3336 1242 3352 cum
1262 3328 1351 3357 codd.,

288 3373 342 3390 exc.
361 3364 446 3394 HOQ,
466 3363 510 3396 qui
530 3368 616 3388 tamen
636 3363 717 3396 magis
731 3371 790 3387 cum
809 3363 864 3387 aliis
880 3363 954 3388 codd.
974 3368 1042 3388 stant
1061 3371 1140 3395 quam
1159 3370 1218 3387 cum
1233 3363 1265 3387 P:
1278 3370 1352 3388 coas-

286 3403 393 3431 sumpto
412 3399 462 3424 isto
477 3399 612 3430 principio
632 3398 784 3423 huiusmodi
800 3398 919 3431 generis5
938 3399 976 3424 H:
991 3398 1126 3430 principio
1141 3398 1246 3430 primm·
1260 3398 1284 3422 Ο
1298 3406 1351 3422 om.

288 3436 352 3464 isto‚·
372 3435 410 3465 Q:
426 3434 561 3466 principio
582 3434 744 3466 propinquo.
763 3433 800 3459 T:
820 3433 895 3459 istius
913 3434 1028 3466 generis.
1047 3433 1147 3458 Omnes
1166 3438 1253 3458 autem
1277 3433 1351 3458 codd.

287 3471 377 3503 legunt
390 3470 536 3502 oportebit5
550 3470 583 3496 P:
598 3469 744 3501 oportebat.

341 3505 373 3539 ω)
397 3505 554 3536 Coaccipere
567 3504 684 3536 propria
702 3509 750 3528 etc.
763 3516 783 3523 --
799 3503 955 3535 Coaccipere
968 3504 1065 3536 optime
1084 3503 1180 3528 habent
1198 3503 1282 3534 codd.,
1297 3510 1350 3527 exc.

287 3541 346 3572 AQ,
362 3540 527 3565 cohaerenter
541 3540 573 3564 ad
592 3540 741 3572 praemissa,
755 3542 922 3570 coassumpto
937 3544 994 3570 etc-3
1009 3538 1070 3568 PQ:
1085 3539 1218 3570 accipere;
1237 3539 1259 3562 Α
1278 3545 1352 3563 coas-

287 3583 400 3601 sumere.
414 3590 431 3595 -
445 3576 509 3600 Item
528 3583 588 3600 curn
607 3574 728 3599 omnibus
747 3574 877 3598 codicibus
897 3574 1007 3606 legimus
1026 3581 1093 3607 quae
1110 3577 1174 3599 sunt
1191 3573 1298 3599 diversa
1311 3573 1352 3598 di-

287 3619 435 3637 versorum.
448 3612 483 3636 P:
497 3618 564 3644 quae
582 3613 644 3635 sunt
662 3610 830 3635 diversorum
848 3616 985 3642 generum.

2400 276 2473 324 317

1412 356 1559 396 oportet
1578 350 1796 398 coaccipere
1816 351 1971 399 propria
1985 357 2014 399 ω,
2032 363 2128 400 quae
2149 359 2235 388 sunt
2253 353 2399 390 diversa
2419 354 2472 391 di-
2594 373 2615 388 ω

1410 413 1610 439 versorum
1638 403 1669 439 ³¹³.

1470 467 1527 492 12.
1551 456 1838 505 Consequenter
1850 458 1869 478 *
1885 469 1973 493 cum
1989 456 2092 494 dicit:
2114 458 2156 494 Si
2171 470 2261 495 vero
2286 470 2404 507 neque
2422 471 2472 496 ex
2498 472 2508 482 ⁸
2522 478 2548 493 a:
2562 472 2662 494 Deinde.

1410 508 1582 545 omnihus
1602 517 1683 557 etc.‚
1706 510 1856 546 excluso
1885 511 1996 546 stulto
2025 510 2212 547 intellectu
2238 511 2434 559 positionis
2451 514 2470 534 ²⁹
2493 516 2681 570 ἓξὲξ-Μαι

1411 568 1541 597 contra
1560 574 1676 610 quam
1706 562 1925 611 disputatur,
1947 564 2136 601 concludit
2153 565 2409 613 propositum;
2435 573 2471 602 et
2588 560 2593 565 ’

1411 614 1499 650 dicit
1518 616 1634 662 quod,
1651 616 1680 652 si
1700 628 1778 651 non
1798 616 1943 653 dicatur
1962 617 2067 664 quod
2096 617 2292 665 quodlibet
2311 619 2469 654 demon-

1410 673 1544 703 stretur
1572 680 1616 704 ex
1645 669 1824 717 quolibet,
1845 669 1940 706 sicut
1968 682 2065 718 opus
2085 678 2140 707 est
2164 670 2288 707 dicere
2316 678 2471 719 propter

1409 720 1634 768 praemissa,
1657 722 1824 770 sequitur
1852 724 1956 771 quod
1984 735 2054 759 nee
2074 723 2127 760 sic
2147 735 2191 759 ex
2210 724 2405 772 principio,
2424 736 2468 761 ex

1410 785 1487 821 quo
1526 775 1760 811 concluditur
1778 776 1872 812 haec
1893 776 2096 823 conclusio,
2118 777 2363 814 concludatur
2381 778 2468 814 alte-

1410 837 1450 861 ra
1463 827 1494 872 ²³3
1506 826 1673 875 alioquin
1685 840 1729 864 ex
1745 829 1912 876 quolibet
1931 830 2250 866 demonstraretur
2268 830 2468 879 *ssquodli-
2495 838 2533 884 ’ᾖ
2551 840 2575 876 32¹
2597 845 2616 859 ⁵-
2635 845 2666 860 ¹¹¹·
2680 846 2706 860 ¹³2

1410 878 1482 915 bet.
1496 879 1606 916 Unde
1622 893 1776 917 necesse
1789 888 1843 917 est
1858 882 1961 930 quod
1977 882 2211 919 diversarum
2226 883 2467 921 scientiarum
2494 870 2709 938 {³¹33}0⁵35¹-¹}¹3f

1410 932 1482 968 sint
1505 932 1654 969 diversa
1673 934 1873 982 principia,
1894 934 1924 970 si
1944 942 2090 983 oportet
2108 941 2143 956 αα
2168 937 2271 984 quod
2295 938 2467 973 omnium
2495 924 2548 964 ’ω’-’ἶ
2589 923 2706 939 mmm*

1410 985 1651 1022 scientiarum
1669 986 1853 1034 principia
1877 987 1949 1023 sint
1967 987 2078 1024 unius
2097 989 2242 1034 generis
2269 989 2347 1037 his,
2369 1002 2466 1039 quae

1411 1050 1455 1073 ex
1476 1038 1529 1074 eis
1557 1039 1883 1085 demonstrantur;
1910 1040 1976 1076 sed
1996 1041 2184 1088 oportebit
2202 1043 2307 1090 quod
2327 1055 2371 1079 ex
2389 1043 2467 1080 istis

1409 1090 1599 1138 principiis
1633 1092 1938 1129 demonstrentur
1965 1093 2036 1128 hae
2066 1094 2337 1141 conclusiones,
2360 1103 2395 1132 et
2423 1108 2467 1132 ex

1410 1143 1479 1179 illis
1508 1144 1590 1179 illae
1610 1144 1643 1189 ³²³,
1666 1156 1710 1180 ex
1739 1145 1897 1182 diversis
1926 1145 2063 1181 scilicet
2090 1147 2280 1194 principiis
2309 1149 2466 1185 demon-

1411 1195 1588 1232 stratione
1608 1196 1705 1233 facta
1724 1197 1761 1233 in
1782 1197 1939 1234 diversis
1960 1199 2132 1245 scientiis,
2154 1211 2251 1247 quae
2272 1208 2357 1237 sunt
2377 1202 2423 1238 de
2445 1203 2465 1223 *²

1411 1248 1568 1285 diversis
1596 1249 1807 1296 generibus.

1470 1302 1526 1338 13.
1557 1302 1726 1339 Tertiam
1762 1303 1947 1339 rationem
1979 1303 2086 1352 ponit
2114 1304 2184 1340 ibi:
2219 1306 2467 1353 Manifestum

1409 1360 1534 1391 autem
1562 1356 1633 1391 hoc
1656 1362 1710 1392 est
1727 1362 1814 1403 etc.,
1841 1363 1876 1392 et
1904 1356 1991 1393 dicit
2021 1357 2124 1405 quod
2144 1358 2385 1394 manifestum
2415 1366 2469 1395 est

1411 1407 1523 1444 etiarn
1540 1409 1559 1429 ’¹‘
1580 1408 1651 1444 alio
1673 1409 1790 1445 modo
1812 1410 1916 1457 quod
1934 1422 2013 1446 non
2033 1410 2212 1457 contingit
2229 1411 2314 1457 hoc,
2332 1410 2469 1448 scilicet
2496 1417 2504 1426 ·
2518 1423 2545 1437 ⁰³
2564 1419 2601 1438 ω
2620 1420 2657 1443 εἰ·
2675 1425 2703 1439 0³

2495 1445 2531 1464 est
2550 1443 2609 1469 hoc,·
2624 1450 2653 1469 q:
2669 1447 2708 1466 est

2495 1475 2539 1494 ειη
2559 1470 2596 1491 alii
2617 1477 2665 1492 om.
2681 1477 2704 1492 e-

2496 1496 2560 1516 tiam.

2496 1523 2505 1531 '¹
2515 1522 2600 1543 Codd.·
2609 1529 2632 1544 p:
2644 1525 2705 1544 sunt.

2495 1548 2506 1559 ⁸
2521 1548 2590 1570 Num.
2605 1555 2625 1577 5.

2498 418 2591 440 ⁸Cf.cit.
2598 419 2648 440 lect.
2657 426 2713 441 xvu.

2583 980 2618 996 αα

2493 1160 2504 1170 “
2518 1159 2592 1181 Codd.
2603 1161 2659 1181 (exe.
2668 1162 2703 1185 ul:

2493 1186 2543 1207 illa.

2494 1214 2501 1222 ·
2517 1219 2542 1233 Ατ
2557 1218 2595 1233 ex.

1410 1461 1515 1510 quod
1535 1462 1670 1498 eadem
1690 1462 1762 1498 sint
1778 1463 1797 1483 '¹‘
1815 1462 1998 1511 principia
2018 1463 2191 1499 omnium
2212 1463 2467 1510 scientiarum;

1409 1514 1498 1562 quia
1518 1523 1713 1551 ostensum
1734 1523 1789 1551 est
1808 1528 1922 1564 supra
1941 1516 1961 1536 '¹‘
1976 1516 2081 1564 quod
2101 1516 2338 1553 diversorum
2357 1528 2468 1564 gene-

1410 1579 1495 1604 rum
1533 1576 1619 1604 sunt
1654 1568 1837 1617 principia
1875 1569 2024 1606 diversa
2056 1581 2204 1616 genere.
2240 1570 2350 1606 Unde
2380 1583 2468 1607 curn

1410 1620 1580 1657 diversae
1610 1621 1786 1657 scientiae
1819 1621 1891 1658 sint
1919 1622 1965 1659 de
1996 1621 2152 1658 diversis
2180 1623 2391 1670 generibus,
2412 1636 2468 1659 se-

1410 1673 1535 1722 quitur
1571 1675 1676 1722 quod
1715 1674 1864 1711 diversa
1899 1674 2083 1723 principia
2121 1675 2193 1711 sint
2231 1675 2467 1712 diversarum

1410 1727 1661 1764 scientiarum.
1689 1727 1765 1764 Sed
1785 1728 1873 1775 quia
1893 1727 2182 1776 quodammodo
2204 1729 2339 1765 eadem
2366 1729 2468 1777 prin-

1410 1780 1506 1829 cipia
1522 1780 1742 1817 communia
1757 1789 1843 1817 sunt
1858 1781 1994 1829 quibus
2013 1793 2147 1817 omnes
2167 1781 2342 1818 scientiae
2357 1789 2467 1818 utun-

1409 1840 1479 1880 tur,
1510 1833 1596 1871 ideo
1626 1842 1899 1882 consequenter
1927 1834 2117 1881 distinguit
2140 1835 2186 1870 de
2206 1834 2409 1883 principiis,
2432 1842 2468 1871 et

1410 1887 1498 1924 dicit
1517 1887 1621 1935 quod
1650 1886 1812 1935 duplicia
1837 1894 1923 1923 sunt
1941 1887 2126 1935 principia
2140 1885 2186 1923 ¹⁸¹³.
2205 1888 2406 1933 Quaedam
2423 1899 2468 1923 ex

1410 1939 1546 1989 quibus
1561 1939 1685 1988 primo
1698 1940 1987 1986 demonstratur,
2000 1941 2094 1976 sicut
2102 1939 2248 1988 primae
2260 1940 2465 1988 dignitates,

1408 2001 1450 2030 ut
1478 1993 1583 2042 quod
1603 1994 1622 2012 ⁴⁹
1642 2004 1716 2029 non
1741 1993 1922 2043 contingit
1945 1994 1987 2014 ἢ*
2007 1993 2103 2029 idem
2132 2005 2209 2029 esse
2232 1998 2268 2029 et
2284 2005 2358 2030 non
2378 2005 2465 2030 esse.
2494 2005 2541 2041 Lo
2666 2033 2671 2037 ,

1410 2047 1458 2083 Et
1486 2047 1621 2082 iterum
1650 2053 1736 2082 sunt
1769 2047 1959 2094 quaedam
1986 2045 2168 2094 principia
2189 2047 2208 2067 '¹‘
2241 2045 2338 2083 circa
2370 2058 2468 2094 quae
2494 2032 2703 2106 ’ξξι-ῗιῗῷῑῗῗῗ·

1409 2107 1496 2138 sunt
1514 2098 1702 2145 scientiae,
1719 2099 1857 2135 scilicet
1875 2099 2043 2136 subiecta
2057 2104 2086 2126 ⁷⁷
2106 2099 2362 2145 scientiarum;
2379 2099 2467 2148 quia
2495 2091 2522 2106 ⁶⁰
2557 2101 2563 2105 '
2581 2121 2614 2146 γγ

1409 2152 1691 2190 definitionibus
1724 2153 1880 2188 subiecti
1907 2154 1926 2174 *
1953 2152 2095 2189 utimur
2125 2159 2168 2188 ut
2202 2152 2392 2201 principiis
2428 2152 2466 2189 in
2493 2164 2571 2185 *Sub⁸
2593 2171 2703 2186 orma.-

1409 2205 1793 2243 demonstrationibus
1811 2206 1840 2242 *.
1858 2206 1922 2242 Illa
1946 2217 2034 2253 ergo
2055 2205 2178 2254 prima
2198 2205 2239 2226 *³¹²
2260 2218 2305 2241 ex
2329 2205 2465 2253 quibus
2493 2189 2620 2238 ΡὲἓἻὲοῖζ
2639 2223 2701 2243 xvm,

1409 2259 1699 2306 demonstratur,
1721 2265 1807 2295 sunt
1835 2258 2055 2295 communia
2078 2258 2256 2295 omnibus
2285 2258 2462 2295 scientiis:
2491 2249 2702 2300 Ρῗόεῗνῗιὶιαρνῐη·

1408 2313 1475 2350 sed
1503 2311 1686 2361 principia
1715 2311 1813 2348 circa
1840 2324 1937 2360 quae
1961 2318 2047 2348 sunt
2066 2311 2253 2358 scientiae,
2274 2318 2360 2348 sunt
2377 2324 2463 2359 pro·
2491 2301 2561 2323 ψη

1407 2366 1490 2413 pria
1518 2365 1667 2402 cuilibet
1691 2366 1711 2386 ⁹⁵
1740 2364 1927 2411 scientiae,
1957 2364 2052 2401 sicut
2079 2376 2260 2401 numerus
2289 2364 2464 2400 arithme-
2491 2374 2701 2422 ’φυᾶς-,ἤια-

1408 2418 1513 2465 ticae,
1541 2425 1577 2454 et
1603 2418 1824 2466 magnitudo
1853 2417 2094 2465 geometriae.
2121 2417 2309 2465 Principia
2337 2424 2463 2454 autem
2491 2407 2515 2470 'f’
2531 2407 2613 2468 {mu
2629 2403 2658 2422 ‘³²'

1409 2471 1629 2508 communia
1657 2477 1806 2520 oportet
1833 2471 1882 2507 ad
1909 2471 2004 2507 haec
2031 2471 2184 2519 propria
2212 2470 2389 2518 applicari
2417 2471 2465 2507 ad
2496 2471 2498 2482 '
2525 2466 2533 2469 ”

1407 2525 1482 2562 hoc
1510 2525 1614 2573 quod
1642 2524 1920 2562 demonstretur
1946 2525 1977 2560 ²³.
2007 2525 2057 2560 Et
2084 2524 2172 2572 quia
2199 2535 2277 2559 non
2305 2535 2350 2559 ex
2378 2523 2465 2559 solis
2490 2533 2548 2579 ⁴0:s
2559 2537 2588 2571 ‘3‘
2598 2531 2702 2579 fatiem.

1408 2578 1677 2615 communibus
1705 2577 1896 2626 principiis
1925 2577 2215 2622 demonstratur,
2236 2588 2314 2612 non
2341 2583 2466 2624 potest
2490 2565 2577 2606 {ui-U
2661 2565 2701 2580 η’

1408 2631 1480 2668 dici
1501 2631 1636 2668 eadem
1657 2643 1739 2667 esse
1762 2630 1946 2679 principia
1965 2629 2139 2666 omnium
2159 2629 2463 2678 syllogismorum

1407 2684 1806 2732 demonstrativorum,
1827 2684 1931 2732 quod
1959 2683 2115 2720 intendit
2140 2683 2313 2731 probare.

2585 1893 2615 1927 ββ

2542 2005 2588 2026 uod
2601 2012 2649 2027 om.
2659 2013 2681 2027 Α.

1459 2835 1504 2870 αα)
1525 2836 1556 2861 Si
1574 2839 1678 2868 oportet
1696 2840 1743 2860 etc.
1758 2850 1775 2854 -
1790 2836 1826 2860 Ita
1844 2835 1918 2860 codd.
1932 2834 2172 2864 BCDEGHKLST;
2191 2834 2276 2860 AMN:
2293 2835 2347 2859 Sed
2361 2838 2465 2866 oportet

1405 2872 1438 2904 (A
1452 2880 1473 2896 s.
1489 2880 1536 2902 m.,
1552 2870 1696 2905 oporteret)
1704 2879 1713 2901 ,·
1733 2871 1771 2901 Q:
1786 2872 1822 2895 Et
1835 2878 1887 2895 non
1902 2873 2020 2902 oportet5
2033 2869 2056 2894 O
2071 2877 2124 2894 om.
2133 2870 2187 2894 sint
2201 2870 2332 2894 diversa...
2341 2870 2463 2894 scientia-

1405 2915 1473 2932 rum.
1489 2907 1590 2932 Omnes
1609 2907 1685 2939 igitur
1704 2906 1784 2931 nostri
1804 2906 1913 2935 codices,
1928 2913 1981 2930 exc.
1996 2905 2055 2934 OQ,
2075 2904 2183 2936 positive
2197 2905 2292 2937 legunt.
2309 2905 2328 2929 P
2343 2910 2369 2929 et
2386 2912 2463 2929 vene-

1405 2948 1445 2968 tae
1464 2943 1536 2967 edd.:
1550 2945 1612 2967 sunt
1630 2942 1736 2966 diversa
1750 2941 1894 2973 principia.
1909 2941 1962 2965 Sed
1980 2947 2027 2964 nec
2045 2942 2149 2971 oportet
2168 2944 2215 2964 etc.
2235 2939 2306 2969 Quae
2325 2940 2399 2964 lectio
2418 2947 2463 2964 ne-

1405 2979 1459 3003 scio
1478 2983 1562 3002 utrum
1582 2978 1615 3002 sit
1633 2977 1810 3009 intelligibilis:
1825 2976 1878 3000 imo
1896 2976 1997 3000 videtur
2015 2975 2085 3007 quod
2103 2980 2248 3007 opponatur
2266 2979 2322 2999 tum
2348 2974 2378 2999 iis
2397 2982 2464 3006 quae

1404 3013 1540 3045 hucusque
1559 3020 1574 3037 a
1592 3021 1613 3037 s.
1627 3012 1730 3036 Thoma
1755 3012 1820 3036 dicta
1839 3017 1906 3040 sunt,
1921 3016 1981 3035 tunc
2000 3010 2046 3042 ipsi
2063 3018 2154 3041 graeco
2174 3010 2258 3034 textui.
2269 3023 2287 3027 -
2298 3010 2364 3034 Cum
2380 3010 2462 3039 codd.,

1405 3056 1459 3073 exc.
1473 3048 1505 3078 Q,
1520 3048 1644 3080 legimus:
1654 3047 1790 3079 principia
1803 3047 1858 3071 sint
1871 3046 1919 3078 (G,
1932 3046 2019 3077 sunt),·
2033 3045 2091 3075 PQ:
2101 3045 2155 3069 sint
2165 3045 2371 3076 principia-H:
2387 3045 2463 3069 unius

1404 3084 1510 3116 generis
1524 3091 1583 3108 cum
1597 3083 1637 3107 his
1643 3090 1652 3111 ‚¹
1673 3083 1755 3112 codd.,
1777 3090 1830 3106 exc.
1851 3081 1889 3111 Q:
1909 3086 1976 3113 quae
1994 3088 2031 3105 ex
2049 3081 2085 3105 eis
2091 3087 2100 3109 ;
2121 3080 2154 3104 P:
2169 3087 2236 3112 quae
2254 3087 2291 3104 ex
2313 3080 2463 3104 his.-Item

1406 3119 1488 3148 codd.,
1509 3126 1561 3143 exc.
1582 3118 1618 3148 Q:
1638 3117 1710 3150 quod
1727 3124 1765 3142 ex
1788 3117 1845 3142 istis
1864 3116 2005 3148 principiis
2011 3123 2020 3144 ‚·
2038 3116 2072 3140 P:
2092 3123 2129 3140 ex
2147 3115 2186 3139 his
2206 3115 2428 3140 demonstrentur.
2446 3129 2463 3132 -

1406 3153 1432 3183 Q
1448 3153 1605 3186 peculiarem
1624 3158 1649 3176 et
1667 3152 1824 3176 arbitrariam
1841 3151 1919 3176 habet
1937 3151 2087 3176 lectionem:
2102 3150 2237 3181 principia
2256 3150 2333 3174 unius
2350 3150 2462 3182 generis,

1404 3188 1452 3212 sed
1469 3188 1537 3212 sicut
1550 3187 1774 3219 proportionalia,
1794 3187 1835 3211 vel
1853 3194 1919 3218 quae
1938 3186 2155 3211 demonstrantur
2169 3192 2221 3216 per
2240 3185 2286 3209 illa
2304 3185 2375 3218 infra
2393 3185 2464 3217 quod

1404 3223 1583 3247 conclusiones
1598 3222 1675 3246 unius
1689 3222 1795 3254 generis
1814 3222 2029 3246 demonstrentur
2042 3228 2094 3252 per
2108 3220 2243 3252 principia
2262 3220 2331 3245 illius
2349 3220 2463 3253 generis,

1404 3261 1430 3282 et
1448 3258 1486 3282 sic
1505 3258 1537 3282 de
1554 3257 1624 3282 aliis.
1646 3254 1763 3281 Tertiam
1781 3257 1912 3281 rationem
1932 3262 1979 3281 etc.

1459 3291 1500 3326 ββ)
1522 3292 1647 3323 Duplicia
1665 3295 1727 3316 sunt
1740 3291 1877 3323 principia
1896 3291 2060 3316 etc-Codd.
2080 3298 2132 3316 exc.
2144 3290 2181 3320 Q;
2200 3290 2236 3316 P:
2256 3290 2309 3316 duo
2328 3293 2405 3319 ment,-
2424 3290 2462 3320 Q:

1405 3328 1545 3359 dupliciter
1563 3330 1633 3352 sunt.
1653 3327 1741 3351 Lectio
1760 3327 1836 3351 codd.
1859 3331 1898 3350 est
1917 3326 2054 3351 conformis
2073 3325 2150 3350 textui
2170 3331 2196 3350 et
2213 3325 2323 3350 versioni
2343 3330 2463 3356 nostrae,

1406 3368 1431 3387 et
1441 3368 1480 3387 est
1490 3362 1572 3395 magis
1586 3362 1729 3386 secundum
1742 3361 1924 3394 proprietatem
1937 3362 2085 3386 verborum.
2095 3361 2131 3385 T:
2145 3363 2208 3385 sunt
2221 3361 2350 3393 quaedam
2361 3361 2463 3392 princi—

1401 3398 1483 3429 pia.-
1494 3398 1520 3421 M
1532 3405 1586 3422 om.
1600 3397 1737 3427 Quaedam
1744 3404 1753 3425 ,·
1767 3404 1827 3421 cum
1841 3397 1915 3420 codd.
1930 3396 2071 3420 omittimus
2081 3396 2181 3427 prima,
2193 3396 2262 3428 quod
2280 3396 2356 3420 habet
2370 3396 2389 3420 P
2405 3401 2464 3428 post

1405 3433 1535 3465 quaedam
1541 3440 1550 3462 ‚·
1565 3433 1604 3459 H:
1626 3432 1763 3462 Quaedam
1777 3434 1846 3456 sunt.
1856 3445 1874 3450 -
1889 3432 1984 3457 Codd.:
2009 3438 2046 3455 ex
2064 3431 2156 3463 quibus
2170 3431 2261 3463 primo
2280 3431 2365 3461 dem.,·
2376 3431 2395 3455 P
2409 3439 2462 3458 om.

1401 3468 1508 3499 primo;
1526 3467 1564 3493 0:
1575 3467 1666 3499 primo
1685 3467 1920 3491 demonstrandum
1939 3469 1985 3491 est.

1458 3502 1502 3535 γγ)
1522 3502 1645 3527 Subiecta
1661 3502 1840 3526 scientiarum.
1853 3515 1872 3520 —
1886 3502 1967 3526 Codd.
1981 3501 2145 3531 AGKLMQS
2165 3506 2190 3526 et
2207 3509 2233 3533 p.
2247 3509 2283 3525 m.
2298 3501 2320 3525 N
2341 3509 2462 3527 erronee:

1405 3538 1516 3563 scientia
1538 3537 1708 3562 scientiarum
1714 3544 1723 3566 ‚·
1741 3537 1763 3561 N
1783 3545 1805 3561 s.
1819 3545 1867 3562 πω
1880 3537 1979 3562 scilicet
1996 3543 2062 3568 quae
2080 3540 2142 3561 sunt
2155 3536 2270 3568 propria
2283 3536 2462 3561 scientiarum.

1406 3573 1478 3597 Patet
1495 3573 1634 3605 legendum
1653 3579 1712 3596 esse
1730 3572 1853 3601 subiecta,
1873 3572 1906 3596 de
1924 3572 2018 3604 quibus
2035 3571 2194 3596 definitiones
2208 3571 2286 3604 accipi
2299 3572 2418 3597 dicuntur
2435 3576 2465 3596 ut

1406 3608 1528 3641 principia
1546 3608 1572 3632 in
1591 3607 1860 3632 demonstrationibus.
