2788 4204
46 456 155 506 inmun„
165 487 180 502 κ
190 487 210 502 s.
219 487 260 503 m.:

0 508 3 526 :
47 507 142 529 lutrinis
156 513 172 528 a
182 507 241 529 sole.
250 519 260 523 -

120 460 144 486 p.
162 460 193 475 m.
211 460 260 476 om.

47 539 77 560 q:
92 533 117 555 in
131 533 197 556 luna.

42 988 261 1064 ξέξὲῗτῑ

32 2222 248 2272 ἶιῖἰῐεὲἶ·’ἔέ”ἓῖἔ“ιῖ

33 2286 79 2304 Μ·

123 2311 155 2348 ββ

31 2363 162 2413 mm
174 2370 204 2386 ex

1171 268 1363 315 CAP.u,

282 345 372 388 pter
404 339 507 387 quid.
538 342 588 377 Et
622 342 699 378 hoc
736 342 951 380 manifestat
977 345 1104 393 primo
1139 345 1178 382 in
1212 346 1360 382 defectu

289 393 416 430 lunae.
439 394 479 430 Si
505 394 608 430 enim
629 403 834 442 quaeratur
852 397 942 445 quid
963 403 1018 434 est
1040 398 1207 435 defectus
1231 400 1358 436 lunae:

290 447 542 494 respondetur
579 448 685 495 quod
718 455 774 484 est
799 450 964 497 privatio
994 451 1147 487 luminis
1172 451 1192 472 *
1221 464 1244 488 a
1272 453 1360 490 luna

287 507 447 548 propter
464 507 617 547 terram,
639 513 737 549 quae
767 501 944 539 obiicitur
962 503 1059 541 inter
1087 504 1211 553 ipsam
1241 513 1277 542 et
1301 518 1360 542 so-

288 553 378 590 lem.
400 554 450 590 Et
467 554 543 589 hoc
571 553 674 590 idern
695 556 972 603 respondemus
1001 557 1031 593 si
1053 565 1255 605 quaeratur
1268 571 1359 607 pro—

282 612 371 654 pter
406 606 497 655 quid
523 607 613 643 luna
642 608 780 645 deficit.
802 609 976 646 Dicimus
1006 611 1108 648 enim
1138 613 1243 659 quod
1271 613 1360 650 luna

288 659 416 696 deficit
443 667 600 709 propter
628 661 819 699 defectum
857 663 1013 700 luminis
1042 676 1087 701 ex
1116 666 1358 713 oppositione

287 719 422 750 terrae.
453 714 503 750 Et
538 714 642 751 idem
670 715 886 753 manifestat
912 717 952 753 in
990 717 1065 754 alio
1098 720 1286 766 exemplo.
1318 720 1358 756 Si

288 766 392 803 enim
421 775 626 815 quaeratur
653 769 744 817 quid
769 775 823 806 est
853 770 1122 807 consonantia:
1153 773 1358 820 responde-

286 826 348 856 tur
375 820 482 868 quod
519 829 576 858 est
603 822 718 869 ratio,
749 823 846 860 idest
871 821 1069 872 proportio
1107 837 1358 862 numerorum

287 874 502 911 secundum
530 883 685 912 acutum
710 883 900 924 et-grave.
922 878 971 914 Et
999 890 1150 915 rursum
1184 878 1214 915 si
1243 891 1358 927 quae-

287 933 390 963 ratur
416 934 576 977 propter
607 930 698 978 quid
733 937 889 968 acutum
923 939 1109 969 consonat
1145 932 1272 979 gravi:
1302 942 1357 969 re-

286 981 498 1028 spondetur
523 990 679 1032 propter
698 983 778 1020 *id
812 984 918 1032 quod
945 985 1088 1022 habent
1119 986 1355 1022 numeralem

283 1035 577 1083 proportionem
593 1044 748 1074 acutum
764 1044 800 1073 et
814 1049 942 1085 grave.
960 1038 1024 1075 Sic
1043 1050 1132 1086 ergo
1153 1039 1325 1087 quaestio
1342 1038 1358 1067 Ψ

285 1088 377 1135 quid
393 1094 448 1125 est
466 1097 502 1126 et
521 1090 694 1137 quaestio
713 1097 872 1139 propter
899 1092 990 1140 quid
1016 1092 1176 1128 redeunt
1194 1091 1233 1128 in
1253 1092 1354 1129 idem

284 1141 478 1189 subiecto,
508 1144 687 1190 quamvis
715 1144 892 1181 differant
928 1144 1085 1182 ratione.
1120 1145 1232 1182 Unde
1267 1145 1358 1192 quia

285 1205 375 1231 cum
404 1196 598 1243 quaeritur
629 1202 788 1245 propter
824 1198 933 1246 quid,
965 1198 1158 1247 quaeritur
1189 1198 1282 1246 quid
1311 1199 1358 1235 sit

283 1247 468 1295 medium,
489 1257 532 1286 ut
559 1258 757 1287 ostensum
787 1259 853 1297 est,
883 1251 1106 1301 relinquitur
1132 1252 1238 1299 quod
1267 1263 1355 1288 curn

283 1302 478 1350 quaeritur
505 1303 596 1351 quid
621 1310 694 1350 est,
729 1305 901 1341 similiter
937 1312 1141 1352 quaeratur
1168 1305 1353 1342 medium.

283 1354 333 1392 Et
359 1354 463 1392 idem
501 1357 667 1395 ostendit
703 1358 743 1394 in
779 1359 1003 1406 quaestione
1041 1359 1142 1407 quia.
1172 1359 1223 1395 Ut
1251 1359 1354 1396 enirn

283 1407 428 1445 dictum
449 1417 516 1456 est,
539 1411 790 1448 consonantia
810 1419 865 1449 est
893 1412 987 1449 ratio
1007 1411 1045 1448 in
1065 1412 1234 1449 numeris
1255 1413 1354 1449 acuti

283 1467 320 1498 et
346 1462 490 1510 gravis:
512 1475 601 1500 curn
630 1477 720 1513 ergo
758 1465 952 1513 quaeritur
978 1473 1105 1502 utrum
1135 1474 1289 1503 acutum
1319 1474 1356 1503 et

280 1522 396 1564 grave
420 1525 651 1565 consonent,
671 1519 867 1567 quaeritur
889 1527 1017 1557 utrum
1038 1519 1085 1556 sit
1112 1520 1238 1568 aliqua
1258 1520 1353 1557 ratio

280 1570 489 1608 numeralis
517 1570 616 1607 acuti
647 1579 684 1608 et
710 1573 836 1621 gravis
864 1579 899 1619 ο’;
930 1580 966 1610 et
993 1574 1068 1609 hoc
1097 1581 1153 1609 est
1180 1574 1352 1612 medium

280 1623 330 1661 ad
357 1623 702 1663 demonstrandum
730 1627 835 1675 quod
863 1634 1019 1664 acutum
1053 1634 1090 1663 et
1117 1639 1232 1674 grave
1262 1641 1353 1666 con-

233 1701 240 1708 ·
279 1685 418 1715 sonant
428 1677 460 1714 *.
478 1678 719 1728 Relinquitur
743 1693 833 1728 ergo
849 1681 955 1729 quod
970 1681 1009 1718 in
1025 1681 1247 1729 quaestione
1263 1682 1352 1731 quia

279 1731 473 1781 quaeritur
500 1744 549 1769 an
578 1733 625 1770 sit
653 1734 838 1771 medium.
869 1735 970 1772 Cum
1004 1741 1134 1771 autem
1163 1738 1351 1784 acceperi-

278 1797 366 1822 mus
394 1786 482 1834 quia
503 1793 559 1823 est
583 1787 709 1835 aliqua
737 1787 831 1824 ratio
860 1787 1066 1825 numeralis
1095 1789 1194 1825 acuti
1215 1797 1251 1826 et
1269 1802 1350 1838 gra-

276 1838 349 1886 vis,
365 1851 596 1888 quaeremus
617 1852 715 1888 quae
727 1842 776 1878 sit
791 1840 854 1877 illa
873 1841 983 1878 ratio.
1002 1841 1051 1877 Et
1069 1842 1145 1879 hoc
1160 1851 1216 1880 est
1234 1856 1350 1892 quae-

277 1904 360 1929 rere
389 1893 480 1941 quid
505 1894 568 1930 vel
590 1899 750 1942 propter
777 1894 877 1942 quid.

331 1958 367 1994 9.
392 1946 553 1983 Videtur
578 1946 640 1984 hic
667 1947 889 1984 Aristoteles
918 1947 1043 1985 dicere
1081 1949 1187 1998 quod
1216 1951 1349 1988 defini-

275 1999 330 2036 tio
367 2000 556 2049 passionis
584 2006 620 2021 αα
655 2001 702 2038 sit
738 2001 912 2039 medium
942 2002 981 2039 in
1010 2002 1346 2042 demonstratione.

277 2053 355 2091 Sed
385 2053 709 2092 considerandum
739 2062 795 2092 est
824 2057 928 2103 quod
957 2055 1128 2094 definitio
1157 2057 1347 2105 passionis

274 2107 407 2156 perfici
436 2119 516 2144 non
542 2115 668 2157 potest
696 2108 777 2146 sine
807 2110 1030 2148 definitione
1064 2109 1234 2148 subiecti.
1264 2112 1347 2148 Ma-

275 2160 456 2198 nifestum
476 2167 532 2198 est
560 2162 664 2199 enim
694 2163 799 2211 quod
826 2163 1024 2212 principia,
1050 2174 1150 2210 quae
1180 2165 1349 2202 continet

274 2214 447 2252 definitio
467 2215 488 2235 *
508 2215 680 2265 subiecti,
705 2223 793 2252 sunt
820 2217 1006 2266 principia
1034 2217 1232 2265 passionis.
1254 2219 1346 2255 Non

276 2280 366 2316 ergo
387 2268 662 2306 demonstratio
683 2271 849 2307 resolvet
866 2268 901 2298 ssss
920 2270 959 2307 in
977 2270 1143 2319 primam
1173 2283 1343 2318 causam,

274 2321 347 2359 nisi
375 2322 583 2371 accipiatur
608 2330 651 2359 ut
678 2323 852 2360 medium
890 2323 1224 2363 demonstrationis
1253 2326 1345 2362 defi-

274 2374 370 2412 nitio
389 2375 561 2413 subiecti.
584 2375 647 2413 Sic
666 2376 778 2424 igitur
796 2384 947 2426 oportet
966 2377 986 2398 *
1008 2378 1234 2416 concludere
1259 2391 1345 2427 pas—

1393 268 1545 306 LECT.
1576 271 1591 306 I

1416 348 1566 386 sionem
1593 349 1640 387 de
1667 351 1838 388 subiecto
1876 365 1945 400 per
1981 353 2242 391 definitionem
2276 356 2480 404 passionis,

1416 410 1452 439 et
1482 403 1637 440 ulterius
1667 405 1929 442 definitionem
1958 407 2145 454 passionis
2180 409 2404 445 concludere
2435 411 2480 446 de

1415 456 1587 493 subiecto
1614 469 1683 505 per
1711 458 1974 495 definitionem
2005 460 2173 496 subiecti.
2195 461 2305 497 Unde
2330 469 2366 498 et
2385 467 2414 488 ⁷⁷
2442 462 2480 499 in

1414 509 1602 558 principio
1618 510 1761 547 dictum
1778 519 1832 548 est
1843 512 1863 532 ²⁸
1874 513 1979 561 quod
1994 521 2144 561 oportet
2156 526 2480 562 praecognoscere

1415 563 1505 610 quid
1518 569 1580 609 est,
1602 575 1680 600 non
1697 565 1822 601 solum
1839 565 1885 601 de
1905 566 2095 614 passione,
2113 567 2178 603 sed
2195 567 2309 604 etiam
2330 568 2376 604 de
2394 569 2480 605 sub-

1415 615 1534 662 iecto;
1555 618 1659 665 quod
1689 629 1767 654 non
1788 626 1980 666 oporteret
2000 619 2071 656 nisi
2098 620 2269 657 definitio
2290 618 2319 642 δᾶ
2337 622 2480 669 passio-

1415 669 1472 705 nis
1511 670 1798 707 concluderetur
1835 672 1881 708 de
1911 673 2080 709 subiecto
2115 685 2184 720 per
2216 674 2478 711 definitionem

1415 722 1584 760 subiecti.
1615 724 1664 759 Et
1686 725 1762 760 hoc
1779 732 1883 772 patet
1904 737 1974 773 per
1998 727 2228 774 exemplum.
2256 726 2296 763 Si
2315 727 2479 764 velimus

1414 776 1461 812 de
1482 775 1668 823 triangulo
1689 778 1949 814 demonstrare
1965 779 2069 826 quod
2094 780 2208 815 habet
2226 787 2300 816 tres
2320 782 2478 828 angulos

1414 830 1592 876 aequales
1607 831 1758 866 duobus
1779 831 1899 877 rectis,
1921 832 2152 879 accipiamus
2165 832 2292 881 primo
2307 845 2378 881 pro
2398 842 2478 870 me-

1414 881 1478 918 dio
1512 883 1616 930 quod
1646 891 1701 919 est
1718 883 1839 930 figura
1858 884 2003 920 habens
2024 886 2204 932 angulum
2226 886 2477 923 extrinsecum

2407 278 2481 325 329

1413 936 1614 983 aequalem
1660 937 1811 973 duobus
1848 937 2059 973 intrinsecis
2096 943 2118 957 ‘³
2160 939 2230 974 sibi
2270 940 2500 988 oppositis‚'

1413 988 1519 1035 quod
1545 996 1600 1025 est
1619 989 1726 1037 quasi
1752 989 1922 1026 definitio
1941 990 2139 1037 passionis.
2162 991 2278 1037 Quod
2301 993 2434 1029 iterum
2457 993 2476 1014 *

1414 1041 1674 1078 demonstrare
1694 1049 1843 1090 oportet
1860 1054 1930 1090 per
1958 1043 2218 1080 definitionem
2247 1046 2415 1093 subiecti,
2435 1054 2478 1082 ut

1413 1094 1605 1131 dicamus:
1628 1095 1766 1131 Omnis
1784 1095 1903 1142 figura
1918 1095 2035 1132 tribus
2051 1097 2158 1133 rectis
2173 1097 2280 1134 lineis
2301 1106 2477 1136 contenta

1411 1148 1527 1183 habet
1545 1148 1728 1195 angulum
1749 1148 1973 1184 exteriorem
1994 1150 2192 1196 aequalem
2214 1151 2364 1188 duobus
2383 1152 2475 1188 inte-

1412 1200 1574 1237 rioribus
1603 1201 1673 1237 sibi
1703 1201 1904 1249 oppositis;
1925 1202 1992 1238 sed
2021 1202 2227 1249 triangulus
2257 1212 2311 1240 est
2346 1205 2475 1242 huius-

1411 1253 1538 1298 modi;
1567 1263 1655 1301 ergo
1685 1261 1742 1290 etc
1763 1253 1803 1290 tt,
1826 1255 1874 1290 Et
1901 1254 2004 1291 idem
2031 1263 2134 1303 patet
2161 1256 2191 1292 si
2219 1257 2382 1294 velimus
2411 1259 2473 1295 de-

1410 1314 1621 1343 monstrare
1653 1307 1756 1355 quod
1785 1319 1863 1344 vox
1891 1316 2000 1344 acuta
2031 1316 2067 1344 et
2094 1309 2217 1356 gravis
2248 1319 2472 1348 consonent:

1410 1360 1640 1409 accipiemus
1656 1362 1674 1379 ³‘
1696 1360 1957 1397 definitionem
1976 1361 2173 1409 passionis,
2190 1370 2230 1398 ut
2249 1363 2308 1399 hic
2329 1364 2471 1411 dicitur,

1409 1414 1547 1451 scilicet
1575 1414 1679 1462 quod
1713 1414 1855 1450 habent
1890 1414 2178 1463 proportionem
2216 1419 2472 1462 numeralem3

1409 1468 1477 1505 sed
1497 1468 1516 1488 *
1537 1480 1665 1504 rursus
1689 1467 1736 1503 ad
1756 1468 1830 1504 hoc
1851 1467 2191 1505 demonstrandum
2212 1478 2360 1518 oportet
2379 1470 2473 1507 acci-

1407 1533 1500 1571 pere
1519 1520 1780 1558 definitionem
1795 1521 1919 1568 gravis
1940 1529 1976 1558 et
1994 1522 2104 1558 acuti.
2127 1523 2230 1559 Nam
2250 1523 2374 1570 gravis
2396 1536 2475 1561 vox

1408 1583 1463 1612 est
1490 1587 1589 1623 quae
1609 1575 1647 1611 in
1675 1575 1795 1611 multo
1815 1583 1988 1623 tempore
2008 1583 2096 1612 nata
2116 1583 2171 1612 est
2194 1588 2354 1613 movere
2388 1590 2471 1614 sen-

1407 1641 1518 1674 sum,
1552 1635 1662 1665 acuta
1695 1635 1824 1664 autem
1861 1641 1960 1676 quae
2001 1628 2040 1666 in
2076 1629 2231 1666 modico
2277 1637 2471 1679 tempore;

1408 1682 1550 1719 modici
1569 1690 1696 1718 autem
1716 1681 1765 1718 ad
1784 1682 1946 1718 multum
1967 1689 2022 1718 est
2039 1682 2235 1731 proportio
2251 1684 2470 1731 numeralis;

1407 1745 1495 1784 ergo
1519 1736 1628 1772 vocis
1652 1742 1786 1771 acutae
1820 1742 1855 1771 et
1878 1735 2002 1783 gravis
2031 1743 2086 1772 est
2112 1737 2308 1784 proportio
2337 1750 2471 1774 nume-

1406 1790 1491 1826 ralis
1518 1794 1558 1826 Μ.
1590 1789 1674 1825 Nec
1706 1788 1817 1825 resen
1845 1788 1874 1825 si
1902 1789 2006 1825 aliter
2034 1789 2234 1826 definiatur
2261 1797 2414 1827 acutum
2435 1798 2471 1827 et

1405 1855 1532 1891 grave.
1555 1843 1717 1891 Oportet
1736 1841 1836 1878 enim
1856 1842 1895 1878 in
1919 1854 2051 1878 eorum
2079 1842 2296 1879 definitione
2326 1856 2468 1892 ponere

1404 1896 1547 1944 aliquid
1575 1896 1624 1932 ad
1652 1895 1898 1943 quantitatem
1931 1895 2139 1944 pertinens;
2172 1905 2207 1933 et
2234 1896 2285 1933 sic
2314 1909 2468 1934 necesse

1406 1950 1473 1986 erit
1490 1950 1509 1971 '¹‘
1524 1949 1750 1986 concludere
1770 1948 1808 1985 in
1833 1948 1885 1985 eis
1904 1949 2192 1997 proportionem
2217 1951 2466 1988 numeralem.

1464 2015 1521 2040 10.
1551 2003 1699 2040 Deinde
1729 2014 1817 2038 curn
1847 2002 1953 2039 dicit:
1989 2003 2098 2044 Quod
2123 2008 2247 2039 autem
2280 2004 2394 2040 medii
2424 2005 2471 2040 sit

1404 2057 1569 2104 quaestio
1590 2065 1672 2101 etc.,
1694 2055 1855 2092 ostendit
1873 2055 2111 2104 propositum
2130 2068 2199 2104 per
2218 2055 2366 2103 signum
2386 2069 2469 2094 sen-

1403 2109 1521 2147 sibile.
1551 2111 1600 2146 Et
1632 2109 1719 2146 dicit
1752 2109 1857 2157 quod
1890 2121 1934 2145 ea
1969 2109 2006 2146 in
2039 2109 2174 2157 quibus
2211 2109 2381 2146 medium
2415 2118 2470 2147 est

1403 2163 1589 2209 sensibile,
1619 2162 1816 2200 manifeste
1846 2162 2049 2199 ostendunt
2068 2163 2171 2211 quod
2201 2163 2325 2199 omnis
2353 2176 2467 2211 quae-

1403 2217 1473 2254 stio
1504 2217 1549 2254 sit
1572 2217 1742 2265 quaestio
1771 2216 1903 2253 medii:
1928 2216 2016 2264 quia
2044 2216 2181 2253 scilicet
2209 2216 2362 2264 quando
2387 2229 2466 2253 me-

1403 2271 1508 2308 dium
1537 2271 1557 2291 '¹‘
1583 2283 1653 2319 per
1672 2282 1826 2307 sensum
1856 2269 2067 2316 innotescit,
2098 2270 2220 2306 nullus
2248 2270 2466 2318 relinquitur

1402 2324 1614 2373 quaestioni
1632 2325 1749 2360 locus.
1776 2324 1888 2359 Tunc
1917 2323 2018 2359 enim
2042 2323 2258 2371 quaerimus
2287 2323 2325 2360 in
2353 2325 2464 2361 rebus

1401 2378 1638 2415 sensibilibus
1654 2377 1865 2414 secundum
1881 2377 2046 2425 aliquam
2057 2377 2335 2425 praedictarum
2351 2390 2464 2426 quae-

328 2518 358 2554 ψ)
378 2520 424 2545 Sic
442 2527 508 2553 ergo
531 2519 652 2552 quaestio
677 2524 726 2544 etc.
740 2533 759 2540 -
771 2520 795 2545 G
813 2529 866 2545 non
884 2526 967 2546 recte:
987 2521 1020 2546 Si
1037 2530 1102 2555 ergo
1121 2522 1192 2555 quod
1210 2523 1276 2555 quid
1293 2526 1334 2548 est
1339 2531 1349 2552 ‚-

274 2557 311 2581 L:
332 2556 378 2581 Sic
397 2556 482 2589 igitur
500 2555 621 2588 quaestio
639 2555 717 2587 quid,
738 2563 791 2580 om.
806 2560 860 2586 est,·
874 2557 929 2581 DFl
945 2565 998 2582 orn.
1018 2558 1134 2582 secundo
1148 2558 1282 2590 quaestio,·
1300 2558 1345 2583 DF

274 2592 349 2617 Gffl:
362 2594 479 2624 propter
494 2591 559 2623 quid
577 2593 624 2616 est.
636 2603 658 2609 -·
669 2591 758 2616 Habes
777 2591 872 2616 iterum
891 2592 932 2617 hic
946 2600 1008 2617 esse
1025 2594 1094 2618 idem
1111 2594 1229 2618 subiecto
1248 2592 1347 2626 signifi-

274 2635 333 2653 care
351 2627 421 2652 idem
440 2634 501 2652 esse
514 2626 631 2657 realiter,
645 2634 693 2659 per
710 2628 903 2659 oppositionem
921 2629 953 2652 ad
973 2636 1032 2653 esse
1051 2629 1119 2654 idem
1137 2629 1282 2654 secundum
1301 2636 1346 2654 ra-

274 2664 372 2689 tionem
392 2663 444 2695 (Cf.
459 2662 502 2687 lib.
517 2662 535 2692 1,
551 2663 609 2687 lect.
622 2669 689 2692 κων,
704 2671 730 2687 n.
749 2670 787 2693 10,
803 2669 828 2688 et
841 2668 894 2687 not.
907 2663 956 2696 εε).

326 2699 359 2732 ω)
377 2698 459 2724 Acuti
482 2700 509 2723 et
526 2698 620 2731 gravis
644 2698 904 2723 etc.—Amanuensis
924 2700 982 2724 cod.
997 2700 1026 2730 B,
1046 2707 1062 2724 a
1079 2700 1232 2733 repetitione
1250 2699 1346 2724 horum

271 2734 414 2760 verborum
433 2733 579 2764 distractus,
594 2734 689 2758 omittit
703 2741 770 2766 quae
784 2740 937 2767 sequuntur,
952 2743 981 2760 ac
995 2735 1143 2760 immediate
1161 2736 1345 2769 prosequitur:

273 2777 430 2803 quaeremus
448 2776 516 2802 quae
533 2769 569 2794 sit
588 2774 636 2794 etc.

327 2805 373 2838 αα)
394 2805 522 2839 Definitio
536 2805 674 2837 passionis
693 2806 788 2830 etc.—-I
806 2806 902 2830 omittit
915 2806 1053 2838 passionis
1059 2815 1068 2836 ,·
1083 2807 1130 2831 sed
1149 2811 1189 2831 est
1211 2807 1344 2831 mendum.

273 2841 376 2866 Etenim
395 2848 483 2865 sermo
501 2840 743 2872 impraesentiarum
761 2846 802 2865 est
821 2841 852 2865 de
872 2841 1019 2866 definitione
1038 2842 1174 2874 passionis,
1194 2847 1223 2867 ut
1241 2850 1271 2867 ex
1289 2848 1345 2867 toto

272 2881 344 2910 patet
362 2880 491 2900 contextu.
511 2875 578 2900 Hinc
593 2875 731 2900 reiicienda
749 2881 789 2901 est
808 2877 883 2901 lectio
902 2877 948 2902 BT
966 2878 1107 2910 legentium
1126 2878 1191 2902 infra
1210 2878 1281 2910 quod
1300 2878 1344 2903 de-

272 2911 441 2941 monstratio,
455 2911 514 2935 loco
533 2911 605 2943 quod
623 2911 740 2944 definitio
746 2919 755 2940 ,-
776 2917 801 2936 et
813 2912 957 2937 BCEILST
976 2918 1001 2937 et
1019 2921 1044 2945 p.
1060 2921 1095 2937 m.
1109 2914 1202 2938 ADFK
1223 2914 1343 2938 omitten-

272 2948 338 2972 tium
347 2946 492 2979 passionis.
505 2960 525 2964 -
536 2946 582 2970 FI:
598 2946 679 2971 etiam
690 2947 798 2980 perfici‚·
814 2947 939 2972 EKNST:
955 2948 1035 2972 etiam
1049 2948 1122 2978 sine,·
1140 2950 1202 2973 AH:
1216 2952 1243 2974 et
1255 2949 1345 2974 sine.-

274 2982 367 3013 Quoad
386 2989 416 3006 ea
435 2989 503 3014 quae
521 2981 563 3005 hic
581 2981 751 3013 disseruntur,
767 2987 855 3006 utrum
868 2983 965 3007 scilicet
978 2982 1091 3008 definitio
1106 2985 1234 3016 passionis
1248 2985 1281 3008 sit
1296 2992 1343 3009 nec

271 3025 306 3042 ne
325 3017 440 3042 medium
460 3016 486 3041 in
504 3016 732 3047 demonstratione,
749 3017 903 3042 dissentiunt
922 3018 988 3042 inter
1005 3026 1035 3042 se
1052 3019 1198 3043 Aristotelis
1218 3020 1343 3052 interpre-

272 3057 321 3083 tes,
341 3059 454 3085 quorum
473 3052 614 3076 sententias
634 3051 744 3076 dilucide
758 3052 836 3077 refert
849 3053 1020 3078 Sanseverino
1035 3053 1134 3086 (Logic.
1147 3055 1200 3079 vol.
1215 3055 1257 3085 1v,
1274 3055 1302 3079 Ρ.
1313 3055 1341 3085 11,

273 3096 328 3120 eap-
343 3095 386 3118 111,
401 3087 471 3112 artic.
485 3094 526 3117 vi,
541 3095 600 3120 pag.
615 3085 657 3117 65,
673 3094 748 3120 seqq.
760 3101 779 3106 -
793 3088 840 3112 Ed.
855 3088 943 3119 altera,
958 3088 1067 3121 Neapoli
1090 3089 1176 3122 1878).
1196 3091 1250 3114 Hac
1269 3091 1295 3114 in
1313 3098 1342 3114 re

272 3123 335 3148 mihi
353 3123 456 3147 videtur
474 3130 534 3147 esse
547 3122 767 3154 distinguendum.
780 3123 847 3147 Nam
861 3128 905 3148 aut
918 3131 1006 3148 sermo
1021 3129 1061 3149 est
1074 3125 1106 3149 de
1121 3125 1342 3149 demonstratione

272 3158 416 3192 potissima,
435 3165 503 3190 quae
521 3157 618 3182 scilicet
636 3158 754 3190 procedit
772 3158 803 3182 ab
823 3158 863 3182 his
882 3166 950 3191 quae
969 3159 1087 3184 dicuntur
1101 3168 1147 3192 per
1161 3168 1190 3184 se
1205 3161 1230 3184 in
1249 3165 1341 3193 quarto

272 3194 353 3219 modo
373 3191 423 3227 (Cf.
437 3193 481 3218 lib.
494 3193 512 3223 Ι,
528 3193 584 3217 lect.
599 3201 623 3223 x,
638 3202 664 3218 n.
679 3201 694 3226 7
710 3198 736 3218 et
750 3198 804 3218 not.
819 3193 843 3227 ρ)
859 3199 885 3218 et
899 3194 1029 3219 concludit
1046 3196 1194 3226 passionem
1208 3196 1240 3219 de
1255 3195 1340 3219 subie-

273 3235 314 3255 cto
328 3230 354 3254 in
369 3229 484 3254 secundo
497 3229 577 3253 modo
591 3228 691 3253 dicendi
705 3236 752 3261 per
765 3236 794 3253 se
808 3229 901 3261 primo,
916 3234 942 3254 et
955 3230 1014 3254 ideo
1031 3230 1231 3255 convertibiliter
1245 3230 1295 3262 (Cf.
1306 3230 1339 3254 ib.

272 3274 297 3290 n.
311 3273 329 3297 4
344 3270 370 3289 et
384 3269 437 3289 not.
453 3272 474 3295 ις
494 3268 519 3288 et
538 3264 595 3288 lect.
609 3271 648 3294 ¹1,
661 3269 715 3288 not.
729 3263 769 3296 ζ);
789 3269 814 3288 et
832 3263 881 3288 hoc
900 3265 925 3289 in
944 3273 1006 3290 casu
1025 3266 1085 3298 quia
1105 3265 1206 3289 nonnisi
1226 3264 1340 3290 definitio

272 3300 380 3326 subiecti
400 3304 440 3324 est
459 3307 537 3324 causa
555 3299 693 3332 passionis,
713 3307 765 3323 non
783 3300 896 3324 resolvet
915 3300 1101 3325 demonstratio
1116 3301 1141 3324 in
1156 3300 1266 3332 primam
1280 3309 1340 3325 cau-

271 3345 328 3361 sam
348 3335 396 3360 nisi
411 3335 548 3367 accipiatur
561 3340 590 3359 ut
603 3334 719 3359 medium
735 3334 961 3360 demonstrationis
976 3334 1089 3360 definitio
1102 3336 1219 3360 subiecti.
1232 3336 1340 3368 -Atqui

271 3371 358 3405 passio
378 3371 510 3402 conclusa,
531 3377 561 3394 ex
580 3374 668 3394 nostra
687 3369 833 3403 hypothesi,
847 3371 1004 3395 convertitur
1016 3379 1076 3395 cum
1096 3370 1220 3401 subiecto,
1235 3370 1284 3395 hoc
1300 3376 1340 3395 est

271 3415 331 3433 cum
351 3414 428 3431 causa
447 3410 582 3438 assumpta
601 3405 625 3429 in
645 3405 722 3437 priori
742 3405 970 3430 demonstratione.
989 3406 1058 3437 Ergo
1071 3413 1100 3430 ex
1116 3404 1265 3430 definitione
1279 3414 1339 3439 pas-

271 3443 359 3471 sionis,
379 3447 408 3466 ut
427 3449 458 3466 ex
476 3442 570 3471 medio,
585 3445 671 3473 potest
686 3441 803 3465 concludi
818 3440 932 3465 definitio
946 3441 1061 3465 subiecti.
1080 3442 1201 3465 Attamen
1216 3441 1279 3466 haec
1294 3442 1339 3466 de-

271 3478 424 3503 monstratio
444 3485 496 3501 non
516 3482 556 3501 est
574 3476 717 3509 potissima,
731 3476 850 3500 videlicet
868 3484 919 3500 non
934 3481 974 3500 est
989 3484 1003 3501 a
1015 3476 1093 3508 priori
1109 3481 1134 3500 et
1148 3482 1253 3509 propter
1267 3477 1338 3508 quid,

271 3515 318 3539 sed
338 3522 352 3538 a
371 3512 508 3546 posteriori
528 3517 553 3537 et
572 3512 632 3545 quia
651 3511 701 3544 (Cf.
716 3511 758 3536 lib.
774 3511 863 3542 1‚1ect.
875 3519 931 3542 m,
946 3516 999 3536 not.
1014 3511 1049 3544 τ).
1069 3511 1146 3542 Quod
1165 3511 1186 3536 si
1206 3519 1236 3536 ex
1255 3512 1339 3544 prima

270 3549 406 3582 passione,
425 3553 454 3573 ut
473 3556 488 3573 a
506 3555 598 3579 causa,
618 3547 779 3572 concluditur
797 3547 859 3578 alia,
878 3547 947 3572 illius
973 3545 1086 3571 definitio
1107 3547 1155 3571 erit
1177 3547 1292 3571 medium
1312 3547 1338 3571 in

271 3584 492 3610 demonstratione
510 3583 652 3616 potissima,
668 3582 728 3615 quia
746 3582 835 3615 passio
854 3582 936 3614 prima
951 3587 1084 3615 assumpta
1103 3587 1132 3606 ut
1149 3582 1265 3606 medium
1278 3590 1338 3614 pas-

271 3620 352 3646 sionis
372 3619 529 3653 posterioris,
545 3627 574 3644 se
587 3618 666 3643 habet
684 3618 750 3643 sicut
763 3617 878 3643 definitio
891 3617 999 3643 subiecti
1013 3618 1045 3643 ad
1059 3618 1263 3643 concludendam
1277 3625 1337 3651 pas-

413 3674 482 3706 Opp.
502 3673 533 3697 D.
548 3673 663 3697 ‘l'aonnn
681 3671 713 3696 T.
728 3671 738 3696 1

1401 2522 1502 2547 sionem
1520 2522 1643 2555 primam:
1663 2530 1686 2546 e.
1700 2530 1735 2555 g.,
1750 2522 1772 2546 si
1791 2530 1821 2546 ex
1840 2522 1977 2554 capacitate
1996 2521 2092 2545 sciendi
2109 2521 2306 2546 concluderetur
2325 2522 2466 2548 docibilitas

1400 2558 1427 2582 in
1441 2557 1547 2582 homine
1561 2557 1611 2590 (Cf.
1626 2557 1704 2582 Caiet.
1719 2558 1744 2581 in
1759 2558 1779 2582 11
1793 2558 1904 2586 Foster„
1916 2565 1972 2589 cap.
1984 2564 2028 2587 vn,
2041 2557 2085 2581 fol.
2096 2556 2138 2587 83,
2153 2558 2202 2581 col.
2216 2565 2234 2588 4
2249 2557 2345 2590 seqq.).
2365 2558 2402 2582 De
2417 2558 2467 2583 hoc

1401 2598 1488 2618 tamen
1507 2601 1560 2618 non
1578 2598 1619 2618 est
1637 2593 1765 2625 quaestio.
1778 2607 1798 2611 -
1812 2592 1888 2623 Quod
1908 2593 1929 2616 si
1949 2592 2094 2616 subiectum
2114 2600 2165 2616 non
2184 2593 2217 2616 sit
2228 2593 2392 2624 principium
2407 2601 2466 2625 pas-

1401 2629 1494 2659 sionis,
1514 2633 1540 2653 et
1558 2629 1661 2653 aliunde
1680 2629 1826 2661 quaerenda
1850 2633 1890 2652 est
1909 2628 1979 2652 ratio
1999 2635 2045 2651 cur
2063 2627 2151 2660 passio
2171 2627 2218 2660 ipsi
2238 2628 2353 2653 subiecto
2372 2637 2465 2653 conve-

1400 2664 1464 2695 niat;
1483 2664 1539 2696 ipsa
1558 2664 1622 2689 ratio
1641 2664 1688 2688 erit
1707 2664 1830 2688 medium.
1850 2663 1901 2688 Sed
1920 2664 2014 2688 iterum
2033 2663 2065 2687 de
2083 2663 2131 2687 hac
2149 2662 2286 2696 hypothesi
2306 2664 2464 2696 impraesen-

1399 2699 1493 2724 tiarum
1513 2707 1566 2724 non
1584 2705 1624 2724 est
1643 2706 1731 2724 sermo
1750 2698 1799 2731 (Cf.
1814 2699 1878 2723 insta
1897 2699 1954 2723 lect.
1968 2706 2013 2729 vn,
2028 2707 2053 2722 n.
2067 2697 2091 2729 8,
2107 2703 2132 2722 et
2152 2699 2209 2723 lect.
2223 2699 2283 2730 xix).

1455 2733 1496 2767 ββ)
1518 2734 1718 2759 Demonstratio
1733 2735 1854 2759 resolvet.
1863 2734 1985 2759 —AGLT
2000 2739 2025 2758 et
2039 2742 2060 2759 s.
2074 2741 2109 2758 m.
2124 2734 2185 2758 DK:
2201 2734 2347 2758 resolvetur
2352 2743 2361 2765 ;
2373 2735 2407 2759 B:
2422 2742 2465 2760 re-

1399 2771 1494 2800 solvit,·
1513 2770 1551 2800 Q:
1570 2771 1664 2799 solum,
1684 2775 1804 2802 corrupte
1823 2777 1870 2802 pro
1889 2770 1904 2800 (
1907 2777 1947 2794 re·
1950 2770 1966 2801 )
1984 2770 2075 2794 solvet.

1452 2805 1497 2839 γγ)
1511 2806 1587 2830 Unde
1595 2809 1622 2830 et
1632 2806 1658 2830 in
1665 2805 1801 2837 principio
1811 2810 1878 2829 etc.-
1885 2805 1921 2829 Et
1931 2805 2018 2836 legunt
2028 2805 2110 2834 codd.‚
2121 2804 2275 2834 exc.AFOQ
2282 2813 2289 2835 ;
2300 2805 2358 2829 PO:
2369 2806 2448 2830 etiam
2455 2814 2465 2836 ‚-

1399 2841 1470 2871 AFQ
1482 2841 1656 2871 om.-Codd.,
1672 2849 1725 2865 exc.
1739 2841 1820 2865 LNT:
1835 2840 1861 2864 in
1870 2840 2007 2872 principio
2021 2840 2095 2868 fibri,-
2110 2839 2167 2864 LN:
2183 2840 2208 2864 in
2224 2840 2358 2871 principio
2373 2841 2464 2870 huius;

1399 2876 1437 2901 T:
1457 2874 1522 2910 (om.
1537 2876 1576 2910 in)
1591 2876 1728 2908 principio
1743 2876 1835 2907 primi.

1452 2911 1492 2943 38)
1512 2912 1573 2936 Nisi
1587 2912 1705 2944 definitio
1725 2916 1773 2935 etc.
1786 2911 1917 2935 -Variant
1936 2911 2036 2935 codices
2052 2910 2100 2934 hoc
2114 2911 2180 2934 loco.
2194 2909 2242 2934 AG
2257 2915 2281 2934 et
2296 2918 2316 2934 s.
2332 2918 2367 2934 m.
2380 2911 2462 2935 BDK:

1398 2947 1451 2972 nisi
1473 2948 1671 2972 demonstrator
1702 2950 1821 2971 uteretur
1846 2946 1997 2979 definitione
2015 2946 2123 2970 subiecti
2142 2946 2168 2969 in
2188 2946 2404 2971 demonstrando.
2426 2947 2462 2971 Et

1398 2983 1447 3008 hoc
1461 2988 1509 3007 etc.
1530 2984 1679 3007 Lectionem
1699 2982 1838 3014 praefatam
1857 2982 1916 3014 plus
1936 2982 2056 3005 minusve
2074 2981 2169 3005 habent
2187 2981 2227 3004 alii
2243 2981 2317 3005 codd.
2337 2982 2375 3005 En
2389 2981 2462 3006 diffe—

1397 3019 1508 3042 rentiae:
1528 3021 1648 3042 uteretur
1666 3025 1718 3042 om.
1734 3026 1760 3050 p.
1775 3025 1809 3041 m.
1825 3017 1969 3047 BCDKNS;
1990 3024 2011 3041 s.
2026 3024 2060 3040 m.
2077 3016 2110 3040 C:
2126 3019 2244 3041 uteretur
2264 3017 2303 3040 vel
2317 3016 2461 3049 indigeret,-

1398 3061 1419 3078 ε.
1434 3062 1469 3078 m.
1485 3054 1516 3078 S:
1533 3057 1639 3082 tutatum·
1659 3053 1713 3077 CE:
1734 3053 1813 3077 etiam
1827 3052 2049 3079 demonstrand05
2068 3052 2089 3075 N
2103 3057 2128 3075 et
2147 3059 2171 3083 p.
2187 3059 2223 3076 m.
2236 3052 2295 3075 DK:
2314 3055 2340 3076 et
2354 3052 2461 3076 demon-

1396 3089 1524 3117 strandm
1543 3089 1581 3113 H:
1601 3092 1627 3113 et
1645 3088 1694 3113 hoc
1708 3088 1932 3115 demonstmndm
1950 3087 2008 3117 FlQ
2020 3095 2073 3112 om.
2088 3087 2113 3111 in
2122 3094 2131 3116 ‚·
2145 3087 2184 3111 M:
2200 3087 2252 3111 nisi
2266 3087 2462 3112 demonstretur

1397 3124 1549 3156 definitione
1567 3123 1677 3148 subiecti
1699 3127 1726 3148 et
1749 3123 1973 3151 demonstrando;
1992 3123 2029 3147 O:
2048 3130 2099 3146 non
2120 3125 2255 3154 oporteret
2279 3130 2331 3147 non
2352 3123 2461 3147 demon-

1395 3162 1484 3183 strare
1509 3159 1686 3192 definitionem
1712 3158 1822 3183 subiecti
1840 3159 1866 3182 in
1890 3158 2106 3183 demonstrando.
2131 3158 2181 3182 Sed
2200 3157 2247 3181 hae
2265 3158 2370 3182 ultimae
2395 3158 2461 3182 duae

1395 3194 1519 3218 lectiones
1539 3193 1737 3226 inintelligibiles
1757 3198 1825 3218 sunt.

1448 3229 1482 3261 εε)
1503 3229 1613 3253 Duobus
1633 3228 1865 3253 intrinsecis.—Ita
1884 3229 1967 3258 codd.‚
1985 3236 2038 3253 exc.
2053 3228 2098 3252 BG
2118 3233 2143 3252 et
2162 3235 2187 3260 p.
2201 3236 2236 3252 m.
2251 3228 2281 3252 E.
2300 3228 2379 3252 Error
2397 3228 2459 3253 irre-

1395 3265 1446 3296 psit
1459 3265 1484 3288 in
1497 3264 1538 3288 ΡΒ
1552 3269 1577 3289 et
1591 3272 1617 3295 p.
1629 3271 1664 3288 m.
1680 3264 1709 3294 E,
1725 3264 1769 3295 qui
1785 3264 1874 3296 legunt
1888 3264 1989 3289 duobus
2004 3263 2083 3288 rectis
2097 3263 2210 3292 intrins„
2226 3268 2251 3288 et
2265 3263 2290 3287 in
2306 3263 2344 3287 G:
2358 3263 2460 3288 duobus

1384 3299 1473 3324 >rectis
1491 3300 1627 3330 aequalem
1648 3299 1811 3329 intrinsecis;
1836 3306 1944 3323 erronea
1967 3299 2060 3331 pariter
2079 3304 2119 3322 est
2137 3299 2211 3323 lectio
2230 3299 2287 3329 cod.
2307 3299 2316 3322 I
2336 3304 2361 3323 et
2379 3306 2403 3330 p.
2423 3306 2459 3323 m.

1393 3335 1453 3358 AN:
1474 3334 1575 3358 duobus
1594 3334 1761 3359 extrinsecis.
1781 3334 1801 3358 F
1820 3343 1846 3367 p.
1859 3342 1894 3358 m.
1908 3334 2168 3359 om.‘intrinsec1's.—
2186 3334 2249 3358 Post
2267 3334 2346 3358 verba
2365 3334 2457 3367 defini-

1394 3370 1431 3394 tio
1446 3369 1582 3401 passionis
1601 3369 1632 3394 ab
1652 3370 1803 3393 amanuensi
1819 3370 1859 3393 vel
1880 3370 1974 3393 lectore
1994 3370 2050 3394 cod.
2065 3370 2085 3393 B
2100 3368 2162 3393 haec
2181 3370 2268 3393 notula
2288 3370 2312 3393 in
2328 3369 2459 3394 interlinea

1394 3405 1508 3429 additur:
1527 3405 1627 3430 scilicet
1648 3405 1697 3430 hoc
1721 3404 1792 3437 quod
1814 3407 1854 3429 est
1878 3405 1974 3429 habere
1996 3408 2050 3429 tres
2074 3405 2187 3437 angulos
2211 3405 2334 3437 aequales
2358 3404 2459 3429 duobus

1394 3441 1481 3465 rectis.

1446 3474 1486 3507 ζζ)
1507 3475 1561 3499 Sed
1579 3475 1731 3508 triangulus
1750 3478 1790 3499 est
1807 3475 1959 3500 huiusmodi
1963 3482 1973 3505 ,·
1987 3482 2051 3508 ergo
2070 3475 2225 3500 etc.—Haec
2242 3475 2322 3500 verba
2335 3475 2458 3500 omittun-

1393 3515 1434 3535 tur
1452 3511 1612 3535 concorditer
1631 3518 1645 3535 a
1664 3511 1739 3535 codd.

1445 3546 1489 3577 ηη)
1509 3546 1585 3579 Ergo
1605 3546 1675 3571 vocis
1694 3549 1789 3570 acutae
1807 3543 1965 3570 eta-‘Hanc
1984 3545 2124 3570 illationem
2148 3545 2266 3570 addimus
2285 3546 2305 3570 P
2324 3553 2355 3570 ex
2374 3546 2457 3577 codd.‚

1393 3589 1446 3606 exc.
1466 3582 1517 3606 Hs.
1533 3581 1649 3606 Omissio
1668 3582 1776 3613 irrepsit.
1792 3586 1904 3613 utputo,
1924 3589 1954 3605 ex
1973 3589 2079 3606 recursu
2099 3582 2249 3606 earumdem
2269 3589 2376 3605 vocum:
2390 3589 2459 3613 pro-

1386 3616 1480 3650 portio
1499 3617 1651 3641 numeralis.
1661 3617 1727 3641 -Gz
1746 3617 1838 3642 eadem
1853 3619 1893 3641 est
1905 3617 2048 3649 proportio
2054 3623 2063 3645 ,⁰
2077 3616 2103 3646 Q
2119 3617 2190 3642 vocis
2207 3617 2300 3650 gravis
2314 3621 2340 3643 et
2354 3620 2457 3642 acutae.

2256 3670 2312 3701 4²*

2597 473 2630 498 ΥΥ

2510 530 2517 536 ·
2534 528 2584 550 Lib.
2594 529 2612 555 1,
2629 530 2680 551 lect.
2697 536 2720 557 n,

2508 561 2531 575 n.
2541 561 2561 582 3.

2601 625 2630 650 ὃὸ

2599 952 2622 968 ΕΞ

2504 998 2515 1008 ⁸
2529 1003 2562 1019 rr:
2579 1000 2664 1020 tamen.

2589 1264 2619 1293 ζζ

2500 1376 2511 1386 '⁵
2526 1376 2609 1403 Codd„
2620 1383 2669 1399 exc.
2687 1385 2716 1400 nr

2502 1408 2531 1423 ot.
2543 1414 2553 1418 -
2569 1410 2593 1424 a:
2609 1405 2713 1432 acciplu-

2501 1435 2560 1451 mus.

2501 1477 2511 1487 ⁸
2526 1483 2554 1498 n:
2570 1479 2600 1498 et.
2612 1489 2622 1493 -
2636 1484 2651 1499 Α
2665 1485 2714 1500 om.

2502 1509 2595 1525 rursus.

2587 1806 2619 1829 ⁷1⁷1

2496 1965 2507 1975 ⁵
2521 1971 2550 1986 ιο
2557 1973 2563 1986 z
2578 1967 2621 1987 est.

2492 2282 2503 2292 ⁸
2518 2282 2592 2304 Codd.
2602 2290 2645 2305 -1’:
2659 2290 2707 2306 me-

2493 2308 2555 2330 dium
2599 2311 2709 2333 sensibile

2488 2341 2542 2362 per.
