2548 4192
896 277 952 313 ΙΝ
982 277 1021 313 S.
1042 275 1284 312 THOMAM
1312 274 1637 321 AQUINATEM

166 375 182 390 ι»
203 359 352 393 Richardi
375 357 565 390 cardinalis:
596 357 704 397 ibique
727 356 886 397 praefatus
913 356 1035 386 Doctor
1058 353 1235 384 infirmatus

166 419 181 434 »
204 412 250 436 est
273 405 312 434 de
335 403 480 440 tertiana,
506 401 611 432 socius
634 411 710 432 vero
740 411 816 431 suus
846 400 939 430 frater
962 399 1172 440 Raymundus
1197 398 1235 428 de

165 463 180 479 »
203 449 355 481 continua
376 446 496 488 gravi...
514 446 608 476 Tunc
622 445 807 476 venerabilis
821 445 943 476 Doctor
956 443 1073 484 recepit
1088 442 1235 483 reliquias

165 507 180 523 »
202 495 310 525 beatae
325 491 468 532 Agnetis,
482 500 562 531 quas
579 500 616 520 ex
635 490 805 520 devotione
819 499 929 519 secum
943 488 1061 518 ferebat
1074 488 1113 517 de
1129 487 1232 518 Urbe:

165 552 180 567 ι
203 545 234 569 et
256 537 342 568 misit
364 536 448 566 dicto
472 534 557 566 fratri
572 532 797 576 (Raymundo)
816 534 906 574 quod
931 542 1027 572 super
1050 542 1082 562 se
1103 537 1236 572 poneret

165 595 180 611 ι
204 589 235 613 et
257 581 384 613 haberet
407 580 536 620 plenam
557 578 655 610 fidem
671 579 704 609 in
721 578 775 609 eis.
801 578 900 615 Quod
923 583 954 608 et
976 576 1049 607 fecit
1065 582 1095 606 et
1109 581 1235 606 curatus

166 639 181 655 2
204 632 250 657 est
273 625 355 656 ultra
378 634 469 665 spem
487 623 697 655 medicorum.
721 623 855 662 Propter
869 631 968 663 quam
984 630 1112 652 causam
1127 620 1234 660 dispo-

166 683 182 700 »
204 676 309 701 suerat
337 669 478 710 singulis
507 669 603 699 annis
631 668 732 698 facere
752 667 879 708 festum
908 666 1049 697 solemne
1081 665 1121 696 de
1143 665 1233 705 ipsa,

166 727 182 743 »
205 724 280 746 cum
307 715 394 745 bona
421 712 590 743 refectione
624 712 772 743 fratrum:
797 711 887 752 quod
911 715 941 741 et
964 710 1019 741 illo
1043 719 1129 740 anno
1150 708 1236 749 fecit

166 772 182 788 ι
203 759 351 799 Neapoli.
376 757 528 798 Sequenti
541 767 617 787 vero
641 756 762 787 transiit
784 756 824 786 ad
842 756 959 786 Deum.
973 767 987 781 »
1015 754 1091 791 Quo
1111 763 1148 784 ex
1161 753 1235 783 loco

165 803 336 836 certissime
360 808 483 833 constat
503 801 653 842 peculiari
673 801 872 832 solemnitate
886 799 1051 830 Thomam
1066 798 1236 829 celebrasse

163 847 304 888 Neapoli
331 847 449 878 festum
478 846 563 877 diem
594 852 718 877 sanctae
741 845 893 885 Agnetis,
917 853 1002 874 anno
1031 842 1237 883 praecedente

165 893 337 924 tmnsitum
361 891 429 922 eius
452 891 496 922 ad
517 891 640 928 Deum,
665 900 750 920 anno
774 889 891 920 scilicet
919 889 1011 930 1273.
1044 888 1152 927 Itaque
1175 886 1238 917 hoc

165 937 281 968 eodem
303 946 389 967 anno
408 935 543 975 Neapoli
567 935 700 975 degebat
714 934 858 975 Aquinas
873 943 982 963 mense
997 931 1153 970 ianuario,
1170 941 1238 972 quo

164 982 198 1012 in
221 981 307 1011 diem
333 990 368 1011 21
396 979 507 1011 incidit
538 979 657 1010 festum
685 979 793 1009 beatae
823 977 971 1018 Agnetis:
1001 977 1145 1016 adeoque
1173 975 1239 1006 iam

166 1025 272 1066 primo
301 1024 444 1056 eiusdem
473 1024 547 1054 anni
580 1024 662 1065 1273
692 1032 802 1053 mense
834 1031 935 1052 sacras
963 1021 1080 1051 litteras
1102 1019 1239 1060 Neapoli

165 1070 307 1101 tradebat
337 1069 372 1100 in
395 1068 521 1100 scholis.
553 1067 662 1098 Fuerit
690 1077 765 1106 ergo
789 1066 827 1096 ab
851 1067 938 1105 Rege
961 1064 1079 1096 Carolo
1111 1074 1182 1094 eam
1205 1063 1239 1093 in

167 1115 280 1145 urbem
303 1114 344 1143 ad
366 1113 550 1143 docendum
572 1111 689 1142 accitus
719 1110 889 1151 postremis
912 1109 987 1139 anni
1016 1118 1097 1150 1272
1122 1107 1239 1138 mensi-

166 1159 244 1189 bus:
269 1167 306 1188 ac
328 1167 403 1187 sane
426 1157 539 1187 datum
557 1155 700 1196 diploma
715 1154 830 1185 dicitur
843 1161 914 1184 tum
928 1153 1100 1184 indictione
1108 1153 1237 1192 prima,

165 1209 237 1234 tum
260 1210 368 1232 mense
389 1201 525 1231 octobre.
555 1200 640 1230 Hinc
664 1199 835 1230 dicendum
859 1204 905 1228 est
935 1197 986 1228 vel
1016 1197 1087 1237 ipso
1115 1196 1240 1226 labente

165 1255 276 1279 mense
306 1244 429 1276 octobri
455 1251 512 1275 aut
543 1244 639 1275 etiam
668 1242 838 1284 septembri
866 1242 969 1273 Roma
998 1241 1127 1271 exivisse
1150 1239 1239 1270 Tho-

166 1300 255 1322 mam
277 1288 388 1332 (quod
419 1294 524 1320 narrat
552 1285 795 1330 Ptolomaeus):
826 1287 866 1317 ad
893 1292 1032 1317 castrum
1063 1284 1240 1316 Cardinalis

166 1333 494 1369 Richardiexitinere‘
515 1333 691 1364 divertisse:
715 1338 904 1372 receptaque
920 1337 994 1371 post
1012 1329 1180 1361 tertianam
1195 1328 1239 1359 fe-

155 1378 249 1412 brim
270 1378 466 1417 valetudine,
490 1377 662 1418 Neapolim
689 1377 867 1416 ingressum
891 1385 974 1413 esse,
998 1374 1114 1405 litteras
1139 1383 1240 1404 sacras

165 1424 366 1456 valiturum.
381 1422 564 1453 Echardum
578 1421 710 1453 consule
725 1421 758 1451 in
768 1420 861 1451 Notis
875 1420 916 1450 ad
930 1419 1072 1460 elogium
1081 1418 1239 1449 Thomae.

535 1528 746 1566 CAPUT
789 1528 870 1564 III.

166 1623 298 1650 Prolixutn
319 1623 540 1657 supplementum,
560 1622 631 1655 quod
649 1621 759 1646 occurrit
777 1621 803 1646 in
822 1620 929 1645 articulo
947 1621 1063 1646 secundo
1077 1620 1242 1651 Quaestionis

239 1664 345 1693 quartae
364 1659 396 1683 de
410 1658 534 1688 Potentia,
549 1658 582 1682 ad
597 1665 704 1682 examen
717 1662 836 1682 vocatur:
850 1656 1046 1689 vindicaturque
1060 1657 1241 1690 suppletorum

240 1694 331 1729 peritia
354 1699 380 1719 et
392 1694 461 1718 bona
479 1692 552 1718 fides.
568 1692 703 1725 Reginaldi
718 1692 836 1717 Lucan-ini
852 1692 1055 1722 emendationes,
1070 1692 1134 1717 aliae
1148 1692 1242 1725 adpro-

239 1732 328 1760 bata,
351 1729 461 1755 reiectae
479 1729 552 1754 aliae.
580 1728 716 1754 Variantes
740 1728 883 1753 divinarum
906 1727 1096 1760 Scriptum-um
1119 1727 1242 1753 lectiones

240 1765 401 1800 frequentius
420 1764 549 1790 adhibitae
567 1764 599 1789 ab
617 1763 755 1797 Aquinate.

170 1866 193 1898 L
216 1859 318 1940 Inter
339 1863 628 1895 animadversiones
651 1862 684 1892 in
708 1868 831 1893 textum
854 1861 952 1892 sancti
975 1861 1135 1898 Thomae,
1159 1861 1243 1902 typis

247 1909 346 1940 editas
374 1909 499 1939 Romae
521 1918 540 1938 a
563 1906 740 1947 Reginaldo
771 1906 929 1937 Lucan‘no
960 1916 1046 1936 anno
1084 1906 1165 1936 1666
1200 1906 1244 1936 sic

168 1954 264 1986 habet
286 1953 338 1984 ille
368 1953 408 1983 ad
431 1958 486 1983 art.
508 1963 531 1982 11
557 1958 678 1993 quaest.
698 1961 730 1981 1v
753 1951 792 1981 de
815 1950 976 1981 Potentia:
1005 1963 1020 1978 α
1033 1951 1169 1990 Magna,
1194 1951 1243 1981 in-

171 2011 187 2028 »
208 1999 333 2040 quiens,
358 1997 426 2028 eius
449 2007 521 2037 pars
545 2007 612 2027 non
635 2003 682 2027 est
705 1995 804 2026 sancti
823 1995 982 2032 Thomae,
1007 1995 1062 2025 sed
1085 1995 1244 2026 Vincentii

171 2054 187 2072 ι
209 2042 342 2074 Baldelli
365 2039 548 2084 (Bandelli)
572 2041 611 2071 de
635 2039 871 2078 Castro-novo,
895 2039 951 2080 qui
974 2039 1035 2070 fuit
1065 2039 1245 2079 theologiae

171 2098 188 2117 ν
209 2087 359 2128 magister
371 2085 503 2126 insignis
514 2092 545 2116 et
560 2084 723 2116 Generalis
739 2084 869 2115 Ordinis
884 2083 1014 2114 nostri.»
1033 2084 1245 2125 Raymundus

171 2131 368 2173 Capisuccus
390 2131 423 2161 in
439 2129 667 2161 Controversia
688 2139 760 2159 xxrv
776 2129 815 2159 de
836 2128 1060 2169 Propitiatorio
1084 2138 1156 2169 pag.
1171 2130 1244 2170 575:

174 2175 354 2217 Optassem,
377 2174 492 2216 inquit,
517 2180 553 2205 ut
575 2175 627 2205 hic
649 2179 764 2204 auctor
786 2173 970 2204 huiusmodi
987 2174 1176 2204 assertionis
1192 2183 1245 2204 ra-

170 2222 287 2252 tionem
319 2219 370 2251 vel
394 2225 574 2262 patronum
603 2219 782 2256 attulisset,
820 2227 892 2249 cum
921 2218 989 2248 ait:
1025 2218 1200 2248 articulum
1224 2228 1246 2248 11

169 2265 366 2307 quaestionis
387 2274 421 2294 rv
443 2263 484 2295 de
505 2264 652 2294 Potentia
677 2272 740 2294 non
765 2272 834 2293 esse
851 2262 918 2293 divi
945 2262 1094 2292 Thomae.

237 2310 320 2340 Rem
343 2318 403 2349 ego
427 2307 608 2348 diligentius
631 2317 753 2338 enarro.
774 2306 914 2338 Venetiis
933 2306 1120 2346 prodierunt
1139 2307 1246 2344 Quae-

169 2355 289 2386 stiones
301 2354 497 2394 Disputatae
517 2362 602 2383 anno
633 2353 713 2383 1503
732 2351 788 2382 fol.
803 2351 888 2393 typis
903 2351 1058 2381 heredum
1080 2351 1246 2382 Octaviani

170 2398 269 2436 Scoti,
293 2397 421 2428 duobus
443 2396 664 2427 voluminibus
688 2396 946 2436 comprehensae,
964 2405 1046 2436 quae
1066 2397 1192 2426 revisae
1217 2401 1247 2426 et

171 2442 359 2474 emendatae
375 2442 531 2473 dicuntur
537 2451 602 2482 per
616 2442 816 2482 Magistrum
828 2440 973 2471 'Ordinis
978 2439 1030 2480 fr.
1049 2440 1245 2471 Vincentium

171 2486 366 2518 Bandellum
390 2486 431 2516 de
456 2486 682 2516 Castro-novo.
707 2485 736 2515 Is
760 2494 845 2515 anno
875 2485 952 2514 1501
981 2484 1112 2514 sabbato
1139 2484 1247 2524 vigilia

171 2532 384 2568 Pentecostes,
411 2540 452 2560 20
476 2529 563 2568 maii,
587 2531 711 2560 Romae
734 2529 774 2559 ad
793 2538 956 2559 summam
975 2528 1103 2559 Ordinis
1122 2528 1246 2559 Praefe-

173 2576 296 2607 cturam
319 2581 445 2605 evectus
468 2574 580 2604 fuerat.
606 2574 673 2604 lam
696 2579 768 2604 ante
784 2573 966 2613 prodierant
988 2572 1060 2602 illae
1078 2572 1246 2603 seiunctim

173 2630 210 2651 ac
232 2619 328 2650 simul
352 2619 511 2650 collectae.
536 2619 718 2649 Romanam
733 2617 907 2648 editionem
923 2627 1070 2647 memoro
1086 2617 1170 2658 typis
1184 2617 1246 2647 Ar-

174 2664 263 2695 noldi
293 2664 459 2704 Pannartz
494 2664 575 2704 1476
600 2662 655 2693 fol.
681 2662 758 2693 voll.
781 2671 798 2692 2
812 2685 820 2700 ,
849 2669 880 2692 et
903 2661 1133 2692 Coloniensem
1163 2662 1247 2703 typis

173 2709 314 2740 Henrici
339 2707 491 2745 Quentell
518 2717 600 2747 1499
625 2713 655 2737 et
677 2707 873 2747 insequente.

241 2752 445 2784 Coloniensis
468 2751 546 2782 haec
569 2751 665 2782 editio
697 2757 823 2791 praesto
847 2749 926 2780 mihi
949 2756 1015 2787 est,
1040 2750 1091 2780 cui
1115 2749 1246 2780 titulus:

177 2797 390 2835 Quaestiones
417 2797 611 2836 Dis-putatae
633 2796 784 2837 Angelici
801 2796 954 2826 Doctoris
975 2795 1081 2825 sancti
1109 2795 1248 2825 Thomae

172 2842 345 2882 Aquinatis
370 2841 449 2872 Ora.
468 2841 585 2871 Praed.
600 2850 664 2880 per
686 2850 856 2870 sacrarum
881 2839 1063 2870 litterarum
1082 2839 1247 2880 professo-

174 2895 243 2917 rem
267 2886 421 2916 eximium
445 2886 638 2926 magistrum
667 2884 896 2915 Theodericum
919 2883 960 2914 de
982 2883 1148 2921 Susteren,
1170 2884 1248 2914 insi-

174 2931 252 2971 gnis
274 2935 449 2960 conventus
467 2929 668 2960 Coloniensis
682 2929 823 2959 eiusdem
843 2928 976 2958 Ordinis
990 2934 1154 2969 regentem
1168 2938 1247 2968 pro-

165 2973 415 3014 fundissimum,
433 2975 466 3004 in
485 2974 682 3004 luculentam
701 2978 827 3003 erectae
840 2973 1093 3003 consonantiam.
1115 2973 1150 3002 In
1165 2972 1248 3003 calce

176 3017 350 3047 voluminis
365 3017 441 3047 haec
455 3017 625 3048 habentur:
641 3018 804 3058 Impressa
819 3018 1031 3057 Agrippinae,
1041 3026 1139 3057 opera
1153 3022 1250 3057 atque

179 3062 330 3101 impensis
346 3061 478 3101 providi
492 3060 554 3092 itiri
566 3062 706 3092 Henrici
724 3061 885 3098 Quentell,
901 3062 980 3092 civis
994 3061 1146 3098 eiusdem,
1162 3071 1249 3091 anno

178 3106 294 3137 salutis
317 3106 479 3135 humanae
502 3107 797 3146 nonagesimonono
819 3115 920 3146 supra
944 3105 1148 3136 millesimum
1172 3115 1250 3146 qua-

179 3150 479 3191 dringentesimum.
509 3149 544 3179 In
568 3149 626 3179 hac
650 3149 787 3180 editione
809 3150 959 3180 articulus
977 3160 1000 3179 11
1025 3156 1146 3190 quaest.
1161 3160 1193 3179 1v
1211 3149 1251 3180 de

178 3195 324 3225 Potentia
348 3193 541 3223 inscribitur:
573 3193 720 3224 Secundo
749 3195 920 3234 quaeritur
954 3199 1064 3224 utrum
1094 3195 1251 3224 materiae

169 3239 331 3280 formatio
355 3243 421 3268 tota
439 3238 537 3268 simul
549 3237 661 3278 fuerit
688 3248 731 3268 an
748 3239 937 3269 successiva.
962 3239 1051 3268 Tum
1065 3244 1251 3278 argumenta

179 3290 318 3324 quatuor
341 3292 436 3322 supra
463 3281 590 3321 triginta
619 3289 844 3322 opponuntur;
868 3293 950 3323 quae
973 3283 1085 3312 eadem
1108 3289 1183 3312 sunt
1215 3292 1251 3312 ac

179 3327 213 3357 in
246 3327 384 3358 editione
417 3326 558 3356 Bandelli
587 3332 618 3356 et
640 3326 788 3356 Romana
810 3326 857 3356 Pii
881 3327 910 3357 V
933 3326 1066 3366 aliisque
1094 3326 1250 3366 sequioris

180 3372 258 3402 aevi.
283 3372 467 3412 Sequuntur
489 3376 675 3409 argumenta
697 3370 886 3410 prolusoria,
903 3380 985 3411 quae
999 3370 1125 3400 inscribi
1149 3370 1252 3400 solent

179 3416 237 3447 sed
259 3421 390 3453 contra;
413 3424 495 3455 quae
518 3414 628 3444 decem
651 3414 684 3444 in
706 3414 870 3454 praedictis
890 3414 1040 3444 omnibus
1060 3414 1251 3444 editionibus

181 3467 398 3491 numerantur.
423 3458 604 3489 Decretoria
628 3458 766 3488 succedit
788 3458 936 3488 Thomae
959 3457 1136 3497 responsio,
1153 3467 1252 3497 quam

180 3505 279 3544 vulgo
302 3513 419 3545 corpus
442 3503 574 3534 articuli
595 3509 720 3533 vocant.
750 3502 914 3532 Postrema
935 3502 1030 3531 verba
1052 3501 1085 3531 in
1115 3501 1252 3531 editione

183 3548 370 3579 Coloniensi
393 3548 470 3578 haec
493 3554 582 3578 sunt:
602 3547 646 3577 Et
669 3552 746 3577 tunc
758 3556 822 3586 per
841 3555 971 3586 vespere
989 3545 1184 3585 intelligitur
1202 3555 1252 3575 co-

182 3594 286 3634 gnitio
309 3594 358 3623 rei
381 3594 413 3622 in
432 3593 570 3632 propria
595 3596 726 3628 natura,
745 3600 809 3630 per
831 3600 927 3620 mane
950 3599 1025 3620 vero
1054 3590 1195 3630 cognitio
1219 3590 1251 3618 in

191 3637 298 3668 Verbo.
328 3637 492 3667 Prolixum
514 3636 548 3666 in
572 3636 710 3666 editione
737 3635 836 3665 revisa
859 3645 877 3664 a
899 3633 1051 3664 Bandello
1077 3640 1107 3664 et
1129 3633 1162 3663 in
1186 3633 1254 3663 aliis

327 3698 396 3731 Opp.
415 3699 447 3723 D.
462 3698 577 3723 Tamna
595 3698 627 3722 T.
647 3698 665 3722 1.

2220 289 2362 316 CLXXVII

1293 354 1523 393 posterioribus
1547 355 1799 386 additamentum
1823 356 1975 397 sequitur,
1991 358 2079 397 quod
2098 357 2222 398 incipit:
2242 359 2363 390 Secun-

1293 398 1369 428 dum
1395 408 1470 429 vero
1493 399 1576 430 alios
1599 399 1744 437 Sanctos,
1769 410 1829 440 per
1852 401 1928 431 istos
1943 401 2011 431 dies
2030 407 2060 432 et
2081 403 2265 442 temporalis
2283 405 2362 435 ordo

1294 447 1324 472 et
1341 443 1566 482 productionis
1589 453 1699 474 rerum
1723 445 1880 475 successio
1904 445 2092 477 ostenditur.
2121 446 2244 477 Desinit
2265 455 2360 478 vero:

1297 486 1339 516 Ut
1362 488 1470 517 neutri
1500 488 1616 518 harum
1646 489 1879 529 expositionum
1903 490 2168 530 praeiudicetur,
2194 496 2366 531 utramque

1293 531 1472 570 opinionem
1496 534 1699 570 sustinentes,
1725 534 1893 574 utriusque
1911 534 2089 565 rationibus
2108 534 2364 575 respondendum

1293 580 1349 606 est.
1373 575 1457 606 Hinc
1476 576 1652 607 solutiones
1670 577 1827 608 habentur
1847 585 1916 608 tum
1937 579 1977 608 ad
1991 579 2096 619 priora
2114 580 2154 618 34
2168 586 2363 619 argumenta,

1293 625 1363 649 tum
1387 620 1426 650 ad
1455 630 1492 651 10
1517 621 1710 661 posteriora:
1735 622 1864 663 quaein
1879 622 2016 653 editione
2032 623 2218 653 Coloniensi
2242 623 2366 653 deside-

1292 670 1400 694 rantur
1423 665 1541 695 omnia.
1566 666 1750 696 Admonere
1775 666 1853 697 mihi
1872 667 1963 698 liceat
1978 667 2159 708 Disputatas
2178 667 2364 698 huiusmodi

1293 709 1503 746 Quaestiones
1527 710 1637 740 eadem
1652 710 1684 740 in
1707 711 1844 741 editione
1864 711 2050 742 Coloniensi
2068 711 2174 742 vocari
2193 712 2369 742 materias:

1292 753 1437 794 adeoque
1460 754 1619 785 numerari
1643 756 1811 785 materiam
1829 757 1972 796 primam
1993 756 2032 786 de
2047 756 2192 787 Potentia
2210 756 2280 794 Dei,
2297 766 2364 786 ma—

1294 799 1408 828 teriam
1431 798 1605 829 secundam
1630 799 1668 829 de
1691 799 1837 830 Potentia
1869 800 2047 840 generativa
2075 801 2108 831 in
2132 801 2264 840 divinis,
2296 811 2366 832 ma-

1294 843 1409 872 teriam
1434 843 1561 873 tertiam
1586 842 1625 872 de
1649 843 1825 882 creatione,
1850 846 2018 875 materiam
2043 851 2193 885 quartam
2214 846 2253 876 de
2283 855 2368 876 crea·

1294 886 1381 917 tione
1404 886 1550 934 informis
1573 887 1741 925 materiae;
1766 897 1801 918 ac
1824 888 1891 928 pari
1914 889 2014 919 modo
2038 890 2173 930 reliquas
2197 900 2321 921 omnes.

1362 931 1460 970 Apud
1478 930 1644 961 laudatum
1658 931 1894 962 Theodericum
1909 933 1948 963 de
1963 933 2111 964 Susteren
2136 934 2368 965 animadversio

1296 974 1448 1015 sequitur,
1473 984 1555 1015 quae
1578 975 1736 1015 praeteriri
1760 985 1827 1005 non
1851 976 1959 1015 debet,
1983 978 2142 1017 praedicto
2159 979 2298 1009 secundo
2313 989 2368 1009 ar-

1296 1019 1394 1049 ticulo
1417 1018 1612 1059 quaestionis
1635 1025 1764 1060 quartae
1779 1020 1819 1050 de
1832 1021 1978 1051 Potentia
1997 1022 2154 1052 subiecta:
2179 1022 2280 1053 Istam
2298 1021 2365 1065 (in-

1296 1062 1366 1103 quit
1383 1061 1455 1104 ille)
1483 1062 1709 1099 Quaestionem
1729 1064 1844 1094 nullibi
1860 1066 2038 1104 reperimus
2061 1066 2187 1096 beatum
2214 1067 2367 1097 Thomam

1297 1107 1519 1147 complevisse:
1540 1107 1597 1137 sed
1626 1112 1732 1138 tamen
1757 1109 1826 1138 eius
1856 1110 2117 1149 complementum
2142 1120 2213 1141 cum
2237 1106 2384 1142 solutio-¹

1298 1151 1390 1181 nibus
1404 1156 1674 1191 argumentorum
1691 1161 1733 1182 ex
1747 1152 1848 1182 tribus
1862 1153 1936 1183 aliis
1944 1154 2096 1194 passibus
2109 1164 2188 1184 suae
2201 1155 2368 1186 doctrinae

1296 1195 1408 1225 haberi
1425 1200 1532 1235 potest
1544 1195 1731 1236 facillime;
1744 1197 1865 1227 scilicet
1878 1207 1943 1237 par.
1962 1198 1984 1235 Ι,
2000 1208 2054 1239 qu.
2070 1208 2164 1228 Lxxm
2172 1209 2236 1239 per
2250 1205 2369 1230 totum:

1297 1240 1370 1269 item
1394 1238 1427 1269 in
1451 1240 1591 1270 secundo
1616 1239 1732 1280 scripto
1756 1240 1828 1271 dist.
1843 1251 1896 1279 xn,
1916 1241 2000 1272 artic.
2017 1253 2048 1272 tv
2064 1247 2095 1273 et
2114 1243 2146 1272 in
2166 1243 2204 1273 de
2219 1243 2366 1282 Veritate‚

1296 1283 1427 1314 Materia
1443 1282 1516 1324 (seu
1530 1284 1740 1326 Quaestione)
1750 1295 1815 1323 vm,
1824 1292 1880 1316 art.
1888 1295 1960 1316 xvn.
1977 1287 2065 1317 Talis
2081 1287 2193 1327 igitur,
2204 1289 2260 1328 qui
2273 1288 2370 1319 huius

1290 1329 1375 1369 petit
1396 1328 1584 1368 ampliorem
1609 1328 1858 1360 declarationem
1883 1335 1914 1360 et
1936 1337 2203 1371 argumentorum
2236 1333 2369 1363 solutio-

1298 1382 1381 1410 nem,
1406 1373 1451 1403 ad
1473 1373 1546 1403 illos
1569 1379 1719 1404 recurrat
1728 1383 1859 1414 passus.
1885 1375 1970 1405 Loca
1985 1385 2003 1405 a
2017 1375 2216 1406 Theoderico
2233 1376 2370 1407 indicata

1298 1417 1523 1457 expendimus:
1548 1427 1689 1458 quorum
1712 1424 1819 1449 tamen
1838 1419 1948 1458 index,
1970 1419 2058 1460 prelo
2079 1426 2216 1458 errante,
2235 1421 2370 1451 vitiosus

1298 1468 1354 1492 est.
1379 1462 1533 1499 Quaestio
1551 1463 1682 1502 primae
1698 1464 1807 1502 partis
1829 1473 1921 1493 Lxxtv
1942 1464 2139 1494 numeranda
2158 1463 2269 1503 fuerat,
2289 1475 2372 1506 quae

1297 1506 1492 1537 inscribitur:
1516 1507 1568 1537 De
1587 1507 1734 1538 omnibus
1746 1513 1865 1548 septem
1889 1508 1999 1539 diebus
2022 1510 2055 1539 in
2071 1510 2242 1546 communi,
2259 1519 2294 1539 ac
2310 1515 2372 1540 tres

1298 1551 1331 1581 in
1355 1550 1504 1581 articulos
1528 1551 1644 1582 tributa
1668 1557 1724 1582 est.
1748 1552 1800 1582 Ad
1814 1552 1896 1583 hanc
1911 1552 2007 1583 etiam
2021 1562 2089 1583 rem
2112 1553 2269 1593 pertinent
2283 1563 2371 1594 prae-

1299 1595 1444 1626 cedentes
1458 1595 1681 1634 Quaestiones,
1705 1606 1821 1637 nempe
1844 1607 1927 1627 van
1951 1603 1982 1628 et
2004 1607 2086 1638 quae
2101 1604 2287 1638 sequuntur.
2312 1600 2372 1628 Ar-

1298 1640 1397 1670 ticulo
1420 1646 1535 1681 quarto
1567 1640 1775 1671 duodecimae
1804 1640 2012 1672 distinctionis
2036 1641 2116 1672 adde
2140 1642 2313 1673 articulum
2338 1652 2373 1672 m

1299 1691 1330 1715 et
1351 1694 1375 1714 11
1397 1684 1629 1724 praecedentes,
1654 1685 1857 1722 Quaestionis
1873 1686 2010 1727 denique
2028 1686 2068 1716 de
2089 1686 2229 1717 Veritate
2242 1693 2371 1717 octavae

1299 1729 1440 1769 expende
1463 1729 1611 1759 articulos
1633 1739 1686 1759 xvr
1701 1736 1731 1760 et
1753 1740 1825 1760 xvn.
1850 1730 1898 1760 Ex
1913 1730 1962 1760 his
1977 1730 2182 1771 potissimum
2196 1731 2274 1762 locis
2288 1731 2371 1761 Ban-

1299 1773 1400 1803 dellus
1424 1773 1593 1813 prompsit,
1618 1783 1699 1814 quae
1718 1773 1750 1804 In
1767 1774 1882 1804 eodem
1901 1775 2033 1806 articulo
2051 1775 2191 1806 secundo
2207 1782 2328 1816 quaest.
2339 1785 2372 1805 1v

1299 1817 1339 1848 de
1361 1818 1507 1848 Potentia
1531 1817 1691 1858 supplevit
1713 1818 1790 1858 ipse.

1367 1862 1510 1892 Iamvero
1525 1862 1604 1893 vitio
1627 1862 1732 1902 primo
1752 1863 1829 1893 verti
1846 1864 2004 1895 Lucarino
2024 1874 2118 1904 posse
2131 1864 2266 1902 videtur,
2282 1864 2371 1904 quod

1300 1916 1455 1947 magnam
1489 1906 1611 1938 articuli
1635 1907 1764 1947 praefati
1797 1915 1920 1948 partem
1950 1909 2111 1939 Vincentio
2135 1908 2295 1939 Bandello
2319 1908 2372 1938 ad-

1301 1951 1472 1991 scripserit;
1496 1958 1683 1993 partemque
1706 1962 1774 1982 non
1792 1952 1975 1983 indicaverit
1989 1953 2119 1993 proprio
2140 1953 2237 1983 sancti
2253 1953 2372 1983 Docto-

1301 1995 1342 2026 ris
1362 1996 1484 2026 calamo
1504 1996 1692 2027 confectam.
1717 1997 1809 2028 Hanc
1825 1997 1858 2027 in
1878 1997 2015 2028 editione
2032 1997 2179 2027 Romana
2202 2007 2238 2027 ac
2254 1997 2375 2028 Veneta

1301 2040 1463 2071 Dominici
1486 2040 1654 2080 Niccolini,
1679 2047 1716 2072 ut
1738 2051 1794 2082 par
1818 2048 1893 2080 erat,
1917 2041 2088 2072 indicatam
2107 2041 2242 2082 legimus
2258 2041 2374 2081 margi-

1302 2085 1365 2115 nali
1390 2085 1534 2126 sequenti
1559 2092 1650 2116 nota:
1679 2086 1794 2116 «Haec
1818 2093 1926 2117 autern
1950 2087 1987 2117 ab
2012 2086 2072 2116 illis
2095 2086 2198 2116 verbis
2222 2086 2375 2126 corporis,

1304 2142 1319 2156 »
1342 2129 1525 2160 Secundum
1551 2139 1627 2161 vero
1650 2131 1733 2161 alios
1756 2130 1902 2169 Sanctos,
1919 2140 2022 2172 usque
2045 2131 2085 2160 ad
2108 2130 2206 2161 finem
2220 2130 2342 2161 articuli
2357 2139 2376 2160 a

1305 2186 1319 2201 »
1342 2181 1430 2214 patre
1454 2174 1623 2205 Vincentio
1638 2185 1656 2205 a
1673 2174 1890 2206 Castro-novo
1910 2175 2029 2205 adiecta
2045 2181 2128 2205 sunt.
2143 2187 2157 2201 ›
2185 2174 2375 2214 Praecipuos

1303 2218 1416 2249 deinde
1440 2225 1636 2249 memoratos
1660 2219 1763 2250 fontes
1787 2219 1947 2260 aliosque,
1973 2219 1997 2249 si
2022 2219 2077 2260 qui
2101 2225 2185 2257 sunt,
2210 2218 2374 2258 indigitare

1303 2263 1478 2294 Lucarinus
1502 2263 1663 2301 debuerat,
1688 2270 1724 2294 ut
1746 2263 1888 2294 Bandelli
1912 2263 2103 2303 suppletoris
2126 2263 2211 2293 bona
2234 2262 2311 2293 fides
2327 2263 2374 2292 in-

1303 2314 1492 2345 notesceret;
1508 2317 1543 2338 ac
1555 2308 1700 2338 certiores
1715 2308 1918 2338 redderentur
1938 2308 2070 2338 lectores
2087 2307 2260 2347 genuinam
2276 2306 2374 2337 sancti

1303 2353 1450 2383 Thomae
1474 2352 1670 2390 doctrinam,
1700 2352 1748 2382 sin
1772 2352 1878 2382 minus
1911 2352 1978 2382 eius
2001 2352 2095 2382 verba
2119 2361 2154 2382 ac
2178 2352 2316 2392 stylum,
2340 2351 2374 2381 in

1303 2397 1417 2427 eodem
1432 2396 1535 2426 offerri
1551 2396 1777 2427 additamento.
1800 2397 1834 2426 In
1854 2396 2017 2427 codicibus
2032 2406 2106 2426 mss.
2125 2396 2271 2436 Operum
2285 2396 2374 2426 Tho-

1303 2451 1384 2479 mae,
1409 2441 1464 2482 qui
1489 2440 1619 2471 adhibiti
1641 2440 1852 2482 descriptique
1876 2441 2014 2480 fuerunt,
2039 2447 2075 2471 ut
2098 2451 2134 2471 ea
2157 2440 2319 2481 publicam
2341 2440 2375 2470 in

1302 2486 1408 2516 lucem
1437 2492 1590 2526 typorum
1621 2484 1775 2516 beneficio
1806 2485 1989 2526 prodirent,
2023 2485 2239 2515 desiderantur
2261 2484 2376 2515 alicubi

1302 2529 1472 2570 particulae
1489 2529 1646 2570 quaedam
1670 2536 1725 2560 aut
1744 2529 1919 2560 solutiones
1938 2529 2071 2560 alicuius
2090 2529 2277 2569 argumenti.
2294 2530 2375 2559 Pau-

1303 2585 1365 2613 cas,
1390 2584 1471 2615 quae
1495 2581 1676 2612 occurrunt,
1701 2584 1760 2614 pro
1784 2574 1856 2605 data
1879 2574 2046 2605 occasione
2068 2574 2278 2604 indicabimus
2294 2574 2376 2604 eius-

1303 2619 1393 2649 modi
1415 2619 1554 2650 lacunas.
1580 2619 1728 2659 Impletas
1747 2619 1815 2649 illas
1839 2618 1970 2660 quidem
1989 2618 2218 2659 suppletosque
2237 2618 2377 2648 defectus

1303 2664 1368 2694 iam
1391 2669 1550 2704 praestant
1573 2663 1656 2693 edita
1679 2663 1838 2704 exempla:
1859 2670 1890 2694 at
1906 2663 2011 2693 omnis
2027 2663 2139 2703 procul
2154 2669 2221 2693 esto
2237 2662 2376 2702 suspicio

1304 2708 1343 2738 de
1367 2708 1509 2738 doctrina
1532 2707 1674 2745 invecta,
1699 2718 1781 2749 quae
1805 2714 1946 2738 mentem
1968 2707 2137 2748 Aquinatis
2161 2707 2193 2737 in
2223 2707 2290 2736 aliis
2314 2706 2376 2736 ful-

1304 2759 1431 2792 gentem
1454 2752 1532 2783 locis
1556 2759 1611 2782 aut
1633 2762 1700 2782 non
1724 2752 1877 2793 exprimat
1900 2758 1955 2782 aut
1977 2752 2118 2782 vitiatam
2137 2751 2289 2781 exhibeat.
2318 2751 2376 2780 Pe-

1305 2797 1443 2827 ritissimi
1467 2796 1609 2836 theologi
1633 2797 1855 2837 supplementa
1878 2796 2034 2835 fecerunt,
2059 2806 2140 2837 quae
2165 2805 2201 2826 ex
2223 2795 2294 2835 ipso
2319 2795 2375 2825 do-

1305 2842 1421 2872 ctrinae
1445 2841 1644 2872 thomisticae
1667 2851 1752 2881 penu
1777 2842 1966 2882 deprompta
1990 2847 2073 2871 sunt.

1373 2886 1409 2916 Π.
1435 2885 1524 2916 Aliae
1548 2892 1692 2926 prostant
1724 2886 1810 2926 apud
1830 2886 1980 2916 eumdem
2003 2884 2197 2915 Lucarinum
2220 2883 2374 2913 Animad-

1306 2931 1468 2961 versiones
1498 2932 1530 2961 in
1556 2935 1678 2961 textum
1708 2931 1814 2961 sancti
1841 2930 1998 2960 Thomae.·
2020 2938 2156 2969 quarum
2185 2927 2373 2965 nonnullas,

1306 2975 1415 3016 utique
1439 2975 1635 3015 praecipuas,
1659 2984 1772 3005 vocare
1795 2981 1931 3014 praestat
1950 2974 1988 3003 ad
2008 2982 2148 3003 examen.
2170 2972 2276 3012 Inquit
2299 2971 2371 3002 ille:

1309 3034 1323 3048 ι
1346 3019 1541 3056 Quaestione
1564 3029 1595 3049 vr
1623 3019 1663 3049 de
1692 3020 1838 3049 Potentia
1862 3025 1917 3048 art.
1938 3028 1957 3047 x
1980 3017 2013 3047 in
2037 3016 2099 3047 fine
2129 3026 2191 3047 cor.
2217 3026 2300 3057 quae
2323 3026 2374 3046 re-

1307 3076 1321 3091 »
1345 3064 1479 3094 trahunt
1502 3063 1542 3094 ab
1565 3063 1789 3100 electionibus,
1824 3063 1909 3102 lege,
1933 3072 1953 3092 a
1977 3061 2247 3092 delectationibus.
2269 3073 2284 3087 »
2311 3060 2373 3090 Pro

1306 3108 1437 3138 articulo
1460 3118 1480 3137 x
1504 3107 1559 3148 qui
1583 3107 1673 3148 prelo
1697 3114 1817 3138 errante
1831 3106 1964 3147 irrepsit,
1985 3115 2103 3136 nonum
2120 3115 2248 3145 repone.
2274 3105 2375 3135 Docet

1305 3153 1425 3183 ibidem
1447 3152 1606 3192 Aquinas:
1634 3152 1870 3182 Continentiam
1904 3156 1935 3181 et
1961 3150 2184 3180 abstinentiam
2209 3150 2376 3179 retrahere

1305 3197 1346 3227 ab
1365 3197 1580 3234 electionibus,
1596 3196 1710 3236 quibus
1723 3197 1816 3226 homo
1830 3195 2030 3226 sensibilibus
2045 3194 2140 3225 rebus
2159 3195 2372 3234 immergitur.

1305 3242 1380 3271 Non
1403 3241 1569 3270 abnuerim
1591 3247 1733 3270 mentem
1751 3239 1888 3270 auctoris
1911 3246 1942 3270 te
1961 3238 2082 3279 optime
2104 3238 2244 3279 adsequi,
2260 3238 2285 3267 si
2301 3247 2374 3268 cum

1306 3285 1464 3315 Lucarino
1488 3284 1583 3324 legas,
1608 3285 1775 3315 retrahere
1793 3294 1813 3314 a
1832 3283 2102 3314 delectationibus.
2128 3283 2219 3313 Salva
2237 3282 2375 3321 genuina

1307 3329 1454 3359 codicum
1477 3329 1580 3358 bonae
1604 3335 1698 3358 notae
1721 3328 1866 3365 lectione,
1891 3338 1974 3368 quos
1988 3327 2120 3357 invisere
2139 3337 2174 3356 ac
2189 3326 2374 3366 perlustrare

1306 3383 1373 3403 non
1395 3373 1467 3402 licet
1478 3395 1486 3409 ‚
1511 3372 1623 3412 quidni
1639 3379 1670 3402 et
1684 3372 1770 3412 prior
1792 3372 1856 3402 iam
1871 3372 1998 3411 vulgata
2011 3371 2104 3401 lectio
2120 3369 2243 3400 retineri
2260 3366 2374 3410 queat?

1306 3417 1483 3447 Retrahunt
1505 3415 1625 3456 quippe
1648 3416 1719 3446 illae
1738 3416 1878 3453 virtutes,
1898 3416 2093 3446 continentia
2118 3421 2148 3444 et
2170 3414 2373 3450 abstinentia,

1307 3461 1451 3491 animum
1475 3459 1614 3489 hominis
1638 3460 1676 3489 ab
1699 3459 1736 3489 iis
1760 3460 1974 3496 electionibus,
1990 3459 2106 3499 quibus
2129 3458 2287 3496 voluntas,
2304 3468 2374 3498 pas-

1307 3505 1436 3535 sionum
1459 3503 1610 3533 illecebris
1630 3509 1784 3543 permota,
1800 3503 1947 3543 amplecti
1963 3509 2070 3542 posset
2086 3502 2289 3540 delectabilia,
2305 3511 2375 3532 sen-

1308 3549 1416 3578 silibus
1439 3548 1532 3578 rebus
1548 3557 1606 3577 nos
1621 3547 1848 3586 immergentia.
1869 3547 1924 3577 Ait
1937 3547 2058 3577 Doctor
2073 3546 2216 3587 Aquinas
2235 3547 2278 3576 11·
2300 3547 2374 3585 11⁸0,

1308 3603 1362 3633 qu.
1383 3602 1492 3630 cxmn,
1517 3598 1572 3622 art.
1594 3599 1664 3622 un.:
1689 3592 1818 3621 Primus
1847 3591 1973 3632 quidem
2005 3597 2051 3621 est
2074 3596 2178 3621 motus
2202 3591 2376 3621 voluntatis

1308 3641 1483 3667 commotae
1506 3646 1548 3666 ex
1571 3637 1688 3676 impetu
1706 3636 1888 3676 passionis:
1911 3641 1941 3666 et
1963 3636 2048 3666 hunc
2071 3641 2189 3666 motum
2207 3635 2377 3676 refraenat

2200 3697 2232 3721 23
