2548 4192
2227 296 2360 322 CCXXIII

786 552 1431 618 DISSERTATIO
1493 556 1725 619 XVII.

157 719 224 759 De
259 717 503 769 Opusculis
541 718 691 758 sancti
725 716 929 759 Thomae
971 720 1214 770 Aquinatis
1247 721 1519 771 generatim:
1553 725 1648 762 tum
1685 735 1798 763 vero
1838 723 1892 763 de
1935 723 2129 774 singulis
2142 754 2155 773 ‚
2184 725 2357 766 Contra

238 800 418 830 errores
448 787 723 829 Graecorum
750 790 807 829 ad
835 790 1065 847 Urbanum
1094 792 1332 844 Quartum:
1361 792 1555 842 itemque
1591 793 1762 834 Contra
1790 793 2011 843 Graecos,
2045 795 2273 836 Armenos
2306 800 2354 837 et

238 858 501 899 Saracenos
530 860 587 899 ad
616 859 859 900 Cantorem
887 861 1227 901 antiochenum:
1263 862 1404 912 deque
1441 863 1638 913 genuino
1672 863 1945 914 Compendio
1980 863 2258 917 Theologiae
2293 867 2352 907 al-

216 979 219 981 ,
236 933 424 981 teroque
453 931 705 981 supposito.

552 1326 763 1363 CAPUT
802 1326 829 1362 Ι.

155 1424 300 1449 Censomm
315 1423 488 1456 quorumdam
503 1422 623 1448 iudicium
643 1422 676 1448 de
692 1430 802 1448 numero
817 1422 1021 1455 Opusculorum,
1037 1430 1105 1455 quae
1119 1423 1168 1447 sub
1183 1431 1229 1448 no-

1283 1331 1314 1356 et
1336 1327 1430 1357 rixas
1448 1327 1593 1358 criticum
1625 1337 1768 1358 exerceo.
1793 1328 1855 1359 Hic
1878 1328 2003 1359 animus
2026 1329 2158 1361 Oudino
2178 1331 2203 1360 si
2226 1330 2353 1370 fuisset,

1284 1376 1350 1400 tam
1364 1371 1480 1410 probra
1494 1372 1595 1402 multa
1605 1378 1635 1402 et
1645 1372 1811 1410 invidiosa,
1827 1382 1909 1413 quae
1924 1373 2144 1413 castigavimus
2161 1374 2355 1416 frequentius

1284 1424 1320 1444 ac
1336 1424 1432 1454 porro
1450 1415 1682 1455 castigabimus,
1700 1416 1872 1456 scripsisset
1886 1427 2063 1458 nunquam.
2086 1418 2201 1459 Itaque
2215 1420 2357 1460 ingenue

226 1459 297 1489 mine
319 1459 400 1484 sancti
418 1458 537 1484 'rhomae
559 1458 717 1491 prodierunt.
742 1458 885 1483 Refellitur.
910 1458 1043 1484 Editiones
1067 1458 1168 1491 aliquae
1187 1466 1229 1484 ex·
1275 1458 1394 1499 fateor
1419 1469 1529 1490 omnes
1547 1459 1660 1501 ferme
1683 1466 1805 1491 veteres
1829 1461 2065 1501 Opusculorum
2089 1463 2193 1493 sancti
2216 1464 2355 1494 Thomae

225 1495 381 1529 penduntur.

156 1602 179 1633 1,
211 1613 243 1624 f.
262 1609 309 1625 ,κν
321 1610 351 1623 1«
374 1606 443 1631 ..ma-
463 1605 478 1629 fc
491 1599 590 1623 taeter
605 1592 711 1632 Opera
734 1591 866 1630 maiora,
886 1601 968 1632 quae
991 1591 1231 1632 philosophiam

214 1644 243 1663 «ἢ
392 1630 415 1641 ‘⁴
434 1629 442 1645 ‘
474 1643 522 1667 et
545 1646 665 1667 sacram
689 1636 866 1666 doctrinam
887 1637 1154 1676 complectuntur,
1170 1637 1231 1667 alia

216 1699 237 1721 Q,
491 1680 616 1711 minora
645 1680 757 1721 plura,
787 1680 886 1720 vulgo
913 1679 1078 1720 Opuscula
1106 1691 1230 1711 nuncu-

235 1724 249 1758 ’ἑ
453 1741 469 1758 .·
491 1731 579 1765 pata,
603 1730 740 1765 utroque
761 1724 800 1755 de
822 1731 1010 1764 argumento
1034 1725 1231 1756 elucubravit

221 1776 235 1787 ·“
404 1783 417 1793 2
434 1771 467 1797 m*
492 1779 550 1809 pro
575 1769 646 1799 data
670 1769 848 1806 occasione,
869 1769 1070 1809 aliorumque
1087 1769 1171 1799 votis
1195 1775 1231 1800 ut

461 1825 471 1859 ζ
491 1823 615 1843 morem
633 1819 763 1853 gereret,
784 1819 910 1843 sanctus
926 1813 1081 1843 Thomas.
1104 1813 1155 1843 Ad
1172 1813 1228 1843 cri-

468 1862 477 1879 “»
491 1857 592 1890 ticum
614 1857 679 1887 iam
696 1856 882 1887 vocavimus
906 1866 1037 1887 examen
1065 1857 1118 1887 illa
1144 1856 1230 1897 Opu-

152 1902 256 1939 scula,
267 1911 350 1943 quae
359 1907 482 1941 partem
496 1901 635 1942 aliquam
646 1900 830 1931 divinorum
839 1900 1045 1942 eloquiorum
1061 1901 1231 1942 explanant

153 1954 210 1979 aut
222 1946 271 1977 his
287 1945 392 1976 affinia
410 1951 495 1976 sunt.
510 1945 700 1985 Theologici
717 1945 895 1985 argumenti
909 1944 1072 1986 Opuscula
1088 1945 1230 1987 itemque

152 1990 368 2033 philosophici
384 1995 564 2030 supersunt,
589 1989 627 2020 de
651 1989 767 2030 quibus
790 1989 951 2029 agendum
973 1989 1053 2020 mihi
1077 1996 1133 2020 est.

219 2037 403 2076 Antequam
420 2034 459 2064 de
474 2033 606 2074 singulis
627 2034 758 2072 dissero,
781 2034 865 2064 Petri
885 2034 923 2064 de
939 2034 1019 2064 Alva
1043 2040 1073 2065 et
1094 2036 1230 2074 Astorga

153 2081 355 2120 aliorumque
379 2088 564 2116 censuram,
594 2088 676 2119 quae
703 2077 940 2119 Opusculorum
965 2088 1138 2109 numerum
1160 2078 1228 2109 iure

152 2125 244 2156 nullo
259 2123 433 2161 imminuit,
450 2122 624 2163 expendere
643 2129 790 2163 praestat,
806 2122 959 2161 refellere,
976 2122 1153 2163 profligare.
1176 2123 1231 2154 Ait

153 2169 210 2200 ille
234 2170 266 2199 in
290 2167 385 2199 Nodo
414 2167 626 2198 indissolubili
653 2167 693 2197 de
716 2172 868 2207 conceptu
896 2168 1012 2197 mentis
1035 2172 1066 2198 et
1088 2168 1231 2198 ventris:

155 2227 171 2243 ι
193 2213 300 2254 Opera
323 2211 421 2242 sancti
441 2211 590 2242 Thomae
615 2209 755 2254 (maiora
774 2218 805 2242 et
825 2211 951 2242 minora
973 2211 1162 2242 intellexisse
1185 2211 1229 2242 vi-

155 2269 171 2286 »
194 2255 322 2299 detur),
349 2266 431 2297 quae
455 2256 493 2286 ab
517 2255 608 2286 initio
633 2262 759 2286 tantum
783 2262 871 2287 erant
892 2260 1011 2296 septem
1035 2256 1173 2286 admissa
1195 2262 1232 2287 ut

155 2314 171 2330 ι
194 2301 346 2342 legitima,
371 2300 498 2331 saeculo
523 2300 664 2330 secundo
689 2306 853 2331 creverunt
876 2310 979 2341 usque
1003 2300 1043 2330 ad
1061 2301 1178 2341 viginti
1201 2307 1232 2331 et

156 2358 172 2374 »
197 2345 324 2377 saeculo
348 2345 440 2376 tertio
465 2344 672 2375 ascenderunt
700 2354 803 2385 usque
830 2344 870 2374 ad
897 2345 1134 2385 quinquaginta
1159 2350 1229 2376 octo

160 2403 176 2419 2
199 2397 230 2421 et
248 2389 348 2420 modo
373 2389 637 2419 circumferuntur
660 2394 786 2419 centum
811 2390 928 2430 viginti
950 2394 980 2419 et
1002 2393 1083 2426 octo,
1108 2389 1159 2418 vel
1183 2399 1230 2419 se-

160 2446 176 2462 »
199 2434 342 2465 cundum
370 2433 465 2463 aliam
493 2433 755 2473 supputationem
792 2438 918 2464 centum
951 2438 982 2463 et
1012 2434 1230 2473 septuaginta.

160 2490 176 2506 ιι
199 2477 365 2518 Opuscula
383 2476 461 2507 item
477 2487 597 2517 parva,
623 2477 678 2507 ubi
697 2477 788 2507 initio
811 2483 937 2507 tantum
960 2483 1048 2507 erant
1071 2478 1146 2514 tria,
1167 2486 1232 2507 cre-

160 2534 176 2550 »
198 2528 312 2552 verunt
334 2531 437 2562 usque
470 2521 510 2551 ad
537 2522 744 2562 septuaginta
768 2522 843 2552 tria.
861 2533 876 2548 ι
912 2521 963 2551 Ad
991 2520 1113 2550 maiora
1143 2520 1233 2561 quod

157 2566 269 2598 attinet
292 2565 399 2606 Opera
417 2565 575 2604 Thomae,
599 2565 721 2596 inscitia
744 2571 775 2596 et
798 2565 916 2595 invidia
936 2565 1064 2605 plenam
1086 2565 1169 2595 Petri
1193 2565 1232 2595 de

157 2611 239 2642 Alva
262 2619 428 2640 censuram
451 2609 522 2640 luce
545 2609 719 2639 meridiana
743 2609 855 2640 clarius
879 2609 1086 2640 ostenderunt
1107 2608 1232 2639 validis-

157 2654 246 2686 simis
270 2653 429 2684 adornatis
451 2653 595 2684 vindiciis
618 2659 772 2684 nostrates
798 2660 830 2684 et
854 2653 948 2684 exteri
971 2653 1030 2684 viri
1049 2653 1232 2692 clarissimi;

158 2699 369 2739 eamdemque
392 2708 452 2728 nos
475 2708 533 2738 pro
558 2698 694 2728 modulo
721 2704 831 2728 nostro
861 2704 1000 2738 spartam
1023 2708 1176 2728 ornamus
1199 2698 1233 2728 in

121 2740 125 2744 ”
157 2742 448 2780 Dissertationibus,
464 2752 543 2783 quas
558 2742 623 2773 luci
638 2742 784 2782 publicae
807 2742 930 2773 damus.
954 2743 1003 2773 De
1012 2743 1128 2782 parvis
1147 2741 1232 2782 Opu-

157 2788 256 2819 scutis
271 2787 337 2817 iam
353 2786 514 2817 fortunato
538 2793 638 2818 marte
662 2792 793 2827 egerunt
814 2786 934 2817 laudati
954 2786 1132 2827 scriptores,
1157 2796 1233 2817 mox

157 2841 252 2872 agam
275 2837 305 2862 et
330 2841 400 2871 ego.

225 2875 323 2916 Apud
347 2874 552 2905 Franciscum
574 2875 717 2905 Ianssens
740 2874 889 2915 Elingam
908 2875 941 2905 in
965 2885 1022 2905 sua
1044 2875 1085 2905 ad
1102 2875 1232 2906 Petrum

159 2920 199 2950 de
213 2920 294 2950 Alva
305 2919 536 2959 Responsione,
554 2919 755 2950 Coloniensis
768 2919 897 2959 quidam
915 2919 1088 2960 infundate
1101 2917 1152 2961 (ut
1165 2919 1232 2959 ipse

159 2963 280 2994 lansius
309 2961 370 3004 ait)
395 2964 531 3003 triginta
555 2968 586 2993 et
608 2968 677 2994 octo
697 2963 861 3004 opuscula
886 2964 945 2994 sub
960 2965 1066 2994 sancti
1093 2964 1232 2994 Thomae

161 3007 289 3037 nomine
313 3007 468 3046 impressa
492 3005 635 3049 (Romae
658 3017 743 3037 anno
772 3008 855 3048 1570
878 3007 1053 3038 maioribus
1077 3007 1231 3038 characte-

159 3051 246 3081 ribus
263 3059 422 3090 germana,
439 3050 616 3081 minoribus
635 3049 757 3093 dubia),
773 3056 885 3082 sancto
906 3052 1025 3082 Thomu
1044 3052 1233 3083 subtrahere

161 3095 262 3126 voluit
285 3099 316 3125 et
338 3094 499 3124 ascribere
526 3095 554 3125 b.
570 3095 700 3125 Alberto
723 3096 868 3136 Magno,
900 3101 1063 3137 tamquam
1088 3096 1231 3137 legitimo

161 3139 306 3170 auctori:
328 3138 500 3168 subtractis
520 3140 603 3169 enim
626 3137 677 3169 38
692 3139 733 3170 de
752 3140 795 3179 73
817 3140 920 3170 solum
945 3146 1151 3171 remanerent
1172 3140 1230 3171 35.

161 3183 367 3214 Excusabilis
390 3187 496 3212 tamen
521 3188 577 3220 est,
602 3183 688 3223 quod
710 3184 979 3215 inconsideratius
998 3186 1103 3225 egerit
1121 3186 1153 3215 in
1174 3185 1231 3215 illa

162 3228 299 3258 materia
317 3236 382 3266 pro
402 3226 544 3264 Alberto,
566 3236 745 3267 germanus
760 3238 825 3268 pro
847 3238 1016 3269 germano,
1042 3229 1232 3259 coloniensis

155 3282 220 3313 pro
244 3271 432 3308 coloniensi,
459 3271 491 3300 in
515 3275 662 3301 sanctum
690 3272 842 3302 Thomam
866 3282 929 3303 non
953 3273 1147 3310 malevolus,
1172 3272 1229 3303 sed

161 3321 337 3347 conventus
351 3316 404 3345 sui
420 3315 499 3355 plus
513 3315 623 3356 zelans
638 3315 802 3353 honorem,
819 3326 915 3356 quam
933 3316 1084 3347 iudicium
1102 3322 1133 3347 et
1148 3317 1230 3347 veri-

160 3366 268 3392 tatem.
293 3359 339 3390 lta
361 3368 420 3399 pro
444 3359 562 3389 meritis
580 3359 710 3398 vapulat
728 3359 931 3390 Coloniensis
950 3370 1140 3401 anonymus.

229 3404 407 3435 Censuram
429 3403 512 3433 Petri
529 3403 567 3433 de
583 3403 664 3433 Alva
686 3403 855 3434 absurdam
878 3404 958 3434 adeo
976 3410 1006 3434 et
1023 3413 1139 3434 vanam
1153 3403 1232 3434 vidit

162 3448 337 3479 Casimirus
354 3447 513 3486 Oudinus,
530 3448 617 3477 bono
640 3446 713 3477 licet
735 3447 840 3478 studio
865 3457 937 3487 erga
955 3447 1148 3488 Aquinatem
1171 3447 1231 3477 rni-

161 3492 249 3522 nime
272 3493 406 3530 ductus,
435 3498 471 3522 ut
495 3501 565 3522 eam
588 3501 758 3531 procusam
782 3491 891 3522 dixerit
917 3491 961 3521 ad
983 3491 1229 3521 aemulationem

163 3542 194 3567 et
207 3537 360 3567 invidiam
375 3541 486 3567 sancto
506 3536 644 3566 Th⁰mae
658 3535 910 3566 conciliandam:
931 3534 1018 3565 irrito
1033 3541 1139 3565 tamen
1154 3541 1230 3565 voto

161 3586 194 3611 et
217 3587 343 3612 conatu.
373 3581 447 3622 Ego
470 3581 571 3611 solam
596 3581 760 3611 veritatem
785 3580 912 3620 inquiro
941 3577 1064 3622 (inquit
1086 3579 1137 3609 ille
1161 3578 1230 3609 Dis-

162 3631 266 3656 sertat.
288 3625 335 3656 De
350 3625 471 3666 scriptis
490 3636 514 3656 s.
525 3624 682 3663 Thomae,
699 3623 800 3664 capite
812 3621 870 3666 xx)
886 3633 945 3654 nec
957 3623 1001 3654 ad
1015 3624 1231 3654 contentiones

1283 1503 1455 1543 Aquinatis
1474 1505 1727 1536 nomenclatores
1750 1515 1918 1536 recensere
1944 1506 2002 1536 illa
2031 1516 2131 1547 usque
2153 1507 2197 1537 ad
2215 1507 2355 1547 quadra-

1282 1548 1377 1588 ginta
1392 1547 1436 1578 ad
1449 1548 1594 1579 diversas
1603 1557 1780 1589 personas:
1794 1559 1857 1580 non
1875 1551 2065 1590 computatis
2079 1551 2255 1582 maioribus
2273 1551 2355 1592 Ope-

1284 1592 1374 1622 ribus
1390 1597 1421 1623 et
1437 1592 1695 1631 Commentariis,
1712 1598 1777 1624 tam
1788 1594 2017 1634 philosophicis
2037 1605 2133 1635 quam
2159 1595 2354 1636 theologicis.

1352 1636 1390 1667 11.
1414 1637 1564 1667 Testibus
1579 1637 1655 1677 ipsis
1674 1637 1738 1667 iam
1754 1638 1884 1677 vocatis,
1901 1648 2032 1669 examen
2051 1639 2282 1670 instituendum
2298 1646 2354 1670 est.

1283 1680 1410 1710 Primus
1425 1681 1513 1711 adest
1528 1681 1733 1712 Ptolomaeus
1750 1682 1789 1712 de
1804 1683 1902 1713 Luca.
1915 1683 1943 1713 Is
1958 1682 2039 1713 libro
2057 1683 2158 1714 XXIII
2173 1683 2256 1714 Hist.
2268 1684 2355 1722 eccl„

1284 1735 1352 1764 cap.
1371 1735 1403 1754 11
1426 1724 1470 1755 sic
1493 1725 1552 1756 ait:
1571 1739 1595 1754 -‹
1608 1725 1649 1756 Et
1671 1726 1817 1766 quamvis
1832 1727 1933 1757 multa
1947 1726 2009 1757 sint
2027 1737 2109 1768 quae
2125 1727 2258 1768 scripsit,
2274 1737 2357 1769 quae

1285 1781 1301 1796 »
1327 1767 1435 1809 Opera
1458 1774 1535 1800 sunt
1556 1769 1690 1809 diffusa,
1715 1777 1752 1801 ut
1774 1770 1904 1801 materia
1926 1770 2072 1811 requirit:
2105 1772 2227 1812 scripsit
2249 1778 2356 1802 tamen

1285 1825 1301 1840 ι
1322 1813 1481 1853 quaedam
1508 1812 1673 1854 Opuscula
1701 1815 1878 1845 secundum
1902 1815 2147 1846 consultationes
2175 1816 2234 1846 sibi
2258 1815 2354 1846 factas

1285 1869 1300 1884 »
1323 1866 1341 1887 a
1355 1857 1484 1887 diversis
1507 1857 1704 1898 Principibus
1728 1865 1759 1889 et
1777 1859 1936 1899 personis:
1956 1869 2037 1900 quae
2056 1859 2089 1890 in
2106 1870 2172 1890 uno
2191 1859 2356 1890 volumine

1285 1913 1300 1928 ι
1323 1908 1561 1941 reponuntur...
1574 1908 1605 1932 et
1621 1912 1660 1932 eo
1677 1902 1788 1933 ordine
1802 1913 1868 1943 quo
1883 1903 2059 1942 traduntur,
2070 1904 2121 1934 hic
2137 1904 2326 1934 scribuntur.
2337 1915 2353 1930 »

1282 1945 1413 1985 Singula
1437 1956 1512 1976 cum
1535 1946 1600 1976 suis
1623 1946 1722 1977 titulis
1746 1953 1885 1978 recenset
1914 1954 2052 1988 quatuor
2075 1948 2279 1988 sequentibus
2303 1958 2354 1978 ca-

1283 1989 1401 2030 pitibus
1423 1999 1487 2028 xn,
1510 2000 1586 2029 x111,
1609 2000 1680 2029 xrv,
1703 2001 1753 2022 xv.
1783 1991 1891 2031 Caput
1911 2000 1975 2022 x11:
2001 1992 2181 2023 «Videlicet
2203 1990 2253 2034 (ι)
2277 1992 2355 2022 Tra-

1286 2047 1300 2062 »
1324 2040 1424 2065 ctatus
1447 2034 1579 2075 quidam
1598 2035 1637 2065 de
1657 2035 1834 2066 actionibus
1850 2043 1881 2066 et
1896 2036 2133 2076 operationibus
2150 2035 2283 2067 occultis
2302 2046 2355 2066 na-

1285 2091 1300 2106 »
1323 2084 1432 2116 turae,
1464 2089 1562 2119 quem
1585 2079 1708 2119 scripsit
1734 2080 1774 2110 ad
1802 2080 1963 2120 quendam
1991 2080 2125 2111 militem
2148 2080 2354 2111 ultramonta-

1286 2135 1301 2150 ›
1324 2132 1415 2161 num,
1433 2123 1489 2163 qui
1504 2123 1548 2154 sic
1562 2123 1687 2164 incipit:
1711 2123 1870 2161 Quoniam
1896 2125 1929 2154 in
1948 2125 2135 2165 quibusdam
2153 2125 2357 2155 naturalibus

1286 2179 1301 2194 ι
1324 2167 1520 2207 corporibus.
1545 2165 1595 2210 (2)
1619 2168 1796 2206 Tractatus,
1820 2175 1930 2198 utrum
1952 2168 2043 2199 liceat
2061 2168 2107 2199 uti
2121 2168 2239 2199 iudicio
2255 2175 2354 2199 astro-

1286 2224 1301 2239 »
1324 2221 1397 2242 rum
1420 2212 1460 2241 ad
1479 2211 1516 2242 fr.
1533 2211 1746 2253 Raynaldum,
1771 2212 1826 2252 qui
1846 2212 1889 2242 sic
1908 2212 2034 2252 incipit:
2062 2212 2167 2249 Quam
2180 2213 2304 2252 petiisti
2319 2217 2355 2243 ut

1287 2268 1302 2283 ›
1325 2256 1391 2286 tibi.
1419 2254 1470 2298 (3)
1493 2256 1660 2286 Tractatus
1684 2256 1722 2286 de
1746 2256 1926 2286 substantiis
1950 2256 2098 2296 separatis
2121 2257 2161 2286 ad
2185 2257 2354 2295 eumdem,

1287 2312 1302 2327 ›
1325 2300 1381 2340 qui
1409 2300 1452 2330 sic
1475 2299 1603 2340 incipit:
1637 2299 1722 2337 Quia
1745 2301 1848 2331 sacris
1869 2301 2070 2341 Angelorum
2102 2300 2274 2331 solemniis.
2305 2298 2354 2343 (4)

1287 2356 1302 2371 ι»
1324 2345 1491 2374 Tractatus
1507 2344 1546 2374 de
1564 2343 1726 2384 principiis
1749 2351 1878 2374 naturae
1898 2345 1938 2374 ad
1961 2344 1998 2375 fr.
2015 2344 2211 2383 Silvestrum,
2236 2344 2292 2386 qui
2311 2344 2355 2375 sic

1287 2400 1303 2415 ι
1325 2388 1452 2428 incipit:
1483 2388 1570 2418 Nota
1593 2388 1678 2428 quod
1700 2388 1859 2428 quoddam
1877 2394 1985 2429 potest
2007 2398 2094 2427 esse,
2120 2389 2193 2419 licet
2215 2398 2279 2419 non
2302 2389 2354 2419 sit.

1288 2444 1302 2459 »
1326 2430 1376 2474 (5)
1400 2432 1566 2462 Tractatus
1590 2432 1629 2462 de
1652 2432 1808 2470 sortibus,
1833 2439 1942 2463 utrum
1964 2433 2056 2464 liceat
2079 2433 2123 2463 eis
2146 2432 2210 2470 uti,
2234 2433 2275 2462 ad
2297 2433 2355 2463 do-

1288 2488 1303 2503 »
1326 2476 1452 2506 minum
1475 2476 1628 2507 Iacobum
1655 2477 1693 2507 de
1716 2477 1843 2516 Burgo,
1872 2477 1928 2517 qui
1952 2477 1995 2507 sic
2018 2476 2146 2517 incipit:
2177 2477 2356 2507 Postulavit

1289 2532 1303 2547 ›
1325 2530 1346 2550 a
1370 2530 1420 2550 me
1443 2525 1549 2551 vestra
1572 2520 1709 2551 dilectio.
1737 2519 1787 2563 (6)
1811 2521 1977 2552 Tractatus
2001 2521 2039 2551 de
2063 2528 2134 2552 ente
2157 2528 2188 2552 et
2211 2521 2354 2560 essentia,

1288 2576 1303 2591 ιν
1326 2574 1424 2605 quem
1442 2564 1565 2604 scripsit
1587 2565 1628 2595 ad
1651 2564 1758 2595 fratres
1782 2571 1813 2595 et
1836 2565 1950 2604 socios,
1974 2565 2122 2596 nondum
2140 2565 2273 2596 existens
2289 2575 2354 2595 ma-

1288 2620 1303 2635 »
1325 2609 1430 2649 gister‚
1455 2608 1511 2649 qui
1534 2609 1578 2639 sic
1600 2608 1727 2649 incipit:
1761 2609 1846 2646 Quia
1863 2619 1990 2649 parvus
2013 2619 2107 2640 error
2130 2611 2162 2640 in
2179 2611 2352 2650 principio.

1289 2665 1304 2680 »
1327 2651 1377 2695 (7)
1400 2653 1567 2684 Tractatus
1583 2653 1622 2683 de
1642 2653 1816 2684 rationibus
1839 2652 1912 2684 fidei
1931 2654 1971 2683 ad
1992 2653 2165 2684 Cantorem
2195 2653 2354 2684 antioche-

1289 2709 1304 2724 »
1327 2707 1418 2736 num,
1442 2697 1498 2738 qui
1522 2697 1565 2728 sic
1584 2697 1710 2738 incipit:
1734 2698 1857 2728 Beatus
1871 2698 1987 2729 Petrus
2000 2698 2182 2738 Apostolus.
2207 2696 2256 2740 (8)
2276 2698 2353 2727 Tra-

1288 2753 1303 2768 »
1327 2747 1427 2772 ctatus
1451 2748 1560 2772 contra
1583 2751 1721 2772 errorem
1744 2742 1891 2772 Averrois
1916 2742 1995 2773 circa
2022 2742 2218 2773 intellectum
2241 2742 2354 2772 huma-

1289 2798 1304 2812 »
1327 2796 1418 2824 num,
1433 2785 1489 2827 qui
1503 2785 1547 2817 sic
1561 2786 1686 2826 incipit:
1711 2786 1802 2817 Sicut
1816 2796 1925 2817 omnes
1938 2787 2090 2817 homines.
2115 2784 2165 2828 (9)
2189 2786 2354 2816 Tractatus

1289 2841 1304 2856 »
1327 2830 1366 2860 de
1382 2830 1561 2861 aeternitate
1577 2830 1701 2868 mundi,
1716 2837 1825 2861 utrum
1843 2840 1910 2860 esse
1929 2830 2078 2871 potuerit,
2098 2830 2154 2871 qui
2170 2829 2214 2860 sic
2228 2829 2353 2869 incipit:

1289 2886 1304 2901 >
1327 2874 1497 2915 Supposito
1510 2875 1684 2905 secundum
1693 2875 1797 2916 fidem
1818 2880 1972 2905 nostram.
1999 2872 2070 2917 (10)
2100 2875 2178 2904 Item
2205 2879 2353 2904 tractatus

1289 2929 1304 2945 ²
1327 2919 1366 2949 de
1381 2918 1578 2959 expositione
1594 2919 1714 2959 primae
1730 2918 1910 2956 Decretalis‚
1926 2918 1981 2959 qui
1998 2918 2042 2948 sic
2056 2918 2184 2958 incipit:
2203 2917 2355 2947 Salvator

1289 2974 1304 2989 »
1327 2968 1455 3001 noster,
1480 2963 1520 2993 ad
1544 2963 1812 2993 Archidiaconum
1833 2962 2067 2993 Tridentinum.
2093 2959 2165 3004 (11)
2191 2961 2271 2992 Item
2295 2967 2354 2991 tra-

1289 3018 1304 3033 »
1327 3013 1427 3038 ctatus
1445 3007 1483 3037 de
1497 3007 1634 3037 articulis
1658 3006 1731 3037 fidei
1752 3013 1782 3037 et
1801 3006 1958 3037 Ecclesiae
1981 3005 2208 3043 Sacramenfis,
2232 3005 2272 3035 ad
2295 3007 2353 3035 Ar-

1289 3062 1304 3077 »
1327 3051 1567 3091 chiepiscopum
1590 3051 1862 3089 Panormitanum,
1886 3050 1942 3091 qui
1965 3050 2008 3080 sic
2026 3050 2153 3090 incipit:
2176 3049 2355 3080 Postulavit

1288 3106 1303 3121 ι
1327 3105 1348 3126 a
1367 3105 1417 3125 me
1440 3100 1546 3126 vestra
1565 3095 1701 3126 dilectio.
1727 3093 1798 3137 (12)
1823 3095 1902 3125 Item
1924 3100 2071 3124 tractatus
2103 3099 2211 3124 contra
2234 3103 2353 3123 errores

1287 3150 1302 3165 ι
1325 3139 1521 3170 Graecorum
1546 3139 1584 3169 ad
1600 3139 1787 3179 petitionem
1803 3138 1921 3169 Urbani
1943 3139 2062 3178 Papae,
2086 3137 2142 3178 qui
2161 3137 2204 3168 sic
2223 3137 2352 3177 incipit:

1287 3195 1302 3211 ι
1325 3183 1481 3214 Libellum
1497 3183 1538 3213 ab
1553 3183 1754 3214 Excellentia
1771 3187 1886 3214 vestra.
1909 3180 1980 3224 (13)
1998 3182 2077 3212 Item
2095 3181 2278 3222 responsiva
2301 3191 2352 3211 su—

1287 3239 1302 3254 »
1324 3237 1381 3267 per
1394 3236 1467 3257 xxv1
1487 3227 1624 3257 articulis
1648 3227 1688 3257 ad
1705 3227 1872 3257 Lectorem
1886 3233 2047 3265 venetum,
2067 3236 2149 3266 quae
2163 3225 2207 3256 sic
2224 3225 2351 3265 incipit:

1287 3283 1302 3298 >
1324 3271 1430 3301 Lectis
1453 3272 1567 3302 vestris
1589 3271 1704 3301 litteris
1727 3271 1844 3302 inveni.

1354 3327 1368 3342 ι·
1389 3314 1496 3354 Caput
1516 3324 1586 3345 xm.
1615 3312 1686 3356 (14)
1711 3315 1790 3345 Item
1815 3314 2033 3345 determinatio
2062 3312 2277 3354 quorumdam
2300 3321 2350 3341 ca-

1286 3370 1302 3386 »
1324 3368 1431 3396 suum,
1455 3358 1495 3388 ad
1514 3358 1719 3389 Comitissam
1734 3358 1908 3396 Flandriae,
1928 3368 2010 3399 quae
2026 3357 2069 3387 sic
2085 3356 2211 3396 incipit:
2236 3355 2352 3386 Excel-

1286 3414 1302 3430 »
1324 3403 1442 3432 tentiae
1457 3407 1583 3432 vestrae
1598 3403 1723 3432 litteras
1741 3403 1855 3442 recepi.
1880 3400 1952 3444 (15)
1977 3402 2056 3432 Item
2073 3399 2256 3440 responsiva
2275 3409 2351 3440 qua-

1286 3458 1302 3473 »
1323 3446 1472 3476 rumdam
1495 3445 1720 3486 quaestionum
1749 3446 1789 3475 ad
1812 3445 1848 3476 fr.
1869 3445 2022 3475 Ioannem
2051 3445 2090 3474 de
2112 3443 2260 3475 Vercellis
2284 3444 2351 3473 Ma-

1286 3502 1301 3517 »
1323 3489 1458 3529 gistrum
1481 3488 1619 3527 Ordinis,
1643 3499 1725 3530 quae
1748 3489 1791 3519 sic
1813 3488 1939 3528 incipit:
1962 3488 2150 3519 Reverendo
2169 3489 2202 3518 in
2225 3487 2352 3518 Christo

1287 3545 1301 3560 ›
1323 3534 1423 3563 Patri.
1449 3530 1521 3575 (16)
1546 3533 1626 3563 Item
1640 3532 1824 3573 responsiva
1838 3532 2050 3573 quarumdam
2068 3531 2293 3573 quaestionum
2312 3531 2353 3561 ad

1286 3589 1301 3604 ι
1324 3577 1360 3607 fr.
1379 3577 1554 3607 Gerardum
1569 3576 1783 3615 Bisuntinum,
1801 3586 1882 3617 quae
1901 3577 1945 3607 sic
1960 3576 2086 3616 incipit:
2110 3576 2278 3606 Carissimi
2282 3575 2353 3616 filii

1286 3633 1301 3647 ›
1324 3622 1356 3652 in
1377 3620 1503 3652 Christo
1519 3619 1598 3664 (leg.
1617 3621 1791 3652 Carissimo
1805 3621 1865 3652 sibi
1878 3622 1911 3651 in
1925 3618 2080 3663 Christo).
2106 3618 2178 3663 (17)
2198 3620 2277 3650 Item
2292 3626 2353 3650 tra-
