2548 4192
203 285 358 310 CCXXXIV

269 351 475 389 Quaesiverat
491 352 595 393 primo
615 352 730 383 Lector
751 351 976 382 vesontiensis:
998 351 1048 381 An
1068 350 1173 387 stella,
1194 359 1277 390 quae

203 397 316 437 Magis
338 398 501 437 apparuit,
525 397 656 428 haberet
667 397 820 438 figuram
845 397 968 433 crucis,
989 405 1031 425 an
1045 394 1199 435 figuram
1222 394 1276 424 ho-

203 442 309 478 minis,
334 451 377 471 an
393 441 546 482 figuram
574 441 759 482 Crucifixi?
781 439 1012 471 Animadvertit
1039 438 1184 479 Aquinas
1214 437 1276 478 legi

202 485 317 515 similia
340 485 428 526 apud
453 485 718 526 Chrysostomum
741 494 840 524 super
869 484 1071 514 Matthaeum
1094 482 1145 513 vel
1166 482 1275 522 potius

203 536 369 560 auctorem
392 529 506 570 Operis
529 529 715 569 imperfecti,
745 529 834 569 quod
858 527 1092 568 Chrysostomo
1116 526 1274 558 tribuitur.

202 574 350 604 Auctoris
374 575 468 604 verba
491 580 581 604 sunt:
605 573 726 604 Audivi
739 573 865 612 aliquos
883 571 1062 613 referentes
1080 571 1120 602 de
1135 571 1275 611 quadam

203 618 385 658 Scriptura,
411 619 469 648 etsi
492 628 555 648 non
580 622 702 648 certa...
727 617 882 656 inscripta
907 617 1036 646 nomine
1058 615 1145 652 Seth,
1166 615 1206 646 de
1219 625 1276 656 ap-

197 663 352 703 paritura
375 662 437 692 hac
458 662 600 692 stella...
628 661 763 691 habente
786 662 819 690 in
843 670 878 690 se
890 660 1041 701 formam
1065 660 1160 700 quasi
1176 661 1276 700 pueri

196 706 333 747 parvuli
352 711 382 735 et
401 715 499 746 super
511 715 546 736 se
561 705 801 736 similitudinem
821 706 936 735 crucis.
962 705 1050 735 Haec
1070 704 1108 734 ab
1123 703 1178 734 illo
1194 704 1277 734 dicta

203 750 347 780 Thomas
371 750 532 788 admonet,
558 759 620 779 non
644 750 738 790 quasi
756 749 942 787 asserendo,
958 749 1016 779 sed
1030 749 1124 789 quasi
1147 748 1188 779 ab
1201 749 1277 779 aliis

158 821 162 825 ,
201 794 286 825 dicta
310 794 484 824 recitando.
516 793 615 830 Quod
638 793 731 824 sentit
754 793 838 833 ipse,
863 793 962 834 aperit
986 793 1134 823 demum:
1163 806 1178 821 ι
1192 792 1276 830 Quia

205 851 219 866 »
242 848 300 878 pro
325 844 409 868 certo
433 848 499 868 non
523 838 676 876 habetur,
700 839 863 879 inquiens,
889 847 956 868 non
979 844 1094 877 reputo
1122 837 1185 868 hoc
1209 847 1276 868 esse

204 894 218 909 2>
241 882 503 922 praedicandum:
532 882 717 922 praesertim
750 882 825 923 quia
865 890 933 913 non·
954 882 1078 912 videtur
1111 881 1275 922 probabile

204 939 218 953 »
241 927 328 966 quod
349 926 426 957 sacri
440 927 606 965 Doctores,
624 933 660 957 ut
678 927 888 967 Augustinus,
906 927 972 957 Leo
989 927 1085 966 Papa,
1103 925 1275 967 Gregorius

203 983 218 998 >›
241 977 271 1000 et
294 970 346 1000 alii
377 971 410 1001 in
439 971 504 1001 suis
535 971 736 1002 sermonibus
760 971 949 1010 tacuissent,
974 971 999 1001 si
1023 971 1155 1012 aliquod
1177 971 1275 1002 robur

203 1027 217 1042 >›
241 1015 433 1046 auctoritatis
457 1015 594 1046 haberet.
626 1016 701 1046 Non
725 1015 811 1046 enim
835 1015 923 1046 decet
951 1015 1200 1056 praedicatorem
1222 1025 1274 1046 ve-

203 1071 218 1086 »
241 1058 338 1089 ritatis
369 1060 409 1089 ad
432 1059 554 1090 fabulas
580 1060 704 1100 ignotas
720 1060 880 1091 divertere.
896 1073 910 1088 »
930 1060 1095 1091 Abnutivo
1114 1070 1198 1100 puro
1214 1070 1274 1101 pu—

199 1109 299 1143 toque
322 1113 389 1134 non
405 1104 504 1135 utitur
523 1111 727 1144 argumento;
742 1105 798 1136 sed
816 1105 947 1135 Patrum
970 1104 1094 1135 silentio
1118 1104 1273 1143 innititur,

200 1147 256 1188 qui
280 1147 345 1178 suis
367 1148 402 1178 in
421 1149 621 1179 sermonibus
636 1159 703 1179 non
718 1149 896 1180 tacuissent.
921 1150 1009 1180 Haec
1024 1149 1064 1179 ad
1083 1149 1188 1180 crisim
1203 1159 1273 1190 spe-

200 1198 294 1223 ctant.
319 1192 508 1223 Prudentiae
532 1193 703 1224 consilium
726 1200 787 1232 est,
812 1194 901 1235 quod
926 1193 1083 1234 sequitur:
1108 1194 1144 1224 Si
1167 1199 1273 1225 tamen

200 1236 240 1266 ab
263 1237 372 1277 aliquo
395 1238 437 1268 sit
453 1238 692 1278 praedicatum,
717 1247 780 1268 non
800 1239 943 1269 arbitror
966 1248 1034 1269 esse
1057 1239 1273 1270 necessarium

200 1281 286 1321 quod
308 1287 491 1319 revocetur,
518 1283 580 1312 nisi
597 1282 694 1323 forte
722 1292 764 1313 ex
785 1283 846 1313 hoc
870 1283 991 1323 populo
1020 1283 1210 1313 scandalum
1234 1284 1275 1315 sit

201 1330 367 1356 exortum:
391 1331 421 1357 et
444 1331 522 1357 tunc
545 1337 608 1357 non
628 1327 757 1358 deberet
772 1332 808 1358 ut
827 1337 999 1358 erroneum
1023 1327 1203 1368 reprobari,
1219 1327 1276 1359 sed

202 1374 237 1400 ut
261 1370 418 1400 incertum
443 1372 570 1411 exponi.

266 1414 447 1454 Vulgabant
470 1425 486 1445 e
511 1422 660 1455 suggestu
680 1414 748 1445 alii:
771 1415 827 1445 Ex
840 1425 903 1456 quo
920 1415 1048 1446 Simeon
1066 1415 1150 1446 dixit
1163 1415 1276 1447 beatae

206 1457 345 1499 Virgini:
364 1460 465 1490 Tuam
482 1461 582 1499 ipsius
595 1461 738 1490 animam
751 1460 963 1500 pertransibit
977 1460 1121 1500 gladius,
1137 1460 1276 1500 quolibet

199 1502 251 1532 die
275 1504 422 1534 naturali
445 1513 545 1544 usque
568 1504 611 1534 ad
634 1505 901 1534 resurrectionem
925 1504 1046 1534 Christi
1060 1505 1176 1544 septies
1194 1504 1277 1535 illud

200 1547 374 1578 recoluisse
390 1549 481 1588 piam
513 1548 675 1589 Virginem
706 1558 777 1578 cum
808 1548 920 1579 dolore
951 1549 1136 1580 vehementi.
1162 1548 1275 1579 Parem

202 1598 239 1621 ut
262 1602 357 1632 supra
384 1592 625 1632 responsionem
655 1591 742 1623 affert
771 1592 910 1632 prudens
947 1602 984 1623 ac
1012 1592 1131 1633 peritus
1154 1593 1276 1624 Doctor

201 1636 344 1676 Aquinas
358 1646 448 1667 num.
469 1638 497 1667 5:
518 1650 532 1665 «
546 1637 751 1677 Respondeo,
768 1637 926 1678 inquiens,
947 1637 1037 1678 quod
1059 1637 1145 1668 istud
1164 1637 1275 1668 eadem

203 1692 218 1707 »
239 1679 384 1711 facilitate
408 1681 632 1719 contemnitur,
653 1691 717 1722 qua
740 1681 864 1721 dicitur,
889 1692 965 1712 cum
988 1681 1107 1712 nullius
1138 1682 1274 1712 auctori-

202 1736 217 1751 »
237 1724 308 1754 tatis
336 1726 451 1755 robore
480 1725 646 1756 fulciatur:
678 1735 737 1756 nec
770 1726 904 1757 aestimo
942 1726 1129 1757 huiusmodi
1163 1726 1275 1757 frivola

201 1781 216 1796 »
236 1778 303 1798 esse
326 1769 545 1809 praedicanda,
565 1770 620 1800 ubi
639 1776 725 1800 tanta
744 1770 885 1811 suppetit
901 1770 993 1811 copia
1012 1770 1212 1811 praedicandi
1227 1780 1274 1809 ea,

201 1825 215 1840 »
235 1823 317 1853 quae
333 1821 408 1844 sunt
423 1814 613 1845 certissimae
629 1814 776 1845 veritatis.
794 1815 907 1857 Neque
921 1822 1028 1846 tamen
1044 1822 1172 1856 oportet
1186 1815 1276 1856 quod

200 1869 215 1884 »
235 1865 410 1896 revocetur,
435 1858 460 1888 si
485 1858 702 1898 praedicatum
725 1858 829 1899 fuerit,
854 1859 915 1891 nisi
939 1870 976 1890 ex
998 1860 1061 1891 hoc
1089 1860 1275 1890 scandalum

200 1914 214 1929 >›
236 1901 346 1933 fuisset
369 1909 528 1934 exortum.
547 1916 562 1931 »

263 1947 311 1977 De
343 1947 396 1977 illa
429 1947 525 1978 etiam
553 1947 759 1988 quaestione,
782 1948 833 1979 An
846 1948 1010 1989 parvulae
1042 1958 1159 1980 manus
1177 1949 1276 1989 pueri

197 1990 273 2021 Iesu
307 1993 376 2022 nati
408 1993 590 2023 creaverim
621 1992 751 2030 stellas,
772 1992 929 2024 iudicium
961 1993 1110 2024 Thomae
1141 1993 1276 2034 exquirit

198 2035 313 2066 Lector
335 2036 552 2067 vesontiensis.
587 2037 639 2067 Ad
671 2036 824 2067 trutinam
857 2037 1071 2078 theologicam
1098 2045 1191 2069 vocat
1221 2038 1274 2068 ille

197 2079 455 2114 audaciusculam
477 2081 675 2112 locutionem
699 2088 730 2112 et
760 2081 803 2112 ait
826 2092 915 2114 num.
933 2089 965 2122 4:
994 2095 1009 2109 «x
1030 2082 1166 2114 Locutio
1197 2082 1275 2113 haec

199 2136 214 2151 »
235 2135 300 2154 non
325 2132 372 2156 est
395 2126 541 2166 propria:
567 2136 643 2156 nam
666 2126 815 2166 parvulae
839 2137 954 2158 manus
978 2133 1052 2157 sunt
1075 2137 1190 2158 manus
1213 2127 1272 2158 hu-

199 2180 213 2195 »
233 2169 404 2208 manitatis‚
421 2180 559 2210 quarum
575 2179 642 2200 non
665 2177 712 2200 est
735 2180 847 2203 creare.
866 2171 928 2202 Sed
944 2171 1020 2212 quia
1041 2181 1125 2202 unus
1145 2178 1175 2202 et
1188 2171 1274 2202 idem

199 2225 213 2239 »
234 2212 379 2244 Christus
396 2221 442 2244 est
464 2214 497 2244 in
522 2214 628 2245 divina
643 2221 674 2245 et
697 2214 839 2247 humana
854 2223 967 2246 natura
986 2216 1154 2256 perfectuS‚
1171 2222 1274 2257 potest

199 2269 213 2284 ³·
233 2257 419 2288 huiusmodi
443 2258 564 2289 locutio
589 2269 663 2289 sane
683 2260 811 2299 exponi,
836 2267 872 2292 ut
891 2261 1030 2291 dicatur:
1055 2261 1179 2292 Manus
1192 2271 1273 2301 par-

198 2313 212 2328 »
234 2302 330 2333 vulae
358 2303 450 2334 istius
466 2304 566 2343 pueri
589 2309 784 2334 creaverunt
805 2305 937 2342 stellas,
962 2305 1063 2343 idest,
1088 2306 1147 2336 iste
1169 2315 1272 2346 puer,

198 2358 212 2373 ¹>
232 2347 351 2377 habens
376 2358 492 2378 manus
502 2348 674 2388 parvulas,
692 2350 814 2380 creavit
837 2350 958 2380 stellas.
976 2349 1049 2380 Tali
1070 2349 1157 2380 enim
1172 2350 1273 2380 modo

197 2402 212 2417 »
232 2391 385 2431 loquendi
401 2392 440 2422 ad
454 2393 629 2432 quamdam
645 2393 773 2423 unionis
790 2392 947 2434 (naturae
961 2394 1125 2425 humanae
1138 2404 1211 2426 cum
1226 2394 1274 2426 di-

198 2447 212 2462 »
233 2436 307 2465 vina
324 2437 356 2465 in
375 2446 440 2467 una
463 2437 554 2467 Verbi
569 2437 632 2467 Dei
645 2437 829 2480 hypostasi)
847 2439 1082 2479 expressionem
1100 2438 1273 2480 aliquando

198 2491 212 2506 »
233 2480 387 2510 Doctores
411 2487 560 2518 utuntur,
581 2481 661 2512 sicut
683 2481 716 2511 in
740 2483 933 2522 quibusdam
957 2490 1099 2514 cantatur
1114 2483 1272 2515 Ecclesiis:

199 2536 213 2551 »
233 2525 375 2562 Manus,
404 2535 488 2565 quae
510 2535 568 2556 nos
585 2526 853 2566 plasmaverunt,
879 2528 980 2559 clavis
1011 2528 1160 2569 confixae
1186 2533 1272 2560 sunt.

200 2580 214 2595 »
234 2569 310 2599 Non
333 2575 439 2599 tamen
463 2569 540 2600 haec
570 2576 645 2600 sunt
672 2571 867 2603 extendenda
899 2572 950 2602 vel
982 2572 1191 2612 praedicanda
1214 2582 1273 2614 po-

201 2625 215 2640 »
234 2613 323 2653 pulo.
350 2613 412 2644 Sed
435 2620 542 2644 tamen
566 2614 591 2644 si
615 2614 831 2654 praedicatum
854 2616 913 2654 sit,
938 2626 1004 2646 non
1028 2616 1161 2654 arbitror
1184 2626 1274 2647 revo-

199 2669 214 2684 »
236 2657 391 2696 candum,
415 2658 475 2688 nisi
499 2668 594 2698 super
621 2658 682 2689 hoc
713 2668 799 2691 error
830 2666 886 2690 aut
923 2660 1108 2691 scandalum
1137 2661 1273 2700 oriatur3

200 2714 215 2729 a
234 2701 267 2731 in
291 2712 357 2742 quo
382 2712 456 2733 casu
481 2709 641 2742 oporteret
664 2713 758 2735 sanae
786 2704 958 2735 locutionis
988 2715 1118 2735 sensum
1146 2705 1272 2745 exponi.

200 2758 214 2773 »
234 2747 309 2776 Non
333 2753 408 2777 sunt
430 2753 538 2777 autem
561 2747 594 2777 in
618 2747 753 2788 talibus,
778 2755 936 2792 quantum
966 2747 1033 2779 fieri
1057 2755 1173 2789 potest,
1197 2749 1272 2779 sirn-

199 2803 214 2818 »
234 2790 367 2831 plicium
390 2791 488 2821 animi
512 2791 700 2822 solicitandi.
715 2804 730 2819 »

264 2835 316 2865 111.
334 2835 657 2873 Quintumdecimum
675 2836 709 2866 in
725 2836 864 2868 editione
889 2837 1036 2869 Romana
1055 2836 1271 2877 Opusculum‚

196 2879 384 2920 inscriptum
411 2880 463 2911 De
494 2880 681 2911 substantiis
711 2882 871 2922 separatis
903 2891 960 2912 seu
988 2881 1040 2912 De
1071 2881 1272 2922 Angelorum

198 2929 317 2955 natura
348 2923 442 2955 refert
465 2925 670 2956 Ptolomaeus
699 2926 739 2957 de
762 2926 869 2957 Luca:
893 2926 945 2956 De
972 2925 1159 2956 substantiis
1181 2935 1273 2966 sepa-

196 2970 278 2999 ratis
310 2968 502 3000 Guillelrnus
535 2969 574 3000 de
609 2969 740 3009 Tocco,
772 2970 953 3010 Logotheta
976 2976 1007 3000 et
1029 2969 1198 3001 Trivetus:
1222 2971 1273 3001 De

195 3013 331 3054 Angelis
353 3023 410 3044 seu
440 3014 491 3044 De
509 3014 696 3045 substantiis
721 3015 882 3055 separatis
906 3015 1083 3045 Bernardus
1103 3014 1272 3053 Guidonis,

196 3057 432 3088 Valleoletanus
456 3065 486 3089 et
510 3069 534 3088 s.
545 3058 749 3091 Antoninus:
765 3059 817 3090 De
841 3059 977 3100 Angelis
996 3059 1128 3090 demum
1157 3058 1273 3099 Pigno-

197 3111 267 3132 nus.
286 3102 376 3132 Votis
401 3102 566 3142 Reginaldi
581 3102 768 3135 Privernatis
788 3110 982 3134 annuentem
998 3103 1162 3134 Thomam
1186 3113 1272 3134 com-

197 3146 341 3185 posuisse
365 3146 427 3177 hoc
450 3146 543 3187 Opus
567 3153 720 3179 testantur
742 3147 860 3178 laudati
884 3147 1062 3188 scriptores.

265 3190 300 3220 In
325 3190 407 3221 calce
431 3190 508 3222 haec
531 3191 564 3221 in
589 3191 678 3222 editis
695 3191 858 3232 exemplis,
875 3201 958 3233 quae
977 3192 1142 3223 consulere
1166 3199 1197 3223 et
1220 3201 1271 3223 ex-

198 3234 335 3274 pendere
357 3234 440 3273 licet,
460 3235 615 3266 habentur
637 3237 750 3267 verba:
775 3236 955 3277 Hucusque
982 3237 1110 3277 scripsit
1141 3241 1273 3268 sanctus

198 3278 321 3309 Doctor
343 3279 383 3309 de
406 3280 559 3320 Angelis:
574 3280 631 3310 sed
654 3286 756 3311 morte
772 3286 973 3321 praeventus
997 3291 1060 3311 non
1079 3282 1186 3321 potuit
1195 3290 1272 3322 per-

196 3322 294 3358 ficere
315 3323 402 3354 hunc
425 3329 609 3363 tractatum,
625 3326 708 3356 sicut
731 3335 789 3356 nec
798 3325 900 3365 plura
916 3326 994 3363 alia,
1015 3335 1098 3366 quae
1121 3325 1271 3366 imperfe-

198 3373 249 3398 cta
266 3368 403 3408 reliquit.
422 3368 577 3399 Extremis
601 3379 675 3409 ergo
699 3369 781 3400 vitae
801 3369 891 3400 annis
915 3369 1077 3401 carissimo
1094 3370 1194 3400 sodali
1211 3380 1271 3401 suo

198 3411 373 3451 Reginaldo
397 3422 523 3443 morem
545 3414 671 3453 gerebat
694 3414 847 3455 Aquinas.
867 3414 954 3445 Anni
977 3421 1115 3455 tempus,
1140 3424 1215 3445 cum
1238 3414 1271 3444 in

199 3455 231 3485 id
250 3466 332 3496 opus
355 3457 571 3496 incumberet,
595 3468 630 3489 ac
654 3459 806 3490 morbum
839 3458 970 3490 fortasse
994 3468 1060 3500 quo
1085 3465 1162 3490 tunc
1184 3458 1272 3490 labo-

199 3507 289 3538 raret,
313 3501 431 3532 indicat
453 3501 625 3533 Praefatio:
646 3502 732 3540 Quia
750 3504 854 3534 sacris
883 3503 1085 3545 Angelorum
1109 3503 1272 3534 solemniis

200 3544 352 3575 interesse
376 3555 438 3576 non
457 3556 641 3586 possumus,
658 3557 721 3578 non
739 3547 829 3578 debet
848 3548 938 3579 nobis
956 3548 1133 3579 devotionis
1149 3553 1272 3588 tempus

201 3590 341 3618 transire
364 3590 396 3619 in
421 3599 557 3621 vacuum
565 3598 578 3628 ;
600 3591 657 3622 sed
678 3592 764 3632 quod
790 3592 955 3632 psallendi
981 3591 1090 3633 qfficio
1112 3592 1271 3624 subtrahi-

201 3635 266 3670 tur,
289 3633 448 3663 scribendi
470 3634 574 3665 studio
598 3641 830 3675 compensetur.
849 3636 981 3667 Festum
1003 3636 1133 3667 indicari
1149 3636 1273 3667 videtur

926 269 1388 310 DISSERTATIONES
1419 269 1667 308 CRITICAE

1334 348 1432 379 sancti
1455 349 1616 380 Michaelis
1639 350 1838 391 Archangeli.
1856 351 1924 382 Cur
1937 361 2012 382 vero
2037 351 2252 391 sanctissimus
2287 351 2411 382 Doctor

1333 392 1463 432 publico
1480 394 1647 433 psallendi
1665 394 1773 436 officio
1791 395 1939 426 interesse
1956 406 2023 427 non
2046 396 2198 437 potuerit,
2214 395 2275 426 nisi
2294 397 2409 427 morbo

1333 437 1534 477 praepeditus
1546 436 1557 468 ?
2338 463 2340 465 -

1399 481 1453 512 lv.
1479 482 1651 523 Adsumpn‘
1675 482 1790 523 Operis
1814 484 1986 515 consilium
2007 484 2128 515 ibidem
2151 484 2268 525 aperit:
2297 485 2409 516 Inten-

1331 524 1442 556 dentes
1464 532 1650 557 sanctorum
1682 528 1883 569 Angelorum
1908 529 2131 560 excellentiam
2157 535 2328 571 utcumque
2355 530 2410 561 de-

1324 578 1479 608 promere
1508 571 1723 611 incipiendum
1757 572 1885 603 videtur
1915 573 1956 604 ab
1987 574 2057 612 his,
2089 583 2173 614 quae
2203 574 2244 605 de
2272 574 2410 616 Angelis

1331 614 1508 654 antiquitus
1531 615 1674 646 humana
1707 617 1892 648 coniectura
1923 619 2126 649 aestimavit:
2149 623 2185 649 ut
2207 620 2236 649 si
2258 619 2337 659 quid
2359 620 2408 650 in-

1331 659 1514 689 venerimus
1526 660 1613 700 fidei
1631 670 1805 691 consonum
1822 662 2030 701 accipiamus,
2045 671 2130 702 quae
2145 672 2222 694 vero
2238 663 2409 694 doctrinae

1331 708 1518 742 repugnant
1533 704 1709 735 catholicae
1723 704 1914 746 refutemus.
1930 706 2167 745 Animadverte,
2191 714 2334 738 mentem
2349 708 2409 739 hu-

1330 755 1460 776 manam
1483 746 1714 788 philosophicis
1737 749 1896 780 excultam
1914 749 2088 790 disciplinis
2111 751 2241 782 nonnisi
2257 762 2314 792 per
2333 762 2408 783 con-

1331 790 1486 820 iecturam
1520 791 1688 832 adsurgere
1720 793 1761 823 ad
1784 793 2001 833 cognitionem
2023 795 2224 835 Angelorum
2251 796 2406 837 potuisse.

1329 833 1435 864 Prima
1450 834 1548 866 veluti
1563 843 1651 876 parte
1670 836 1785 876 Operis
1808 838 1848 868 ad
1871 847 2004 868 examen
2018 845 2113 869 vocat
2127 839 2295 879 opiniones
2311 841 2408 872 Grae-

1329 887 1443 908 corum
1461 878 1731 920 philosophorum
1749 880 1830 912 inter
1855 882 2014 921 ethnicos,
2033 883 2178 913 Arabum
2195 884 2276 915 inter
2294 885 2409 916 mahu-

1329 922 1503 962 medanos,
1527 923 1609 954 inter
1638 924 1770 956 iudaeos
1799 925 2055 965 Saducaeorum‚
2087 927 2350 960 Manichaeorum
2378 935 2410 960 et

1329 966 1476 1007 Origenis
1498 967 1580 998 inter
1609 969 1814 1003 christianos:
1839 980 1981 1010 quorum
2011 977 2195 1002 commenta
2225 972 2318 1012 plura
2341 973 2409 1004 dili-

1328 1011 1511 1051 gentissime
1534 1013 1683 1053 expendit
1705 1024 1742 1044 ac
1765 1013 1922 1055 profligat.

1396 1056 1471 1086 Pars
1495 1057 1590 1088 altera
1612 1057 1724 1098 incipit
1747 1068 1765 1088 a
1789 1059 1890 1099 capite
1913 1058 2040 1090 decimo
2070 1059 2229 1100 septimo,
2253 1061 2344 1102 quod
2365 1061 2409 1092 ita

1329 1101 1489 1131 exorditur
1511 1112 1535 1132 s.
1556 1102 1718 1133 Thomas:
1748 1102 1834 1140 Quia
1867 1104 1971 1145 igitur
2000 1109 2161 1135 ostensum
2191 1110 2240 1136 est
2270 1105 2349 1146 quid
2369 1106 2410 1137 de

1328 1145 1515 1177 substantiis
1536 1147 1759 1187 spiritualibus
1775 1149 1949 1188 praecipui
1967 1149 2161 1189 philosophi,
2178 1149 2272 1181 Plato
2289 1155 2320 1181 et
2332 1151 2408 1181 Ari-

1328 1190 1466 1228 stoteles,
1483 1197 1656 1222 senserunt
1677 1197 1834 1232 quantum
1858 1193 1902 1223 ad
1924 1202 2038 1223 earum
2061 1194 2234 1234 originem,
2253 1195 2406 1226 conditio-

1330 1243 1401 1264 nem
1426 1240 1576 1273 naturae,
1601 1236 1815 1267 distinctionis
1838 1242 1869 1267 et
1890 1237 2137 1278 gubernationis
2160 1238 2306 1270 ordinem
2326 1244 2357 1270 et
2371 1240 2404 1270 in

1329 1288 1391 1318 quo
1423 1279 1464 1310 ab
1493 1281 1539 1310 eis
1568 1280 1627 1310 alii
1659 1286 1807 1312 errantes
1843 1281 2085 1320 dissenserunt,
2110 1287 2212 1313 restat
2242 1283 2411 1314 ostendere

1329 1322 1408 1363 quid
1438 1323 1479 1354 de
1508 1325 1650 1365 singulis
1681 1325 1797 1356 habeat
1824 1326 2022 1357 christianae
2047 1326 2231 1368 Religionis
2258 1329 2407 1360 assertio.

1330 1367 1546 1408 Theologicae
1571 1369 1716 1409 peritiae,
1740 1380 1806 1410 qua
1834 1370 1975 1410 pollebat
2003 1370 2164 1412 Aquinas,
2189 1371 2284 1402 affero
2309 1372 2410 1413 speci-

1329 1411 1427 1442 mina.
1454 1413 1506 1442 Ad
1529 1413 1686 1453 originem
1708 1414 1957 1446 substantiarum
1990 1415 2203 1455 spiritualium
2226 1416 2318 1457 quod
2339 1416 2410 1448 atti—

1330 1462 1402 1487 net:
1422 1468 1437 1484 ‹
1450 1456 1646 1488 Firmissime
1669 1458 1763 1490 docet
1786 1459 1953 1490 christiana
1980 1459 2107 1490 traditio
2135 1458 2270 1503 (inquit)
2296 1471 2410 1492 omnes

1333 1512 1348 1528 n
1367 1499 1545 1540 spirituales
1563 1502 1765 1541 substantias,
1789 1503 1871 1534 sicut
1894 1511 1925 1535 et
1948 1511 2083 1535 caeteras
2107 1511 2276 1544 creaturas,
2296 1515 2315 1535 a
2337 1505 2408 1537 Deo

1333 1557 1348 1572 ι
1367 1553 1435 1575 esse
1451 1545 1633 1585 productas.
1650 1547 1686 1577 In
1702 1547 1830 1578 Psalmo
1847 1547 1934 1578 enim
1949 1558 2063 1579 chvin
2078 1548 2192 1580 dicitur
2205 1547 2249 1591 (ν.
2263 1547 2308 1592 2):
2321 1550 2410 1581 Lau-

1333 1601 1347 1616 »
1367 1588 1443 1620 date
1465 1599 1538 1620 eum
1562 1600 1673 1622 omnes
1694 1592 1816 1632 Angeli
1838 1593 1923 1630 eius,
1949 1593 2082 1624 laudate
2102 1603 2174 1624 eum
2205 1603 2317 1625 omnes
2344 1595 2409 1626 vir—

1333 1645 1348 1661 »
1371 1638 1454 1665 tutes
1481 1635 1561 1666 eius.
1587 1634 1630 1666 Et
1657 1635 1848 1667 enumeratis
1879 1636 1947 1667 aliis
1979 1637 2128 1668 creaturis
2165 1636 2278 1678 (sole,
2307 1638 2408 1678 luna,

1333 1690 1348 1706 »
1367 1678 1485 1717 stellis,
1503 1680 1590 1717 luce,
1616 1680 1730 1718 caelis,
1758 1681 1852 1721 aquis
1878 1686 1909 1712 v.
1935 1682 1952 1711 3
1979 1687 2010 1712 et
2035 1679 2078 1724 4)
2101 1681 2248 1713 subditur
2271 1680 2321 1725 (it.
2348 1680 2409 1726 5):

1332 1734 1347 1751 »
1371 1722 1456 1759 Quia
1481 1725 1548 1765 ipse
1570 1724 1654 1755 dixit
1677 1730 1707 1756 et
1721 1724 1820 1765 facta
1843 1730 1941 1756 sunt:
1964 1726 2031 1766 ipse
2054 1726 2222 1757 mandavit
2244 1731 2276 1757 et
2297 1732 2410 1759 creata

1333 1779 1348 1795 a
1369 1773 1455 1798 sunt.

1398 1811 1477 1842 Item
1500 1812 1600 1843 infra:
1621 1826 1636 1841 -x
1655 1814 1712 1844 Est
1742 1819 1850 1844 autem
1875 1813 2060 1844 christianae
2094 1814 2256 1846 doctrinae
2287 1821 2410 1847 contra-

1332 1867 1347 1884 »
1366 1855 1468 1895 rium,
1498 1863 1534 1888 ut
1564 1857 1608 1888 sic
1640 1857 1785 1889 dicantur
1810 1857 1987 1898 spirituales
2020 1859 2212 1890 substantiae
2236 1870 2255 1890 a
2283 1869 2412 1891 summa

1333 1912 1347 1930 »
1367 1900 1491 1932 Deitate
1515 1901 1672 1942 originem
1694 1902 1826 1941 trahere,
1851 1903 1940 1943 quod
1964 1902 2081 1934 fuerint
2103 1904 2143 1934 ab
2166 1910 2307 1943 aeterno,
2326 1904 2410 1937 sicut

1333 1957 1348 1974 »
1367 1944 1521 1976 Platonici
1539 1953 1570 1977 et
1583 1946 1781 1987 Peripatetici
1797 1954 1984 1987 posuerunt.
2002 1947 2064 1978 Sed
2079 1947 2143 1979 hoc
2165 1948 2261 1979 habet
2275 1949 2406 1980 assertio

1332 2002 1347 2020 »
1368 1990 1541 2021 catholicae
1573 1990 1647 2022 fidei
1679 1991 1769 2032 quod
1801 1998 1975 2032 coeperunt
2004 2001 2092 2031 esse,
2116 1998 2290 2034 postquam
2319 1993 2408 2034 prius

1332 2047 1347 2062 ι
1370 2044 1437 2066 non
1461 2034 1596 2066 fuerant.
1613 2035 1706 2066 Unde
1722 2035 1837 2066 dicitur
1861 2036 1958 2067 Isaiae
1977 2046 2046 2076 cap.
2062 2046 2102 2067 Lx
2126 2034 2170 2079 (v.
2198 2035 2264 2079 26):
2288 2038 2410 2069 Levate

1332 2091 1346 2107 »
1367 2080 1400 2111 in
1425 2079 1586 2110 excelsum
1610 2080 1721 2111 oculos
1744 2085 1867 2111 vestros
1890 2086 1920 2111 et
1942 2081 2046 2112 videte
2067 2082 2140 2122 quis
2163 2082 2286 2113 creavit
2307 2082 2404 2114 haec:

1331 2135 1346 2151 2
1367 2123 1485 2157 scilicet
1515 2123 1679 2165 superiora
1701 2124 1822 2156 omnia.
1845 2125 1887 2156 Et
1909 2134 1950 2155 ne
1973 2124 2199 2165 intelligeretur
2226 2126 2266 2156 de
2295 2136 2409 2168 corpo-

1332 2180 1346 2196 »
1366 2168 1484 2201 talibus
1507 2169 1626 2207 solum,
1650 2169 1758 2200 subdit
1773 2167 1889 2211 (ibid.):
1913 2169 1979 2206 Qui
1997 2169 2104 2201 educit
2118 2171 2151 2200 in
2171 2179 2307 2201 numero
2323 2171 2407 2202 mili-

1331 2224 1345 2240 »
1366 2213 1444 2246 tiam
1465 2214 1547 2244 caeli
1562 2211 1609 2255 (in
1625 2213 1762 2254 Vulgata
1777 2214 1923 2245 militiam
1941 2212 2078 2256 eorum).
2095 2214 2184 2245 Solet
2197 2221 2306 2246 autem
2321 2225 2410 2247 sam

1331 2269 1346 2286 ι
1366 2257 1526 2298 Scriptura
1549 2257 1715 2289 nominare
1739 2258 1885 2289 militiam
1916 2258 1999 2289 caeli
2026 2258 2240 2299 spiritualium
2263 2260 2409 2291 substan-

1331 2313 1346 2331 »
1366 2301 1482 2336 tiarum
1506 2302 1673 2334 caelestem
1700 2302 1892 2341 exercitum,
1916 2309 2046 2343 propter
2073 2313 2184 2334 earum
2207 2303 2355 2335 ordinem
2377 2310 2410 2336 et

1331 2358 1346 2375 a»
1366 2346 1516 2379 virtutem
1534 2347 1568 2377 in
1587 2347 1773 2388 exequendo
1793 2347 1992 2378 voluntatem
2011 2347 2162 2379 divinam.
2180 2348 2273 2379 Unde
2292 2347 2408 2380 dicitur

1331 2402 1345 2420 ιι
1366 2391 1472 2426 Lucae
1496 2402 1518 2422 11
1542 2389 1584 2434 (it.
1607 2390 1670 2434 13):
1694 2392 1784 2432 quod
1798 2391 1897 2433 facta
1925 2397 1972 2423 est
1994 2402 2067 2423 cum
2085 2392 2214 2434 Angelo
2236 2393 2408 2424 multitudo

1331 2446 1346 2465 ›
1367 2436 1501 2469 militiae
1523 2436 1679 2467 caelestis.
1699 2437 1801 2467 Datur
1823 2436 1919 2476 igitur
1941 2436 2074 2477 intelligi
2106 2446 2173 2468 non
2203 2436 2312 2468 solum
2338 2447 2407 2469 cor·
2443 2453 2455 2462 -

1331 2491 1346 2508 2·
1365 2490 1464 2523 pora,
1489 2480 1544 2511 sed
1557 2480 1664 2511 -etiam
1696 2480 1874 2521 spirituales
1907 2480 2097 2512 substantias
2130 2491 2187 2522 per
2213 2481 2408 2513 creationem

1330 2536 1345 2552 ι
1366 2524 1405 2557 de
1421 2534 1488 2555 non
1503 2534 1570 2556 esse
1585 2525 1618 2556 in
1633 2535 1700 2556 esse
1715 2525 1811 2556 fuisse
1827 2525 1966 2564 eductas,
1981 2525 2159 2556 secundum
2172 2525 2254 2556 illud
2268 2526 2365 2558 Rom.
2375 2536 2408 2557 tv

1331 2581 1345 2598 a·
1366 2567 1409 2611 (it.
1427 2567 1489 2612 17):
1513 2570 1610 2601 Vocat
1625 2579 1665 2601 ea
1679 2579 1768 2611 quae
1777 2580 1840 2601 non
1856 2575 1944 2607 sunt,
1956 2575 2120 2611 tamquam
2135 2580 2174 2601 ea
2190 2580 2274 2611 quae
2287 2575 2374 2602 sunt.
2386 2582 2404 2600 v

1328 2613 1467 2645 Obviam
1491 2613 1728 2653 difficultatem,
1753 2624 1853 2655 quam
1881 2614 2059 2654 Scripturae
2087 2614 2250 2646 silentium
2272 2614 2406 2655 ingerit,

1328 2657 1482 2699 proponit
1511 2668 1548 2688 ac
1576 2658 1690 2689 solvit:
1714 2658 1818 2689 Sacra
1842 2658 2025 2698 Scriptura,
2050 2658 2209 2699 inquiens,
2229 2660 2262 2689 in
2289 2658 2407 2690 Genesi

1328 2701 1462 2742 loquens
1495 2702 1535 2732 de
1560 2703 1724 2742 principio
1755 2703 1928 2733 creationis
1960 2712 2092 2740 rerum,
2117 2702 2158 2733 de
2183 2703 2404 2742 spiritualium

1327 2745 1581 2778 substantiarum
1599 2746 1816 2786 productione
1838 2755 2024 2786 expressam
2049 2747 2240 2777 mentionem
2266 2756 2330 2778 non
2343 2746 2405 2788 sa-

1328 2790 1381 2828 cit,
1407 2799 1448 2821 ne
1466 2790 1587 2830 populo
1606 2790 1692 2828 rudi,
1717 2790 1831 2831 quibus
1854 2791 1909 2821 lex
1924 2790 2179 2831 proponebatur,
2201 2790 2406 2822 idololatriae

1327 2834 1465 2867 daretur
1487 2835 1621 2865 occasio.

1395 2878 1483 2909 Num
1513 2888 1589 2909 vero
1620 2885 1692 2909 ante
1725 2878 1801 2909 caeli
1830 2885 1993 2919 terraeque
2026 2878 2219 2910 creationem
2250 2879 2301 2910 vel
2331 2886 2406 2920 post

1326 2922 1377 2955 vel
1400 2922 1497 2953 simul
1520 2923 1662 2963 Angelos
1685 2923 1861 2954 condiderit
1889 2920 1998 2954 Deus?
2021 2923 2095 2954 Non
2123 2929 2231 2964 potest
2253 2933 2296 2954 ex
2317 2924 2405 2956 Scri-

1321 2967 1432 3008 pturis
1449 2968 1624 3005 canonicis,
1649 2967 1753 3008 inquit
1771 2967 1933 3008 Aquinas,
1957 2977 2109 3008 expresse
2133 2968 2246 2999 haberi
2274 2968 2405 3009 quando

1327 3012 1429 3044 creati
1435 3011 1569 3052 suerint
1583 3012 1712 3054 Angeli.
1730 3011 1948 3043 Nihilominus
1964 3012 2042 3043 haec
2057 3012 2160 3043 addit:
2181 3025 2196 3040 ι
2214 3012 2315 3050 Quod
2330 3019 2405 3054 post

1331 3069 1345 3086 ι
1365 3056 1542 3097 corporalia
1556 3056 1649 3087 creati
1663 3066 1730 3087 non
1745 3056 1862 3087 fuerint
1875 3056 1955 3087 ratio
1970 3056 2160 3095 manifestat,
2171 3057 2247 3098 quia
2261 3066 2327 3088 non
2343 3056 2404 3088 fuit

1330 3114 1344 3130 »
1365 3100 1478 3132 decens
1508 3107 1544 3132 ut
1570 3100 1756 3141 perfectiora
1779 3100 1937 3141 posterius
1964 3107 2152 3132 crearentur.
2183 3101 2224 3132 Et
2245 3101 2342 3132 etiam
2364 3110 2403 3132 ex

1329 3158 1344 3175 n
1366 3145 1550 3178 auctoritate
1572 3155 1676 3176 sacrae
1692 3145 1870 3186 Scripturae
1889 3154 2032 3185 expresse
2057 3145 2216 3186 colligitur
2238 3143 2403 3186 (animad-

1329 3202 1344 3220 ιι
1365 3195 1453 3222 verte
1469 3189 1502 3220 id
1516 3190 1646 3220 minime
1669 3190 1744 3227 dici,
1761 3190 1847 3230 quod
1864 3189 1897 3220 in
1921 3189 2089 3230 Scripturis
2110 3189 2262 3228 habetur3
2285 3189 2344 3221 sed
2364 3198 2403 3221 ex

1329 3247 1344 3264 η
1363 3233 1531 3274 Scripturis
1547 3232 1729 3277 colligitur).
1746 3234 1869 3265 Dicitur
1885 3233 1971 3264 enim
1988 3235 2181 3266 Iob.xxxvru
2197 3232 2299 3277 (r.7):
2318 3233 2400 3265 Cum

1328 3291 1343 3308 υ
1363 3287 1414 3311 me
1437 3278 1611 3310 laudarent
1632 3279 1731 3310 simul
1743 3284 1834 3310 astra
1858 3279 2017 3309 matutina
2037 3284 2068 3310 et
2091 3278 2265 3310 iubilarent
2292 3285 2402 3309 omnes

1327 3323 1422 3365 »filii
1444 3323 1528 3354 Dei:
1546 3333 1607 3364 ρετ,
1625 3332 1707 3364 quos
1723 3323 1901 3364 spirituales
1927 3323 2120 3354 substantiae
2135 3322 2364 3363 intelliguntur.
2381 3333 2398 3349 ι

1325 3367 1411 3401 Hinc
1433 3367 1564 3398 Pan-um
1580 3367 1697 3408 duplex
1720 3367 1915 3409 frequentior
1938 3367 2050 3408 opinio
2070 3374 2116 3399 est
2139 3368 2178 3398 de
2200 3366 2400 3407 Angelorum

1326 3411 1483 3445 creatione
1502 3411 1553 3442 vel
1567 3419 1639 3443 ante
1653 3412 1853 3452 corporalem
1863 3418 2040 3443 creaturam
2053 3411 2104 3442 vel
2118 3410 2223 3442 simul.
2235 3410 2398 3441 Neutrum

1325 3462 1432 3489 autem
1455 3456 1569 3487 horum
1605 3454 1776 3499 (Thomae
1805 3455 2036 3487 animadversio
2065 3453 2139 3498 est)
2165 3455 2298 3486 aestimo
2331 3463 2400 3484 esse

1324 3510 1426 3534 sanae
1440 3501 1607 3532 doctrinae
1629 3502 1850 3532 contrarium:
1871 3501 1948 3542 quia
1972 3501 2068 3531 nimis
2090 3502 2396 3540 praesumptuosum

1326 3546 1491 3578 videretur
1503 3555 1651 3577 asserere
1665 3551 1772 3577 tantos
1786 3545 1952 3576 Ecclesiae
1972 3545 2130 3576 Doctores
2144 3541 2377 3585 (Augustinum
2389 3563 2398 3580 ,

1327 3589 1518 3630 Gregorium
1547 3589 1796 3628 Nazianzenum,
1818 3588 1985 3627 Basilium,
2004 3587 2252 3628 Hieronymum,
2277 3586 2395 3617 Dama-

1327 3631 1472 3676 scenum)
1496 3644 1516 3664 a
1539 3643 1621 3665 sana
1645 3634 1793 3665 doctrina
1810 3633 1943 3674 pietatis
1963 3632 2116 3663 deviasse.
